4124 6188
1711 282 1740 287 ..-
1757 282 1774 287 _
1823 282 2262 290 ηψπ-.

1088 278 1158 320 ηπ
1183 279 1774 319 22::2“
1823 280 3657 302 ..___..._._—__~__.______..______..:
3589 303 3595 309 .

1636 477 1800 522 ANNO
1843 479 2054 524 ῡοιιΝι
2101 479 2247 526 ιηῐν
2259 509 2274 523 .

549 641 1834 855 HERMANNUS

2001 657 3357 861 CONTRACTUS

1408 970 1846 1032 MONACHUS
1889 972 2158 1033 AUGI/E
2206 973 2493 1034 DIVITIS

442 1142 904 1256 NOTITIA
975 1139 1600 1226 HISTORICA
1669 1142 1779 1226 IN
1852 1141 2591 1229 HERMANNUM
2648 1143 3468 1232 CONTRACTUM.

537 1347 638 1416 (Ex
665 1346 892 1401 Joanne
921 1345 1135 1414 Egone,
1166 1343 1269 1399 lib.
1305 1344 1377 1398 De
1409 1345 1541 1398 viris
1576 1307 1884 1400 iHuatribus
1919 1348 2104 1415 Augiw
2137 1347 2351 1414 Divitis,
2385 1347 2537 1416 apud
2574 1350 2700 1412 Pez,
2738 1347 2989 1400 Thesaur.
3029 1347 3068 1411 Ι,
3101 1363 3187 1411 III,
3217 1348 3368 1414 688.)

310 1643 684 1699 Hermannus
704 1640 1049 1694 Contractus
1071 1638 1177 1709 (sic
1209 1655 1242 1692 a
1275 1639 1670 1694 membrorum
1691 1639 1892 1694 dobili-
1926 1643 1979 1706 Α
2011 1641 2272 1713 scripsit;
2311 1645 2362 1694 et
2397 1641 2633 1695 demum
2670 1645 3046 1713 posteaquam
3080 1638 3393 1696 virtutibus
3424 1625 3660 1713 quidem

239 1731 355 1789 tate
388 1731 670 1800 vocatus),
709 1728 1022 1800 Augiensis
1048 1727 1290 1782 cmnobii
1321 1728 1620 1799 singulare
1638 1728 1816 1784 decus
1844 1733 1899 1782 et

237 1821 418 1876 totius
450 1816 803 1875 Benedictini
825 1815 1050 1871 ordinis
1073 1815 1720 1888 lucidissimumjubar,
1746 1834 1896 1871 anno

234 1910 454 1966 Christi
488 1907 647 1970 1013,
677 1923 754 1963 xv
785 1905 909 1962 Kal.
944 1905 1216 1978 Augusti,
1248 1914 1408 1977 patre
1441 1910 1614 1961 natus
1638 1911 1727 1961 est
1747 1905 1899 1960 Wol-

238 1996 676 2064 ferado,comite
696 1993 1257 2066 Veringensi,matre
1282 1999 1475 2050 autem
1502 1994 1898 2049 Hiltrude.llic

242 2105 392 2160 puer
416 2085 471 2141 in
501 2085 748 2156 Augiam
783 2084 1016 2148 ductus,
1050 2099 1184 2138 cum
1215 2084 1379 2138 bona:
1411 2084 1648 2154 quidem
1683 2083 1897 2137 indolis

238 2173 720 2246 esset,ingenium
737 2175 932 2227 tamen
951 2171 1512 2244 rudius,litterisque
1525 2171 1836 2226 addiscend
1849 2172 1898 2225 is

240 2265 436 2321 minus
469 2265 758 2326 idoneum.
775 2265 1047 2333 expertus
1078 2265 1186 2315 est.
1223 2261 1411 2324 Quare
1434 2261 1610 2315 beatae
1641 2260 1898 2332 Virginis

239 2371 427 2428 Opem,
460 2354 630 2421 cujus
661 2349 943 2423 singulari
963 2348 1288 2421 patrocinio
1307 2351 1432 2420 jam
1461 2365 1522 2403 se
1543 2349 1765 2420 pridem
1792 2349 1893 2404 de-

233 2446 486 2508 voverat,
519 2440 839 2495 inclamare
870 2438 1058 2509 ccepit,
1094 2455 1220 2509 qua:
1241 2437 1468 2492 felicius
1491 2438 1788 2509 ingenium
1811 2438 1895 2491 illi

237 2531 592 2604 Quantocius
621 2526 974 2599 impetravit.
1008 2525 1152 2582 Hinc
1175 2526 1331 2581 brevi
1351 2532 1612 2598 tempore
1632 2526 1893 2598 linguam

248 2615 806 2686 Latina‘m,Grmcam
844 2614 1360 2686 Arabicamqueita
1389 2617 1640 2686 perfecte
1671 2615 1894 2670 addidi-

238 2710 433 2776 cit,,ut
461 2705 784 2779 quamlibet
816 2719 1015 2759 earum
1046 2703 1224 2758 veluti
1248 2703 1617 2759 vernaculam
1643 2721 1895 2775 pronun-

238 2798 426 2852 tiaret.
461 2796 637 2850 Poeta
670 2793 762 2849 sui
789 2792 1071 2864 temporis
1095 2791 1204 2846 fuit
1227 2791 1557 2863 praeclarus,
1578 2791 1894 2847 historicus

233 2885 542 2950 excellens,
583 2883 850 2938 musicus
897 2880 1168 2952 insignis,
1231 2879 1617 2952 philos0phus
1673 2881 1893 2936 theolo-

234 2991 462 3049 gusque
495 2975 804 3044 praestans,
840 2969 1293 3025 mathematicus
1323 2969 1702 3025 doctissimus
1731 2986 1892 3041 aeque
1922 3007 1969 3073 Β

238 3081 301 3120 ac
328 3060 864 3136 ingeniosissimus,
899 3058 978 3114 ita
1008 3064 1073 3113 ut
1102 3057 1336 3113 laudem
1379 3057 1460 3112 illi
1521 3062 1662 3113 tunc
1716 3075 1888 3114 nemo

236 3153 608 3225 praeripuisse
621 3149 905 3204 videatur.
921 3148 1104 3203 Tanta
1134 3147 1288 3202 enim
1303 3147 1888 3219 jugeniidexteritate

236 3243 305 3297 de
337 3239 650 3296 astrolabio
683 3236 936 3309 scripsit,
973 3241 1034 3291 ut
1065 3253 1099 3290 a
1129 3235 1332 3290 multis
1362 3235 1548 3307 ipsius
1589 3235 1889 3291 astrolabii

235 3331 503 3386 inventor
531 3327 864 3382 haberetur.
899 3324 1242 3395 Composuit
1291 3323 1480 3395 primo
1513 3339 1727 3396 magna
1756 3341 1889 3379 cum

237 3416 540 3491 diligentia
573 3414 901 3472 Chronicon
933 3412 1299 3468 succinctum
1328 3417 1385 3466 et
1414 3411 1578 3467 valde
1601 3418 1889 3485 apertum,

242 3507 395 3580 quod
429 3507 499 3562 ab
531 3503 767 3561 exordio
797 3501 999 3556 mundi
1034 3501 1104 3555 ad
1137 3517 1321 3555 aevum
1355 3517 1544 3572 usque
1574 3518 1767 3567 suum,
1821 3502 1890 3557 ad

243 3611 459 3651 annum
491 3609 704 3664 nempe
733 3589 946 3646 Christi
980 3589 1134 3656 1054,
1171 3589 1460 3660 perduxit,
1495 3590 1649 3660 quod
1681 3590 1895 3662 saepius

243 3685 595 3756 impressum
619 3681 848 3735 auctius
870 3678 940 3735 ab
965 3677 1206 3732 Henrico
1223 3676 1454 3732 Canisio
1477 3683 1618 3732 tom.
1654 3678 1892 3750 lAntiq.

244 3773 399 3828 Lect.
431 3772 653 3827 editum
686 3773 796 3836 est,
836 3766 1241 3838 insertumque
1299 3771 1436 3822 tom.
1497 3767 1570 3822 ΧΙ
1624 3766 1894 3823 Biblioth.

246 3859 512 3927 Patrum;
537 3861 607 3914 de
630 3856 977 3913 musicalib.
1001 3872 1051 3923 1;
1081 3853 1158 3912 De
1186 3855 1580 3911 monochordo
1610 3855 1712 3912 lib.
1747 3873 1794 3922 ις
1819 3856 1898 3911 De

243 3938 561 4021 eclipsibus
588 3947 696 4002 lib.
724 3945 876 4014 1;De
915 3945 1277 4016 quadratnra
1317 3943 1517 3999 circuli
1574 3943 1674 4000 lib.
1710 3961 1764 4010 i;
1819 3944 1898 3999 De

243 4043 513 4110 computo
543 4036 672 4092 lib.i
699 4059 712 4102 ,
745 4033 826 4090 De
851 4033 1299 4107 physiognomia
1320 4033 1420 4088 lib.
1447 4050 1495 4101 1;
1527 4035 1599 4088 De
1625 4033 1899 4088 conﬂictu

248 4124 767 4198 rhythmomacbize
797 4123 901 4177 lib.
934 4140 986 4190 1;
1019 4121 1099 4178 De
1158 4121 1514 4177 astronomia
1544 4126 1900 4178 commenta-

249 4215 392 4280 rius,
426 4219 480 4271 et
507 4214 579 4270 de
608 4212 1032 4286 compositione
1063 4209 1364 4267 astrolabii
1394 4209 1495 4266 tib.
1523 4227 1585 4266 in
1605 4237 1617 4279 ;
1641 4210 1720 4267 De
1745 4211 1899 4266 utili-

248 4287 367 4359 tate
398 4301 697 4359 astrolabii
728 4301 833 4356 lib.
869 4317 884 4355 ι
914 4318 927 4369 ;
962 4304 1038 4355 De
1065 4299 1214 4354 Vitis
1247 4299 1504 4370 plurium
1563 4304 1898 4355 sanctorum

2011 1731 2284 1785 omnibus
2316 1730 2822 1801 ogregicinvaluit,
2848 1746 3088 1802 corpore
3121 1734 3313 1786 tamen
3336 1730 3428 1784 vix
3450 1729 3664 1786 debilia

2010 1820 2274 1874 membra
2305 1823 2642 1874 sustentans
2667 1820 2923 1874 animam
2952 1820 3205 1875 Creatori
3229 1837 3356 1888 suo,
3377 1819 3466 1875 cui
3496 1819 3664 1875 u'n'ice

2009 1908 2065 1962 in
2099 1908 2206 1963 hac
2229 1909 2345 1963 vita
2375 1907 2599 1980 placere
2632 1908 2879 1974 studuit,
2929 1908 3184 1962 reddidit
3238 1913 3370 1981 post
3426 1899 3660 1982 partum

2008 1997 2262 2068 Virginis
2290 2015 2440 2052 anno
2466 1997 2624 2062 4054,
2651 2003 2705 2051 et
2739 1997 2793 2050 in
2831 1997 3045 2067 praedio
3076 2001 3383 2068 parentum
3417 1983 3660 2052 suorum

2006 2084 2370 2140 Adelshusen
2405 2083 2728 2140 translatus
2755 2088 2862 2160 est.

2080 2174 2334 2228 Tametsi
2369 2190 2498 2228 vero
2531 2174 2624 2228 hic
2658 2171 2996 2245 prolubium
3029 2172 3171 2228 mihi
3205 2177 3362 2228 esset
3390 2177 3659 2246 snperse-

2006 2261 2139 2316 dere
2171 2262 2700 2316 concertationibus
2732 2278 2847 2316 non
2882 2261 3250 2331 necessariis,
3285 2261 3425 2334 quia
3463 2265 3659 2318 tamen

2007 2349 2263 2421 quotidie
2295 2350 2391 2405 alii
2426 2355 2596 2422 atque
2621 2351 2715 2405 alii
2751 2350 3028 2405 historias
3059 2367 3234 2406 novas
3267 2367 3498 2423 semper
3519 2351 3659 2408 scri-

2007 2440 2172 2505 bunt,
2207 2439 2423 2511 quibus
2456 2456 2557 2511 pro
2591 2441 2870 2494 arbitratu
2906 2456 3012 2494 suo
3044 2440 3364 2496 sententias
3424 2437 3662 2514 quasvis

2005 2528 2178 2583 etiam
2213 2529 2523 2582 manifeste
2555 2528 2730 2583 falsas
2777 2530 2845 2582 ad
2900 2528 3273 2584 rumusculos
3321 2528 3519 2602 populi
3572 2545 3663 2592 ca-

2005 2618 2255 2686 ptandas
2280 2616 2600 2679 venditant,
2651 2617 2920 2672 existimo
2969 2618 3154 2672 satius
3204 2617 3466 2672 futurum
3500 2617 3567 2673 si.
3594 2633 3661 2672 ea

2004 2705 2236 2774 saltem,
2261 2723 2388 2776 quze
2413 2707 2481 2760 de
2503 2706 2833 2761 Hermanno
2857 2711 3058 2762 nostro
3081 2706 3152 2760 ab
3175 2704 3244 2760 iis
3270 2705 3414 2762 falso
3436 2709 3664 2763 asserta

2005 2800 2162 2862 sunt,
2197 2795 2368 2848 etiam
2404 2811 2579 2866 quam
2615 2795 2954 2850 brevissime
2981 2793 3314 2864 refutarem,
3349 2813 3443 2861 ne,
3473 2796 3520 2850 si
3576 2797 3660 2851 ta-

2003 2899 2215 2949 cerem,
2241 2881 2468 2938 nullum
2486 2887 2831 2955 argumenta
2855 2887 3056 2939 nostra
3075 2883 3272 2950 robur,
3289 2885 3660 2956 quo‘nosmet

2005 2989 2136 3027 cum
2171 2973 2478 3027 Contracto
2513 2977 2832 3038 tueremur,
2862 2971 3017 3027 credi
3052 2975 3293 3044 possent
3313 2971 3572 3046 habere.~

2075 3061 2434 3116 Tritbemius
2449 3060 2711 3132 proinde,
2735 3051 3662 3134 monachisAugiensibusimme-

2001 3150 2109 3204 rito
2143 3149 2418 3220 iniquior,
2456 3148 2721 3220 pluribus
2770 3148 2911 3202 locis
2972 3151 3207 3219 scripsit
3253 3151 3657 3207 Hermannum

2001 3243 2264 3294 nostrum
2297 3235 2775 3291 San-Gallensem
2811 3235 3012 3300 fuisse,
3047 3253 3220 3307 quem
3253 3238 3380 3307 ejus
3401 3254 3656 3292 errorem

2000 3326 2099 3380 alii
2129 3325 2395 3380 secutiin
2427 3324 2716 3395 turpiores
2775 3323 2950 3379 etiam
3011 3323 3160 3396 lapsi
3192 3329 3348 3380 sunt.
3395 3324 3543 3380 Nam
3591 3330 3658 3381 ut

2001 3418 2338 3486 conceptam
2360 3412 2536 3468 semel
2562 3413 2753 3467 animo
2768 3411 2974 3468 falsam
2995 3413 3328 3485 opinionem
3347 3417 3654 3470 tuerentur

2003 3517 2264 3559 asserere
2294 3503 2420 3556 ausi
2451 3508 2590 3557 sunt
2623 3501 2988 3574 Helpericum
3029 3503 3087 3557 S.
3121 3502 3290 3572 Galli,
3347 3503 3657 3576 caeteroqui

2003 3591 2470 3647 eruditissimum
2492 3591 2868 3658 monachum,
2894 3591 3210 3646 Hermanni
3240 3595 3655 3665 praeceptorem

2006 3680 2186 3735 fuisse
2217 3696 2281 3734 ac
2312 3679 2656 3750 magistrum
2687 3697 2699 3744 ;
2735 3680 2902 3751 eique
2931 3695 2961 3734 e
2993 3680 3109 3734 vita
3142 3680 3378 3735 abeunti
3409 3682 3467 3735 in
3518 3683 3660 3736 San-

2007 3766 2262 3824 Gallensi
2277 3767 2580 3840 gymnasio
2593 3767 2988 3821 Hermannum
3006 3765 3664 3837 substitutum,utnimi-

1991 3851 2164 3927 ‘rum,
2196 3855 2250 3910 si
2276 3856 2474 3910 omnia
2497 3859 2613 3909 tam
2635 3853 2781 3909 belle
2807 3855 3182 3910 convenirent
3203 3859 3377 3927 atque
3400 3855 3650 3911 cohaere-

2009 3949 2156 4010 rent,
2191 3961 2361 4000 nemo
2391 3943 2646 4014 amplius
2678 3943 2989 3998 Hermanni
3042 3943 3459 4000 monachatum
3489 3945 3661 4002 'San-

2011 4033 2340 4090 Gallensem
2374 4033 2430 4086 in
2465 4033 2708 4086 dubium
2745 4049 3030 4099 revocare,
3065 4034 3279 4088 nedum
3313 4033 3664 4106 impugnare

2010 4126 2280 4178 tentaret.
2307 4121 2385 4176 Ne
2406 4125 2598 4175 autem
2621 4119 2817 4175 videar
2839 4119 3064 4176 nullum
3083 4121 3330 4192 hujusce
3347 4121 3664 4178 commenti

2011 4215 2306 4265 auctorem
2340 4209 2514 4264 citare
2541 4210 2910 4280 posse,jubeo
2932 4211 3203 4265 lectorem
3228 4209 3426 4266 Jacobi
3456 4208 3663 4265 Meckii

2018 4298 2288 4355 libellum
2314 4298 2393 4353 De
2421 4298 2709 4370 episcopis
2741 4299 3286 4354 Constantiensibus
3319 4297 3664 4355 Germanico

247 4391 352 4447 lib.
415 4409 478 4464 1,-
536 4389 823 4446 Historias
873 4388 991 4443 sive
1046 4387 1238 4442 ofﬁcia
1281 4386 1757 4443 Annuntialionis
1839 4388 1900 4442 B.
1935 4371 1976 4438 Ο
2018 4389 2294 4444 idiomate
2352 4388 2570 4442 editum
2633 4387 2814 4456 adire,
2863 4387 2962 4442 ubi
3017 4387 3116 4443 ille
3196 4387 3347 4444 hanc
3405 4386 3664 4444 fabulam

247 4479 508 4550 Virginis
539 4482 596 4533 et
626 4479 686 4534 S.
721 4475 918 4532 Mariae
951 4474 1305 4548 Magdalenen
1332 4492 1345 4543 ;
1386 4474 1695 4531 historiam
1733 4477 1906 4532 etiam

249 4569 320 4623 de
352 4569 455 4624 SS.
491 4561 741 4639 angelis,
769 4567 1110 4637 sequentias
1137 4565 1206 4620 de
1255 4565 1596 4620 ascensione
1654 4564 1909 4633 Domini,

251 4660 365 4713 Rea:
395 4657 756 4728 omnipotens,
791 4660 925 4721 etc.;
968 4659 1044 4709 De
1075 4653 1492 4726 Assumptione
1525 4655 1586 4708 B.
1628 4653 1907 4726 Virginis,

247 4747 378 4810 Ave,
408 4744 686 4817 praeclara
716 4745 887 4798 maris
915 4742 1108 4810 Stella,
1133 4745 1268 4802 etc.;
1317 4741 1398 4796 De
1429 4742 1638 4813 spiritu
1671 4747 1907 4797 sancto:

252 4835 405 4901 Veni,
439 4842 626 4890 sancte
656 4833 919 4902 Spiritus,
947 4835 998 4888 et
1048 4834 1234 4886 emitte
1286 4831 1518 4886 cwlitus.
1580 4831 1910 4902 Responso-

255 4923 428 4988 rium,
465 4924 660 4977 Simon
696 4923 956 4991 Barjona,
1017 4925 1152 4986 etc.;
1215 4919 1555 4990 sequentias
1612 4924 1906 4991 praeterea,

260 5002 657 5082 reSponsorias
687 5007 1126 5080 cantilenasque
1157 5007 1445 5080 plurimas
1473 5008 1733 5076 dictavit,
1767 5025 1912 5080 quas

267 5095 408 5153 inter
437 5099 830 5154 celeberrimae
875 5102 931 5153 et
959 5097 1067 5152 toti
1126 5095 1393 5153 Ecclesia:
1424 5096 1597 5152 utiles
1641 5097 1809 5166 juxta
1857 5102 1914 5152 et

265 5191 432 5257 gratae
460 5191 602 5243 sunt
653 5185 1026 5260 antiphonm;
1078 5184 1254 5255 Salve,
1302 5188 1515 5254 regina,
1567 5190 1698 5253 etc.;
1757 5186 1914 5241 Alma

259 5271 639 5347 Redemptoris,
666 5278 776 5331 etc.
809 5274 1025 5330 Praeter
1053 5274 1165 5330 ista.
1198 5273 1373 5329 etiam
1415 5274 1614 5330 omnia
1669 5274 1912 5330 rhetori-

255 5355 384 5422 éam
415 5369 470 5420 et
497 5365 702 5438 poesin
735 5361 1071 5419 Aristotelis
1101 5378 1170 5418 ex
1199 5361 1399 5435 lingua
1415 5364 1660 5418 Arabica
1683 5365 1741 5419 in
1767 5363 1916 5419 Lati-

251 5469 392 5514 nam
431 5455 630 5524 vertit,
683 5450 993 5526 multaque
1051 5452 1166 5509 alia
1223 5451 1536 5510 innumera
1591 5451 1915 5512 luculenter

582 5582 845 5646 PATROL.
890 5579 1155 5646 CXLIII.

245 5803 415 5964 ξ’

167 5949 256 6053 ’Χ

2018 4477 2289 4545 rotunde,
2309 4477 2494 4547 deque
2516 4476 2757 4530 veritate
2779 4477 2906 4546 ejus
2934 4476 3078 4531 nihil
3103 4477 3389 4533 sollicitus
3412 4479 3662 4542 enarrat,

2018 4571 2256 4637 tamque
2278 4570 2492 4620 certam
2518 4569 2575 4620 et
2597 4571 2793 4619 notam
2818 4565 3134 4630 existimat,
3159 4571 3220 4620 ut
3243 4565 3416 4622 etiam
3436 4563 3665 4618 nullum

2019 4672 2124 4727 pro
2147 4671 2208 4710 se
2229 4670 2415 4725 neque
2437 4660 2847 4726 argumentum
2869 4669 3053 4724 neque
3076 4658 3370 4709 auctorem
3394 4651 3665 4709 addu'dat.

2022 4744 2183 4800 Unde
2213 4760 2344 4798 vero
2379 4744 2532 4798 hunc
2563 4759 2814 4799 errorem
2874 4743 3155 4812 hauserit,
3214 4742 3359 4798 mihi
3405 4742 3670 4798 nondum

2019 4833 2504 4904 liquet.0ptarem
2521 4847 2654 4886 vero
2678 4836 2743 4885 ut
2765 4831 3079 4904 scriptores
3101 4835 3157 4887 et
3175 4829 3506 4888 historiculi
3527 4828 3673 4886 tales

2023 4939 2151 4994 puan
2183 4920 2295 4975 sibi
2328 4919 2689 4990 incomperta
2723 4924 2860 4974 sunt
2893 4919 3123 4976 silentio
3152 4919 3530 4992 praeterirent,
3569 4933 3676 4974 nec

2022 5027 2154 5065 cum
2180 5014 2342 5064 tanto
2366 5007 2614 5062 aliorum
2637 5009 2977 5080 pracjudicio
3000 5026 3276 5082 magnam
3294 4994 3677 5064 vanibonoris

2021 5098 2519 5154 existimationem
2551 5103 2607 5153 et
2633 5099 2787 5170 apud
2820 5099 3058 5171 ignaros
3089 5099 3360 5154 homines
3401 5098 3675 5176 plausum

2025 5187 2271 5243 mercari
2306 5187 2628 5242 studerent.
2663 5193 2850 5255 Quare
2879 5189 3034 5244 enim
3081 5187 3404 5260 primulum
3463 5184 3676 5239 citatus

2022 5275 2274 5348 scriptor
2299 5275 2664 5346 Helpericum
2700 5277 3174 5332 san—Gallensem
3225 5277 3304 5330 ait
3359 5270 3677 5328 Hermanni

2023 5364 2205 5422 fuisse
2236 5364 2614 5436 magistrum,
2645 5364 2804 5420 nullo
2853 5364 3221 5438 antiquitatis
3273 5361 3450 5416 allato
3502 5375 3675 5442 argu-

2025 5458 2222 5513 mento
2239 5452 2268 5512 ?
2300 5453 2448 5511 Nam
2471 5451 2579 5510 hoc
2597 5452 2794 5514 elicuit
2815 5471 2883 5514 ex
2903 5455 3136 5530 scriptis
3157 5449 3454 5531 aliquibus
3475 5449 3679 5527 Helpe-

3323 5582 3351 5646 1
