4124 6188
350 126 421 185 Η
1122 122 1614 188 HERMANNUS
1657 127 2168 192 CONTRACTUS
2213 129 2565 192 MONACH.
2616 130 2987 195 AUGIENS.
3685 137 3758 199 l2

350 257 476 324 rici,
508 259 609 338 aut
639 254 827 327 ipsius
857 255 1196 326 Hermanni,
1229 261 1332 312 aut
1360 273 1428 313 ex
1458 258 1747 330 scriptura
1774 258 1888 314 alia
1904 276 1997 314 ve-
2026 259 2084 327 Α
2113 259 2310 332 igitur,
2345 262 2501 333 quod
2536 261 2876 321 meminisse
2905 266 3096 337 potest
3123 263 3321 332 lector,
3346 281 3526 337 supra
3554 267 3760 338 proba-

349 346 459 401 teri
498 335 555 401 et
611 343 983 401 authentica?
1033 343 1335 413 Ostendat,
1385 346 1434 402 si
1491 347 1644 418 quod
1698 347 1989 419 ejusmodi

345 433 645 507 reperit,et
672 433 931 490 veritatis
961 434 1191 490 radium
1223 434 1392 491 nobis
1422 452 1537 490 non
1568 435 1915 500 invideat,ut
1934 440 1993 491 et

344 521 481 596 ipsi,
514 522 671 595 quod
700 539 932 595 aaquum
964 527 1073 589 est,
1099 524 1441 591 credamus;
1475 523 1525 580 si
1557 528 1775 592 autem,
1835 524 1990 595 quod

343 610 760 679 autumo,nihil
790 610 904 667 tale
935 611 1173 681 invenit,
1207 612 1357 685 quid
1380 617 1497 667 tam
1530 612 1807 667 audacter
1837 612 1991 683 quod

342 700 530 757 nescit
584 699 883 756 afﬁrmat?
939 701 1047 757 Sed
1109 700 1250 773 quid
1305 700 1576 756 acerbius
1606 700 1667 754 in
1692 699 1992 756 hominem

343 787 606 856 invehor,
640 804 815 860 quem
839 788 1049 861 opinor
1066 804 1258 845 errore
1280 805 1385 846 suo
1421 786 1564 841 nihil
1588 787 1755 843 nobis
1776 788 1996 844 incom-

344 876 853 946 modaturum,sed
875 875 1246 948 profuturum
1269 875 1688 948 plurimum‘lSi
1711 878 1866 932 enim
1888 894 1994 950 ego

344 964 746 1022 demonstrare
777 964 1143 1037 Helpericum
1176 964 1347 1037 longe
1378 968 1690 1037 antequam
1724 966 2000 1022 Herman-

346 1069 459 1110 nus
490 1054 549 1108 in
578 1052 767 1109 lucem
799 1058 974 1108 natus
1002 1052 1096 1119 sit,
1131 1057 1381 1109 mortem
1439 1054 1675 1121 obiisse,
1729 1053 1994 1127 nunquid

345 1158 464 1198 non
493 1142 757 1197 concidet
807 1144 996 1196 totum
1026 1141 1153 1212 ejus
1182 1142 1637 1198 fundamentum
1654 1145 1681 1198 ?
1740 1145 1805 1198 Et
1860 1159 1994 1198 cum

341 1230 554 1285 falsum
584 1245 679 1285 ess
695 1230 1046 1302 eprobavero
1077 1220 1476 1287 Hermannum
1509 1231 1796 1304 Helperici
1818 1231 1994 1286 disci-

342 1316 547 1389 pulum
580 1317 782 1387 fuisse,
815 1335 1010 1376 annon
1062 1320 1401 1393 languescet
1451 1338 1707 1392 quoque,
1766 1320 1815 1375 si
1876 1338 1992 1374 non

341 1407 765 1479 exstinguatur,
800 1407 1017 1480 Opinio,
1040 1409 1192 1480 quod
1225 1412 1396 1480 putat
1424 1409 1823 1463 Hermannum
1854 1407 1914 1463 in
1937 1409 1994 1463 S.

342 1493 490 1550 Galli
516 1494 784 1561 ,cmnobio
816 1496 1171 1552 monachum
1198 1496 1419 1552 fuisse?
1448 1496 1531 1551 ita
1562 1497 1817 1569 profecto
1859 1514 1996 1552 con-

340 1582 528 1655 tinget
553 1601 566 1639 :
601 1599 717 1656 quo
746 1584 904 1640 enim
932 1583 1193 1657 fragilior
1222 1584 1628 1656 inﬁrmiorque
1658 1584 1860 1641 isthaec
1881 1585 1997 1656 opi-

341 1670 437 1726 nio
467 1671 693 1727 reddita
723 1671 918 1739 fuerit,
952 1688 1018 1728 eo
1049 1677 1251 1727 nostra
1284 1673 1484 1727 fortior
1513 1674 1840 1746 certiorque
1867 1690 1998 1729 eva-

341 1758 457 1816 det.
492 1759 793 1832 Siquidem
816 1777 948 1816 cum
969 1759 1183 1817 falsum
1208 1762 1545 1833 apparuerit
1592 1762 1995 1817 Hermannum

343 1846 646 1919 Helperico
667 1848 725 1904 in
749 1848 946 1905 schola
967 1848 1367 1905 San-Gallensi
1400 1850 1777 1914 successisse,
1802 1851 1999 1906 minus

343 1934 480 1990 dein
510 1937 686 1992 etiam
716 1952 918 1993 verum
950 1937 1429 2009 apparebitillum
1460 1937 1518 1993 in
1538 1939 1596 1994 S.
1622 1938 1770 1994 Galli
1795 1956 1996 1995 mona-

344 2022 520 2079 sterio
566 2024 916 2080 cmnobitam
974 2025 1177 2081 fuisse.
1239 2025 1311 2081 Ut
1365 2043 1500 2099 ergo
1559 2044 1813 2084 errorem
1846 2028 2000 2084 hunc

343 2111 516 2175 citius
546 2112 1481 2185 deprehendamus,necessarium
1503 2120 1593 2171 est
1610 2116 2001 2189 pervestigare

342 2200 508 2274 prius
533 2219 649 2275 quo
679 2220 796 2259 aevo
828 2206 1093 2276 uterque,
1112 2208 1232 2260 tam
1266 2204 1801 2276 Helpericusquam
1824 2206 2000 2283 etiam

343 2289 741 2358 Hermannus,
773 2292 1054 2365 ﬂoruerit.
1086 2293 1167 2349 De
1197 2291 1481 2365 Helperici
1542 2291 1778 2364 quidem
1836 2297 2002 2349 aetate

344 2377 493 2435 nihil
521 2380 736 2436 certius
769 2397 1011 2453 possum
1041 2381 1295 2437 scribere
1322 2398 1501 2453 quam
1533 2382 1685 2451 quod
1718 2380 1999 2437 San-Gal-

345 2466 537 2525 lenaee
564 2468 674 2541 ipsi
708 2469 1021 2541 scriptores
1068 2471 1329 2540 tradunt,
1377 2469 1628 2525 maxime
1674 2486 1805 2525 vero
1838 2470 1904 2525 Β.
1937 2471 1999 2525 Ρ.

345 2558 601 2616 Jodocus
646 2558 950 2628 Mezlerus,
1005 2559 1426 2630 antiquitatum
1486 2558 1577 2614 sui
1648 2558 1992 2615 monasterii

348 2646 600 2721 scriptor
628 2651 685 2703 et
714 2646 1041 2703 illustrator
1056 2647 1345 2720 egregius,
1381 2646 1476 2719 qui
1506 2647 1565 2701 in
1593 2645 1742 2703 libro
1769 2652 1843 2704 De
1865 2648 2005 2705 viris

349 2734 685 2793 illustribus
717 2736 1055 2793 monasterii
1084 2736 1142 2791 S.
1176 2734 1344 2807 Galli,
1394 2735 1495 2791 ubi
1554 2735 1624 2791 de
1682 2737 2004 2794 Walafrido

361 2825 572 2881 Strabo
598 2828 832 2892 tractat,
867 2824 952 2879 sic
978 2823 1059 2879 ait
1083 2840 1095 2880 :
1127 2825 1345 2879 Nostros
1374 2829 1520 2879 certe
1547 2829 1737 2881 Patres
1759 2827 2004 2898 Helperi-

351 2929 478 2969 cum
523 2921 575 2969 et
629 2913 1058 2970 Werembertum
1086 2914 1259 2982 fuisse
1306 2911 1598 2984 discipulos
1624 2914 1865 2983 eiusdem
1900 2916 2003 2970 Ra-

2099 348 2356 405 verimus
2379 350 2746 424 Helpericum
2770 357 2972 408 natum
2988 353 3144 408 circa
3156 370 3378 409 annum
3390 354 3603 410 Christi
3621 357 3747 424 827,

2101 442 2381 507 sequetur
2410 438 2579 495 illum
2613 440 2767 496 ultra
2794 442 2900 496 200
2926 458 3113 498 annos
3136 442 3317 498 vitam
3340 459 3507 499 suam
3541 445 3754 516 produ-

2099 526 2275 593 xisse,
2312 530 2376 581 ut
2406 529 2533 599 jam
2591 529 2903 586 Germania
2930 530 3107 586 etiam
3158 547 3375 586 novum
3424 548 3485 588 se
3544 532 3757 591 habere

2102 614 2344 670 Nestora
2374 614 2612 687 gloriari
2641 617 2847 691 possit,
2880 633 3070 690 neque
3096 635 3271 674 suum
3294 620 3520 676 Graecia:
3543 620 3759 677 invide-

2102 719 2164 759 re
2193 703 2421 760 debeat.
3650 710 3663 725 ’

2175 792 2241 846 Et
2271 790 2403 847 licet
2432 807 2583 864 sazpe
2628 794 2842 849 citatus
2882 793 3133 866 scriptor
3185 799 3414 851 aetatem
3470 795 3758 868 Hilperico

2103 880 2246 935 satis
2276 879 2510 953 longam
2533 883 2834 949 attribuat,
2857 882 3127 955 dicatque
3147 882 3313 939 illum
3342 885 3414 939 ad
3438 886 3759 957 nonagesi-

2104 984 2268 1023 mum
2299 968 2614 1040 septimum
2646 985 2834 1042 usque
2865 987 3084 1026 annum
3116 973 3469 1043 pervenisse,
3494 976 3560 1028 ut
3581 974 3754 1042 forte,

2104 1057 2259 1127 quod
2292 1058 2364 1112 de
2395 1057 2711 1114 Hermanni
2735 1059 2844 1115 sub
2871 1059 3168 1131 Helperico
3190 1061 3543 1133 discipulatu
3571 1062 3755 1131 ﬁnxit,

2102 1161 2237 1200 vero
2268 1145 2524 1202 similius
2555 1152 2829 1219 appareat
2856 1165 2869 1215 ;
2897 1165 3007 1203 non
3039 1153 3233 1205 tamen
3278 1150 3423 1205 satis
3453 1150 3639 1205 ﬁnxit.
3697 1151 3758 1207 Si
3854 1176 3857 1177 ν

2107 1234 2263 1288 enim
2297 1235 2421 1289 vult
2442 1241 2507 1291 ut
2529 1235 2798 1291 fabulosa
2824 1236 2953 1308 ejus
2968 1237 3173 1309 opinio
3188 1238 3496 1307 subsistat,
3521 1254 3759 1295 necesse

2106 1329 2194 1377 est
2225 1328 2287 1376 ut
2318 1324 2387 1377 ad
2425 1325 2743 1395 nonaginta
2773 1314 2873 1380 sei:
2903 1343 3088 1381 annos
3115 1337 3346 1381 centum
3377 1334 3436 1383 et
3473 1331 3759 1399 quatuor-

2106 1412 2290 1466 decim
2325 1411 2469 1467 alios
2498 1413 2755 1484 adjiciat.
2796 1414 3166 1487 Perpendant
3195 1431 3330 1487 ergo
3386 1415 3446 1470 in
3506 1420 3758 1488 quantos

2107 1515 2331 1555 errores
2364 1500 2664 1556 contrarias
2695 1501 2988 1573 opinionis
3010 1506 3276 1558 auctores
3296 1501 3591 1571 labantur,
3614 1504 3759 1560 dum

2107 1605 2283 1659 quam
2317 1588 2497 1644 semel
2549 1589 2620 1644 de
2678 1590 2995 1645 Hermanni
3050 1590 3414 1662 professione
3462 1583 3760 1664 arripuere

2112 1677 2487 1744 sententiam,
2523 1678 2818 1733 mordicus
2848 1679 3253 1734 connituntur.
3288 1678 3487 1750 Neque
3543 1680 3758 1736 verosi-

2111 1764 2249 1819 mile
2274 1771 2365 1820 est
2380 1766 2534 1837 quod
2549 1765 2762 1837 aliquis
2783 1766 3011 1838 opinari
3030 1771 3244 1839 posset,
3263 1766 3443 1823 fuisse
3456 1768 3598 1823 forte
3610 1768 3758 1823 duos

2112 1852 2443 1925 Helpericos
2474 1853 2627 1924 apud
2662 1854 2720 1909 S.
2756 1853 3007 1922 Gallum,
3041 1870 3290 1926 quorum
3323 1872 3477 1911 unus
3498 1855 3608 1911 sub
3646 1855 3757 1911 Ra-

2112 1942 2436 2008 bano,alter
2448 1958 2513 1997 eu
2526 1959 2580 1996 m
2604 1943 2770 1997 Herm
2780 1959 2931 1998 anno
2949 1943 3465 2016 ﬂorueritejusque
3480 1944 3760 2016 magister

2109 2047 2238 2087 esse
2266 2031 2536 2103 potuerit.
2568 2030 2705 2086 Dico
2727 2032 2883 2087 enim
2907 2048 2998 2087 me
3020 2032 3313 2089 neminem
3336 2033 3525 2089 adhuc
3545 2032 3759 2105 legisse

2111 2120 2211 2191 qui
2225 2120 2372 2175 duos
2386 2118 2631 2189 hujusce
2647 2120 2903 2174 nominis
2918 2120 3183 2176 doctores
3204 2118 3759 2177 faciat.Trithemius

2111 2209 2306 2274 etiam,
2350 2209 2519 2279 cujus
2550 2208 2621 2263 ab
2654 2208 3003 2265 adversariis
3032 2209 3177 2265 fides
3208 2208 3300 2264 hic
3324 2208 3614 2281 miropere
3659 2224 3756 2264 ex-

2113 2294 2356 2361 tollitur,
2390 2313 2577 2351 unum
2628 2295 2999 2352 solummodo
3047 2294 3413 2368 Helpericum
3471 2296 3764 2363 nominat,

2114 2400 2289 2455 quem
2322 2383 2668 2456 plerumque
2696 2384 3028 2440 Hermanno
3050 2388 3214 2440 astate
3243 2384 3383 2440 facit
3411 2401 3634 2456 parem,
3668 2389 3771 2442 aut

2112 2472 2288 2528 etiam
2321 2490 2385 2528 su
2396 2488 2631 2543 pparem
2659 2476 2717 2527 et
2732 2472 3381 2544 juniorem,praasertim
3403 2473 3464 2528 in
3487 2472 3760 2545 Catalogo

2114 2561 2185 2616 de
2216 2560 2600 2631 scriptoribus
2625 2559 3056 2627 ecclesiasticis,
3090 2576 3266 2632 quem
3298 2566 3432 2633 post
3462 2559 3644 2617 libros
3674 2561 3756 2617 De

2117 2649 2257 2703 viris
2288 2648 2620 2703 illustribus
2650 2647 2871 2703 ordinis
2902 2648 3089 2705 nostri
3118 2649 3372 2721 scripsit.
3399 2649 3483 2705 lbi
3503 2649 3659 2706 enim
3685 2650 3767 2707 ait

2116 2737 2515 2793 Hermannum
2531 2735 2742 2793 vixisse
2766 2736 2874 2792 sub
2898 2737 3146 2794 Henrico
3166 2739 3215 2793 II
3224 2738 3448 2811 impera
3462 2743 3604 2806 tore,
3618 2739 3773 2795 circa

2116 2842 2337 2881 annum
2370 2825 2600 2881 Domini
2636 2826 2801 2903 1940;
2833 2825 3202 2899 Helpericum
3219 2844 3353 2884 vero
3373 2828 3767 2883 circaannum

2119 2916 2275 2984 1069,
2306 2915 2416 2970 sub
2449 2913 2694 2970 Henrico
2730 2914 2806 2969 IIl
2837 2914 3207 2988 imperatore.
3243 2917 3387 2973 Ecce
3418 2932 3555 2993 ergo
3613 2916 3767 2988 quod

354 3002 484 3057 bani
510 3002 731 3067 scimus,
761 3004 870 3056 etc.
906 2999 966 3055 Si
995 3016 1130 3072 ergo
1152 2999 1490 3073 Helpericus
1540 3001 1866 3074 discipulus
1893 3003 2002 3059 Ra-
2034 2986 2077 3054 C
2117 3018 2303 3075 neque
2333 3001 2657 3057 secundum
2687 2986 2994 3058 Tritbemii
3026 3002 3360 3075 opinionem
3417 2986 3664 3076 (quam‘i
3674 3003 3764 3076 psi

352 3087 489 3146 bani
519 3089 650 3156 fuit,
683 3103 921 3144 necesse
950 3092 1041 3144 est
1069 3089 1253 3146 fuisse
1277 3094 1413 3146 ante
1444 3108 1664 3146 annum
1703 3093 1829 3161 847,
1887 3109 2002 3165 quo

352 3177 661 3234 Rabanum
682 3176 1075 3234 archidiaacesi
1106 3178 1444 3251 praefectum
1475 3195 1604 3235 esse
1635 3180 1845 3236 docent
1863 3180 2007 3237 Con-

349 3270 571 3321 tractus
599 3265 660 3322 in
691 3265 999 3334 Chronico,
1034 3266 1320 3323 Baronius
1366 3267 1577 3323 Annal.
1611 3274 1751 3324 tom.
1811 3269 1880 3335 X,
1931 3269 2003 3324 ad

350 3354 694 3426 praedictum
725 3354 941 3411 Christi
972 3372 1217 3412 annum.
1250 3356 1397 3411 Hinc
1418 3373 1549 3412 vero
1572 3356 1823 3413 ulterius
1845 3356 2003 3412 colli-

349 3457 483 3515 gere
512 3441 650 3500 licet
669 3443 1027 3516 Hilpericum
1051 3449 1256 3500 natum
1280 3445 1462 3501 fuisse
1484 3450 1618 3500 ante
1641 3462 1859 3501 annum
1877 3447 2002 3512 828,

352 3547 489 3588 cum
519 3532 820 3605 probabile
840 3532 936 3600 sit,
959 3533 1193 3606 quando
1213 3533 1354 3589 Fuld
1365 3551 1459 3589 am
1481 3551 1511 3589 e
1531 3538 1586 3589 S.
1605 3532 1768 3590 Gallo
1782 3533 2003 3591 studio-

352 3637 485 3677 rum
514 3637 694 3678 causa
724 3621 943 3678 missus
974 3625 1081 3689 est,
1116 3623 1186 3678 ad
1219 3622 1533 3677 minimum
1587 3621 2004 3693 septemdecim

352 3726 643 3767 annorum
675 3710 878 3778 fuisse,
906 3714 963 3767 et
992 3710 1224 3767 duobus
1255 3715 1355 3766 aut
1384 3711 1576 3765 tribus
1598 3709 2005 3766 circiterannis

353 3799 572 3857 ibidem
606 3799 913 3857 Rabanum
946 3816 1144 3856 sacras
1173 3799 1397 3855 litteras
1428 3803 1811 3870 exponentem
1837 3800 2001 3854 audi-

352 3890 533 3959 visse,
548 3891 730 3963 quod,
754 3895 820 3947 ut
841 3890 1006 3959 dixit,
1031 3893 1163 3945 ante
1196 3906 1417 3944 annum
1439 3888 1543 3943 847
1564 3888 1818 3960 oportuit
1859 3888 2002 3944 fieri.

350 3979 497 4036 Nam
528 3979 806 4037 credibile
836 3996 952 4035 non
983 3983 1073 4035 est
1102 3979 1430 4046 Rabanum,
1454 3977 1582 4048 jam
1614 3976 2002 4049 archiepisco-

351 4084 491 4141 pum
522 4068 1009 4141 gravissimisque
1037 4067 1199 4124 curis
1227 4066 1578 4135 distentum,
1614 4064 1843 4121 scholas
1901 4066 2003 4122 ha-

347 4156 568 4213 buisse.
593 4155 711 4213 Hoc
737 4172 873 4228 ergo
890 4154 1067 4212 veluti
1091 4155 1471 4210 fundamento
1495 4153 1818 4226 supposito,
1846 4154 2001 4210 vide-

347 4244 544 4300 bimus
559 4248 836 4317 praeterea
848 4261 961 4316 quo
978 4247 1240 4316 tempore
1254 4242 1355 4298 Hel
1362 4241 1669 4314 pericus,si
1686 4243 2002 4301 Hermanni

2110 3089 2256 3146 alias
2269 3091 2340 3146 de
2360 3089 2677 3145 Hermanni
2693 3090 3043 3146 monachatu
3058 3090 3308 3148 libenter
3319 3096 3382 3147 ut
3396 3091 3763 3147 verissimam

2110 3179 2588 3251 amplectuntur),
2625 3178 2920 3251 Helperico
2943 3179 3040 3234 ille
3053 3178 3114 3234 in
3137 3179 3752 3237 scholaSan-Gallensi

2111 3266 2393 3322 substitui
2428 3266 2697 3339 potuerit.
2722 3267 2834 3323 Sed
2863 3266 3005 3339 quid
3028 3267 3158 3324 istis
3174 3268 3472 3341 ﬁgmentis
3484 3268 3609 3338 jam
3639 3268 3757 3324 suf-

2111 3355 2375 3410 ﬁcienter
2405 3354 2752 3427 improbatis
2785 3354 3009 3411 diutius
3068 3356 3399 3412 immorer?
3439 3357 3761 3413 Prodamus

2112 3442 2431 3515 aliquando
2443 3445 2567 3516 jam
2594 3460 2698 3500 nos
2719 3460 2899 3516 quare
2921 3443 3088 3500 nobis
3112 3443 3423 3499 Hermanni
3447 3444 3762 3500 monacha-

2115 3536 2240 3587 tum
2260 3533 2713 3600 ascribamus,et
2728 3549 2835 3589 cur
2852 3531 3361 3587 San-Gallensibus
3379 3533 3761 3604 abnegemus.

2112 3621 2274 3685 Quod
2315 3622 2387 3677 ad
2418 3638 2523 3678 nos
2554 3625 2794 3693 spectat,
2825 3620 3076 3677 dicimus
3106 3618 3386 3675 solidiore
3408 3626 3758 3693 argumenta

2113 3712 2185 3765 ad
2218 3711 2345 3781 ejus
2362 3710 2783 3782 professionem
2808 3709 2865 3764 in
2887 3708 3074 3780 Augia
3093 3708 3371 3764 emissam
3392 3710 3757 3780 probandam

2114 3815 2229 3854 non
2260 3814 2432 3870 posse
2478 3797 2718 3870 produci
2752 3812 2928 3867 quam
2962 3812 3088 3868 quae
3130 3795 3413 3852 hactenus
3469 3797 3764 3857 Arnoldus

2112 3887 2284 3943 Wion
2341 3890 2398 3942 et
2452 3884 2837 3952 Christianus,
2891 3882 3177 3940 Urstisius
3233 3883 3451 3957 aliique
3505 3885 3765 3942 veritatis

2113 3982 2379 4032 amantes
2409 3990 2477 4030 ex
2532 3974 2761 4046 ipsonet
2808 3973 3139 4028 Hermanno
3190 3973 3505 4047 protulere,
3565 3973 3765 4048 qualia

2112 4071 2253 4122 sunt
2282 4081 2408 4136 quae
2441 4063 2618 4119 habet
2634 4062 2691 4115 in
2714 4061 3001 4117 Chronico
3022 4063 3092 4118 ad
3115 4079 3340 4119 annum
3362 4062 3577 4120 Christi
3601 4064 3762 4134 1048,

2113 4154 2213 4209 ubi
2244 4153 2326 4208 sic
2358 4150 2536 4207 dicit:
2567 4144 2869 4222 Imperator
2896 4150 3207 4222 (Henricus
3230 4152 3300 4221 II)
3324 4154 3642 4224 Ratispona,
3668 4153 3766 4209 ubi

2109 4241 2321 4298 Pascha
2347 4242 2474 4311 egit,
2507 4240 2802 4311 digressus,
2833 4240 3221 4296 Alemanniam
3249 4243 3463 4313 repetit,
3497 4250 3548 4297 et
3567 4243 3624 4297 in
3655 4241 3766 4298 Au—

349 4331 631 4405 magister
658 4332 787 4400 fuit,
822 4332 1026 4387 docere
1056 4329 1339 4387 debuerit.
1370 4330 1659 4402 Imprimis
1688 4331 1846 4387 enim
1880 4332 2003 4403 ipse
2030 4351 2079 4418 D
2108 4333 2258 4401 giam
2287 4332 2530 4385 nostram
2559 4331 2833 4399 ingressus
2863 4332 3047 4392 octavo
3087 4330 3208 4385 Kal.
3255 4329 3405 4397 Maii,
3453 4345 3651 4385 novam
3703 4328 3762 4385 S.

348 4420 721 4477 Hermannus
743 4419 802 4475 in
828 4418 1110 4475 Chronico
1132 4418 1335 4474 scribit
1352 4435 1412 4475 se
1443 4423 1646 4475 natum
1664 4436 1815 4476 anno
1878 4423 2001 4489 013,

350 4509 563 4567 litteris
588 4525 723 4566 vero
754 4514 1098 4581 septennem
1143 4508 1424 4563 traditum
1455 4525 1607 4564 anno
1641 4510 1797 4564 1020.
1852 4510 2000 4581 Ergo

351 4603 487 4673 post
507 4616 730 4656 annum
746 4599 848 4654 102
870 4596 1061 4653 adhuc
1080 4596 1220 4652 vixit
1240 4595 1729 4669 Helpericus,imo
1752 4597 2000 4670 diutius,

352 4689 827 4761 quandoquidem
847 4704 880 4742 a
900 4686 1177 4759 praedicto
1200 4687 1479 4757 scriptore
1495 4686 2000 4742 dieiturHerman-

354 4793 466 4833 nus
498 4778 558 4832 in
590 4774 791 4832 schola
847 4776 904 4831 S.
940 4773 1087 4830 Galli
1136 4773 1433 4846 Helperico
1489 4779 1957 4831 succenturietus
1986 4794 1999 4844 ;

354 4879 544 4936 neque
563 4863 721 4919 enim
744 4862 1131 4929 Hermannus,
1152 4863 1449 4933 septennis
1471 4863 1662 4918 adhuc
1678 4880 1824 4935 puer
1837 4880 2002 4936 gym-

351 4951 517 5009 nasio
547 4952 737 5007 eidem
770 4951 973 5023 praefui
1005 4951 1215 5022 potuit,
1249 4952 1348 5007 sed
1382 4967 1515 5005 cum
1541 4951 1667 5022 jam
1696 4952 2009 5023 prudentia

349 5040 590 5108 valeret,
607 5044 664 5096 et
684 5045 953 5096 maturus
976 5038 1119 5095 satis
1141 5045 1312 5104 esset,
1331 5040 1483 5111 quod
1509 5044 1642 5095 ante
1659 5040 2002 5096 vicesimum

350 5134 625 5204 quartum
640 5128 829 5185 aetatis
851 5145 1069 5185 annum
1091 5127 1183 5183 vix
1197 5128 1510 5199 contigisse
1523 5128 1877 5183 credendum
1891 5133 1999 5185 est.

348 5219 408 5274 Si
437 5219 646 5287 demus
675 5234 811 5290 ergo
835 5217 1166 5273 Hermanno
1194 5217 1265 5271 24
1297 5232 1483 5272 annos
1496 5219 1815 5287 antequam
1846 5215 1998 5272 ludi-

351 5307 632 5381 magister
660 5305 1100 5363 San-Gallensis
1131 5304 1488 5361 constitutus
1519 5303 1614 5369 sit,
1641 5305 1999 5376 reperiemus

2114 4420 2284 4475 Marci
2310 4419 2649 4489 evangelista
2667 4420 2893 4489 patroni
2911 4421 3090 4474 nostri
3119 4419 3430 4483 basilicam,
3463 4436 3498 4474 a
3537 4418 3767 4474 Domino

2109 4510 2357 4564 Bernonc
2383 4506 2575 4563 abbate
2601 4513 2981 4574 constructam,
3021 4522 3078 4562 se
3117 4515 3393 4578 prmsentc
3440 4524 3475 4563 a
3535 4506 3763 4564 Theodo-

2111 4599 2224 4653 rico
2257 4596 2662 4652 Constantiensi
2691 4597 2936 4668 episwpo
2964 4595 3207 4652 dedicari
3233 4598 3380 4668 fecit,
3428 4603 3481 4652 et
3522 4595 3763 4668 ejusdem

2109 4688 2285 4742 sancti
2302 4691 2438 4757 [esto
2486 4685 2631 4757 apud
2660 4701 2757 4740 nos
2805 4694 2940 4753 octo,
2972 4686 3349 4742 Ascensionem
3377 4685 3600 4741 Domini
3658 4686 3761 4741 Ta-

2111 4779 2247 4847 regi,
2279 4777 2640 4830 Pentecostem
2667 4773 2930 4831 Soloduro
2959 4774 3265 4840 celebravit,
3315 4779 3429 4831 etc.
3472 4775 3760 4829 Hactenus

2116 4866 2501 4933 Hermannus,
2534 4878 2711 4934 quem
2743 4862 2933 4918 fusius
2963 4862 3035 4918 de
3060 4864 3249 4935 Augia
3269 4863 3760 4919 sermocinantem

2115 4968 2181 5008 eo
2204 4950 2480 5007 libentius
2514 4950 2868 5017 audivimus,
2902 4967 3017 5023 quo
3048 4953 3244 5023 majus
3284 4952 3380 5007 hic
3412 4951 3583 5007 nobis
3642 4968 3764 5007 suae

2111 5038 2492 5113 professionis
2521 5038 2715 5094 locum
2738 5038 3070 5095 inveniendi
3099 5038 3297 5096 lumen
3328 5039 3592 5112 prebuit.
3617 5040 3766 5096 Tam

2110 5128 2437 5184 luculenter
2465 5127 2621 5183 enim
2651 5126 2747 5182 hic
2778 5127 3035 5199 scripsit,
3068 5132 3133 5184 ut
3161 5144 3229 5184 ea
3273 5144 3399 5199 quae
3451 5126 3764 5185 attulimus

2109 5234 2226 5272 non
2258 5216 2555 5288 indigeant
2577 5215 2794 5275 nostris
2824 5214 3061 5272 scholiis
3091 5214 3765 5289 illustrari,clarioraque

2110 5305 2230 5361 sint
2260 5320 2439 5379 quam
2461 5308 2525 5360 ut
2545 5303 2664 5360 ullo
2685 5303 3123 5376 aliointerprete
3137 5320 3284 5377 opus
3309 5304 3585 5360 habeant.
3610 5304 3758 5372 Quid

348 5393 459 5470 hoc
481 5410 597 5451 non
619 5394 877 5470 potuisse
889 5394 1014 5455 ﬂeri
1038 5397 1173 5452 ante
1195 5408 1416 5452 annum
1437 5389 1655 5453 Christi
1678 5391 1833 5451 4037.
1853 5393 1998 5455 Cum
2105 5394 2264 5458 enim
2295 5392 2631 5473 expressius
2650 5392 2841 5455 dicere
2856 5392 3170 5469 potuisset,
3195 5409 3310 5473 quo
3327 5410 3389 5455 se
3406 5394 3755 5470 Augiensem

3608 5771 3717 5829 5C;

3616 5842 3631 5854 .
