4124 6188
221 252 295 317 13
1024 307 1028 310 .
1612 258 1858 318 PHOLU

1967 256 2033 318 ιΜ
2046 258 2226 319 ENA.
3547 264 3624 328 η

218 386 523 452 assereret,
558 399 738 454 quam
771 385 1004 456 quando
1049 384 1229 442 dixit:
1289 389 1584 459 Imperator
1632 389 1864 457 Augiam
1893 388 1945 454 Α
1976 388 2046 443 de
2076 405 2221 444 novo
2256 390 2547 460 professos
2578 408 2725 457 esse,
2760 408 2875 447 non
2907 395 3104 448 tamen
3136 392 3264 448 ideo
3294 409 3427 449 mox
3456 411 3618 452 asse-

215 478 457 531 nostram
482 474 776 543 ingressus,
809 473 864 527 S.
893 474 1064 529 Marci
1087 479 1311 545 patroni
1358 478 1529 531 nostri
1577 477 1865 531 basilicam

210 563 457 619 dedicati
486 563 630 631 fecit.
660 563 877 617 Festum
919 562 975 616 S.
1028 563 1197 618 Marci
1244 566 1303 619 in
1354 565 1530 635 Augia
1576 565 1728 636 apud
1774 581 1870 620 nos

208 652 327 721 egit
346 654 371 701 f’
399 649 644 704 Rectene
673 649 1145 719 Sen-Gallenses,
1179 652 1318 707 dum
1372 670 1609 709 narrare
1656 652 1871 708 vellent

208 739 627 811 imperatorem
660 737 723 792 in
741 738 935 810 Augia
955 739 1171 795 festum
1196 740 1254 797 S.
1282 741 1460 796 Marci
1483 741 1868 814 evangelista,

215 828 351 898 ejus
376 825 487 882 loci
519 826 771 897 patroni,
803 826 1153 896 celebrasse,
1206 829 1501 886 dicerent:
1549 831 1872 902 Imperator

216 913 374 987 apud
407 928 517 968 nos
548 913 765 969 festum
795 915 856 971 S.
890 915 1070 971 Marci
1102 917 1335 988 patroni
1368 918 1552 974 nostri
1601 917 1870 990 peregit?

208 1001 270 1058 Si
301 1002 464 1058 enim
499 1002 582 1058 ita
611 1002 889 1071 dicerent,
912 1004 1068 1075 quis,
1086 1006 1477 1071 obseero,non
1509 1006 1872 1063 existimaret

200 1089 624 1162 imperatorem
656 1092 871 1148 festum
903 1093 961 1147 S.
987 1086 1166 1149 Marci
1200 1095 1352 1167 apud
1387 1102 1440 1150 S.
1462 1095 1692 1151 Gallum
1717 1096 1866 1151 cele-

192 1179 433 1244 brasse,
457 1197 594 1236 eum
629 1186 869 1237 econtra
884 1181 1256 1239 Hermannus
1285 1184 1438 1239 dicat
1468 1184 1528 1239 in
1548 1185 1737 1257 Augia
1757 1184 1866 1240 hoc

192 1265 427 1320 factum
454 1266 468 1318 l
503 1266 650 1330 Quis
672 1270 852 1321 etiam
879 1284 998 1324 non
1031 1271 1165 1327 inde
1195 1271 1492 1345 colligeret
1519 1274 1577 1328 S.
1604 1273 1863 1328 Marcum

193 1352 636 1425 evangelistam
667 1355 820 1425 apud
856 1353 1310 1410 San-Gallenses
1359 1372 1489 1410 esse
1527 1365 1861 1427 patronum.

194 1443 595 1514 ejusdemque
622 1459 822 1497 sacras
855 1442 1129 1515 reliquias
1163 1445 1235 1498 ab
1267 1443 1341 1500 iis
1369 1444 1654 1499 asservari
1681 1462 1695 1511 ;
1729 1461 1863 1500 cum

196 1537 395 1586 tamen
410 1530 791 1587 Hermannus
814 1532 886 1586 ad
914 1548 1135 1587 annum
1148 1534 1256 1588 830
1268 1534 1479 1588 referat
1495 1532 1683 1589 solum
1694 1535 1863 1589 modo

194 1621 263 1676 ad
292 1620 603 1692 Augiense
633 1620 1055 1674 monasterium
1086 1620 1360 1677 delatas?
1392 1622 1679 1687 Quoniam
1728 1640 1861 1677 vero

1979 477 2224 533 rendnm
2247 479 2420 535 etiam
2447 480 2845 551 llermannum
2871 489 3103 553 quoque
3131 486 3187 537 et
3219 480 3364 537 alios
3397 483 3453 537 id
3501 484 3617 540 fac-

1978 565 2201 634 titasse,
2234 584 2366 623 cum
2410 570 2665 623 rationes
2714 585 2817 624 cur
2864 570 3053 625 denuo
3100 571 3209 625 hoc
3258 570 3621 628 affirmemus

1978 653 2203 726 possint
2231 656 2379 719 dari,
2414 673 2515 727 pro
2546 655 2659 711 alio
2692 673 2805 712 non
2836 657 2996 712 item.
3018 659 3127 713 Sed
3153 658 3202 713 si
3224 658 3400 714 etiam
3423 675 3622 716 conce-

1977 744 2249 798 deremus
2264 744 2371 799 hoc
2389 745 2627 811 factum,
2644 745 3029 803 nihilominus
3041 746 3412 804 Hermannus
3430 742 3622 822 magis

1976 832 2047 887 ad
2065 832 2147 886 Au
2155 832 2385 904 gienses
2400 850 2575 904 quam
2598 835 2669 889 ad
2685 834 3125 893 San-Gallenscs
3137 836 3472 908 pertineret.
3492 837 3623 894 Cer-

1975 923 2103 974 tum
2125 928 2211 974 est
2231 919 2387 974 enim
2411 919 2598 987 illum,
2619 920 2721 976 sie
2741 923 2795 976 S.
2821 922 2984 978 Gallo
3009 925 3065 978 in
3088 924 3338 996 Augiam
3362 924 3616 989 transiit,

1976 1007 2174 1079 ibique
2204 1007 2580 1064 stabilitatem
2609 1010 3017 1081 ﬁrmavit,juri
3049 1028 3173 1081 suo,
3197 1013 3351 1083 quod
3374 1015 3445 1069 ad
3467 1013 3614 1070 illud

1976 1097 2395 1152 monasterium
2428 1097 2818 1168 habuit,prius
2837 1100 3620 1175 renuntiasse,vicissimque

1974 1185 2244 1240 abbatem
2278 1184 2753 1241 Sen-Gallensem
2777 1204 2910 1242 cum
2941 1193 3225 1244 conventu
3248 1190 3521 1246 eumdem
3542 1191 3616 1246 ab

1973 1273 2303 1330 obedientia
2332 1291 2440 1330 sua
2471 1275 2791 1330 absolvisse
2818 1275 3186 1347 liberumque
3214 1276 3530 1334 dimisisse.
3554 1277 3617 1335 Si

1972 1379 2108 1436 ergo
2139 1380 2231 1418 res
2260 1363 2341 1418 ita
2386 1381 2514 1419 sese
2561 1363 2793 1431 habeat,
2843 1380 2946 1419 cur
2991 1363 3462 1434 Saquallenses,
3511 1366 3615 1438 qui

1972 1444 2370 1499 Hermannum
2396 1456 2531 1500 tunc
2554 1457 2762 1514 sponte
2781 1450 3153 1515 dimiserunt,
3169 1469 3324 1507 nunc
3346 1456 3619 1526 repetunt

1970 1538 2028 1587 et
2055 1533 2125 1588 ad
2150 1549 2211 1588 se
2246 1533 2534 1588 nolentem
2569 1532 2887 1588 revocant?
2906 1534 3113 1588 Annon
3136 1533 3420 1589 Mezterus
3441 1540 3617 1606 paulo

1970 1639 2148 1693 supra
2171 1623 2481 1677 concedere
2503 1624 2713 1693 jussus
2744 1624 2832 1677 est
2863 1621 3614 1694 Hermannum,pestquam

197 1708 317 1763 haec
347 1708 729 1805 omniasunt
753 1707 921 1807 valde
951 1709 1207 1812 absurda
1227 1715 1283 1765 et
1313 1710 1603 1766 averilate
1625 1710 1859 1766 alienis-
1892 1748 1939 1812 Β
1971 1710 2026 1764 in
2053 1711 2295 1782 Augiam
2320 1728 2350 1765 e
2370 1714 2426 1765 S.
2461 1711 2621 1766 Gallo
2662 1711 3062 1781 transmeavit,
3105 1710 3185 1766 ibi
3234 1710 3612 1768 stabilitatem
3690 1754 3697 1758 ρ

195 1797 367 1862 sima,
397 1796 679 1866 sequitur
704 1812 739 1850 a
770 1796 1001 1851 nemine
1035 1796 1149 1851 alio
1181 1798 1334 1852 istud
1385 1798 1711 1854 Chronicon
1766 1817 1877 1871 po-q

192 1884 379 1941 tuisse
411 1884 595 1939 scribi
630 1900 809 1956 quam
841 1901 875 1939 a
906 1886 1190 1941 monacho
1222 1886 1521 1958 Augiensi.
1563 1888 1706 1942 Cum
1756 1905 1860 1942 au-

189 1978 305 2028 tem
339 1976 583 2028 constet
598 1972 1000 2029 Hermannum
1032 1973 1210 2045 hujus
1242 1975 1859 2032 Cbroniciesseaucto-

188 2078 333 2128 rem,
370 2061 654 2133 sequitur
679 2061 857 2115 etiam
890 2063 1188 2119 evidenter
1216 2062 1383 2118 illum
1437 2065 1616 2119 tuisse
1659 2066 1855 2137 Augiae

188 2150 583 2206 monachum.
616 2149 1015 2206 Nihilominus
1044 2155 1269 2219 tamen,
1305 2152 1535 2207 etiamsi
1579 2153 1691 2207 ista
1737 2154 1857 2209 sint

188 2240 531 2305 verissima,
566 2237 881 2295 audiamus
908 2239 1047 2311 quid
1081 2245 1285 2296 contra
1318 2241 1682 2313 respondeat,
1717 2259 1857 2312 qua-

188 2329 645 2400 literqueverba
655 2345 723 2383 ex
734 2327 1071 2385 Hermanno
1084 2329 1338 2385 adducta
1350 2328 1672 2400 explieetR.
1690 2330 1746 2384 P.
1763 2330 1855 2385 Jo-

185 2418 374 2472 doeus
397 2416 716 2483 Mezlerus,
750 2416 852 2488 qui
881 2433 1006 2488 cap.
1030 2418 1102 2472 26
1121 2416 1223 2472 lib.
1245 2418 1325 2472 De
1355 2416 1495 2472 viris
1526 2417 1852 2474 illustribus

183 2506 238 2560 S.
282 2504 471 2570 Galli,
515 2505 620 2559 ubi
669 2505 739 2560 de
789 2505 1122 2560 Hcrmanno
1164 2510 1395 2572 tractat,
1443 2506 1525 2560 sic
1573 2506 1847 2562 disserit:

180 2594 599 2650 Allucinantur
642 2609 769 2649 vero
797 2596 895 2665 qui
937 2596 1135 2664 putant
1178 2596 1551 2650 Ilermannum
1600 2595 1655 2649 S.
1709 2596 1852 2651 Galli

182 2682 526 2738 monachum
558 2698 669 2737 non
695 2683 882 2752 fuisse.
915 2683 1079 2737 Enim
1110 2699 1231 2738 vero
1278 2700 1349 2737 ex
1403 2699 1462 2737 eo
1518 2683 1657 2754 quod
1705 2689 1850 2739 Iler-

180 2787 455 2837 maanus,
475 2787 613 2825 eum
632 2772 868 2840 Augiam
887 2772 1133 2827 nominet
1146 2788 1326 2837 suam,
1351 2794 1377 2821 «
1403 2773 1578 2841 Augia
1594 2777 1803 2839 nostra,
1822 2796 1849 2819 υ

184 2885 210 2909 ιι
242 2864 569 2932 imperator
592 2861 829 2931 Augiam
854 2863 1100 2915 nostram
1146 2862 1450 2930 ingressus,
1505 2860 1559 2915 S.
1613 2860 1847 2917 Marmm

186 2950 683 3027 nobiseumegit,»
712 2948 1096 3019 similibusque
1124 2951 1323 3017 utitur,
1340 2965 1449 3004 non
1475 2950 1601 3021 plus
1631 2952 1852 3005 elicitur

188 3054 350 3109 quam
372 3039 761 3092 Hermannum
791 3038 1045 3108 in.Augia
1070 3053 1129 3092 eo
1159 3053 1264 3108 quo
1292 3040 1581 3109 imperator
1630 3039 1850 3094 advenit

1970 1816 2136 1854 suam
2168 1801 2478 1855 ﬁrmasse?
2526 1800 2824 1865 Quomodo
2869 1804 3064 1855 autem
3107 1800 3358 1855 revocari
3404 1803 3609 1872 potest,

1969 1888 2067 1959 qui
2088 1888 2357 1943 stabilem
2382 1906 2443 1943 se
2464 1890 2519 1942 in
2551 1889 2734 1958 Augia
2757 1887 3286 1958 futurumjuravit?
3308 1887 3614 1944 Nosterest

1967 1992 2124 2048 ergo,
2158 1982 2212 2031 et
2246 1976 2459 2030 frustra
2484 1981 2613 2048 post
2643 1981 2761 2029 tam
2784 1975 3019 2047 longam
3051 1974 3371 2029 multorum
3392 1980 3612 2046 tempo-

1968 2080 2099 2120 rum
2128 2064 2545 2136 usucapionem
2578 2065 2879 2136 repetitur,
2911 2065 3011 2134 qui
3045 2063 3222 2118 etiam
3253 2066 3461 2135 sponte
3504 2080 3611 2119 sua

1966 2158 2099 2209 ante
2116 2159 2416 2210 sexcentos
2439 2164 2621 2209 annos
2644 2151 3035 2207 indissolubili
3058 2167 3209 2207 nexu
3230 2168 3363 2207 cum
3376 2150 3611 2207 licentia

1964 2260 2197 2314 quoque
2220 2241 2729 2298 San-Gallensium
2754 2241 2951 2313 Augia
2982 2256 3044 2295 se
3075 2239 3352 2313 alligavit.
3382 2241 3456 2296 At
3479 2243 3609 2295 tan-

1963 2333 2096 2388 dem
2120 2330 2524 2399 Mezlerus,ubi
2555 2346 2744 2402 neque
2768 2330 3088 2386 secundam
3111 2329 3262 2385 hanc
3285 2326 3611 2400 responsio-

1964 2438 2095 2476 nem
2137 2419 2551 2476 animadvertit
2597 2435 2700 2489 pro
2754 2417 3273 2474 San-Gallensibus
3330 2420 3503 2485 stare,
3545 2416 3606 2472 in
3682 2437 3693 2443 -

1961 2525 2090 2564 eam
2112 2509 2363 2579 denique
2379 2506 2711 2577 opinionem
2733 2505 3009 2562 inductus
3031 2510 3139 2574 est,
3154 2510 3219 2562 ut
3239 2505 3457 2561 diceret
3473 2505 3608 2561 Her-

1963 2614 2244 2653 mannum
2279 2597 2338 2651 in
2378 2595 2562 2668 Augia
2616 2595 2877 2666 quidem,
2933 2597 3170 2667 quando
3219 2595 3303 2651 ita
3346 2594 3604 2666 scripsit,

1962 2687 2162 2752 fuisse,
2183 2685 2443 2758 potuisse
2458 2689 2652 2740 tamen
2693 2685 2761 2739 ad
2794 2684 2852 2739 S.
2878 2683 3107 2740 Gallum
3139 2682 3349 2751 redire,
3379 2687 3605 2739 consta-

1946 2793 2135 2847 reque
2156 2793 2224 2831 ex
2264 2773 2581 2830 Trithemio
2631 2773 2947 2841 monachos
3003 2772 3145 2829 olim
3194 2787 3297 2844 pro
3343 2770 3605 2843 pleniore

1960 2861 2589 2935 scientiaassequenda
2619 2862 2686 2916 ad
2721 2862 2949 2916 diversa
2980 2858 3335 2916 monasteria
3364 2858 3600 2927 missos;

1958 2969 2210 3025 cumque
2240 2951 2349 3006 hoc
2379 2951 2447 3005 de
2475 2949 2783 3022 discipulis
2813 2950 2889 3005 sit
2910 2953 3155 3017 certum,
3187 2949 3259 3004 de
3303 2946 3603 3021 magistris

1959 3041 2129 3114 longe
2160 3040 2336 3094 fuisse
2366 3038 2781 3094 certissimum.

190 3137 437 3198 tempore
458 3128 657 3196 fuisse,
682 3126 771 3180 vel
798 3142 1070 3181 summum
1106 3125 1266 3193 illud,
1320 3128 1691 3182 Hermannum
1728 3130 1850 3199 jam
1880 3113 1921 3179 C
2032 3113 2316 3201 Opinatur
2342 3126 2510 3181 tertio
2533 3127 2935 3180 Hermannum
2955 3142 2986 3179 e
3006 3125 3063 3179 S.
3089 3123 3253 3178 Gallo
3274 3123 3332 3177 in
3352 3123 3600 3193 Augiam

191 3220 302 3271 tum
328 3217 393 3270 in
434 3216 670 3286 Augiam
708 3223 1001 3286 receptum,
1058 3215 1414 3271 stabilitatem
1463 3232 1619 3270 suam
1668 3218 1730 3271 in
1786 3233 1851 3272 ea

193 3308 427 3375 Ῑοηαδεε
453 3305 733 3375 firmasse.
776 3305 920 3359 Bene
946 3305 1097 3359 enim
1132 3306 1309 3373 potuit
1330 3305 1671 3360 Hermannus
1700 3307 1760 3359 in
1788 3304 1846 3360 S.

196 3392 692 3464 Galloreligiouem
704 3394 762 3448 in
770 3393 1048 3464 principio
1056 3392 1315 3465 proﬁteri
1326 3400 1377 3447 et
1396 3392 1523 3447 dein
1535 3395 1595 3448 in
1616 3395 1851 3463 Augiam

193 3492 582 3547 tramae,
631 3485 742 3537 etc.
790 3481 1082 3537 Hactenus
1148 3481 1265 3537 ille.
1327 3481 1596 3547 Videsne,
1648 3481 1849 3549 lector,

195 3571 500 3643 quomodo
518 3570 745 3625 nodum
766 3568 924 3625 hunc
946 3568 1165 3641 duplici
1180 3568 1295 3625 telo
1315 3574 1557 3625 conetur
1577 3571 1853 3643 perstrin-

193 3676 348 3733 gere.
372 3660 778 3730 Posteaquam
803 3659 959 3714 enim
978 3658 1389 3714 animadvertit
1401 3658 1656 3730 primum
1685 3659 1854 3715 inﬁr-

196 3750 344 3805 mius
365 3764 529 3811 esse,
543 3747 723 3802 etiam
744 3747 1068 3817 secundum
1083 3746 1372 3803 adhibuit.
1391 3747 1574 3802 Batus
1590 3752 1678 3803 est
1693 3748 1850 3803 enim

197 3838 381 3909 primo
419 3836 826 3891 Hermannum
850 3834 996 3890 forte
1026 3840 1150 3891 tum
1181 3836 1240 3891 in
1272 3836 1459 3908 Augia
1488 3836 1851 3908 hospitatum

200 3926 274 3981 illi
300 3922 676 3981 dedicationi
704 3940 838 3978 cum
869 3922 1000 3979 aliis
1028 3923 1318 3980 extraneis
1356 3923 1708 3981 interfuisse.
1741 3924 1851 3981 Sed

203 4013 436 4071 etiamsi
466 4013 766 4086 ﬁngamus
795 4011 905 4067 hoc
953 4013 1193 4080 tactum,
1243 4029 1358 4068 non
1414 4018 1604 4069 tamen
1653 4016 1853 4070 statim

203 4103 348 4161 hanc
379 4103 463 4159 ob
493 4118 737 4157 causam
758 4101 1129 4157 Hermannus
1146 4102 1397 4175 Augiam
1419 4102 1621 4159 debuit
1650 4120 1857 4160 vocare

204 4203 470 4257 nostram,
504 4206 699 4262 neque
724 4194 782 4245 8.
816 4190 1078 4246 Marcum
1096 4199 1393 4263 patronum
1425 4196 1693 4248 nostrum.
1714 4193 1855 4248 Nul-

204 4282 283 4336 lus
301 4280 474 4336 enim
506 4279 728 4350 hospes
755 4282 813 4334 et
841 4279 1085 4347 advena,
1117 4280 1258 4335 dum
1298 4279 1392 4335 vix
1445 4280 1686 4337 alterius
1734 4298 1856 4337 mo-

207 4368 440 4425 nasterii
474 4367 659 4423 limen
692 4365 1030 4433 salutasset,
1062 4384 1196 4423 mox
1225 4369 1297 4424 ad
1338 4368 1485 4425 illud
1533 4370 1861 4442 acquireret

204 4458 288 4547 jus
320 4456 567 4525 ut,jam
594 4454 810 4527 proprii
841 4456 1446 4547 monasterii‘oblitus,
1477 4456 1624 4513 illud
1655 4458 1714 4514 in
1744 4477 1858 4532 quo
1889 4483 1937 4547 D

212 4546 612 4619 hospitaretur
636 4548 870 4600 vocaret
896 4561 1078 4600 suum.
1098 4544 1240 4609 Quis
1259 4562 1394 4618 ergo
1416 4563 1530 4602 non
1551 4547 1710 4604 videt
1725 4548 1861 4604 lier-

216 4649 517 4700 mannum,
549 4632 697 4687 dum
719 4630 939 4687 talibus
951 4632 1207 4704 Augium
1235 4632 1426 4689 verbis
1443 4634 1773 4707 descripsit,
1797 4654 1859 4693 se

219 4737 437 4794 quoque
466 4720 625 4777 inter
663 4720 860 4793 Augia
909 4720 1232 4777 manaehos
1279 4724 1670 4779 numerasse?
1715 4726 1855 4781 Cum

222 4810 449 4877 proinde
481 4808 777 4865 Mezlerus
807 4810 1203 4881 perspexisset
1234 4808 1342 4883 hac
1386 4812 1576 4883 prima
1617 4830 1725 4868 sua
1772 4831 1858 4869 re-

220 4902 524 4968 sponsione
555 4900 891 4971 argumenti
918 4899 1032 4952 vim
1058 4899 1316 4954 nondum
1343 4899 1864 4974 label'actari,adje-

218 4986 289 5040 cit
303 4986 575 5052 alteram,
591 4986 989 5059 divinavitque
1004 4987 1400 5044 Hermannum
1415 4991 1678 5060 potuisse
1699 4993 1863 5063 prius

218 5076 359 5145 apud
381 5074 830 5132 San—Gallenses
860 5076 1288 5148 professionem
1311 5077 1595 5147 emittere,
1618 5085 1675 5135 et
1704 5081 1860 5150 dein,

215 5165 775 5237 quandoinAugiam
794 5164 1420 5233 transmeavit,ibidem
1445 5168 1864 5238 professionem

217 5252 1040 5326 renovassestabilitatemque
1063 5254 1351 5311 firmasse.
1368 5257 1438 5311 At
1451 5273 1583 5312 cum
1602 5257 1712 5314 hoc
1732 5276 1865 5332 pro-

218 5340 551 5399 bationibus
574 5346 788 5409 careat,
812 5342 993 5416 gratis
1014 5343 1319 5399 asseritur.
1340 5342 1501 5400 Dicet
1521 5362 1655 5401 vero
1674 5347 1866 5404 allatis

224 5431 493 5505 exemplis
522 5435 773 5489 conetur
794 5433 1040 5504 probare
1062 5437 1207 5495 ante
1229 5436 1287 5487 et
1316 5437 1447 5505 post
1467 5432 1865 5493 Hermannum

226 5520 534 5595 Aegienses
553 5522 847 5596 quosdam
870 5520 940 5579 ad
963 5521 1023 5581 S.
1056 5518 1289 5580 Gallum
1321 5522 1646 5596 transiisse,
1668 5524 1869 5605 ibique

1957 3229 2074 3292 jam
2106 3214 2827 3284 missum,utjuventutem
2851 3212 3022 3268 bonis
3054 3210 3259 3266 litteris
3288 3210 3595 3267 imbueret.

1957 3311 2171 3363 Verum
2204 3309 2261 3360 et
2291 3302 2409 3358 haec
2430 3300 2835 3373 improbabilis
2855 3297 3158 3372 responsio
3178 3313 3421 3370 prorsus
3437 3300 3494 3353 et
3510 3313 3603 3353 ve-

1959 3395 2113 3452 ritati
2147 3395 2533 3450 consentanea
2568 3388 2810 3444 minime
2856 3392 2962 3444 est.
3013 3387 3159 3443 Nam
3209 3388 3599 3458 praaterquam

1959 3485 2113 3558 quod
2139 3487 2369 3538 tantum
2401 3481 2471 3535 ad
2499 3479 2617 3533 vim
2641 3476 2970 3550 argumenti
2994 3476 3176 3531 nostri
3198 3473 3604 3532 declinandam

1960 3572 2238 3643 sitexcogi
2248 3568 2741 3640 tata,probarique
2754 3566 2978 3638 aliquot
2991 3564 3322 3621 testimonio
3333 3568 3606 3637 nequeat,

1960 3659 2301 3719 incredibile
2330 3658 2504 3713 etiam
2536 3666 2625 3712 est
2650 3656 2757 3710 hoc
2791 3654 3104 3728 contigisse
3130 3658 3257 3708 tum
3297 3652 3454 3725 quod
3484 3654 3607 3709 Au-

1962 3751 2163 3823 giense
2194 3745 2618 3804 monasterium
2650 3749 2791 3799 tunc
2820 3742 3132 3799 adventitio
3154 3740 3431 3813 magistro
3457 3756 3608 3811 opus

1964 3856 2077 3895 non
2102 3837 2371 3901 habebat,
2388 3851 2522 3889 cum
2550 3833 2661 3889 sub
2693 3837 2953 3887 Bernone
2980 3830 3209 3897 abbate,
3242 3826 3413 3883 editis
3440 3825 3608 3882 libris

1963 3925 2363 3992 celeberrimo,
2395 3922 2534 3978 viris
2565 3919 2924 3977 doctissimis
2952 3919 3034 3974 ita
3062 3916 3342 3986 ﬂoruerit,
3374 3919 3441 3972 ut
3480 3930 3609 3971 om-

1963 4018 2129 4073 nium
2153 4013 2530 4070 scientiarum
2550 4010 2782 4065 culmen
2797 4008 3214 4081 fastigiumque
3233 4004 3609 4061 transcende-

1964 4110 2052 4162 ret
2076 4123 2088 4161 :
2112 4110 2238 4159 tum
2271 4101 2472 4169 etiam,
2496 4100 2546 4156 si
2578 4101 2787 4156 demus
2818 4096 3076 4169 aliquem
3108 4096 3215 4151 aS.
3243 4093 3403 4150 Gallo
3421 4092 3609 4167 magi-

1965 4199 2153 4251 strum
2185 4190 2395 4247 scholae
2427 4189 2706 4262 Augiensi
2736 4188 2796 4243 in
2828 4186 3161 4242 subsidium
3194 4184 3469 4250 missum,
3492 4198 3609 4238 non

1965 4287 2162 4338 tamen
2177 4280 2405 4336 videtur
2416 4279 2585 4334 Herm
2595 4293 2784 4332 annus
2799 4273 3062 4348 potuisse
3076 4271 3361 4344 mitti,qui
3372 4285 3612 4345 corpore

1968 4387 2198 4442 semper
2226 4373 2283 4425 et
2311 4367 2640 4423 valetudine
2674 4364 2965 4432 inﬁrmus,
3006 4362 3388 4433 omniumque
3434 4375 3614 4416 mem-

1968 4463 2206 4517 brorum
2237 4458 2419 4513 ferme
2452 4456 2770 4511 destitutus
2798 4457 2888 4509 est
2918 4452 3170 4520 usu,sed
3202 4450 3354 4506 alius
3374 4463 3614 4520 corpore

1973 4548 2309 4621 vegetior,et
2329 4545 2400 4601 iis
2421 4544 2696 4599 omnibus
2714 4540 3061 4597 sutl‘erendis
3077 4535 3572 4595 accommodatior
3596 4552 3610 4603 ;

1967 4642 2093 4693 tum
2126 4635 2377 4706 denique
2405 4632 2602 4699 etiam,
2632 4631 2786 4703 quod
2818 4646 2933 4685 non
2964 4628 3310 4694 existimem,
3330 4624 3615 4680 Herman-

1970 4742 2112 4781 num
2126 4723 2217 4779 sui
2232 4722 2332 4778 aevi
2346 4718 2512 4776 facile
2522 4713 3616 4786 scientissimum,eruditissimumque,

1969 4831 1999 4870 e
2032 4831 2139 4870 suo
2168 4809 2523 4867 monasterio
2554 4808 2665 4863 alio
2698 4808 2877 4862 fuisse
2908 4803 3265 4877 ablegatum,
3287 4820 3421 4859 cum
3465 4802 3620 4858 scia-
3698 4820 3703 4823 τ

1973 4920 2106 4958 mus
2121 4901 2412 4970 hodieque
2425 4898 2731 4952 thesauros
2744 4894 3027 4967 pretiosos
3039 4897 3268 4950 etraros
3279 4889 3622 4966 diligentius

1973 4989 2277 5047 custodiri.
2301 4988 2411 5043 Sed
2436 4985 2696 5042 attendat
2717 4983 2900 5040 loctor
2928 4983 3083 5055 quod
3110 4982 3319 5038 ultimo
3371 4978 3625 5053 denique

1974 5084 2176 5136 contra
2197 5081 2543 5150 argumenta
2564 5078 2765 5129 nostra
2789 5074 3026 5144 abjiciat
3045 5071 3343 5128 Mezlerus.
3358 5069 3461 5126 Hic
3485 5084 3620 5125 cum

1975 5185 2082 5242 pen
2092 5166 2397 5225 siculatius
2427 5164 2608 5219 robur
2627 5163 2965 5219 eorumdem
2988 5157 3619 5230 examinasset,sensis-

1975 5263 2177 5330 setque
2194 5256 2471 5310 humeros
2492 5269 2630 5308 suos
2651 5252 3390 5325 graviterpremere,neque
3402 5246 3618 5302 ostium

1976 5363 2091 5420 quo
2123 5346 2454 5415 erumperet
2484 5345 2701 5414 patere,
2734 5340 2793 5395 in
2819 5356 3024 5395 omnes
3064 5356 3127 5397 se
3169 5343 3362 5410 partes
3410 5331 3620 5389 anxius

1974 5433 2243 5501 versavit,
2275 5436 2342 5487 ut
2366 5446 2550 5503 grave
2592 5430 2808 5504 jugum
2858 5428 3117 5501 scapulis
3147 5425 3273 5482 suis
3301 5424 3618 5481 excuteret.

1976 5522 2352 5587 Occasionem
2384 5520 2623 5578 demum
2655 5522 2873 5578 certam
2904 5514 3172 5575 elabendi
3214 5529 3277 5572 se
3329 5511 3622 5577 invenisse
