4124 6188
1292 333 1776 400 HERMANNUS
1821 317 2340 397 CONTRACTUS
2387 331 2734 395 MONACH.
2783 332 3151 398 AUGIENS.
3227 330 3232 335 ‘
3820 293 3921 397 "is

3820 284 3891 317 GL‘

525 479 689 530 ratus
720 447 1192 546 negareincipit,
1223 487 1353 544 qua:
1382 489 1449 528 ex
1465 470 1748 527 Chronico
1769 467 2038 540 pracdicto
2061 466 2160 520 ad-
2196 474 2248 540 Α
2277 470 2524 520 nostrum
2555 465 2814 537 potuisse
2845 466 3056 534 dicere,
3081 467 3180 539 qui
3212 467 3550 541 patrimonii
3579 469 3708 540 ejus
3740 471 3921 542 portio

527 563 826 629 duximus,
848 562 1025 618 verba
1055 578 1183 618 esse
1215 561 1627 618 abHermanno
1659 559 1894 629 scripta,
1919 556 2018 611 sed
2042 571 2169 610 esse

500 654 601 710 ~ab
633 652 828 724 aliquo
861 651 972 709 alio
1003 649 1340 723 appendicis
1369 649 1494 704 loco
1525 649 1770 718 adjecta,
1803 644 2059 716 dicitque
2108 660 2169 699 se

501 743 592 807 ain
619 741 947 807 Annalibus
978 740 1122 808 suis,
1157 757 1190 796 a
1221 754 1314 794 me
1346 754 1450 794 nec
1480 735 1624 790 visis
1673 750 1778 790 nec
1825 732 2008 801 lectis,
2062 733 2171 788 hoc

527 823 984 897 demonstrasse.

597 924 676 983 At
704 920 753 977 si
783 920 897 976 huc
916 918 1151 974 tandem
1179 914 1531 970 veniendum
1553 916 1697 979 erat,
1720 915 1978 984 poteram
1999 911 2169 966 omit-

509 1013 650 1072 tere
677 1025 748 1071 ea
776 1025 902 1079 quas
936 1006 1215 1060 hactenus
1247 1000 1641 1074 probavimus,
1660 1005 1880 1072 poterat
1898 1000 2170 1055 etMezle-

506 1100 769 1160 rustres
799 1112 834 1150 a
861 1111 924 1150 se
939 1108 1151 1165 magno
1167 1090 1364 1147 studio
1389 1089 1740 1162 excogitatas
1762 1088 2170 1160 responsiones

504 1173 843 1257 praeterire,
863 1186 922 1238 et
950 1181 1121 1237 unico
1152 1178 1386 1252 neganti
1416 1180 1587 1234 verbo
1621 1183 1808 1234 totum
1839 1177 2168 1249 argumenti

505 1270 998 1342 .roburdejicere,
1017 1285 1371 1339 omnemque
1392 1267 1553 1322 litem
1575 1281 1937 1337 componere.
1955 1266 2167 1321 Verum

528 1367 620 1420 est
646 1361 827 1428 enim,
858 1359 909 1416 si
935 1375 1003 1415 ea
1030 1358 1206 1414 verba
1235 1356 1549 1412 Hermanni
1584 1373 1698 1411 non
1729 1360 1886 1420 sunt,
1921 1371 2026 1409 nos
2066 1355 2170 1410 ha-

529 1454 736 1512 ctenus
765 1463 971 1519 parum
1004 1447 1319 1518 probasse;
1353 1445 1400 1499 si
1441 1448 1640 1493 autem
1689 1443 1829 1501 sint,
1861 1444 1926 1491 ut
1973 1440 2171 1491 minus

505 1536 783 1608 ambigo,
815 1544 1017 1583 verum
1049 1542 1284 1597 quoque
1313 1529 1403 1580 est
1434 1541 1540 1580 nos
1570 1524 1970 1579 Hermannum
2002 1524 2171 1580 nobis

509 1618 824 1684 .evidenter
851 1615 1191 1672 asseruisse.
1223 1614 1379 1670 Licet
1407 1631 1538 1668 vero
1570 1613 1664 1667 ille
1693 1613 1848 1667 dicat
1875 1630 1936 1668 se
1963 1614 2021 1667 in
2049 1613 2172 1668 suis

515 1689 853 1770 Annalibus
867 1704 976 1759 hoc
989 1704 1444 1770 demonstrasse,
1455 1702 1633 1756 miror
1648 1707 1838 1757 tamen
1852 1707 2003 1757 certe
2020 1703 2172 1757 unde

513 1796 755 1868 probet.
788 1793 1035 1861 Etenim,
1068 1793 1117 1848 si
1147 1791 1406 1848 divinare
1446 1791 1635 1857 liceat,
1690 1791 1957 1862 suspicor
2001 1790 2169 1846 illum

533 1885 670 1940 inde
698 1869 850 1942 velle.
871 1880 1144 1952 colligere
1175 1881 1330 1952 quod
1361 1880 1420 1935 in
1469 1879 1751 1935 Chronico
1800 1880 2067 1948 auctiori,
2101 1881 2173 1936 ab

451 2001 453 2003 ι
530 1971 778 2028 Henrico
807 1969 1037 2028 Canisio
1065 1969 1240 2038 edito,
1275 1967 1462 2026 multa
1492 1969 1858 2040 reperiantur
1887 1985 2016 2038 quae
2057 1970 2175 2024 sint

510 2061 607 2124 ab
627 2059 759 2116 aliis
791 2059 1112 2129 interjecta.
1146 2059 1215 2114 Et
1245 2055 1478 2114 tametsi
1511 2075 1624 2112 non
1657 2057 1919 2129 ignorem
1951 2057 2060 2112 hoc
2089 2074 2176 2112 ve-

531 2148 837 2206 rissimum
867 2163 1018 2212 esse,
1040 2146 1216 2201 verba
1238 2150 1436 2201 tamen
1469 2145 1569 2200 illa
1598 2163 1726 2217 qua:
1757 2164 1937 2218 supra
1976 2148 2173 2217 posui-

534 2254 692 2306 mus,
709 2240 933 2297 certum
951 2239 1039 2291 est
1067 2251 1194 2291 esse
1228 2234 1539 2290 Hermanni
1560 2252 1573 2301 ;
1597 2235 1888 2305 siquidem
1914 2236 1971 2290 in
1994 2237 2176 2290 omni-

533 2327 670 2396 bus,
702 2341 850 2402 quas
881 2324 1120 2396 quidem
1153 2341 1244 2380 me
1282 2323 1474 2378 videre
1521 2323 1786 2394 contigit,
1819 2323 2175 2380 editionibus

534 2420 592 2472 et
620 2414 880 2486 antiquis
908 2417 965 2470 et
987 2413 1428 2478 recentioribus,
1459 2417 1575 2466 tam
1607 2413 1966 2469 auctioribus
1997 2430 2174 2484 quam

534 2503 1042 2572 diminutioribus,
1074 2501 1462 2574 reperiuntur,
1493 2506 1557 2557 ut
1587 2501 1732 2556 nihil
1765 2502 1939 2556 etiarn
1971 2502 2041 2557 de
2061 2518 2177 2556 ma-

517 2593 856 2669 .n’uscriptis
887 2592 1018 2650 aliis
1049 2592 1261 2648 dicam.
1297 2593 1358 2648 In
1391 2596 1587 2648 nostro
1645 2595 1797 2647 certe
1845 2595 2175 2662 pervetusto

533 2682 850 2756 exemplari
874 2682 1052 2754 (quod
1086 2698 1262 2753 penes
1286 2697 1379 2738 me
1409 2681 1613 2746 habeo,
1645 2681 1917 2752 quodque
1951 2681 2022 2736 ab
2067 2679 2175 2736 ali-

534 2772 767 2845 quibus,
783 2771 981 2844 ipsum
1013 2771 1442 2844 autographum
1465 2770 1969 2841 credebatur,ete.)
1992 2770 2125 2826 licet
2146 2788 2177 2826 a

535 2861 858 2919 recentiore
887 2877 1068 2917 manu
1097 2860 1266 2932 plura
1295 2859 1416 2916 sint
1445 2859 1731 2931 apposita,
1751 2876 1877 2938 quae
1909 2858 2083 2915 etiam
2117 2859 2176 2914 in

535 2950 852 3006 editionem
867 2948 1085 3006 Canisii
1101 2949 1407 3020 irrepsere,
1431 2949 1605 3004 verba
1625 2951 1822 3003 tamen
1854 2947 2178 3019 suprascri-

536 3044 638 3112 pta
667 3039 1004 3095 continuato
1025 3042 1082 3094 et
1107 3037 1284 3093 veteri
1316 3036 1617 3093 simillimo
1639 3036 1968 3093 charactere
1996 3037 2054 3091 in
2087 3054 2178 3092 or-

537 3128 676 3184 dine
705 3135 813 3183 suo
844 3127 1034 3200 posita
1059 3130 1402 3182 cernuntur.
1434 3126 1757 3183 Ostendant
1786 3119 2179 3194 adversarii,si

2280 554 2443 609 nulla
2463 572 2720 626 unquam
2754 556 3058 622 fuerit,eur
3087 561 3143 612 et
3164 557 3310 612 mihi
3333 573 3446 614 non
3469 556 3640 614 liceat
3663 574 3922 616 asserere

2280 643 2572 699 neminem
2629 661 2861 716 quoque
2911 646 3177 716 potuisse
3217 647 3274 701 S.
3307 647 3572 702 Marcum
3625 651 3926 720 patronum

2277 736 2521 787 nostrum
2545 733 2870 800 nominare,
2894 734 2993 806 qui
3016 735 3352 806 patrimonii
3379 735 3507 805 ejus
3535 736 3710 793 etiam
3728 737 3921 808 portio

2279 820 2441 876 nulla
2474 820 2646 876 fuerit
2675 837 2956 892 unquam.
2991 823 3058 877 Et
3086 820 3284 879 revera
3313 824 3449 878 inde
3479 823 3647 894 sequi
3693 826 3918 893 debuit,

2280 909 2432 980 quod
2456 914 2650 964 tamen
2667 927 2793 982 cap.
2813 912 2879 966 12
2901 927 3081 983 supra
3101 913 3508 978 refutavimus,
3530 911 3920 970 Walafridum

2279 997 2762 1054 San-Gallensem
2791 998 3182 1065 fuisse,multo
3200 1000 3389 1072 magis
3413 1000 3581 1072 sequi
3605 999 3926 1056 debetHan-

2281 1103 2563 1142 mannum
2581 1087 2932 1159 Augiensem
2948 1089 3147 1154 fuisse,
3163 1106 3296 1144 eum
3313 1089 3580 1162 pluribus
3600 1092 3658 1144 et
3678 1088 3922 1144 diversis

2279 1175 2577 1231 vocabulis
2608 1193 2724 1231 uno
2763 1177 3085 1247 eodemque
3131 1177 3256 1238 loco
3285 1184 3406 1233 tam
3427 1173 3764 1233 luculenter
3819 1177 3926 1236 hoc

2279 1263 2510 1319 indicet.
2535 1265 2563 1319 J
2573 1282 2666 1319 am
2683 1281 2816 1320 vero
2838 1266 2980 1336 prod
2991 1267 3364 1320 ucant'etiam
3388 1263 3708 1319 adversarii
3729 1262 3920 1319 locum

2280 1353 2536 1419 aliquem
2559 1368 2628 1404 ex
2640 1353 2949 1415 Chronico,
2971 1363 3086 1418 quo
3109 1348 3590 1405 San-Gallensem
3611 1349 3779 1406 illum
3803 1368 3928 1423 pro-

2279 1435 2434 1489 bent.
2461 1435 2628 1490 Forte
2649 1436 2800 1490 sicut
2816 1440 2872 1490 S.
2910 1437 3195 1503 Marcum,
3227 1437 3309 1492 ita
3329 1442 3386 1493 et
3407 1439 3465 1494 S.
3487 1437 3722 1494 Gallum
3762 1443 3926 1508 vocat

2276 1527 2567 1594 patronum
2598 1528 2862 1591 nostrum,
2889 1530 2994 1581 aut
3037 1542 3106 1581 ex
3136 1526 3328 1582 verbis
3373 1525 3504 1582 aliis
3539 1527 3734 1585 forsan
3762 1527 3922 1586 colli-

2280 1612 2437 1684 gitur
2452 1612 2630 1666 fuisse
2651 1612 3121 1670 San-Gallensis?
3137 1615 3351 1669 Verum
3366 1631 3472 1687 ego
3497 1615 3769 1687 nuspiam
3785 1617 3923 1688 quid

2279 1701 2393 1755 tale
2415 1700 2787 1765 invenio,imo
2803 1717 2936 1756 vero
2950 1702 3142 1774 potius
3157 1703 3515 1759 contrarium
3542 1720 3656 1760 non
3680 1705 3924 1762 obscure

2281 1789 2488 1859 colligo
2521 1806 2589 1844 ex
2619 1806 2685 1844 eo
2719 1791 2873 1860 quod
2923 1791 2995 1845 ad
3035 1808 3259 1846 annum
3303 1791 3521 1849 Christi
3561 1794 3662 1850 977
3699 1793 3925 1850 scribat

2282 1878 2435 1948 Apud
2466 1879 2520 1932 S.
2555 1877 2774 1932 Gallum
2810 1880 2987 1934 Ymmo
3021 1881 3185 1936 abbas
3221 1883 3454 1952 pra/“uit
3484 1883 3645 1936 annis
3669 1890 3802 1950 octo,
3831 1883 3926 1954 qui

2263 1967 2541 2036 templum
2593 1970 2824 2038 patroni
2874 1970 2974 2024 sui.
3006 1970 3285 2026 adamare
3341 1971 3572 2036 studuit,
3619 1974 3726 2026 etc.
3787 1973 3926 2036 Quis

2283 2056 2515 2121 amabo,
2548 2056 2745 2111 credat
2775 2057 3176 2112 Hermannum
3205 2058 3386 2114 fuisse
3425 2059 3924 2128 SaneGallensem,

2285 2160 2418 2198 cum
2453 2144 2545 2199 hic
2577 2152 2856 2200 consueto
2907 2147 3197 2202 abstineat
3240 2148 3298 2204 S.
3350 2146 3582 2204 Gallum
3628 2148 3928 2206 nominare

2281 2237 2577 2304 patronum
2606 2239 3026 2300 nostrum,eum
3059 2241 3252 2291 tamen
3276 2237 3326 2292 si
3344 2235 3926 2295 San-Galleusisluis—

2286 2327 2392 2387 set,
2427 2322 2518 2376 hic
2548 2323 2790 2377 minime
2812 2328 3100 2394 oporteret
3121 2325 3147 2378 ?
3165 2326 3280 2403 (ξαν
3300 2326 3356 2381 S.
3375 2325 3926 2383 GallumYmmonis

2286 2410 2515 2466 abbatis
2547 2411 2737 2466 solum
2763 2419 3074 2483 patronum
3105 2414 3270 2478 dixit,
3303 2418 3362 2469 et
3390 2415 3564 2470 suum
3603 2416 3926 2487 praeteriit?

2287 2499 2450 2554 Certe
2481 2517 2596 2554 non
2620 2500 2792 2555 aliam
2822 2502 2893 2555 ob
2917 2518 3158 2557 causam
3189 2519 3364 2574 quam
3387 2505 3542 2574 quod
3565 2521 3674 2560 non
3709 2505 3929 2576 ignora-

2286 2587 2366 2643 vit
2405 2589 2770 2661 .Augiensem
2828 2607 2889 2644 se
2944 2607 3073 2645 esse
3111 2591 3481 2646 monachum
3537 2598 3596 2648 et
3639 2595 3696 2648 S.
3750 2593 3926 2648 Marci

2287 2678 2496 2734 filium.
3795 2734 3798 2736 γ

2358 2767 2647 2822 Hactenus
2679 2783 2815 2836 ergo
2847 2768 3141 2825 evidenter
3167 2784 3236 2824 ex
3263 2770 3394 2842 ipso
3435 2771 3766 2827 Hermanno
3795 2787 3925 2843 pro-

2288 2856 2557 2911 bavnmus
2578 2873 2710 2910 eum
2725 2857 3214 2928 Augien‘semnon
3228 2858 3702 2916 San-Gallensem
3724 2860 3908 2916 fuisse

2288 2945 2529 3000 Frustra
2551 2945 2730 3016 igitur
2750 2945 2920 3000 nobis
2936 2946 3240 3002 'l‘rithemii
3262 2947 3666 3006 dissentientis
3687 2948 3908 3004 auctori

2288 3037 2377 3088 tas
2408 3034 2759 3104 obtruditur,
2774 3034 2872 3105 qui
2889 3034 3267 3091 historiarum
3289 3035 3820 3092 diversissimarum
3838 3054 3932 3094 va-

2290 3123 2490 3176 rietate
2515 3121 2781 3186 obrutus,
2825 3124 3277 3194 particularibus
3325 3125 3453 3180 istis
3499 3125 3930 3196 questionibus

524 3216 653 3273 .tale
681 3215 915 3287 aliquod
945 3219 1111 3272 vetus
1141 3216 1609 3287 manuscriptum
1642 3215 1878 3285 habent,
1913 3215 2012 3270 ubi
2057 3216 2178 3272 haec
2208 3202 2250 3270 C
2289 3211 2692 3267 examinandis
2723 3212 2920 3269 minus
2950 3213 3226 3270 insudare
3247 3214 3452 3285 potuit.
3472 3213 3695 3269 Etenim
3721 3219 3934 3285 preter

534 3305 714 3360 verba
739 3321 857 3360 non
887 3305 1276 3360 inveniantur.
1293 3305 1362 3359 Et
1393 3303 1527 3359 licet
1543 3304 1717 3358 etiam
1743 3303 1856 3358 tale
1875 3304 2180 3375 haberent,

538 3397 597 3450 et
626 3392 930 3456 ostendere
960 3395 1220 3463 possent,
1254 3409 1369 3446 non
1395 3395 1589 3447 tamen
1621 3393 1955 3463 probabunt
1983 3409 2180 3464 supra-

541 3480 699 3537 dicta
724 3479 899 3536 verba
941 3479 1013 3534 ab
1063 3479 1174 3534 alio
1223 3479 1622 3550 superaddita,
1647 3496 1780 3534 cum
1810 3497 1938 3536 vero
1991 3480 2182 3537 simile

517 3615 522 3620 .
537 3569 618 3627 sit
627 3570 1028 3636 Hermannum
1042 3567 1368 3624 Chronicon
1380 3585 1554 3623 suum
1569 3585 1682 3623 non
1698 3568 1875 3624 semel
1897 3569 2182 3625 duntaxat

537 3657 960 3732 composuisse,
994 3658 1095 3713 sed
1123 3660 1258 3729 post
1287 3656 1514 3728 aliquos
1546 3674 1732 3712 annos
1762 3657 2100 3723 correxisse,
2123 3665 2182 3714 et

533 3750 713 3814 rebus
739 3748 875 3806 aliis
905 3748 1082 3804 etiam
1103 3746 1362 3815 auxisse,
1392 3751 1566 3816 prout
1595 3751 1790 3818 aperte
1823 3746 1995 3802 etiam
2027 3747 2176 3804 indi-

531 3837 672 3895 Cant
704 3836 983 3896 Urstitius
1011 3839 1070 3892 et
1099 3834 1387 3904 Canisius,
1420 3835 1833 3906 afﬁrmantque
1863 3835 2023 3892 illam
2055 3841 2175 3893 tam

531 3925 854 3982 multarum
900 3926 1223 3980 editionum
1269 3923 1606 4002 varietatem
1665 3924 2175 3998 diversitatemque

531 4013 670 4070 inde
691 4013 882 4070 solum
907 4012 1067 4070 oriri.
1089 4015 1276 4083 Atque
1305 4012 1376 4067 de
1397 4011 1492 4066 his
1521 4011 1710 4068 fusius
1737 4013 2043 4085 hucusque
2062 4015 2176 4070 dis-

528 4102 960 4175 putavimus,ut
975 4101 1198 4158 scilicet
1223 4101 1664 4158 ostenderemus
1687 4101 1874 4157 locum
1902 4119 2015 4174 quo
2037 4104 2171 4158 Iler-

527 4207 785 4248 mannus
815 4191 876 4248 in
905 4189 1190 4248 Chronico
1220 4188 1574 4260 Augiensem
1602 4207 1663 4246 se
1691 4189 2030 4260 insinuavit,
2054 4207 2167 4244 non

525 4281 672 4337 adeo
693 4279 953 4353 segniter
964 4281 1144 4350 tanqu
1153 4278 1574 4334 am'obscurum
1585 4279 1797 4346 ,autCh
1808 4279 2000 4334 ronico
2015 4278 2170 4333 novi-

523 4373 614 4424 ter
640 4369 906 4434 afﬁctum
925 4371 983 4424 et
1002 4367 1396 4423 adulterinum
1413 4383 1542 4422 esse
1572 4367 2165 4438 prmtereundum,sed

519 4456 703 4514 veluti
733 4458 958 4514 clarum
989 4455 1301 4528 imprimis,
1334 4454 1701 4510 luculentum
1740 4463 1795 4510 et
1841 4455 2164 4526 genuinum

2295 3300 3023 3371 ipsummetHermannum
3051 3303 3399 3374 opponimus
3412 3301 3828 3358 Bellarminum
3850 3303 3932 3357 De

2291 3389 2675 3461 scriptoribus
2711 3390 3158 3458 ecclesiasticis;
3190 3391 3504 3446 Antonium
3554 3391 3929 3447 Possevinum

2290 3477 2349 3533 in
2381 3481 2677 3550 Apparatu
2709 3496 2906 3546 sacro;
2939 3479 3258 3534 Antonium
3292 3480 3362 3534 de
3396 3479 3572 3548 Yepes
3604 3479 3928 3551 Hispanum

2291 3567 2350 3621 in
2364 3568 2646 3623 Chronico
2677 3567 3069 3638 generaliord.
3094 3567 3152 3621 S.
3175 3566 3386 3621 Bened.
3407 3565 3928 3633 ;ArnoldumWion

2291 3656 2349 3713 in
2382 3657 2505 3730 Lig.
2539 3657 2718 3724 Vitae;
2751 3654 3063 3710 Henricum
3102 3653 3423 3724 Canisium,
3455 3654 3729 3712 Carolum
3755 3658 3928 3714 Sten-

2287 3744 2926 3819 gelium,Christianum
2939 3742 3546 3816 Urstisium,aliosque
3565 3745 3926 3814 innumeros,

2287 3836 2386 3907 qui
2412 3849 2614 3890 omnes
2635 3831 2996 3887 concorditer
3009 3837 3708 3903 asserunt,Hermannum
3727 3835 3928 3906 Augiaa

2285 3924 2466 3978 fuisse
2490 3920 2840 3977 monachum
2867 3939 2881 3989 ;
2903 3920 3220 3993 pluresque
3239 3939 3442 3978 eorum
3467 3923 3601 3979 inde
3625 3922 3929 3994 suspican-

2281 4017 2378 4066 tur
2398 4012 2490 4066 Tri
2501 4009 2699 4064 themii
2719 4025 2974 4065 errorem
2994 4010 3176 4066 fuisse
3191 4012 3568 4082 ortum,quod
3582 4013 3726 4067 forte
3739 4011 3930 4083 prima

2279 4099 2381 4156 illa
2404 4103 2462 4155 et
2487 4097 2722 4170 vulgata
2748 4098 3071 4154 Hermanni
3101 4099 3278 4155 editio
3309 4117 3377 4155 ex
3417 4099 3612 4155 codice
3640 4098 3924 4155 San-Gal-

2277 4188 2421 4244 len‘si
2446 4188 2619 4243 fuerit
2637 4189 3010 4260 transcripta.
3029 4189 3174 4245 Hine
3191 4190 3365 4246 etiam
3381 4206 3496 4244 non
3513 4188 3925 4244 subticendum

2275 4276 2544 4333 existimo
2572 4277 2975 4333 Hermannum
3020 4278 3237 4349 ubique
3268 4278 3327 4333 in
3376 4277 3664 4334 veteribus
3714 4293 3927 4332 manu-

2275 4365 2389 4422 seri
2395 4365 2508 4439 ptis
2521 4365 2954 4438 exemplaribus
2977 4366 3166 4423 vocari
3183 4367 3430 4422 monach
3441 4382 3536 4421 um
3549 4368 3632 4421 Au
3641 4365 3768 4438 gien
3776 4381 3926 4432 sem,

2273 4471 2579 4528 nunquam
2631 4455 3128 4523 San-Gallensem,
3177 4456 3332 4527 quod
3401 4453 3694 4510 Arnoldus
3753 4453 3922 4511 Wion

519 4561 651 4604 esse
683 4547 1030 4611 notandum,
1054 4549 1120 4600 ut
1148 4544 1378 4614 merito,
1402 4545 1451 4600 si
1473 4545 1649 4600 etiam
1680 4543 1838 4598 aliud
1859 4560 2168 4617 argumen-
2199 4574 2243 4638 Β
2273 4545 2489 4602 diserte
2519 4549 2788 4601 testatur.
2817 4545 2982 4601 Unde
3012 4544 3186 4616 longe
3233 4545 3509 4600 aberrant
3555 4561 3592 4599 a
3638 4557 3775 4599 vero
3826 4541 3927 4614 qui

525 4638 654 4690 tum
689 4651 805 4691 non
837 4637 1130 4706 suppetat,
1182 4633 1580 4688 Hermannum
1631 4632 1800 4688 nobis
1850 4633 2168 4690 astruxisse

517 4727 789 4780 constare
820 4722 1025 4794 possit.
1049 4721 1212 4777 Unde
1234 4721 1450 4776 mirum
1469 4725 1557 4776 est
1575 4721 1881 4777 Mezlerum
1905 4739 2166 4779 asserere

517 4829 587 4866 ex
617 4827 684 4867 eo
714 4811 840 4867 loco
869 4810 1015 4865 nihil
1047 4815 1250 4866 contra
1291 4808 1745 4866 San-Gallenses
1791 4810 2041 4880 probari.
2094 4811 2166 4866 Ut

515 4900 674 4956 enim
704 4886 1072 4974 prieteream,
1101 4900 1255 4972 quod
1287 4915 1466 4971 supra
1507 4898 1745 4953 uberius
1793 4899 2159 4968 pertractavi,

515 5005 702 5050 unum
735 4990 865 5060 hoc,
899 4990 1052 5062 quod
1084 4989 1454 5044 Hermannus
1485 4987 1538 5041 S.
1575 4992 1821 5042 Marcum
1865 4991 2160 5057 patronum

509 5083 762 5135 nostrum
790 5078 1018 5146 dixerit,
1052 5079 1124 5134 ad
1156 5076 1628 5150 persuadendum
1661 5075 1719 5128 in
1760 5074 1945 5147 Augia
1993 5074 2160 5131 illum

513 5169 858 5225 caanobitam
891 5168 1092 5233 fuisse,
1127 5167 1396 5221 sufficere
1421 5163 1661 5217 Mezlero
1694 5168 1938 5235 poterat.
1963 5164 2158 5220 Memi-

511 5257 672 5314 nisse
701 5259 857 5314 enim
893 5257 1158 5321 debebat,
1192 5271 1252 5308 se
1284 5270 1463 5323 supra
1493 5252 1774 5322 persimili
1815 5259 2157 5323 argumento

509 5344 1202 5417 probasse,Walafridum
1229 5343 1338 5398 sub
1359 5340 1670 5418 disciplina
1700 5342 1929 5399 abbatis
1945 5343 2158 5399 S.Galli

507 5435 742 5502 vixisse,
764 5434 920 5506 quod
943 5430 1208 5486 videlicet
1229 5431 1287 5484 in
1302 5429 1540 5501 prolego
1563 5431 1708 5484 Vitae
1730 5431 1787 5486 S.
1825 5431 1969 5486 Galli
1994 5447 2159 5487 eum-

509 5525 646 5581 dem
667 5521 1007 5579 voeitaverit
1031 5527 1330 5593 patronum
1352 5525 1620 5576 nostrum.
1645 5521 1704 5575 Si
1745 5537 1880 5593 ergo
1917 5521 2159 5578 Mezlero

508 5612 843 5676 subinferre
900 5610 1065 5668 licuit
1119 5609 1414 5666 neminem
1475 5609 1532 5668 S.
1592 5608 1821 5667 Gallum
1865 5614 2160 5685 patronum

2280 4639 2543 4690 nostram
2573 4635 2643 4689 de
2670 4635 2985 4689 Hermanni
3007 4632 3360 4690 monachatu
3387 4632 3660 4705 Augiensi
3689 4635 3926 4688 senten-

2276 4723 2420 4778 tiam
2453 4727 2660 4777 vocant
2681 4739 2910 4793 novam,
2945 4728 3269 4795 putantque
3307 4722 3568 4794 primum
3601 4721 3672 4776 ab
3712 4737 3778 4776 eo
3823 4718 3924 4792 qui

2274 4811 2820 4867 Francol‘ordianam
2871 4813 3189 4867 editionem
3243 4809 3533 4884 promovit
3598 4810 3920 4864 inventam.

2272 4898 2388 4953 Hoc
2415 4899 2571 4954 enim
2599 4899 2810 4954 melius
2842 4899 3022 4955 refelli
3057 4918 3172 4956 non
3204 4905 3396 4972 potest
3425 4915 3602 4970 quam
3645 4897 3694 4954 si
3724 4900 3920 4954 vetera

2271 4987 2659 5058 inspiciantur
2677 4989 3053 5061 exemplaria,
3076 5006 3203 5060 quas
3221 4987 3442 5060 aliquot
3457 4985 3721 5043 centenis
3743 4985 3917 5042 annis

2271 5082 2405 5132 ante
2427 5077 2971 5133 Francofordiauam
2996 5078 3309 5134 editionem
3332 5077 3551 5148 scripta
3578 5084 3736 5142 sunt,
3759 5092 3919 5147 quie-

2270 5182 2382 5240 que
2414 5165 2727 5220 Hermanni
2761 5167 3030 5222 monachi
3051 5165 3360 5239 Augiensis
3379 5181 3594 5221 nomen
3628 5164 3688 5220 in
3731 5165 3917 5219 fronte

2265 5261 2564 5314 exaratum
2587 5260 2834 5328 gestant.
2855 5256 2993 5312 Tale
3016 5254 3312 5326 exemplar
3330 5253 3912 5325 reperiturAugustin

2268 5347 2421 5419 apud
2444 5345 2504 5401 S.
2526 5344 2884 5415 Udalricum,
2909 5361 2976 5399 ex
3004 5361 3117 5416 quo
3139 5343 3424 5398 Henricus
3443 5343 3710 5399 Canisius
3740 5354 3913 5394 suam

2268 5434 2581 5492 editionem
2612 5433 2940 5505 exscripsit.
2994 5431 3132 5488 Tale
3189 5433 3367 5487 etiam
3426 5432 3538 5488 fuit
3593 5428 3734 5483 illud
3795 5444 3916 5498 quo

2268 5525 2552 5582 Urstisius
2585 5521 2694 5576 fuit
2721 5538 2886 5590 usus,
2917 5520 3056 5576 talia
3085 5521 3324 5577 fuerunt
3349 5538 3418 5577 ea
3462 5535 3592 5590 quas
3617 5514 3917 5574 Arnoldus

2275 5613 2441 5676 Wion
2465 5629 2528 5672 se
2546 5611 2762 5669 vidisse
2791 5614 2892 5669 aut
2919 5610 3133 5688 legisse
3150 5611 3376 5683 asserit;
3398 5607 3538 5664 talia
3561 5608 3701 5662 sunt
3724 5604 3919 5666 multa
