4124 6188
226 331 306 397 l7
1655 316 2241 385 PROLOGOMENA
2257 363 2271 382 .
3572 322 3650 389 18

229 465 374 526 hinc
402 465 546 525 inde
575 464 638 524 in
668 463 845 523 variis
872 459 1240 522 bibliothecis
1270 460 1890 526 asservata.Quomodo
1920 458 1973 521 A
2003 463 2397 520 certissimum
2430 465 2538 531 est,
2571 467 2628 520 et
2649 463 2708 519 in
2738 459 3019 519 Chronico
3050 459 3295 519 auctiori
3325 477 3427 534 per
3471 439 3670 518 Cani-'-

231 573 376 632 ει·εο
403 556 592 631 (quod
620 555 861 629 quidam
892 553 1057 625 dixit)
1088 569 1260 609 nemo
1291 568 1554 623 unquam
1599 549 1889 606 dubitavit

232 647 644 704 Hermannum
673 643 858 702 fuisse
887 649 944 698 S.
977 643 1125 700 Galli
1168 641 1522 698 monachum
1573 645 1887 711 antequam

235 737 376 809 ejus
388 735 714 792 Chronicon
730 733 1086 790 Francoforti
1102 733 1358 805 prodiret
1379 732 1407 786 ?
1426 729 1636 786 Verius
1650 729 1890 802 proinde

235 826 488 882 dixerim
513 841 618 897 ego
640 828 777 880 ante
797 821 1104 879 Trithemii
1129 826 1396 892 tempora
1407 820 1701 875 neminem
1715 819 1890 874 exsti-

235 915 382 971 tisse
411 913 516 986 qui
547 930 662 969 non
696 913 957 968 crederet
993 913 1396 967 llermannum
1428 910 1609 966 fuisse
1637 908 1889 980 Augien-

189 1013 202 1020 '
237 1020 388 1070 sem,
404 1003 562 1075 quod
577 1002 821 1075 antiqua
833 999 1205 1073 exemplaria,
1231 1000 1302 1055 de
1324 999 1539 1071 quibus
1562 999 1735 1054 modo
1749 996 1890 1062 dixi.

238 1094 446 1149 docere
495 1095 764 1164 possunt.
819 1095 994 1146 Porro
1039 1095 1106 1146 ut
1148 1089 1388 1145 tandem
1436 1086 1890 1143 controversiam

235 1180 392 1236 hanc
407 1179 924 1248 ﬁniamus,audire
949 1178 1125 1234 etiam
1150 1177 1354 1232 ultimo
1379 1176 1585 1232 liberet
1602 1193 1730 1247 qua:
1746 1180 1894 1231 San-

232 1269 552 1326 Gallen‘ses
566 1271 935 1341 argumenta,
968 1284 1116 1339 quas
1149 1267 1404 1322 rationes
1445 1282 1710 1340 quosque
1741 1264 1889 1320 anti-

232 1375 386 1431 quos
417 1357 653 1413 codices
686 1373 792 1429 pro
825 1373 887 1412 se
909 1357 1224 1420 adducant,
1251 1355 1468 1427 quibus
1493 1355 1892 1411 Hermannum

233 1447 350 1504 sibi
379 1446 1008 1503 ascribantllactenus
1027 1445 1181 1500 enim
1216 1443 1364 1499 nihil
1397 1443 1638 1498 allatum
1671 1447 1759 1496 est
1779 1459 1893 1513 quo

233 1538 350 1594 Sun
384 1535 682 1592 Gallensis
711 1536 1078 1607 probaretur.
1112 1536 1300 1599 Quare
1331 1533 1380 1588 si
1414 1533 1592 1588 etiam
1646 1531 1896 1587 sciretur

234 1642 350 1681 non
384 1625 575 1680 fuisse
602 1623 1207 1696 Augiensis,uondum
1239 1626 1434 1677 tamen
1454 1624 1746 1676 constaret
1767 1634 1895 1674 esse

233 1712 917 1769 San-Gallensem.Unde
938 1715 1351 1784 praeposteram
1383 1727 1512 1766 esse
1538 1725 1740 1765 censes
1763 1724 1891 1764 eam

238 1802 583 1875 disputandi
601 1802 880 1857 rationem
891 1801 1142 1873 ,quando
1154 1800 1438 1890 audacter
1443 1798 1678 1871 quidem
1692 1797 1892 1890 alien-aa
1926 1827 1971 1890 Β

235 1890 560 1954 sentcntiae,
594 1890 977 1962 quantumvis
1002 1889 1263 1954 munitas,
1287 1888 1629 1955 insultatur,
1659 1885 1894 1959 prepria

234 1993 365 2032 vero
396 1975 1049 2048 negligitur,nullisque
1077 1977 1442 2050 argumentis
1463 1973 1894 2032 obﬁrmatur.Si

234 2083 371 2138 ergo
387 2065 912 2121 San-Gallensium
933 2065 1184 2122 rationes
1196 2065 1412 2122 nostris
1426 2065 1744 2137 aliquando
1767 2063 1891 2118 effl-

237 2156 500 2211 caciores
531 2154 1027 2226 perspexerimus,
1061 2171 1232 2210 nemo
1255 2154 1516 2226 ambigat
1538 2170 1646 2209 nos
1666 2151 1891 2208 veritati

238 2245 488 2299 libenter
517 2243 712 2299 locum
743 2245 1008 2310 daturos,
1040 2243 1318 2316 litemque
1348 2260 1483 2298 mox
1531 2258 1763 2298 omnem
1801 2257 1889 2296 se-

239 2333 532 2404 pulturus.
563 2333 985 2389 Verumtamen
1015 2335 1197 2389 donec
1228 2333 1299 2388 ab
1332 2333 1404 2388 iis
1433 2332 1679 2387 certiora
1727 2331 1890 2386 inve-

239 2422 501 2487 niantur,
534 2425 736 2476 noster
776 2426 1013 2477 maneat
1059 2423 1345 2493 tantisper
1391 2422 1783 2485 Hermannus,
1834 2423 1893 2474 et

237 2527 370 2565 cum
402 2525 716 2581 speremus
748 2510 870 2566 fore
901 2516 964 2566 ut
991 2512 1084 2566 vix
1115 2512 1364 2567 certiora
1409 2510 1729 2575 inveniant,
1782 2525 1891 2564 no-

235 2599 468 2656 biscum
500 2598 682 2654 etiam
707 2600 1073 2671 perennabit.

882 2688 1258 2744 APPENDIX.

299 2777 436 2832 Jam
471 2793 508 2830 a
535 2791 631 2832 me
661 2777 864 2832 isthazc
894 2781 1268 2834 controversa
1296 2778 1366 2832 de
1398 2775 1714 2833 Hermanni
1758 2792 1888 2847 pro-

237 2867 496 2922 fossione
523 2865 878 2921 concertatio
910 2867 1076 2920 ﬁnita
1105 2871 1313 2933 erat,et
1333 2865 1546 2937 saepius
1571 2868 1890 2920 memorato

237 2956 300 3011 R.
336 2957 402 3011 Ρ.
440 2954 691 3011 Mezlero
723 2955 1130 3012 San-Gallensi
1163 2956 1535 3023 transmissa,
1577 2955 1716 3020 ut,si
1749 2954 1887 3026 quid

241 3045 438 3100 minus
461 3045 521 3098 in
545 3044 928 3100 eavideretur
946 3044 1182 3098 ﬁrmum
1205 3048 1260 3099 et
1283 3043 1888 3110 solidum,annotaret,

237 3151 302 3190 ae
355 3133 696 3199 contrariis,
757 3133 806 3188 si
863 3133 1195 3189 robustiora
1238 3133 1494 3201 haberet,
1528 3131 1890 3204 argumentis

2006 554 2162 610 sium
2192 554 2366 622 edito,
2399 558 2455 612 et
2483 571 2642 610 nunc
2672 555 2845 610 etiam
2873 554 3096 611 tom.IX
3127 551 3646 610 Biblioth.Patrum

2006 643 2225 699 inserto
2257 644 2562 701 manifeste
2594 648 2854 718 apparet,
2888 650 3060 718 prout
3090 643 3239 716 aequi
3271 646 3330 699 et
3357 642 3648 715 sapientes

2003 749 2198 788 rerum
2230 751 2779 805 censores,quorum
2807 734 3046 790 arbitrio
3056 733 3351 804 judicium
3378 735 3646 790 nostrum

1999 820 2248 879 libenter
2279 823 2652 892 subjicimus,
2685 825 2971 892 dispicere
2993 826 3259 898 possunt.
3279 824 3496 880 Verum
3519 821 3650 894 qui-

2002 912 2131 966 dem
2165 915 2252 967 est
2273 912 2534 968 ordinem
2560 913 2618 968 in
2642 913 2954 986 antiquiori
2974 913 3073 970 illo
3095 912 3377 969 Chronico
3399 913 3472 968 ab
3494 927 3648 967 anno

2002 1001 2141 1056 1040
2173 1002 2245 1056 ad
2277 1002 2453 1057 finem
2485 1019 2672 1074 usque
2703 1002 2873 1075 longe
2913 1003 3098 1059 videri
3147 1003 3468 1068 diversum,
3517 1003 3646 1057 tum

2002 1091 2156 1162 quod
2190 1089 2373 1146 multo
2396 1091 2582 1146 fusior
2597 1095 2653 1146 et
2675 1091 2904 1165 longior
2922 1092 3018 1148 hic
3035 1092 3264 1158 sit,tum
3287 1091 3462 1147 etiam
3487 1091 3646 1162 quod

2002 1177 2062 1233 in
2095 1179 2571 1234 antecedentibus
2603 1177 2864 1250 singulos
2894 1179 3069 1234 etiam
3111 1195 3296 1234 annos
3344 1175 3647 1248 regiminis

2002 1267 2395 1323 Romanorum
2428 1269 2846 1339 imperatorum
2879 1267 3339 1339 apposuerit,qui
3364 1267 3424 1321 in
3445 1269 3646 1338 poste-

2002 1357 2140 1412 riori
2173 1361 2334 1429 parte
2365 1356 2569 1412 omissi
2600 1360 2758 1424 sunt,
2793 1356 3004 1412 Christi
3056 1357 3226 1412 annis
3273 1354 3646 1410 solummodo

2003 1446 2314 1501 notatis.At
2343 1462 2541 1501 revera
2570 1446 2895 1502 Chronicon
2928 1461 3140 1501 novum
3161 1447 3218 1500 et
3238 1440 3468 1498 auctius
3489 1441 3646 1498 nunc
3682 1449 3684 1454 ’

2001 1535 2519 1608 evulgatum,quod
2546 1553 2646 1606 pro
2665 1535 2920 1607 genuino
2949 1539 3008 1590 et
3037 1533 3298 1611 legitimo
3329 1531 3649 1587 Hermanni

2003 1623 2121 1679 fetu
2170 1623 2505 1680 habendum
2549 1629 2666 1692 est,
2729 1625 2947 1696 ubique
3003 1621 3202 1679 simile
3238 1636 3480 1692 prorsus
3537 1623 3647 1676 est.

2002 1717 2187 1769 Causa
2215 1731 2346 1770 vero
2379 1730 2560 1785 quare
2589 1713 2648 1768 in
2682 1713 2985 1785 posteriori
3019 1716 3181 1784 parte
3229 1709 3505 1782 prolixior
3548 1709 3646 1775 sit,

2003 1802 2128 1857 sine
2159 1802 2334 1857 dubio
2363 1801 2464 1858 illa
2495 1803 2763 1874 est,quod
2794 1819 2861 1857 ea
2882 1818 3007 1872 quae
3039 1799 3359 1856 recentiora
3391 1797 3649 1864 fuerunt,

2001 1895 2060 1946 et
2088 1895 2254 1947 aetate
2283 1909 2392 1947 sua
2421 1895 2754 1958 evenerunt,
2791 1889 3134 1961 explicatius
3170 1893 3227 1944 et
3272 1886 3480 1956 majori
3511 1902 3653 1941 cura

2003 1981 2114 2036 sibi
2148 1981 2378 2036 duxerit
2408 1980 2736 2046 scribenda,
2770 1995 2948 2050 quam
2971 1995 3038 2033 ea
3058 1994 3183 2049 quae
3201 1977 3274 2032 ab
3297 1977 3433 2032 orbe
3455 1977 3649 2030 creato

2003 2071 2076 2125 ad
2105 2087 2212 2125 sua
2242 2086 2430 2140 usque
2459 2075 2724 2141 tempora
2740 2067 3280 2140 contigere.quae,ut
3299 2080 3448 2136 opus
3470 2077 3649 2118 suum

2001 2159 2474 2230 ehronologioum
2499 2158 2656 2214 omni
2679 2173 2749 2213 ex
2769 2160 2932 2228 parte
2963 2148 3284 2228 perfectum
3317 2154 3646 2225 appareret,

2000 2248 2582 2321 compendiosissime
2612 2246 2804 2318 potius
2836 2245 3118 2316 attingere
3148 2259 3324 2314 quam
3362 2239 3647 2313 exponere

2002 2337 2409 2409 studuit,quod
2444 2336 2721 2392 nimirum
2753 2335 2928 2392 sciret
2958 2334 3030 2390 ab
3063 2333 3194 2388 aliis
3215 2329 3664 2402 antiquioribus

2001 2427 2108 2483 hoc
2138 2427 2378 2482 uberius
2410 2426 2760 2498 prastitum,
2790 2422 2936 2479 illud
2965 2439 3099 2478 vero
3130 2413 3495 2477 minime.Ad
3525 2418 3650 2476 haec
3675 2421 3680 2426 ’

2002 2533 2116 2571 non
2166 2531 2407 2588 possum
2439 2532 2553 2570 non
2588 2513 2788 2569 mirari
2835 2503 2950 2568 cur
2984 2511 3375 2577 Hermannus,
3425 2508 3525 2581 qui
3574 2499 3667 2565 ad.

2000 2623 2188 2678 usque
2219 2623 2326 2660 sua
2356 2609 2617 2676 tempora
2639 2602 2936 2660 succincte
2967 2601 3227 2674 quidem,
3255 2599 3359 2656 sed
3379 2599 3649 2655 accurate

2000 2693 2304 2750 historiam
2335 2709 2502 2748 suam
2535 2692 3056 2764 perduxit,ea,quae
3087 2706 3193 2745 suo
3225 2703 3340 2742 aevo
3361 2684 3645 2754 accidere,

2001 2782 2444 2855 praetermisisse
2475 2781 2722 2837 dicatur.
2758 2781 2897 2846 Quis
2937 2779 3092 2836 enim
3140 2776 3250 2833 sibi
3299 2777 3650 2848 persuadeat

1999 2873 2296 2929 hominem
2320 2871 2538 2928 laboris
2565 2871 2846 2942 cupidum
2859 2873 2915 2925 et
2925 2867 3181 2924 historiae
3197 2868 3493 2921 amantem
3507 2855 3647 2920 totis

2001 2963 2067 3016 14
2096 2961 2286 3027 annis,
2320 2960 2535 3032 quibus
2566 2961 2640 3014 ab
2671 2976 2822 3015 anno
2854 2957 3067 3013 Christi
3105 2955 3247 3012 4040
3287 2955 3441 3009 inter
3485 2947 3648 3009 vives

2000 3050 2191 3105 adhuc
2223 3050 2351 3116 fuit,
2380 3067 2412 3105 a
2443 3049 2750 3105 scribendo
2781 3063 3046 3104 cessasse
3071 3050 3128 3100 et
3157 3045 3404 3122 otiatum
3427 3041 3650 3098 fuisse?

1999 3143 2074 3193 At
2101 3154 2254 3204 vero,
2287 3143 2352 3193 ut
2380 3139 2745 3207 conjecturas
2775 3135 2920 3191 alias
2949 3135 3199 3190 intactas
3217 3131 3644 3200 relinquamus,

238 3223 628 3280 refelleret.At
657 3197 804 3278 nihil
836 3223 1162 3295 ille,praeter
1190 3197 1493 3294 antiquam
1527 3197 1687 3278 illam
1719 3236 1888 3277 suam
1919 3197 1962 3264 Ο
2001 3226 2157 3282 aliud
2189 3197 2577 3297 inseparabile
2605 3221 2934 3294 argumenti
2965 3221 3145 3276 robur
3173 3234 3234 3274 se
3265 3197 3435 3272 nobis
3454 3211 3642 3283 offert,

239 3314 407 3390 toties
440 3313 753 3390 repetitam
786 3312 1349 3390 crambemrecoxit,
1402 3328 1668 3367 asserens
1714 3312 1889 3366 verba

241 3387 336 3456 illa
369 3387 890 3472 Chro_nici,quibus
915 3387 1092 3472 supra
1113 3400 1302 3456 fusius
1321 3399 1520 3456 relatis
1547 3401 1888 3472 probavera-

241 3509 371 3547 mus
403 3492 811 3546 Hermannum
841 3490 1194 3562 Augiensem
1221 3507 1371 3564 esse,
1403 3506 1516 3545 non
1548 3506 1676 3546 esse
1708 3491 1887 3546 fetum

241 3577 585 3644 Hermanni,
647 3577 991 3650 addiditque
1049 3583 1230 3633 totam
1279 3577 1564 3650 reliquam
1617 3578 1889 3634 Chronici

241 3674 466 3741 partem
500 3685 630 3738 quae
648 3671 739 3722 est
765 3668 838 3721 ab
867 3683 1019 3722 anno
1052 3668 1190 3721 1040
1216 3683 1344 3723 esse
1367 3667 1892 3738 supposititiam,et

241 3757 489 3813 auctarii
520 3755 647 3811 loco
679 3755 752 3810 ab
789 3755 986 3826 aliquo
1017 3754 1129 3810 alio
1183 3757 1646 3827 superadjeetam
1675 3775 1688 3822 ;
1734 3759 1888 3828 quod

241 3846 546 3903 evidenter
566 3849 735 3913 ratus
758 3844 1001 3899 estinde
1023 3861 1084 3900 se
1106 3845 1544 3901 demonstrasse
1565 3847 1716 3916 quod
1741 3847 1893 3902 vide-

242 3937 375 3991 licet
425 3935 494 3988 in
537 3931 855 4004 antiquiori
905 3933 1188 3988 Chronico
1238 3949 1397 3989 mors
1435 3938 1493 3988 et
1519 3933 1722 3990 laudes
1753 3935 1892 3990 Her-

241 4024 443 4080 manni
478 4024 551 4078 ad
583 4038 806 4077 annum
837 4021 1047 4078 Christi
1082 4023 1213 4077 1054
1259 4022 1563 4093 descripta
1597 4023 1892 4080 invenian-

239 4121 351 4186 tur.
387 4119 511 4186 Hoc
541 4117 738 4168 autem
769 4115 922 4168 certe
953 4111 1349 4167 Hermannum
1381 4117 1656 4184 praestare
1677 4130 1896 4186 nequa-

242 4220 421 4276 quam
459 4201 745 4273 potuisse,
779 4201 880 4256 sed
909 4191 1213 4257 necessum
1245 4217 1372 4256 esse
1403 4202 1474 4256 ab
1498 4201 1611 4256 alio
1643 4203 1894 4272 factum;

1997 3315 2182 3385 quoad
2200 3313 2587 3370 versariorum
2608 3312 2759 3368 male
2780 3310 2987 3367 fultam
3010 3307 3344 3380 opinionem
3366 3303 3644 3364 facillimo

1997 3403 2230 3474 negotio
2260 3404 2639 3466 subruamus,
2673 3401 2826 3472 quod
2858 3399 3028 3454 credo
3057 3396 3191 3452 illos
3232 3393 3644 3451 dissimulasse

1997 3491 2192 3563 potius
2224 3508 2402 3562 quam
2433 3508 2546 3546 non
2579 3488 3068 3544 advertisse.Tam
3090 3483 3244 3540 enim
3268 3482 3644 3556 perspicuum

1998 3584 2181 3646 est,ut
2210 3579 2383 3634 etiam
2417 3597 2448 3634 a
2483 3577 2690 3632 modici
2723 3577 2784 3631 in
2809 3574 3054 3631 historia
3072 3576 3297 3629 versato
3322 3589 3440 3627 non
3462 3571 3650 3643 possit

2000 3685 2115 3723 non
2148 3667 2524 3739 deprehendi.
2559 3667 2628 3721 Et
2664 3667 2985 3737 quodnam,
3017 3662 3270 3733 inquies,
3303 3660 3498 3718 illud?
3527 3661 3646 3716 Hoc

2001 3760 2150 3812 certe
2181 3757 2335 3827 quod
2367 3754 2425 3810 in
2457 3755 2579 3822 illa,
2624 3771 2802 3826 quam
2852 3755 3068 3824 negant
3114 3749 3432 3806 Hermanni
3469 3748 3646 3803 telam

2000 3861 2150 3909 esse,
2201 3843 2468 3899 Chronici
2525 3842 2845 3914 posteriore
2887 3843 3050 3911 parte
3079 3838 3151 3893 ad
3182 3852 3404 3891 annum
3436 3833 3652 3892 Christi

2005 3935 2143 3990 1052
2176 3950 2334 3990 mors
2364 3930 2648 3986 lliltrudis
2684 3928 3018 3991 comitissaa,
3052 3924 3369 3981 Hermanni
3419 3922 3648 4001 matris,

2002 4022 2220 4076 talibus
2249 4019 2440 4075 verbis
2461 4017 2827 4074 describatur
2848 4014 3122 4087 qualibus
3137 4029 3309 4068 nemo
3331 4010 3481 4068 alius
3507 4027 3653 4084 prae-

2005 4115 2092 4165 ter
2121 4114 2540 4172 ﬂormannum,
2575 4109 2774 4178 utpote
2803 4105 2931 4176 ejus
2961 4102 3171 4170 filium,
3211 4101 3296 4157 uti
3337 4101 3546 4173 potuit.
3577 4100 3661 4158 Ex

2007 4198 2222 4270 quibus
2255 4197 2497 4269 proinde
2527 4195 2922 4251 clarissimum
2956 4193 3055 4248 fiat
3083 4207 3211 4247 eam
3231 4188 3501 4246 Chronici
3524 4205 3656 4260 par-

244 4294 311 4356 de
342 4308 465 4366 quo
499 4281 618 4362 ego.
639 4289 810 4361 plane
831 4306 946 4344 non
971 4289 1696 4363 ambigo,etlibenteripse
1719 4292 1902 4348 fateor
2009 4295 2124 4344 tem
2158 4287 2378 4342 nemini
2413 4286 2526 4341 nisi
2576 4286 2907 4340 Hermanno
2958 4299 3129 4354 posse
3177 4279 3411 4336 ascribi.
3469 4278 3663 4335 Verba

249 4387 504 4436 mortem
538 4378 668 4450 ejus
698 4379 769 4433 ab
801 4376 916 4443 alio
948 4394 1076 4434 esse
1105 4378 1479 4450 descriptam,
1521 4379 1673 4434 sicut
1702 4386 1760 4436 et
1789 4381 1903 4437 alia
2010 4382 2206 4441 autem
2239 4379 2378 4430 sunt
2424 4373 2574 4428 ista:
2627 4373 2822 4427 Eodem
2865 4379 3100 4440 tempore
3145 4386 3180 4422 v
3237 4368 3357 4423 Idus
3403 4368 3665 4424 Januarii

251 4488 375 4541 qua:
392 4459 531 4537 eius
545 4466 774 4521 obitum
794 4470 993 4522 secuta
1014 4467 1242 4520 sunt.Al
1269 4465 1592 4538 intelligere
1613 4458 1718 4540 ego
1743 4470 1904 4526 nulla
2011 4474 2189 4520 mater
2217 4481 2338 4520 mea
2371 4463 2659 4526 Hz'ttrudis,
2704 4459 2998 4530 libi/eradi
3029 4459 3244 4513 comitis
3293 4471 3435 4511 uxor
3482 4456 3667 4512 admo-

251 4559 480 4614 ratione
529 4572 774 4626 possum
830 4571 935 4610 cur
981 4554 1178 4610 statim
1231 4554 1406 4610 etiam
1460 4572 1527 4610 ea
1557 4558 1754 4613 omnia
1785 4576 1909 4629 quin
1942 4564 1987 4628 Ι)
2018 4543 2148 4632 dum
2173 4556 2289 4625 pia,
2317 4553 2459 4607 diem
2490 4553 2748 4605 ultimum
2776 4550 2995 4616 clausit,
3028 4552 3136 4602 etc.
3165 4564 3177 4614 ;
3211 4545 3301 4600 cui
3336 4553 3396 4600 ut
3421 4560 3522 4616 pro
3552 4545 3666 4614 epi-

257 4652 509 4703 mortem
541 4645 673 4714 ejus
697 4643 1134 4715 pracedunt,ab
1158 4659 1310 4698 anno
1330 4643 1550 4699 scilicet
1569 4645 1708 4706 401ιο
1732 4665 1919 4720 usque

257 4737 320 4791 ad
352 4749 590 4790 annum
629 4733 788 4801 1054,
820 4732 878 4786 in
913 4747 1089 4804 quem
1131 4731 1325 4786 obitus
1355 4733 1483 4803 ejus
1515 4734 1738 4806 incidit,
1770 4741 1918 4791 Her-

263 4839 479 4879 manno
503 4819 904 4894 adjudicanda
959 4819 1097 4875 sint.
1147 4820 1436 4891 Equidem
1488 4823 1758 4894 suspicor
1803 4843 1918 4881 non

266 4913 434 4969 aliam
471 4911 547 4966 ob
581 4924 823 4965 causam
853 4909 965 4964 hoc
994 4908 1384 4981 excogitatum
1427 4927 1604 4982 quam
1654 4916 1718 4967 ut
1746 4915 1922 4970 verba

264 5001 356 5056 illa
386 5017 545 5056 anno
578 4997 794 5054 Christi
831 4999 971 5054 1048
1001 4997 1210 5069 posita,
1256 4999 1469 5069 quibus
1520 4999 1919 5057 Hermannum

264 5091 617 5160 Augiensem
651 5087 837 5142 fuisse
871 5092 1069 5158 aperte
1121 5086 1581 5155 conviceramus,
1615 5089 1817 5161 spuria
1865 5095 1922 5145 et

267 5180 484 5234 incerta
515 5165 1094 5232 redderentur.Unde
1119 5175 1166 5230 si
1198 5175 1342 5230 nihil
1377 5175 1533 5232 aliud
1566 5183 1918 5249 superesset,

269 5273 461 5322 totum
493 5265 794 5322 sententiae
828 5269 1038 5320 nostrae
1059 5265 1503 5321 fundamentum
1528 5271 1803 5333 rueret,et
1822 5284 1924 5338 per

273 5371 640 5426 consequens
662 5353 1180 5410 San-Gallensium
1203 5354 1398 5426 opinio
1422 5355 1921 5412 fortiorevaderet.

274 5443 328 5499 Si
354 5444 520 5499 dicas
571 5441 971 5498 diversitatem
1022 5441 1156 5513 styli
1209 5446 1264 5497 et
1313 5442 1572 5498 methodi
1629 5444 1925 5500 diversum

272 5533 442 5590 etiam
479 5535 781 5588 auctorem
815 5529 998 5603 loqui,
1031 5531 1221 5586 dicam
1255 5547 1360 5604 ego
1381 5529 1599 5603 stylum
1623 5537 1679 5588 et
1698 5533 1928 5589 metho-

277 5623 415 5679 dum
448 5622 747 5693 eamdem,
779 5621 1056 5678 eumdem
1087 5626 1385 5677 auctorem
1445 5620 1720 5690 clamare,
1772 5623 1931 5694 quod

2030 4644 2216 4716 taphio
2247 4644 2340 4698 hos
2369 4641 2604 4697 scribere
2635 4655 2815 4694 versus
2849 4637 3050 4691 libuit:

2090 4777 2256 4826 Mater
2285 4786 2594 4838 egenorum,
2627 4785 2749 4835 spes
2778 4768 3143 4831 auxiliumque
3172 4778 3412 4826 suorum,
3444 4765 3544 4815 etc.

2028 4910 2414 5055 Hicatelzlzfntur
2439 5012 2573 5068 ergo
2598 5008 2835 5049 necesse
2855 4995 2945 5048 est
2976 4991 3132 5048 istud
3151 4989 3520 5063 epitaphium
3543 4990 3678 5046 Her-

2021 5087 2229 5143 .manni
2281 5102 2407 5142 esse
2457 5085 2658 5149 fetum,
2710 5081 2860 5136 sicut
2891 5084 2947 5135 et
2977 5080 3132 5136 dicta
3159 5079 3337 5135 verba
3365 5078 3437 5134 ad
3467 5077 3679 5134 Christi

2030 5193 2252 5234 annum
2288 5176 2425 5230 1052
2456 5174 2526 5228 de
2557 5171 2842 5227 Hiltrudis
2873 5170 3033 5225 obitu
3067 5168 3242 5224 dicta.
3277 5168 3394 5224 Hoc
3427 5183 3560 5222 cum
3599 5165 3684 5220 ita

2049 5283 2110 5322 se
2141 5265 2355 5320 habere
2391 5260 2554 5318 fateri
2579 5257 2896 5316 adversarii
2933 5257 3115 5313 velint
3149 5255 3332 5312 nolint
3381 5257 3685 5326 cogantur,

2035 5356 2168 5426 quis
2199 5371 2312 5408 non
2342 5352 2500 5406 videt
2527 5350 2744 5422 optime
2776 5346 2942 5419 sequi
2965 5347 3142 5402 verba
3161 5359 3391 5417 quoque
3412 5340 3685 5413 superius

2036 5443 2249 5515 saepius
2262 5438 2792 5510 inculcata,quibus
2807 5436 2970 5491 illum
2987 5430 3686 5506 Augiensemfeceramus,

2039 5532 2369 5588 Hermanno
2401 5545 2528 5585 esse
2559 5525 2950 5591 attribuenda,
2983 5539 3117 5578 cum
3173 5537 3242 5576 ea
3271 5536 3397 5592 quae
3429 5535 3688 5591 sequun-

2043 5626 2157 5693 tur,
2185 5635 2430 5692 quzeque
2480 5617 2850 5682 antecedunt,
2883 5613 3104 5684 absque
3134 5610 3255 5670 ulla
3295 5607 3688 5670 controversia
