4124 6188
274 482 346 547 2|
1671 478 2286 547 PROLOGOMENA.
2990 562 2995 563 ί
3599 477 3677 541 22

278 614 585 677 editionem
605 610 1327 675 secutisuntBibliotbecae
1344 621 1916 686 Patrumcuratores,
1949 617 1999 683 Α
2033 615 2212 673 disse.
2247 614 2634 674 Trithemius:
2671 618 2876 691 praeter
2898 612 3183 690 scriptum
3232 615 3307 674 De
3359 616 3572 675 musica
3621 619 3678 672 et

277 708 632 768 Coloniensis
656 712 804 764 tom.
837 709 931 774 XI,
965 712 1021 763 et
1056 707 1466 780 Lugdunensis
1522 712 1662 763 tom.
1718 707 1919 767 XVIII.

273 797 470 854 Daniel
500 813 736 869 quoque
748 796 1048 852 Nesselius
1068 796 1344 869 promisit
1364 813 1433 852 ex
1451 797 1706 852 Caesareo
1726 796 1923 853 codice

271 886 778 944 continuationem
809 886 991 957 hujus
1022 886 1291 942 Chronici
1329 904 1516 958 usque
1575 887 1646 942 ad
1699 903 1921 942 annum

270 976 429 1033 1347.
462 974 976 1032 Continuationem
1008 976 1079 1031 ab
1108 992 1261 1031 anno
1298 976 1435 1029 1279
1463 976 1537 1031 ad
1596 977 1734 1031 1310
1789 976 1922 1030 Wi-

267 1065 445 1121 cardo
475 1065 547 1120 de
578 1063 864 1133 Polheim,
889 1064 1327 1138 archiepiscopo
1359 1065 1794 1138 Saltzburgensi
1817 1066 1920 1121 tri-

264 1153 391 1221 bui,
428 1153 776 1210 Lambecius
790 1157 935 1209 tom.
969 1155 1041 1223 II,
1059 1156 1185 1227 p.3,
1203 1153 1521 1220 adnotavit,
1542 1155 1642 1226 qui
1666 1159 1723 1210 et
1744 1156 1922 1211 conti-

263 1243 571 1299 nuationis
602 1259 790 1314 usque
820 1243 894 1298 ad
927 1260 1146 1298 annum
1181 1244 1314 1298 1347
1348 1242 1620 1299 meminit
1650 1260 1783 1317 pag.
1824 1246 1915 1299 70.

261 1334 486 1390 Caetera
513 1332 837 1388 Hermanni
875 1331 1093 1404 scripta
1119 1331 1274 1404 apud
1306 1334 1679 1405 Anonymum
1728 1332 1918 1388 Melli-

258 1437 503 1478 censem
533 1438 662 1494 cap.
692 1422 757 1476 9i
796 1424 1200 1477 memorantur
1228 1420 1379 1477 haec:

330 1511 386 1566 l.
422 1510 583 1566 Gesta
608 1511 895 1567 Chunradi
922 1515 974 1567 et
997 1512 1237 1567 Henrici.

328 1603 387 1655 2.
420 1600 677 1657 Carnem
707 1606 790 1657 De
816 1601 1077 1670 conﬂictu
1097 1602 1212 1657 ovis
1236 1603 1288 1656 et
1314 1602 1442 1667 lini,
1471 1588 1697 1656 etaliud
1718 1600 1776 1655 in
1801 1617 1918 1655 mo-

266 1689 410 1744 dum
445 1690 725 1746 Theoduli.
757 1689 936 1744 Aliud
969 1689 1107 1745 item
1138 1691 1212 1745 De
1231 1693 1541 1761 contemptu
1570 1690 1783 1744 mundi.
1837 1690 1920 1745 Ex

258 1778 529 1834 carmine
558 1780 637 1833 De
668 1778 961 1834 virtutibus
990 1777 1119 1833 vide
1149 1777 1390 1833 Eccardi
1410 1782 1552 1834 tom.
1578 1778 1627 1833 ΙΙ
1645 1777 1917 1851 Corporis

258 1867 442 1923 medii
466 1866 595 1933 aevi,
629 1883 758 1939 pag.
791 1868 848 1921 6.

327 1958 387 2011 3.
422 1955 599 2011 Liber
624 1956 1112 2028 Dcprincipalibus
1141 1957 1384 2027 computi
1402 1957 1629 2025 regulis.

330 2044 443 2101 His
470 2062 507 2100 a
533 2043 857 2100 Trithemio
890 2044 1219 2101 adduntur:
1254 2046 1306 2100 4.
1344 2045 1484 2102 Vita?
1506 2046 1760 2117 plurium
1778 2063 1912 2121 san~

252 2138 498 2190 dorum.
1028 2194 1035 2198 .

325 2224 384 2278 5.
418 2224 497 2279 De
524 2224 977 2296 Physiognomia.

327 2296 384 2349 6.
416 2293 908 2367 Decompositione
939 2293 1059 2351 sive
1111 2310 1376 2350 mensura
1433 2296 1719 2351 astrolabii
1749 2301 1806 2351 et
1852 2296 1915 2351 de

256 2385 381 2455 ejus
410 2385 815 2456 utilitate,quze
836 2385 953 2439 duo
981 2383 1196 2456 scripta
1216 2384 1444 2457 primus
1467 2384 1650 2440 edidit
1670 2387 1913 2441 Bernar-

255 2474 372 2528 dus
403 2473 515 2528 Pez
543 2478 689 2528 tom.
724 2472 798 2528 III
831 2472 1114 2528 Thesauri
1144 2474 1596 2541 Anecdotorum,
1656 2478 1817 2546 parte
1848 2492 1913 2542 ιι,

256 2577 394 2633 pag.
428 2561 507 2615 95
533 2565 592 2615 et
628 2561 746 2615 106.
779 2559 897 2615 Hos
927 2563 1167 2632 propter
1196 2560 1375 2616 libros
1406 2562 1772 2617 Hermannus
1822 2560 1911 2617 in-

254 2656 464 2704 ventor
476 2648 779 2704 astrolabii
798 2648 1036 2705 habitus
1051 2648 1503 2705 fuitaGuilelmo
1526 2650 1815 2715 Durando,
1837 2668 1911 2720 ιν,

258 2740 349 2803 22,
362 2737 642 2810 aliisque.
660 2737 805 2793 Vide
820 2736 1040 2794 laudati
1067 2738 1212 2793 Pezii
1232 2738 1668 2811 prolegomene,
1687 2755 1817 2812 pag.
1834 2757 1909 2794 1x.

262 2827 367 2881 Sed
401 2830 615 2881 notum
644 2830 736 2881 est
759 2830 893 2882 ante
923 2826 1494 2900 Ptolemaeitempora
1527 2845 1698 2884 usum
1728 2833 1913 2884 astro-

267 2913 399 2969 labii
422 2916 556 2985 jam
589 2915 1024 2986 frequentatum
1060 2915 1258 2970 fuisse.

329 3005 384 3059 7.
414 3006 495 3060 De
522 3004 842 3076 eclipsibus.

332 3094 387 3148 8.
423 3094 504 3147 De
532 3093 879 3164 quadratum
908 3093 1129 3148 circuli.

331 3182 385 3236 9.
421 3187 506 3237 De
531 3184 795 3251 conﬂictu
826 3183 1302 3253 rhtymomachiac.

335 3271 421 3325 10.
460 3271 774 3339 Honorius,
807 3288 885 3341 ιν,
919 3271 1009 3341 l2,
1052 3270 1256 3327 scribit
1308 3271 1653 3328 dulcisonum
1690 3281 1915 3328 cantum

2034 705 2192 762 aliud
2223 707 2297 763 De
2323 707 2685 764 monochordo
2715 707 2798 765 ait
2833 708 2985 764 dulci
3035 713 3089 764 et
3146 707 3402 779 regulare
3441 706 3678 764 melodia

2032 811 2156 851 eum
2183 799 2375 851 cantus
2403 800 2455 852 et
2480 813 2670 868 prosus
2687 798 3085 868 pulcherrimas
3103 800 3483 871 composuisse.
3508 798 3676 867 Equi-

2035 882 2131 939 bus
2160 887 2239 939 est
2260 884 2360 939 illa
2384 884 2451 939 de
2482 884 2639 940 beata
2676 887 2892 957 Virgine
2929 887 3265 954 dulcissima,
3324 886 3510 954 Salve,
3565 886 3677 942 Re-

2030 972 2168 1045 gina
2197 972 2274 1045 (2)
2305 977 2355 1027 et
2385 973 2553 1028 Alma
2584 974 2986 1046 Redemptoris
3004 976 3205 1045 Mater,
3228 979 3279 1031 et
3301 978 3515 1033 caetera
3534 992 3676 1048 qua—

2029 1076 2156 1115 rum
2183 1063 2427 1132 copiosus
2456 1066 2533 1116 est
2560 1078 2840 1136 numerus.
2876 1064 3192 1135 Sequentia
3213 1081 3466 1136 quoque,
3521 1066 3673 1136 Veni,

2027 1153 2217 1205 sancte
2245 1150 2485 1221 Spiritus
2512 1154 2566 1205 et
2593 1134 2777 1207 emitte
2804 1134 3015 1208 caelitus
3045 1154 3181 1208 lucis
3211 1134 3324 1210 tuae
3351 1134 3571 1209 radium
3598 1134 3671 1209 ad

2028 1238 2200 1294 Herm
2211 1256 2432 1294 annum
2449 1241 2746 1295 auctorem
2768 1241 3033 1296 refertur.
3050 1241 3193 1318 Vide
3216 1228 3670 1314 Joannem-Ego-

2031 1343 2163 1383 nem
2190 1329 2260 1383 de
2288 1327 2792 1384 Virisillustribus
2811 1329 3006 1401 Augiaa
3028 1328 3255 1394 Divitis,
3274 1346 3401 1401 cap.
3419 1330 3508 1398 28,
3535 1346 3668 1403 pag.

2027 1416 2154 1482 689,
2188 1420 2330 1470 tom.
2366 1416 2387 1471 Ι
2419 1416 2849 1472 Anecdotorum
2874 1417 3198 1483 Bernhardi
3231 1418 3377 1474 Pezii
3399 1420 3669 1490 partem,

2028 1520 2162 1576 pag.
2194 1505 2285 1572 6R,
2319 1508 2374 1559 et
2404 1505 2786 1561 Possevinum
2815 1507 2875 1561 in
2919 1507 3236 1579 Apparatu.
3281 1507 3469 1585 Longe
3501 1505 3671 1579 plura

2027 1591 2327 1647 adduntur
2355 1596 2482 1648 tum
2506 1593 2576 1647 ab
2598 1594 2799 1650 eodem
2822 1595 3170 1666 Egone,tum
3194 1611 3227 1649 a
3246 1593 3469 1671 Joanne
3488 1594 3691 1671 Μαι-κ

2029 1680 2149 1737 lero
2167 1697 2295 1753 cap.
2312 1683 2377 1736 47
2400 1682 2480 1737 De
2500 1682 2979 1739 virisillustribus
2993 1670 3475 1756 Sangallensibus
3488 1670 3671 1738 tom.I

2030 1770 2294 1841 ejusdem
2314 1770 2460 1826 Pezii
2477 1775 2640 1843 parte
2666 1789 2748 1836 ιιι,
2770 1773 3041 1845 pag.582,
3058 1774 3186 1841 Ave,
3199 1773 3476 1844 praeclara
3496 1773 3669 1827 maris

2028 1858 2217 1915 Stella.
2249 1859 2515 1915 Historia:
2537 1860 2655 1915 sive
2678 1860 2881 1916 Ofﬁcia
2898 1859 3376 1916 Annuntiationis
3395 1861 3453 1915 et
3471 1860 3529 1916 S.
3556 1860 3672 1915 Ma-

2025 1946 2121 2003 riae
2153 1947 2507 2020 Magdalenm
2540 1949 2999 2020 responsorium,
3032 1949 3223 2004 Simon
3278 1950 3540 2019 Barjona.
3600 1947 3669 2002 Et

2026 2036 2359 2108 sequentia:
2396 2039 2507 2093 Rex
2535 2039 2872 2109 omnipotens
2897 2039 2969 2093 de
2997 2035 3361 2093 Ascensione
3390 2034 3623 2092 Domini
3648 2051 3662 2089 :

2022 2128 2080 2180 et
2109 2125 2364 2181 Historia
2393 2127 2462 2181 de
2492 2125 2737 2198 angelis.
2772 2126 3052 2198 Denique,
3115 2124 3442 2181 Trithemio
3492 2127 3664 2191 teste,

2024 2215 2311 2270 transtulit
2337 2216 2606 2270 nonnulla
2638 2214 2951 2285 Graecorum
2976 2214 3425 2287 philosophorum
3444 2218 3495 2269 ct
3528 2213 3665 2269 Ara-

2025 2304 2153 2358 bum
2177 2305 2572 2375 astrologorum
2601 2305 2886 2361 volumina
2912 2307 2972 2361 in
3020 2305 3311 2373 Latinum;
3372 2319 3402 2359 e
3450 2302 3666 2374 quibus

2021 2391 2277 2449 Joannes
2308 2392 2607 2448 Metzlerus
2666 2394 2932 2450 nominat
2987 2394 3337 2451 rhetoricam
3361 2395 3418 2448 et
3460 2391 3663 2464 possin

2019 2480 2345 2537 Aristotelis
2375 2499 2443 2537 ex
2472 2482 2738 2539 Arabico.
2772 2483 3019 2557 Scripsit
3047 2482 3223 2539 etiam
3252 2483 3539 2556 hymnum
3561 2497 3663 2537 seu

2021 2571 2360 2643 rhythmum
2393 2570 2758 2644 applaudens
2788 2571 2985 2646 gloriae
3016 2573 3245 2629 Henrici
3269 2575 3317 2629 II
3348 2572 3662 2645 imperato-

2021 2659 2124 2723 ris,
2156 2677 2311 2729 cum,
2338 2660 2575 2717 Obbone
2605 2663 2768 2734 regni
2827 2661 3092 2736 Ungarize
3146 2662 3410 2717 invasere
3469 2658 3662 2731 pulso,

2020 2748 2255 2804 Petrum
2288 2748 2618 2822 legitimum
2650 2750 2971 2824 principem
2995 2749 3271 2808 restituit.
3298 2748 3507 2822 Incipit
3543 2747 3666 2803 haec

2021 2836 2343 2892 cantilena:
2376 2840 2482 2894 νοω
2502 2839 2619 2895 haec
2640 2840 2805 2895 melos
2822 2843 3051 2912 pangat.
3075 2839 3221 2895 Vide
3237 2837 3569 2895 Albericum
3603 2834 3664 2891 in

2021 2924 2301 2980 Chronico
2322 2925 2395 2980 ad
2426 2943 2516 2981 an.
2556 2928 2713 2981 1045.
2748 2926 3066 2983 Hermanni
3093 2927 3272 2998 hujus
3293 2924 3548 2998 elogium
3570 2923 3667 2981 hi-

2022 3013 2302 3068 storicum
2335 3015 2407 3068 ab
2438 3016 2564 3085 ejus
2596 3014 2870 3071 familiari
2896 3032 3049 3070 anno
3081 3017 3224 3071 forte
3250 3016 3385 3070 1054
3401 3013 3667 3069 conscri-

2023 3106 2188 3172 ptum
2223 3119 2253 3157 e
2284 3118 2394 3156 ms.
2438 3102 2632 3157 codice
2662 3104 3098 3158 Vindobonensi
3120 3104 3282 3158 dedit
3311 3100 3668 3157 Muratorius

2022 3189 2220 3260 Antiq.
2253 3194 2394 3245 tom.
2431 3190 2525 3255 III,
2558 3207 2690 3261 pag.
2724 3191 2849 3245 933.
2884 3192 2946 3245 In
2977 3206 3045 3246 eo
3075 3206 3231 3257 vero,
3258 3192 3468 3261 praeter
3490 3204 3667 3260 opera

2022 3277 2314 3333 Contracti
2338 3277 2430 3333 hic
2460 3278 2767 3343 recensita,
2800 3282 3294 3334 commemoratur
3322 3276 3555 3333 libellus
3596 3276 3669 3330 De

272 3360 703 3432 composuisse.
726 3359 1431 3431 AnonymusMellicensis
1456 3364 1764 3418 :inmusica
1780 3378 1916 3434 pene
1945 3358 1987 3424 C
2024 3374 2138 3422 octo
2167 3367 2324 3422 viciis
2360 3368 2691 3438 capitalibus
2711 3367 3044 3440 jocundulus
3074 3368 3305 3423 metrica
3349 3366 3669 3422 diversitate

188 3435 207 3449 ’
278 3450 552 3505 modernis
580 3450 836 3505 omnibus
854 3450 1212 3517 subtiliorem,
1233 3451 1537 3506 cantilenas
1553 3452 1828 3523 plurimas
1847 3452 1912 3507 de

267 3542 497 3608 musica,
529 3546 833 3610 cantusque
855 3538 921 3594 de
948 3541 1170 3610 sanctis,
1203 3540 1336 3595 satis
1365 3541 1733 3596 auctorabilcs
1790 3540 1912 3597 edi-

264 3691 335 3761 (2)
366 3690 534 3745 Hanc
593 3689 691 3745 alii
749 3690 949 3745 minus
1006 3689 1403 3746 verisimiliter
1458 3692 1744 3747 Ademaro
1810 3691 1915 3747 Po-

266 3761 763 3843 dicnsiepiscopo
776 3762 1129 3843 tribuerunt,
1164 3763 1318 3843 unde
1331 3763 1643 3843 Antipliona
1671 3764 1916 3843 deliquio

263 3833 416 3958 apud
447 3832 789 3888 Albericum
811 3832 871 3887 in
904 3832 1188 3915 Chronico
1216 3834 1292 3889 ad
1316 3852 1410 3915 an.
1434 3832 1595 3900 {130,
1617 3851 1749 3906 pag.
1770 3837 1878 3890 263
1902 3853 1915 3904 ;

266 3921 298 3960 a
320 3922 357 3959 ιι
390 3908 571 3959 Petro
594 3904 664 3960 dc
682 3904 1038 3960 MODSODOIO.
1058 3921 1331 3960 emscono
1344 3922 1497 3960 circa
1518 3923 1611 3960 an.
1635 3908 1740 3960 960
1757 3906 1915 3960 Com-

342 3905 357 3958 i
390 3908 571 3959 Petro
594 3904 664 3960 dc
682 3904 1038 3972 Monsoncio,
1058 3905 1331 3977 episcopo
1344 3906 1497 3961 circa
1518 3904 1740 3961 anf960
1757 3906 1932 3965 Com-.

2021 3455 2246 3510 liricum
2269 3457 2482 3527 poetice
2514 3454 2666 3528 (sic).

2067 3694 2833 3751 ostellano.VideNicolaum
2852 3693 3194 3760 Antonium,
3219 3690 3673 3758 v1,14,Biblioth.

2067 3714 2368 3751 osmeuano.
2386 3714 2833 3750 Vlaemcmaum
2852 3714 3194 3760 amomum,
3220 3714 3673 3758 γι,ιιι,υιυιιυιιι.

2025 3714 2154 3820 θεὲ.
2193 3768 2454 3837 llispan.,
2490 3784 2622 3836 pag.
2655 3769 2794 3833 570;
2829 3767 2886 3820 S.
2910 3762 3579 3837 BernardiOperaﬁom‘.
3597 3762 3674 3837 II,

2027 3838 2167 3894 edit.
2202 3831 2360 3894 novae
2379 3831 2805 3894 Mabillonianae
2827 3835 3153 3890 Paris.1819
3174 3831 3301 3902 foli,
3326 3833 3528 3904 p.738,
3545 3831 3672 3887 749.

579 4180 781 4307 AD
872 4147 1385 4313 VITAM
1480 4123 2337 4311 HERMANNI
2435 4180 3365 4315 CONTRACTI

1454 4381 1886 4454 PROLOGUS
1937 4384 2501 4455 USSERMANNI.

874 4528 1207 4600 (Germaniae
1235 4544 1408 4587 sacrae
1433 4530 1785 4599 Prodromus,
1814 4535 1956 4588 tom.
1991 4532 2036 4600 Ι,
2069 4533 2140 4589 ad
2172 4532 2389 4590 calcem
2421 4532 2688 4589 Chronici
2719 4531 3083 4599 Hermanni.)

340 4775 671 4851 Hermanni
692 4776 960 4832 Chronici
982 4776 1482 4833 continuationem
1504 4779 1923 4850 praefatinostri
1959 4786 2003 4849 Ι)
2036 4781 2436 4838 Hermannum
2457 4784 2701 4853 spectat,
2721 4779 3420 4836 bicdcsideretur.Edidit
3449 4779 3691 4851 quidem

279 4866 496 4921 codices
559 4864 949 4936 auspicantur
976 4865 1049 4920 ab
1104 4866 1370 4937 ejusdem
1417 4866 1573 4935 Vita,
1631 4869 1847 4940 scripta
1894 4886 1929 4923 θ.
2039 4871 2223 4937 illam,
2254 4889 2289 4926 a
2318 4874 2517 4926 nostra
2552 4887 2757 4942 parum
2789 4870 3101 4937 diversam,
3133 4874 3191 4925 et
3236 4886 3270 4924 a
3307 4868 3378 4924 cl.
3439 4868 3691 4927 Garellio

283 4952 609 5021 Bcrtboldo,
629 4954 760 5023 ejus
773 4953 1085 5026 discipulo,
1101 4958 1166 5010 ut
1180 4957 1698 5028 testaturAnonym
1709 4974 1777 5012 us
1797 4955 1933 5011 Mel-

281 5039 513 5098 licensis
544 5041 725 5113 (libro
758 5043 830 5098 De
859 5043 1036 5115 Scrip.
1064 5044 1216 5111 eccl.,
1251 5061 1301 5099 c.
1362 5046 1456 5115 92)
1519 5061 1584 5100 ac
1648 5044 1940 5100 Murensis

281 5131 475 5197 codex,
509 5130 619 5203 qui
655 5130 728 5185 ad
758 5130 976 5186 calcem
1036 5131 1305 5188 Chronici
1365 5132 1685 5190 Hermanni
1735 5137 1936 5189 notat:

282 5218 490 5273 Abhinc
513 5212 868 5285 Bertholdus,
898 5236 963 5274 ac
985 5235 1121 5274 mox
1143 5218 1333 5274 Vitam
1359 5220 1674 5277 Hermanni
1694 5221 1937 5277 orditur.

281 5306 354 5362 De
383 5324 504 5379 quo
528 5309 771 5379 quidem
805 5307 1119 5363 Bertholdo
1150 5308 1549 5381 diximusjam
1575 5309 1633 5365 in
1656 5310 1940 5366 disserta-

282 5396 435 5452 tione
470 5397 677 5470 operis
706 5398 940 5469 praevia.

347 5494 548 5551 Vitam
578 5495 762 5568 igitur
816 5494 970 5552 hanc
1030 5496 1457 5553 continuationi
1515 5513 1585 5552 ex
1647 5496 1947 5553 codicibus

283 5584 494 5640 nostris
518 5583 992 5654 praemittendam
1016 5585 1389 5654 censuimus,
1418 5589 1543 5641 tum
1572 5588 1633 5640 ut
1649 5585 1947 5642 Bertholdi

283 5669 454 5743 hujus
485 5671 731 5744 scripta,
766 5689 893 5744 qua:
923 5672 1165 5744 quidem
1192 5673 1559 5731 Mellicensis
1606 5675 1949 5745 Anonymus

290 5760 529 5830 indicat,
555 5760 788 5834 integra
808 5760 1157 5833 habeamus,
1184 5780 1318 5821 cum
1338 5764 1515 5821 etiam
1544 5769 1607 5820 ut
1628 5763 1772 5820 nihil
1795 5763 1948 5835 quod

2048 4962 2157 5017 sibi
2191 4978 2221 5017 e
2252 4961 2513 5017 Caesarea
2531 4959 2965 5015 Vindobonensi
2996 4957 3348 5014 bibliotheca
3368 4957 3692 5013 communi-

2049 5051 2554 5118 catam,Lud.Ant.
2576 5048 2933 5104 Muratorius
2955 5047 3244 5118 Antiquit.
3272 5046 3397 5103 Ital.
3422 5050 3564 5102 tom.
3592 5046 3689 5101 III.
3794 5034 3805 5047 ’

2050 5156 2107 5211 p.
2140 5139 2265 5207 933,
2300 5139 2411 5194 sub
2442 5138 2679 5194 nomine
2723 5138 2903 5210 Elogii
2944 5137 3263 5193 Hermanni
3293 5134 3573 5192 Contracti
3624 5133 3693 5186 ab

2051 5229 2167 5299 ejus
2195 5229 2473 5299 [amiliari
2499 5229 2811 5300 conscripti.
2846 5227 2957 5283 Sed
2992 5227 3049 5281 in
3074 5239 3392 5298 paucorum
3417 5220 3695 5277 manibus

2054 5322 2191 5373 sunt
2212 5317 2324 5373 ista
2344 5316 2664 5372 volumina.

2124 5406 2407 5478 Equidem
2430 5406 2622 5463 brevis
2643 5404 2818 5480 elogii
2848 5421 3060 5462 nomen
3083 5401 3277 5474 aptius
3299 5404 3558 5457 meretur
3577 5399 3699 5458 hmo

2054 5494 2203 5559 Vita.
2238 5495 2456 5569 quippe
2487 5514 2613 5569 quae
2658 5500 2868 5568 praeter
2921 5508 3138 5567 paucas
3191 5490 3514 5547 admodum
3570 5490 3701 5546 vitae

2056 5584 2320 5657 ejusdem
2361 5585 2856 5650 circumstantias,
2893 5584 3176 5637 virtutum
3224 5580 3354 5653 ejus
3413 5580 3700 5649 encomia,

2057 5688 2123 5728 ac
2153 5689 2397 5744 cperum
2429 5672 2585 5728 illius
2612 5672 2935 5728 indiculum
2968 5668 3115 5725 nihil
3150 5670 3265 5727 fere
3298 5669 3704 5744 complectitur

2058 5778 2261 5818 eorum
2292 5778 2422 5833 qua:
2461 5761 2707 5817 aliorum
2762 5760 2902 5815 Vitae
2955 5759 3270 5832 scriptores
3327 5757 3702 5833 pedicularis
