4124 6188
252 249 329 311 35
1027 240 1510 307 HERMANN-US
1552 242 2069 305 CONTRAC'I‘US
2113 236 2468 303 MONACH.
2513 238 2877 305 AUGIENS.

254 383 494 455 scripto,
518 378 810 452 judicium
837 379 982 433 ferre
1011 376 1165 433 haud
1198 375 1416 442 liceret,
1471 376 1583 431 nisi
1632 392 1699 431 ex
1742 375 1903 430 insti-
1931 380 1980 446 Α
2014 378 2269 446 sumpta.
2306 374 2378 430 Ut
2409 374 2589 447 igitur
2624 374 3023 431 Hermannum
3055 373 3376 430 breviorem
3409 389 3476 429 ex
3519 373 3658 430 Ber-

254 478 384 529 tuta
413 470 750 528 Urstisiante
780 466 1055 524 editionis
1094 465 1402 522 collatione
1449 482 1583 520 cum
1629 464 1762 530 alio,
1798 464 1896 535 qui

253 577 412 616 nunc
440 559 500 614 in
531 554 818 614 electorali
867 553 1217 609 bibliotheca
1260 552 1594 608 Monacensi
1632 566 1901 606 asserva-

253 652 371 715 tur,
403 643 579 718 priori
611 658 715 714 per
762 640 959 697 omnia
1005 641 1122 696 fere
1179 640 1357 695 simili
1411 639 1628 706 codice,
1654 637 1900 695 certiora

251 736 645 791 edoceremur.
678 730 843 786 Hunc
875 728 1155 785 describit
1176 728 1247 783 cl.
1280 727 1536 786 OEfolius
1564 728 1629 799 (t.
1658 726 1896 798 IScript.

250 823 424 887 Boic.,
439 838 496 894 p.
513 819 642 891 652)
665 818 923 874 codicem
941 833 1070 873 esse
1090 818 1605 873 membranaceum
1630 815 1689 870 in
1712 814 1900 872 forma

250 912 479 982 quarta,
497 909 598 979 qui
622 907 1131 979 praterﬂermanni
1155 905 1480 969 Chronicon,
1498 905 1899 960 continuatoris

247 1012 459 1070 quoque
478 994 1474 1067 ejusdemBerthotdiConstantiensis
1507 996 1625 1065 (qui
1644 996 1703 1049 in
1719 993 1898 1065 codice

248 1086 571 1142 Bernoldus
601 1084 840 1153 vocatur)
870 1083 1339 1138 continuationem
1365 1084 1433 1139 ab
1462 1099 1609 1138 anno
1658 1081 1795 1137 1053
1825 1082 1896 1137 ad

246 1191 455 1230 annum
482 1188 651 1245 usque
690 1173 820 1226 1100
848 1172 1241 1242 complectitur.
1266 1173 1358 1227 Est
1382 1174 1566 1225 autem
1586 1171 1683 1225 ille
1711 1177 1895 1225 aucto-

246 1264 398 1319 ribus
427 1264 543 1317 suis
566 1275 798 1327 coaevus,
820 1260 890 1315 ab
921 1262 1142 1331 ipsoque
1184 1260 1451 1316 Bernotdo
1499 1262 1763 1315 exaratos
1790 1276 1803 1316 :
1838 1259 1897 1313 id

247 1351 387 1424 quod
416 1352 535 1422 ipsa
563 1350 837 1419 scriptura
867 1348 1178 1419 titureeque,
1208 1364 1307 1403 nec
1344 1364 1456 1402 non
1505 1364 1634 1403 rasa
1662 1346 1895 1402 subinde

244 1441 585 1507 membrana,
617 1439 807 1492 omnia
834 1436 1054 1508 quidem
1082 1437 1149 1490 ab
1168 1436 1353 1491 eadem
1372 1453 1563 1503 manu,
1587 1440 1894 1492 atramento

247 1536 430 1586 tamen
455 1532 507 1583 et
536 1534 777 1597 tempore
804 1525 1013 1580 diverso
1058 1530 1245 1589 aucta,
1301 1528 1517 1579 mutata
1570 1533 1622 1579 et
1653 1532 1895 1579 correcta

242 1635 355 1674 non
383 1618 604 1673 obscure
634 1614 887 1670 videnlur
916 1616 1164 1668 innuere.
1200 1614 1299 1667 Est
1328 1613 1437 1667 hoc
1458 1613 1653 1684 ipsum
1676 1614 1747 1668 de
1765 1612 1894 1668 Ber-

2000 464 2187 523 .noldo
2214 465 2509 536 integrum
2542 462 2914 531 haberemus,
2968 463 3260 519 variantes
3306 478 3540 535 quoque
3566 463 3654 518 di.

2013 558 2087 609 ct:
2114 569 2170 608 m
2204 570 2427 609 annum
2459 554 2846 624 praecedentes
2895 552 3152 608 nancisci
3192 569 3345 609 cura:
3376 551 3505 607 fuit.
3540 551 3655 608 Has

2010 658 2144 697 vero
2176 657 2413 697 summa
2442 640 2749 713 diligentia
2778 658 2806 696 ο
2842 657 2903 696 se
2932 644 3254 713 excerptas,
3313 644 3371 696 et
3400 640 3473 695 ad
3507 639 3655 695 anti-

2011 746 2197 802 quum
2227 728 2458 785 Urstisii
2491 728 2746 785 codicem
2776 733 3029 798 exactas,
3060 726 3492 785 humanissime
3520 727 3657 785 sub-

2012 818 2176 874 misit
2206 818 2358 890 plur.
2392 834 2506 873 rev.
2539 821 2596 873 et
2624 816 2697 872 cl.
2729 817 2794 872 D.
2827 818 2988 889 Hart,
3021 815 3653 874 eruditissimuselecto

2009 905 2149 962 ralis
2176 905 2538 961 bibliothecas
2568 905 2936 962 Monacensis
2958 904 3212 978 praefecti
3234 904 3392 961 vices
3417 920 3647 979 gerens,

2010 997 2102 1051 cui
2133 1001 2328 1069 grates
2357 994 2450 1051 hic
2481 993 2713 1067 publico
2740 995 2975 1051 nomine
2997 993 3407 1067 persolvimus.
3426 994 3509 1049 Ex
3522 994 3651 1065 ejus

2004 1084 2249 1157 insuper
2275 1083 2485 1141 litteris
2505 1083 2808 1151 discimus,
2833 1083 3105 1140 Bernoldi
3126 1084 3386 1140 codicem
3405 1082 3647 1155 perinde

2006 1191 2073 1229 ac
2103 1173 2266 1228 illum
2319 1172 2581 1228 Sichardi
2624 1190 2659 1228 a
2697 1189 2799 1227 sex
2829 1173 3033 1228 mundi
3065 1172 3358 1241 aetatibus,
3398 1188 3524 1244 qua
3544 1171 3649 1226 Ve-

2004 1261 2281 1319 nerabilis
2308 1262 2470 1317 Bede
2501 1266 2659 1328 sunt,
2693 1250 2895 1333 ordiri,
2953 1279 2988 1318 a
3043 1262 3345 1318 nativitate
3411 1257 3651 1317 Domini

2004 1356 2203 1407 autem
2234 1367 2422 1423 usque
2449 1351 2521 1406 ad
2561 1366 2781 1405 annum
2821 1352 2928 1405 378
2956 1350 3275 1423 plurimum
3322 1350 3490 1405 abeo
3518 1346 3644 1397 dis-

2004 1452 2257 1511 crepare,
2290 1442 2462 1511 prout
2489 1455 2559 1494 ex
2614 1441 2817 1495 nostra
2844 1438 3099 1495 editione
3150 1430 3360 1505 legenti
3400 1424 3640 1503 patebit.

2075 1529 2138 1585 In
2198 1529 2400 1584 eodem
2453 1527 2647 1582 codice
2704 1521 3177 1593 SanOeorgiano
3235 1520 3644 1576 continebatur

2002 1616 2161 1671 aliud
2195 1632 2434 1687 parvum
2465 1615 2789 1671 Chronicon
2849 1625 2883 1663 a
2911 1612 3046 1664 nato
3075 1607 3306 1664 Christo
3356 1623 3542 1679 usque
3571 1607 3643 1661 ad

244 1706 405 1763 noldi
435 1704 630 1761 codice
652 1702 966 1774 judicium,
1000 1702 1154 1774 quod
1188 1702 1257 1756 de
1290 1718 1396 1757 suo
1418 1702 1530 1756 San
1563 1701 1890 1773 Georgiano
1916 1744 1968 1808 Β
2002 1721 2097 1759 an.
2127 1704 2282 1765 1453,
2314 1696 2516 1797 eadem
2548 1696 2737 1769 prima
2784 1713 2960 1808 manu
3011 1696 3397 1808 discriptum,
3432 1694 3646 1750 abinde

244 1795 377 1852 tulit
414 1792 697 1851 Urstisius
726 1809 738 1846 :
770 1795 1047 1846 auctorem
1094 1790 1240 1845 hunc
1287 1792 1459 1860 fetum
1516 1791 1681 1845 illum
1701 1791 1891 1857 prima
1916 1784 1968 1808 ³¹
1997 1790 2192 1842 autem
2225 1802 2259 1841 a
2286 1784 2460 1841 variis
2518 1801 2706 1858 usque
2761 1786 2834 1841 ad
2868 1803 2961 1840 an.
3024 1784 3166 1839 4627
3212 1784 3642 1840 continuatum.

243 1894 515 1953 utcunque
543 1884 839 1951 formatum
871 1878 1153 1931 lambendo
1180 1877 1430 1945 deinceps
1444 1875 1625 1941 magis
1648 1873 1885 1944 politum

241 1981 292 2027 et
321 1978 575 2026 exactum
605 1964 924 2021 reddidisse.

312 2057 507 2130 Pergit
535 2071 705 2128 porro
754 2052 1007 2107 OEfelius
1067 2052 1137 2105 de
1167 2050 1365 2106 codice
1411 2067 1518 2105 suo
1549 2048 1882 2104 disserens:

242 2148 453 2204 Titulus
505 2145 773 2199 miniatus
829 2141 1027 2196 codicis
1076 2141 1253 2209 magis
1307 2140 1476 2193 etiam
1519 2139 1886 2208 conjecturam

239 2236 444 2306 ﬁrmat,
475 2234 571 2305 qui
593 2234 667 2286 ita
698 2230 856 2284 habet
870 2227 1030 2281 εΗ.εο
1052 2242 1200 2281 sum
1228 2225 1522 2280 Cnaomm
1570 2224 1881 2291 Bsanonm,

240 2341 371 2388 quas
408 2334 782 2377 CONTRADIDIT
829 2331 1188 2370 nomen;an
1246 2314 1463 2369 Doms]
1504 2313 1880 2379 SALVAVORIS,

239 2405 658 2468 Schal‘husensi
692 2404 989 2459 nimirum.
1025 2403 1158 2466 Quae
1174 2419 1307 2457 vero
1327 2402 1447 2457 sint
1468 2400 1569 2456 illa
1595 2401 1883 2457 Chronica

240 2518 273 2556 a
303 2496 587 2554 Bernoldo
618 2498 870 2557 exarata,
906 2492 1053 2546 satis
1082 2490 1383 2546 declarant
1412 2507 1540 2562 quis
1570 2490 1789 2544 ibidem
1821 2489 1880 2544 in

241 2585 507 2658 margine
537 2581 745 2638 litteris
776 2580 941 2635 valde
972 2579 1218 2634 minutis
1246 2595 1521 2651 expressa
1564 2577 1877 2651 leguntur:

238 2679 430 2733 Insunt
458 2676 703 2729 auctores
754 2669 1136 2725 chromcorum
1182 2670 1464 2736 Eusebius,
1498 2669 1877 2739 Hieronymus,
1922 2679 1928 2685 ‘

238 2768 490 2836 Prosper,
524 2761 835 2831 Dionysius,
869 2757 1155 2823 Iordanes,
1189 2756 1353 2821 Beda,
1375 2765 1426 2812 et
1470 2758 1647 2811 nostri
1682 2760 1881 2828 tempo-

238 2858 320 2912 ris
349 2850 566 2927 (seculi
589 2862 800 2920 nempe
820 2850 898 2917 xv)
921 2848 1284 2912 Hermannus,
1308 2848 1358 2901 et
1386 2846 1633 2907 deinceps
1664 2861 1880 2900 nos'rsn

238 2944 523 3015 (adeoque
555 2938 741 3011 ipsius
767 2935 1035 2991 Bernoldi
1064 2952 1241 2990 manu
1273 2936 1567 3005 exaratus)
1598 2934 1759 2999 liber,
1789 2935 1882 2989 sui

238 3032 494 3103 temporis
522 3028 901 3097 descriptores.
936 3024 1064 3079 llaec
1087 3024 1327 3095 quidem
1352 3022 1549 3078 omnia
1579 3024 1688 3077 sub
1708 3023 1878 3078 Chro-

1995 1875 2160 1930 Prior
2186 1875 2315 1946 ejus
2346 1891 2505 1946 pars,
2557 1892 2592 1929 a
2640 1873 3013 1946 sequioribus
3057 1872 3233 1930 subin
3271 1871 3642 1945 interpolata,

1996 1963 2231 2019 nonnisi
2274 1962 2667 2018 summarium
2709 1963 3007 2035 quoddam
3067 1978 3171 2018 seu
3228 1960 3642 2034 compendium

1993 2057 2139 2117 erat,
2155 2052 2472 2106 Hermanni
2487 2051 2777 2107 Contracti
2800 2052 3110 2123 precipue,
3128 2066 3197 2105 ex
3219 2066 3336 2121 qua
3361 2047 3645 2105 nonnulla

1993 2140 2186 2196 adhuc
2217 2140 2545 2212 fragmenta
2576 2140 2633 2193 in
2666 2138 3014 2194 adversariis
3046 2138 3263 2194 nostris
3291 2136 3529 2193 collecta
3559 2153 3643 2193 re-

1994 2227 2275 2300 perimus,
2312 2245 2437 2299 quae
2469 2231 2757 2300 quantum
2791 2228 2858 2282 ad
2897 2226 3202 2283 historiam
3234 2225 3482 2298 patriam
3515 2241 3637 2297 per.

1990 2327 2198 2393 tinent,
2232 2326 2343 2382 sub
2373 2324 2543 2382 titulo
2573 2325 2840 2381 Chronici
2875 2324 3184 2397 Georgiani
3215 2324 3340 2380 suis
3363 2323 3508 2380 locis
3550 2324 3638 2380 in-

1991 2420 2282 2471 serentur.

2062 2503 2153 2559 IX.
2216 2502 2449 2558 Detecto
2494 2503 2621 2573 jam
2689 2503 2846 2558 fonte
2903 2500 3350 2573 Sau-Giorgiani
3395 2501 3636 2569 codicis,

1989 2590 2089 2663 qui
2131 2594 2338 2663 praeter
2386 2607 2605 2662 paucas
2657 2590 3134 2661 interpolationes
3180 2589 3521 2661 ipsiss‘lmus
3548 2593 3637 2645 est

1990 2678 2312 2734 Bernoldus
2343 2696 2374 2733 a
2398 2680 2566 2733 nobis
2590 2679 2876 2745 edendas,
2894 2678 3071 2735 simul
3087 2678 3261 2734 etiam
3279 2678 3639 2734 Murensiset

1989 2767 2473 2840 Engelbergensis
2504 2768 2771 2822 codicum
2796 2767 3022 2823 natales
3042 2765 3501 2839 deprehendisse
3535 2784 3637 2823 no-
3735 2806 3739 2810 ~

1988 2856 2079 2911 bis
2106 2856 2390 2911 videmur.
2424 2855 2811 2912 Ccleberrima
2848 2856 2965 2912 ista
3014 2857 3131 2912 duo
3189 2854 3637 2912 Helveto-Bene-

1987 2945 2217 2999 dictina:
2243 2944 2709 3017 congregationis
2723 2944 3217 3015 monasteriajure
3239 2944 3634 3017 interreligio-

1990 3049 2086 3088 sas
2118 3050 2257 3088 suas
2289 3032 2550 3089 colonias
2584 3037 2844 3089 recenset
2872 3038 3139 3089 nostrum
3191 3032 3256 3088 D.
3305 3031 3478 3089 Blasii
3510 3049 3633 3088 mo-

241 3100 505 3176 nicorum
537 3113 806 3171 Bernoldi
832 3112 1063 3168 nomine
1095 3113 1153 3166 in
1172 3110 1538 3183 autographa
1558 3110 1669 3165 isto
1683 3110 1879 3166 codice
1910 3100 1953 3164 C
1993 3123 2340 3187 numerium,
2372 3124 2523 3193 quod
2549 3123 2619 3177 de
2639 3122 2890 3177 Murensi
2920 3122 3159 3194 quidem
3181 3119 3485 3193 principali
3505 3121 3632 3193 ipsa

237 3208 502 3273 veniunt,
530 3204 741 3277 partim
772 3201 926 3273 quod
957 3202 1029 3255 ab
1061 3200 1187 3271 ipso
1217 3200 1275 3253 in
1306 3199 1731 3255 unovolumine
1760 3199 1881 3253 sint

238 3294 589 3366 conscripta,
612 3291 825 3363 partim
844 3306 975 3344 vero
993 3305 1057 3343 ac
1080 3289 1369 3360 praecipue
1386 3289 1540 3359 quod
1571 3288 1643 3341 ab
1673 3288 1877 3342 eodem

240 3388 299 3441 in
330 3379 744 3453 compendium
791 3377 948 3432 velut
979 3377 1213 3432 redacta
1240 3394 1309 3431 ex
1360 3377 1726 3442 Hermanno;
1762 3390 1876 3429 non

239 3474 398 3529 enim
428 3472 626 3541 ipsum
652 3465 961 3521 llermanni
991 3465 1319 3520 Chronicon
1352 3466 1513 3519 dedit
1534 3463 1877 3531 Bernoldus,

240 3563 340 3618 sed
374 3562 502 3630 ejus
532 3557 824 3629 epitomen
856 3554 1156 3620 duntaxat,
1190 3554 1284 3607 cui
1315 3569 1484 3608 suam
1511 3552 1645 3607 dein
1696 3552 1880 3607 conti-

240 3649 600 3712 nuationem,
635 3649 737 3698 aut
758 3641 1056 3714 proprium
1081 3641 1275 3711 potius
1297 3640 1620 3696 Chronicon
1638 3642 1746 3695 sub
1769 3657 1881 3696 uno

240 3734 594 3795 narrationis
607 3731 705 3787 filo
718 3730 1178 3801 annexuit,quod
1196 3729 1287 3783 hic
1300 3729 1883 3784 subdenominalione

239 3842 445 3884 NOSTRI
475 3839 627 3879 una:
656 3820 895 3875 indicat.
921 3819 1002 3873 De
1032 3834 1145 3891 quo
1177 3818 1346 3890 plura
1374 3818 1430 3871 in
1465 3817 1885 3888 disquisitioni-

238 3919 352 3973 bus
380 3914 452 3971 ad
481 3910 825 3969 Bernoldum
869 3908 1097 3979 praeviis
1125 3911 1452 3977 occurrent,
1487 3906 1583 3961 ubi
1612 3907 1661 3961 is
1688 3923 1883 3962 mona-

240 4005 366 4060 chis
394 4004 453 4057 S.
488 4000 664 4055 Blasii
686 3996 1100 4053 vindicabitur.

310 4092 453 4147 VIII.
485 4090 567 4144 Ex
593 4087 703 4143 hoc
732 4102 867 4141 vero
898 4083 1231 4140 Monacensi
1252 4084 1449 4139 codice
1471 4083 1725 4140 OEfelius
1757 4083 1795 4139 l.
1828 4100 1879 4139 c.

237 4181 537 4237 variantes
566 4175 728 4232 dedit
757 4174 1033 4229 lectiones
1075 4173 1147 4228 ad
1204 4173 1741 4245 San-Georgianum
1774 4174 1882 4229 Ur-

239 4269 412 4336 stisii,
446 4265 667 4323 scilicet
696 4264 768 4318 ab
799 4281 894 4318 an'
925 4265 1053 4331 578,
1083 4280 1117 4318 ει
1145 4280 1262 4335 quo
1303 4264 1396 4319 hic
1446 4262 1612 4318 illum
1642 4279 1883 4320 exorsus

239 4363 331 4415 est
360 4360 557 4411 motus
594 4352 748 4408 haud
781 4351 959 4407 dubie
990 4351 1107 4407 illis
1141 4368 1270 4423 quae
1300 4353 1360 4407 in
1389 4352 1584 4406 codice
1617 4351 1879 4407 Bernoldi

1988 3210 2253 3277 ejusdem
2287 3215 2415 3265 acta
2444 3209 2597 3265 haud
2658 3210 2982 3265 difﬁtentur
3011 3211 3168 3280 (Hist.
3217 3210 3405 3278 Nigrae
3441 3208 3629 3275 Silvae,

1986 3315 2030 3353 1.
2066 3301 2107 3363 I,
2140 3316 2197 3370 p.
2229 3299 2356 3365 247)
2379 3299 2544 3367 justa
2572 3315 2697 3370 quae
2727 3298 2837 3353 sub
2868 3297 3179 3355 Gisilberto
3206 3301 3265 3356 S.
3318 3296 3496 3371 Blasii
3530 3297 3631 3354 ab-

1991 3387 2124 3441 bate
2158 3386 2504 3453 Luitl‘ridus,
2535 3387 2799 3457 ejusdem
2829 3387 3075 3442 caanobii
3099 3388 3632 3455 monachus,abbas

1989 3475 2277 3529 Murensis
2334 3475 2686 3531 constitutus
2740 3478 2850 3542 est,
2903 3475 3185 3533 referente
3222 3477 3507 3534 Bernoldo
3571 3475 3630 3531 in

1991 3564 2276 3617 Chronico
2305 3564 2373 3618 ad
2407 3580 2501 3618 an.
2544 3563 2705 3630 4096,
2736 3564 3064 3620 defunctus.
3089 3567 3207 3620 Sub
3254 3566 3362 3622 hoc
3400 3580 3539 3620 vero
3570 3564 3631 3620 in

1988 3659 2046 3706 ὃ.
2110 3652 2299 3706 Blasio
2346 3652 2677 3723 descriptus
2720 3652 2951 3707 videtur
2995 3651 3104 3709 iste
3146 3655 3344 3720 codex,
3382 3653 3635 3724 indeque

1993 3740 2270 3795 fratribus
2292 3740 2666 3796 Murensibus
2694 3740 2988 3809 directus;
3024 3741 3152 3797 ﬁnit
3181 3743 3396 3815 quippe
3424 3742 3497 3797 ad
3530 3758 3633 3797 an-

1993 3846 2134 3884 num
2171 3829 2326 3893 1091,
2369 3829 2525 3884 circa
2572 3846 2699 3901 qua;
2745 3834 3009 3902 tempora
3059 3830 3297 3888 Colonia
3342 3848 3373 3887 e
3409 3834 3465 3886 8.
3500 3830 3634 3887 Bla-

1993 3918 2079 3974 sio
2106 3917 2257 3972 istuc
2287 3917 2539 3973 deducta
2569 3922 2676 3985 est,
2722 3932 2829 3973 nec
2860 3917 2981 3974 ulla
3009 3916 3250 3991 prorsus
3297 3921 3357 3976 in
3389 3936 3456 3976 eo
3498 3917 3638 3974 dicti

1993 4006 2285 4062 Murensis
2315 4006 2562 4061 cmnobii
2594 4006 2812 4062 mentio
2851 4008 3123 4073 recurrit,
3182 4024 3359 4081 quam
3387 4008 3638 4081 profecto

1993 4095 2150 4151 haud
2179 4094 2476 4151 omisisset
2531 4093 2782 4167 scriptor
2811 4094 2861 4151 si
2890 4095 3058 4151 illum
3082 4095 3142 4151 in
3184 4096 3309 4152 loco
3350 4096 3465 4153 isto
3504 4111 3639 4151 exa-

1993 4187 2199 4240 rasset.
2748 4184 2755 4191 ‘

2066 4272 2137 4327 Ut
2167 4277 2387 4341 tamen,
2412 4272 2564 4344 quod
2599 4286 2693 4328 res
2721 4276 2831 4339 est,
2863 4272 3150 4341 dicamus,
3203 4274 3527 4331 Chronicon
3575 4273 3636 4328 in

1993 4360 2194 4416 codice
2232 4360 2344 4416 isto
2375 4365 2714 4416 contentum
2744 4377 2860 4417 non
2882 4366 3005 4417 tam
3050 4362 3365 4419 Hermanni
3395 4377 3635 4419 censen-

240 4443 603 4517 autographo
637 4446 769 4514 post
799 4458 1020 4496 annum
1053 4440 1161 4497 377
1206 4441 1501 4513 leguntur,
1547 4444 1602 4493 et
1636 4441 1781 4529 forte
1824 4440 1880 4493 in
1915 4463 1961 4529 D
1994 4449 2135 4504 dum
2166 4453 2256 4505 est
2283 4466 2458 4520 quam
2492 4448 2827 4522 compilatio
2857 4451 3124 4523 quaedam
3157 4467 3225 4506 ex
3253 4450 3429 4505 variis
3467 4450 3635 4506 οιιιιο.

238 4533 710 4605 San-Georgiano
740 4530 1127 4592 habebantur,
1159 4529 1350 4583 verbis
1375 4546 1387 4583 :
1424 4532 1712 4599 [lucusque
1735 4528 1883 4583 chro-

234 4626 362 4679 nica
390 4622 611 4677 Eusebii
639 4622 1011 4689 IIieronymus
1037 4618 1321 4689 perduxit.
1352 4618 1492 4671 Hinc
1509 4620 1693 4671 autem
1714 4633 1884 4689 usque

237 4712 307 4767 ad
333 4712 687 4765 millesimum
738 4709 850 4763 LIV
901 4723 1112 4762 annum
1142 4707 1209 4759 ab
1258 4706 1637 4760 incarnatione
1662 4705 1882 4762 Domini

237 4799 491 4853 dominus
522 4812 875 4851 HERMANNUS
905 4811 1012 4848 sua
1040 4794 1313 4848 Chronica
1340 4793 1614 4865 perducit.

311 4891 383 4940 At
410 4900 563 4951 vero,
596 4899 730 4938 cum
765 4884 1154 4945 Hermannus,
1213 4888 1355 4936 teste
1404 4882 1544 4936 Vita:
1575 4883 1877 4955 scriptore,

239 4973 563 5030 Chronicon
604 4988 778 5027 suum
812 4971 885 5026 ab
904 4969 1306 5025 incarnatione
1335 4970 1566 5025 Domini
1595 4972 1882 5042 ordiatur,

237 5063 343 5119 etsi
367 5079 433 5118 ex
465 5060 711 5117 Eusebio
740 5064 797 5115 et
852 5059 1201 5131 Hieronymo
1252 5058 1621 5132 potissimam
1651 5065 1878 5132 partem

238 5154 670 5225 depromptum,
700 5148 802 5204 illa
832 5148 1009 5204 etiam
1069 5166 1194 5220 qua;
1238 5148 1373 5204 inde
1421 5165 1607 5221 usque
1652 5150 1723 5204 ad
1774 5166 1877 5205 an-

240 5257 378 5296 num
410 5242 516 5295 378
543 5239 881 5304 decurrunt,
914 5237 985 5292 ad
1025 5236 1350 5293 Chronicon
1402 5237 1559 5293 istud
1592 5236 1879 5309 pertinere

237 5329 481 5384 dubium
516 5328 745 5384 nullum
777 5331 887 5395 est,
918 5342 984 5382 eo
1043 5326 1307 5382 videlicet
1355 5325 1527 5381 modo
1577 5342 1692 5397 quo
1724 5342 1877 5382 anno

238 5416 338 5474 illo
370 5416 690 5490 posteriora
718 5415 1050 5471 Hermanno
1092 5415 1453 5483 tribuuntur,
1513 5415 1781 5487 quamvis
1809 5432 1879 5473 ex

237 5508 519 5581 Prospero
585 5505 833 5583 aliisque
888 5505 1305 5567 Chronicorum
1353 5503 1738 5579 scriptoribus
1774 5506 1878 5566 de-

1994 4536 2312 4608 nographis
2341 4536 2609 4593 collecta.
2642 4538 2994 4594 Bernoldum
3027 4539 3262 4611 quidem
3292 4554 3534 4611 arguere
3562 4537 3641 4594 vi-

1989 4625 2160 4680 detur
2188 4627 2318 4694 ejus
2346 4624 2585 4680 initium
2605 4626 2675 4681 ab
2693 4640 2846 4682 anno
2864 4628 2960 4683 144
2976 4633 3110 4699 post
3123 4631 3326 4684 natum
3339 4625 3635 4683 Christum

1990 4713 2237 4784 (priores
2266 4712 2424 4767 enim
2466 4713 2602 4768 anni
2637 4713 2851 4770 desunt
2881 4732 3068 4788 usque
3118 4716 3189 4772 ad
3222 4732 3444 4772 annum
3485 4715 3632 4786 378),

1990 4817 2245 4873 quocum
2276 4801 2349 4855 ab
2380 4799 2479 4854 illo
2496 4803 2757 4872 tempore
2777 4808 2974 4859 exacte
2998 4803 3345 4875 plerumque
3368 4801 3637 4876 congruit

1990 4890 2157 4953 adeo,
2191 4893 2253 4943 ut
2283 4905 2410 4959 qua:
2441 4889 2498 4942 in
2532 4888 2819 4945 Bernoldo
2849 4892 3184 4949 Monacensi
3213 4893 3286 4948 ad
3313 4891 3635 4964 marginem

1990 4977 2240 5032 subinde
2264 4976 2859 5045 notantur,Murensis
2884 4984 2947 5036 ut
2967 4980 3288 5054 plurimum
3315 4981 3428 5054 ipsi
3452 4980 3632 5036 textui

1986 5066 2228 5132 inserat,
2258 5081 2324 5120 ac
2353 5065 2424 5119 ad
2457 5063 2624 5120 illum
2666 5083 2887 5125 annum
2921 5069 3171 5143 allegata
3192 5067 3641 5126 eliamBernoldi

1982 5155 2160 5209 verba
2189 5158 2379 5209 notet:
2414 5154 2700 5226 Hucusque
2717 5157 2981 5215 chronica
3014 5158 3232 5214 Eusebii
3251 5160 3630 5228 Hieronymus

1981 5242 2278 5314 perduxit;
2312 5243 2441 5298 hinc
2468 5247 2649 5299 autem
2678 5262 2848 5317 usque
2877 5248 2948 5303 ad
2984 5248 3338 5304 millesimum
3386 5246 3501 5301 LIV
3535 5262 3639 5301 an-

1986 5348 2123 5386 num
2150 5331 2222 5386 ab
2251 5332 2639 5389 incarnatione
2674 5335 2899 5391 Domi-ni
2942 5337 3198 5393 dominus
3254 5339 3643 5392 Hermann:

1989 5436 2093 5476 sua
2123 5419 2392 5476 Chronica
2418 5421 2703 5494 perduxit.

2058 5509 2200 5581 Quis
2230 5508 2446 5569 abhinc
2475 5527 2592 5570 non
2620 5516 3266 5589 exspectasset,textum
3289 5513 3629 5583 Hermanni,

3766 5258 3797 5283 Ι
