4124 6188
295 168 374 230 37
1215 164 1739 233 DISSEBTATIO
1784 171 1884 233 DE
1929 167 2344 234 HERMANNI
2391 168 2810 235 CllRONlCO.
3639 178 3719 244 38

294 302 433 358 sive
462 298 789 357 breviorem
818 316 886 356 ex
907 298 1959 376 Bernoldo,utihucusque;velpro-
1989 306 2043 371 Α
2074 304 2177 358 484
2225 301 2282 358 in
2335 302 2535 359 Galliis
2586 274 2895 377 acceperit,
2947 305 3169 361 devicto
3218 325 3320 379 per
3365 309 3717 368 Clodoveum

298 389 575 446 lixiorem
623 394 684 445 et
728 388 1051 462 genuinum
1097 408 1167 446 ex
1212 391 1511 464 Augiensi,
1565 393 1649 448 uti
1698 394 1770 449 ab
1803 410 1957 449 anno

297 480 452 535 1045
479 479 551 534 ad
582 479 755 534 tinem
791 495 978 550 usque
1008 479 1226 535 factum
1259 480 1394 535 est?
1423 481 1491 535 Et
1523 485 1721 538 tamen
1753 482 1959 537 exinde

300 569 682 626 Hermannus
708 567 1079 623 vel'maxime
1109 566 1497 641 interpolatae
1527 573 1636 638 est,
1670 570 1960 643 praecipue

302 672 380 713 ex
411 655 662 727 Regione
694 654 1247 730 Prumiensi,atque
1272 658 1448 713 subiu
1489 656 1729 715 aliunde
1758 660 1957 728 etiam,

304 751 361 800 et
384 743 617 817 quidem
638 761 672 799 a
691 744 965 812 diversis,
999 748 1063 800 ut
1078 745 1330 810 videtur,
1352 746 1740 819 scriptoribus
1769 766 1781 815 ;
1807 765 1960 821 srepe

298 834 461 889 enim
483 849 667 889 unum
690 832 966 905 idemque
984 834 1204 890 factum
1227 833 1360 891 aliis
1386 836 1579 893 verbis
1595 836 1960 910 diversisque

299 924 478 980 annis
507 923 789 995 illigatur,
810 922 974 978 nulla
994 939 1235 995 prorsus
1256 924 1456 980 habita
1468 929 1766 999 gestorum
1789 926 1960 982 seriei

298 1016 401 1068 aut
420 1017 759 1085 temporum
774 1012 1022 1067 ratione.
1039 1012 1287 1069 Notatur
1303 1013 1572 1085 equidem
1593 1020 1725 1087 post
1737 1031 1959 1070 annum

295 1102 403 1155 906
434 1100 652 1157 litteris
678 1100 940 1156 miniatis
967 1119 980 1157 :
1024 1103 1318 1173 Hucusque
1349 1101 1615 1158 Chronica
1646 1103 1956 1174 Reginonis,

295 1198 348 1244 et
398 1197 714 1262 sequuntur
760 1188 1047 1246 Chronicae
1106 1192 1457 1258 Hermanni;
1503 1206 1706 1246 verum
1754 1192 1960 1246 eodem

297 1277 467 1333 inani
500 1277 791 1351 promisso
818 1294 831 1333 :
865 1294 995 1349 qua:
1026 1279 1181 1333 enim
1206 1278 1278 1333 ab
1302 1277 1401 1334 illo
1431 1296 1585 1335 anno
1606 1283 1957 1352 sequuntur,

296 1370 422 1421 tam
456 1362 669 1438 parum
700 1365 1022 1421 Hermanni
1056 1369 1197 1421 sunt
1217 1382 1283 1421 ac
1308 1366 1521 1437 priora,
1548 1368 1647 1423 sed
1684 1367 1960 1439 anonymi

296 1453 462 1510 illius
495 1442 1001 1526 scriptoris,quem
1021 1471 1127 1510 ceu
1157 1453 1472 1528 Reginonis
1494 1456 1960 1512 continuatorem

296 1542 498 1598 eidem
519 1542 833 1614 subjungit
852 1541 1157 1598 Pistorius.
1181 1540 1294 1598 Sed
1317 1560 1421 1599 nec
1444 1542 1638 1615 ipsum
1665 1543 1959 1616 integrum

299 1631 577 1700 exhibet;
613 1647 747 1686 nam
781 1631 850 1685 ad
885 1648 1107 1686 annum
1135 1631 1243 1687 939
1272 1631 1332 1687 in
1378 1626 1957 1688 medio‘textu‘ﬁlum

298 1719 631 1792 abrumpit,
681 1736 749 1775 ac
796 1719 1070 1791 deinceps
1119 1721 1193 1775 ab
1218 1737 1373 1776 anno
1407 1722 1515 1775 940
1562 1712 1962 1777 Hermannum

300 1808 482 1877 sistit,
517 1812 691 1880 prout
713 1808 770 1862 in
794 1808 1178 1864 Gottwicensi
1202 1808 1396 1865 codice
1419 1826 1554 1865 mox
1576 1809 1960 1865 describendo

304 1897 503 1969 magis
533 1896 724 1952 adhuc
753 1900 1087 1951 contractus
1119 1896 1390 1953 habetur.

370 1986 597 2041 Eadem
629 2002 871 2057 prorsus
897 1984 1115 2040 codicis
1146 1986 1638 2059 Engelbergensis
1671 1987 1821 2043 ratio
1850 1990 1958 2054 est,

302 2075 409 2147 qui
437 2090 578 2130 cum
607 2073 857 2128 Murensi
892 2073 950 2128 in
999 2072 1278 2129 omnibus
1326 2075 1614 2147 congruit,
1658 2091 1727 2131 ex
1757 2076 1961 2131 eodem

302 2163 462 2235 ipso,
495 2168 564 2217 ut
607 2162 856 2227 videtur,
909 2162 1261 2235 descriptus.
1317 2163 1535 2220 Neuter
1579 2164 1723 2220 adeo
1754 2164 1962 2221 usibus

306 2250 536 2307 nostris
558 2250 619 2305 in
649 2249 757 2306 hac
787 2250 1044 2306 editione
1072 2251 1353 2308 inservire
1385 2252 1596 2324 potuit,
1630 2252 1744 2308 nisi
1774 2251 1834 2307 in
1867 2252 1962 2307 ul-

301 2340 457 2397 timo
488 2339 810 2395 Hermanni
850 2339 1154 2406 decennio,
1206 2356 1464 2413 quocum
1512 2345 1654 2397 tunc
1703 2340 1962 2413 primum

302 2427 687 2495 conveniunt,
719 2431 774 2482 et
807 2427 891 2482 sic
924 2426 1324 2484 Hermannum
1356 2429 1429 2485 ad
1473 2428 1748 2485 ultimum
1782 2429 1962 2485 trien-

304 2518 477 2573 nium
498 2516 672 2572 nobis
692 2515 986 2588 integrum
1009 2521 1450 2586 conservarunt,
1479 2518 1576 2591 qui
1602 2517 1659 2573 in
1682 2518 1964 2591 Augiensi

303 2607 509 2663 codice
542 2604 881 2676 ceterisque
910 2622 978 2661 ex
1008 2604 1107 2661 illo
1138 2608 1555 2679 transumptis,
1580 2606 1680 2662 illo
1701 2611 1964 2680 tempore

301 2711 561 2750 mancus
588 2697 696 2750 est.

372 2782 443 2838 Χ.
472 2783 677 2838 Notari
705 2799 841 2839 vero
870 2786 1173 2838 merentur
1201 2800 1330 2855 quas
1362 2783 1422 2839 in
1456 2787 1704 2856 utroque
1734 2783 1845 2841 hoc
1866 2802 1961 2841 co-

298 2873 434 2928 dice
464 2872 541 2927 ad
572 2888 668 2927 an.
699 2872 798 2926 741
834 2870 1128 2944 leguntur,
1181 2888 1251 2926 ex
1298 2871 1475 2944 Pagio
1522 2876 1717 2928 tamen
1759 2874 1829 2928 ad
1864 2892 1959 2930 an.

295 2963 411 3015 725
438 2964 748 3033 spectant:
800 2963 1081 3032 ﬂuensque
1127 2961 1275 3016 Beda
1304 2963 1636 3017 venerabilis
1671 2963 1959 3035 presbyter

2071 392 2318 464 Siagrio,
2353 409 2647 465 regnoque
2690 394 2762 448 ad
2813 394 3181 467 Mcrovingns
3230 397 3363 452 inde
3410 400 3714 457 translato.

2146 482 2318 536 Porro
2338 498 2371 535 a
2394 482 2580 536 fronte
2603 482 2893 537 Murensis
2915 481 3093 555 hujus
3118 484 3332 540 codicis
3349 494 3716 559 compactum

2068 573 2158 625 est
2188 568 2347 623 aliud
2379 570 2550 624 breve
2575 570 2905 627 Cbronicon
2937 589 2971 627 a
3000 571 3229 628 diversa
3251 590 3427 629 manu
3452 576 3716 645 ejusdem

2068 662 2266 713 tamen
2292 657 2489 713 sceculi
2508 676 2588 713 xu
2612 660 2945 716 charactere
2968 666 3295 729 exaratum,
3319 665 3375 717 et
3400 663 3719 721 decurrens

2069 747 2142 802 ab
2173 763 2326 802 anno
2356 747 2461 801 398
2486 763 2673 819 usque
2705 748 2863 817 1175,
2900 749 2973 804 ita
3008 750 3243 821 quidem
3263 754 3328 806 ut
3350 751 3513 807 velut
3530 753 3721 824 ’epitoé

2070 850 2204 890 men
2236 836 2533 890 contineat
2568 835 2756 907 primo
2788 838 3021 908 quidem
3081 826 3718 897 llermanni‘Contracti

2070 940 2258 996 usque
2281 925 2352 979 ad
2376 942 2469 979 an.
2493 926 2651 990 1054,
2674 926 2884 980 abinde
2902 945 3036 982 vero
3054 928 3323 983 Bernoldi
3345 936 3543 1002 usque
3558 932 3578 984 1
3596 932 3715 998 100,

2070 1030 2244 1085 quem
2292 1013 2425 1067 dein
2477 1030 2665 1085 usque
2723 1014 2790 1068 ad
2853 1031 3071 1068 annum
3128 1017 3262 1069 1175
3320 1019 3714 1090 prosequitur.

2142 1100 2432 1155 Insertum
2448 1118 2580 1155 vero
2592 1101 2902 1157 esttabulis
2917 1101 3339 1173 chronologicis
3353 1111 3714 1176 epactarum;

2069 1189 2224 1244 unde
2245 1205 2393 1259 saepe
2417 1188 2660 1259 contigit
2683 1194 2764 1253 ut,
2788 1190 3091 1245 deﬁciente
3107 1191 3174 1244 ad
3211 1208 3427 1247 annum
3448 1196 3716 1266 assigna-

2069 1282 2196 1332 tum
2223 1276 2433 1348 spatio,
2450 1275 2673 1348 reliqua
2690 1277 2758 1331 ad
2780 1276 2925 1332 alios
2955 1294 3363 1335 annosvrcuos
3377 1282 3609 1338 antevel
3627 1299 3716 1339 re-

2071 1370 2159 1421 tro
2191 1366 2586 1420 adnotantur:
2622 1383 2747 1436 quae
2780 1367 2921 1421 adeo
2956 1366 3089 1420 inde
3137 1372 3393 1423 extracta
3418 1369 3543 1425 suis
3571 1370 3717 1427 locis

2070 1454 2467 1526 posuimulel
2482 1454 2553 1508 ud
2569 1455 2647 1510 Ch
2659 1456 2891 1510 ronicon
2912 1454 3325 1527 inscripsimus
3342 1458 3643 1514 Chronicon
3655 1461 3712 1514 S.

2070 1544 2245 1598 Btasii
2265 1544 2337 1598 ob
2362 1559 2428 1598 ea
2455 1560 2579 1613 quae
2603 1544 2674 1598 de
2698 1544 3036 1598 monasterii
3060 1544 3238 1613 hujus
3263 1546 3435 1601 rebus
3466 1547 3720 1603 maxime

1992 1671 2039 1735 B
2072 1637 2205 1704 post
2226 1631 2542 1687 Hermanni
2571 1636 2796 1687 aetatem
2821 1632 3034 1703 szepius
3055 1634 3250 1701 refert,
3270 1634 3445 1689 tacito
3468 1633 3721 1707 plerum-

2071 1737 2183 1793 que
2207 1722 2336 1791 ejus
2364 1720 2619 1786 nomine,
2643 1738 2758 1791 quo
2782 1722 2908 1792 ipso
2927 1720 3269 1793 scriptorem
3303 1723 3440 1778 dicti
3471 1725 3719 1780 cmnobii

2072 1810 2256 1865 fuisse
2286 1809 2617 1875 alumnum,
2650 1826 2950 1880 suumque
2973 1810 3299 1865 Cbronicon
3344 1811 3560 1867 ibidem
3583 1830 3720 1869 exa-

2070 1914 2233 1953 rasse
2264 1898 2408 1953 satis
2439 1897 2762 1960 evincitur;
2796 1898 2867 1951 de
2900 1898 3119 1952 czeteris
3153 1899 3309 1952 enim
3343 1901 3718 1957 monasteriis

2071 2003 2272 2059 agens,
2305 1986 2429 2041 suis
2460 2002 2528 2041 ea
2573 1985 2912 2041 nominibus
2942 1985 3182 2042 indicat.

2143 2074 2323 2130 Multa
2348 2075 2418 2130 de
2450 2091 2516 2129 eo
2548 2074 2785 2129 disserit
2834 2072 2972 2128 cels.
3015 2073 3330 2130 Gerbertus
3373 2074 3433 2130 in
3463 2075 3719 2133 Historia

2070 2164 2257 2236 Nigrae
2289 2163 2475 2231 Silvae,
2508 2167 2651 2219 tom.
2688 2164 2729 2229 Ι,
2763 2180 2818 2234 p.
2850 2163 2957 2217 590
2987 2179 3134 2234 seq.,
3168 2168 3227 2219 et
3246 2163 3385 2219 clar.
3411 2165 3472 2220 P.
3500 2164 3717 2219 Mauri-

2075 2253 2227 2308 tium
2259 2251 2385 2305 Van
2419 2252 2523 2306 der
2552 2251 2710 2307 Meer
2738 2250 3158 2307 Rhenoviensis
3182 2252 3423 2307 caenobii
3446 2253 3717 2309 historio-

2072 2340 2361 2414 graphum
2382 2344 2640 2409 secutus,
2660 2344 2956 2395 auctorem
2988 2339 3145 2393 illius
3166 2341 3401 2411 conjicit
3425 2341 3487 2396 B.
3507 2342 3721 2397 Frowi-

2072 2445 2212 2484 num
2245 2446 2313 2483 ex
2345 2428 2630 2484 monacho
2664 2427 2930 2483 Blasiano
2962 2429 3033 2483 ad
3069 2429 3359 2484 abbatiam
3403 2429 3720 2503 Engelber-

2070 2533 2308 2590 gensem
2339 2517 2494 2572 circa
2510 2533 2730 2572 annum
2760 2517 2890 2571 1146
2905 2521 3301 2588 assumptum,
3326 2516 3423 2573 ubi
3438 2519 3636 2585 etiam,
3658 2522 3721 2574 ut

2072 2606 2237 2673 ibid.,
2272 2623 2327 2678 p.
2363 2607 2487 2671 421,
2522 2609 2777 2672 notatur,
2811 2605 3071 2660 an.1178
3095 2606 3367 2673 decessit,
3398 2606 3613 2662 relictis
3639 2607 3721 2662 ibi

2070 2695 2373 2749 codicibus
2404 2712 2513 2750 sua
2563 2711 2740 2749 manu
2793 2693 3048 2765 scriptis,
3102 2710 3277 2765 quam
3328 2694 3385 2748 in
3434 2694 3719 2750 Chronico

2071 2798 2301 2854 quoque
2341 2782 2452 2837 sibi
2484 2782 2942 2855 deprehendisse
2989 2782 3153 2837 visus
3201 2786 3291 2837 est
3334 2781 3606 2839 laudatus
3636 2783 3722 2839 vir
3799 2815 3805 2821 ο

2070 2871 2471 2926 doctissimus.

2141 2959 2214 3013 Ut
2245 2964 2310 3014 ut
2338 2977 2470 3016 vero
2501 2960 2841 3016 Frowinum
2874 2961 3056 3016 istum
3102 2960 3210 3016 sibi
3262 2961 3558 3015 vindicent
3589 2962 3721 3017 Ein-

300 3050 636 3105 Chronicam
664 3065 822 3105 suam
851 3051 912 3104 in
941 3050 1143 3120 majori
1171 3050 1239 3105 de
1269 3051 1616 3121 Temporibus
1660 3051 1801 3107 libro
1826 3068 1956 3123 per-
1987 3034 2030 3101 (ἶ
2065 3046 2320 3103 sidlense
2357 3052 2416 3102 et
2465 3048 2941 3103 San-Blasianum
2994 3049 3373 3118 monasteria,
3409 3051 3721 3121 utriusque

298 3139 535 3193 duxit...
567 3138 675 3194 Sed
722 3140 901 3194 multa
950 3140 1258 3194 intermista
1301 3143 1431 3194 sunt
1473 3138 1540 3194 de
1567 3140 1840 3195 chronicis
1868 3157 1962 3195 cu-

288 3228 522 3298 jusdam
578 3227 867 3298 Reginonis
920 3229 1230 3282 Bremensis
1262 3225 1398 3299 (leg.
1445 3228 1806 3298 Prumiensis)
1861 3228 1962 3283 ab-

297 3318 467 3381 batis,
516 3316 615 3387 qui
665 3315 960 3386 descripsit
1004 3316 1072 3371 ab
1123 3317 1507 3371 incarnatione
1555 3317 1777 3372 Domini
1822 3318 1963 3372 inci-

292 3407 479 3475 piens,
536 3408 589 3460 et
635 3406 963 3475 pertingens
1036 3420 1217 3475 usque
1264 3404 1334 3459 ad
1393 3403 1694 3461 DCCCCVI.
1756 3406 1965 3461 Abhinc

291 3492 432 3547 scil.
465 3509 564 3547 an.
593 3494 725 3559 727)
755 3500 937 3547 autem
967 3506 1092 3563 quae
1119 3501 1447 3563 sequuntur,
1491 3502 1708 3565 sumpta
1736 3498 1864 3549 sunt
1893 3511 1964 3549 ea:

292 3581 556 3652 apicibus
587 3596 864 3643 QUATUOR
916 3597 1250 3648 ascraeum,
1290 3580 1540 3636 videlicet
1571 3584 1966 3652 praenominati

293 3671 595 3725 Brenomis
641 3668 1051 3739 \Prumiensis)
1099 3668 1336 3735 abbatis,
1407 3668 1601 3725 damni
1654 3674 1966 3727 Hermanm'

295 3758 605 3822 Contracti,
668 3766 719 3811 et
762 3757 1021 3827 discipuli
1089 3772 1203 3828 ejus
1248 3757 1532 3813 Bertholdi
1577 3766 1737 3830 atque
1774 3759 1966 3815 damni

291 3845 571 3902 Bernoldi
588 3844 893 3917 presbyteri
920 3845 979 3901 S.
1028 3844 1225 3901 Blasii.
1276 3844 1381 3901 Hic
1439 3846 1627 3902 fontes
1663 3847 1841 3903 simul
1873 3847 1961 3903 in-

289 3935 582 3990 dicantur
609 3933 766 3989 unde
795 3950 905 3989 sua
929 3933 1257 3989 hauserunt
1287 3933 1505 3990 codicis
1532 3934 1708 3991 istius
1744 3936 1964 4007 compi-

287 4023 545 4091 latores,
595 4015 890 4093 simulque
939 4026 1135 4094 aperte
1179 4025 1417 4078 notatur
1463 4022 1766 4079 distinctio
1813 4025 1964 4080 inter

287 4113 514 4168 ambos
528 4110 850 4167 Hermanni
863 4110 1323 4179 continuatores,
1339 4110 1723 4168 Bertholdum
1738 4112 1964 4169 scilicet

285 4202 425 4273 ejus
438 4199 893 4272 discipulum,et
906 4198 1527 4255 Bernoldum.S.Blasii
1547 4203 1959 4274 presbyterum

2074 3137 2219 3190 forte
2246 3136 2575 3192 successive
2621 3135 2949 3199 alumnum,
2994 3135 3162 3188 illum
3204 3140 3398 3189 tamen
3446 3136 3714 3192 Chronici

2074 3223 2252 3295 hujus
2270 3224 2449 3279 fuisse
2464 3224 2804 3296 scriptorem
2825 3222 3067 3278 dubium
3087 3222 3278 3278 adhuc
3297 3240 3602 3280 remanere
3625 3243 3721 3298 po-

2072 3316 2204 3368 test.
2236 3312 2381 3380 Quid
2415 3312 2571 3367 enim
2603 3328 2791 3367 causae
2822 3312 2900 3366 sit
2928 3328 3034 3367 cur
3061 3311 3187 3384 ipse
3222 3311 3445 3367 nullam
3471 3312 3717 3385 prersus

2073 3400 2165 3456 sui
2198 3401 2558 3467 monasterii,
2592 3401 2762 3471 cujus
2793 3400 2977 3456 abbas
3016 3400 3351 3472 postulatus
3385 3402 3578 3467 fuerit,
3615 3403 3718 3459 sed

2073 3489 2250 3545 unius
2271 3491 2554 3545 duntaxat
2575 3490 2662 3545 sui
2689 3489 3077 3545 Son-Blasioni
3093 3490 3450 3546 mentionem
3473 3491 3719 3547 fecerit?

2073 3578 2337 3634 Occurrit
2366 3578 2445 3633 ibi
2495 3579 2733 3649 quidem
2785 3578 2855 3632 ad
2910 3596 3004 3633 an.
3059 3579 3216 3647 1120,
3269 3580 3371 3635 sed
3402 3580 3719 3636 recentiore

2073 3684 2252 3722 manu
2285 3667 2512 3738 adjecta
2559 3667 2678 3722 haec
2726 3671 2899 3722 nota:
2951 3667 3149 3723 Eodem
3197 3684 3342 3721 anno
3391 3670 3601 3738 incepta
3642 3677 3723 3723 est

2073 3756 2191 3812 haec
2223 3756 2363 3812 cella
2389 3757 2457 3811 ab
2486 3758 2685 3812 abbate
2711 3756 3053 3823 Adschelino,
3077 3772 3177 3810 seu
3222 3757 3414 3809 verius
3445 3755 3518 3808 ab
3549 3756 3715 3810 Adel-

2072 3844 2288 3911 helmo,
2323 3847 2422 3917 qui
2454 3863 2548 3900 an.
2583 3846 2743 3911 1124,
2776 3845 2924 3899 Non.
2955 3843 3162 3915 April.,
3195 3860 3228 3897 a
3268 3842 3504 3899 Callisto
3534 3843 3577 3898 Il
3610 3842 3719 3915 pri-

2073 3933 2346 4005 vilegium
2382 3932 2844 3989 confirmationis
2876 3932 3118 4004 accepit,
3152 3931 3425 4003 idemque
3456 3949 3549 3988 an.
3582 3934 3722 3989 1125

2073 4023 2145 4077 ab
2178 4021 2444 4077 Heinrico
2478 4021 2514 4077 V
2546 4020 2688 4093 imp.
2732 4021 3053 4092 (IIERRGO’I‘T
3086 4021 3284 4076 Geneal
3312 4022 3540 4089 Habsb.,
3572 4025 3717 4079 tom.

2075 4110 2144 4177 II,
2175 4127 2232 4183 p.
2266 4110 2412 4181 443),
2447 4109 2507 4165 in
2541 4111 2711 4182 cujus
2741 4110 3060 4183 diplomate
3093 4108 3360 4183 regulare
3389 4110 3498 4167 hoc
3522 4128 3720 4168 moneo

2072 4199 2315 4254 sterium
2348 4203 2609 4271 tempore
2641 4198 2872 4255 Henrici
2908 4199 3102 4270 quarti
3143 4196 3297 4271 regis
3317 4199 3719 4255 Romanorum

282 4290 506 4346 ambos
528 4289 592 4344 in
616 4305 799 4344 unum
840 4288 1199 4344 Bernoldum
1243 4289 1755 4346 Constantiensem
1798 4306 1961 4363 pres-
2072 4287 2387 4344 honoriﬁce
2417 4292 2821 4344 constructum
2853 4287 3083 4343 dicitur.
3132 4288 3277 4342 Cum
3309 4303 3446 4361 ergo
3478 4287 3719 4359 illejam

281 4380 574 4453 byterum
604 4377 914 4450 hucusque
945 4394 1220 4450 peperam
1252 4378 1563 4434 confusos:
1989 4400 2035 4464 Β
2073 4393 2167 4432 an.
2205 4378 2343 4431 1106
2373 4375 2602 4443 obierit,
2623 4377 2749 4447 jam
2772 4376 3042 4431 tumhaec
3064 4376 3212 4431 cella
3234 4379 3571 4432 constructa
3591 4393 3720 4464 esse

353 4466 459 4523 ΧΙ.
497 4466 608 4522 His
643 4465 883 4521 demum
935 4465 1164 4522 codices
1213 4465 1311 4521 isti
1364 4465 1689 4537 subjiciunt
1737 4484 1864 4538 qua:
1896 4467 1957 4523 in
1990 4462 2023 4464 _
2066 4464 2288 4530 debuit,
2325 4481 2429 4520 nec
2452 4465 2594 4520 adeo
2619 4464 2874 4536 primum
2900 4482 2993 4520 an.
3022 4465 3451 4536 1120ineuepta,
3479 4468 3545 4519 ut
3568 4462 3719 4519 male

279 4557 404 4611 ﬁne
431 4554 578 4609 libri
610 4553 783 4625 primi
808 4554 1067 4609 chronici
1098 4552 1419 4625 Reginonis
1445 4552 1725 4626 leguntur
1754 4556 1825 4610 ad
1859 4572 1961 4611 an-
2071 4552 2180 4607 fert
2209 4552 2364 4606 dicta
2393 4551 2782 4624 interpolatio,
2816 4569 2943 4624 quae
2974 4552 3147 4608 etiam
3179 4552 3342 4606 deest
3374 4553 3430 4607 in
3456 4552 3582 4623 ipso
3612 4551 3719 4605 hu-

285 4662 439 4700 num
477 4644 631 4699 741:
680 4644 970 4715 Hucusque
1016 4658 1248 4712 regnum
1299 4642 1665 4699 Romanorum
1718 4660 1788 4699 ea:
1835 4643 1964 4699 hinc
2063 4641 2164 4709 jus
2198 4639 2467 4694 Chronici
2499 4639 2814 4711 exemplari
2847 4638 3335 4712 Engelbergensi:
3372 4639 3471 4695 ubi
3513 4644 3716 4696 tamen

285 4735 644 4789 Francorum
674 4736 1039 4803 supputetur:
1065 4748 1191 4802 quae
1228 4729 1430 4802 utique
1460 4732 1676 4786 rectius
1708 4732 1779 4786 ad
1806 4732 1962 4787 hunc
2072 4726 2182 4781 alia
2204 4744 2237 4782 a
2257 4728 2515 4782 secunda
2537 4745 2713 4782 manu
2736 4728 3094 4793 inseruntur,
3121 4727 3226 4791 uti,
3253 4743 3348 4782 an.
3371 4730 3513 4783 1125
3529 4728 3720 4785 obitas

288 4820 525 4877 annum
549 4818 845 4891 pertinere
864 4820 1158 4884 videntur,
1182 4836 1299 4889 quo
1320 4825 1481 4890 patre
1505 4818 1706 4875 Carolo
1732 4826 1961 4876 mortuo
2069 4817 2317 4871 Conradi
2336 4816 2823 4872 deSeldeuburen
2846 4817 3206 4883 t'undatoris;
3232 4834 3325 4873 an.
3347 4818 3504 4884 1131,
3522 4820 3718 4873 obitus

288 4909 589 4982 Pippinus
610 4908 882 4963 secundis
910 4906 1123 4980 stirpis
1151 4923 1356 4979 regum
1378 4907 1732 4964 Francorum
1750 4925 1962 4980 parens
2070 4905 2112 4959 B
2162 4904 2484 4961 Adelhelmi
2513 4923 2526 4973 ;
2558 4921 2651 4959 an.
2687 4906 2847 4974 1178,
2880 4905 3092 4961 do'mus
3138 4906 3450 4962 Frowinus
3480 4923 3717 4964 venera-

286 5000 555 5070 primum
588 5001 901 5069 potestate,
933 4996 1065 5052 dein
1096 5013 1193 5053 an.
1214 4996 1327 5052 752
1347 4996 1582 5053 nomine
1602 5012 1834 5069 quoque
1864 5015 1952 5054 re-
2060 4994 2196 5050 bilis
2223 4995 2405 5050 abbas
2428 4998 2626 5049 noster
2652 4993 2697 5049 ΙΙ
2727 4994 3023 5058 decessit;
3047 4996 3183 5051 item
3210 5013 3303 5052 an.
3337 4997 3491 5064 H97,
3520 4998 3717 5053 obitus

286 5088 381 5158 gio
414 5087 667 5142 Francis
699 5087 990 5160 imperare
1029 5085 1224 5159 ccepit,
1266 5101 1444 5158 quam
1477 5086 1546 5140 ad
1578 5103 1800 5142 annum
1825 5087 1952 5154 726,
2062 5089 2125 5139 B.
2149 5083 2447 5139 Bertholdi
2470 5101 2593 5152 ;aa.
2615 5085 2776 5151 1125,
2797 5084 3086 5140 Heinricil
3113 5104 3241 5154 ;an.
3270 5087 3426 5143 1241.
3462 5084 3714 5163 Heinrici

289 5192 407 5247 quo
442 5176 503 5232 in
536 5175 843 5249 plerisque
891 5174 1066 5232 etiam
1121 5174 1295 5230 editis
1343 5176 1645 5241 notantur,
1694 5179 1955 5248 tempore
2064 5173 2134 5241 ΙΙ,
2166 5176 2223 5228 et
2253 5189 2346 5227 an.
2379 5172 2542 5239 1250,
2587 5172 2899 5228 Wernberi
2940 5173 3220 5229 abbatum
3266 5174 3509 5230 celebris
3541 5172 3714 5227 istius

275 5281 536 5339 prorsus
568 5264 1026 5337 incompetente.
1058 5262 1241 5320 Caroli
1275 5261 1497 5319 scilicet
1518 5262 1787 5335 Martelli,
1811 5265 1953 5321 dum
2063 5261 2424 5318 monasterii.
2456 5262 2592 5326 Quae
2626 5262 2806 5334 igitur
2837 5267 3038 5334 postea
3067 5264 3268 5320 addita
3299 5263 3479 5317 fuisse
3512 5260 3713 5331 viden-

279 5354 488 5411 adhuc
517 5352 906 5426 Merovingici
933 5352 1134 5426 primae
1186 5351 1388 5424 stirpis
1438 5366 1604 5424 reges
1632 5356 1945 5425 preaerant.
2060 5356 2159 5410 tur
2178 5351 2315 5408 huic
2329 5349 2739 5408 San-Blasiani
2761 5352 3067 5426 scriptoris
3087 5351 3370 5410 Chronico
3393 5366 3427 5407 a
3454 5350 3713 5425 quodam

286 5441 586 5516 Quamvis
615 5441 763 5535 alias
796 5441 1196 5505 Romanorum
1225 5455 1474 5517 regnum
1502 5439 1681 5502 tinem
1701 5442 1831 5521 jam
1856 5459 1951 5505 an.
2064 5439 2523 5520 Engelbergensi
2549 5440 2860 5518 monacho,
2883 5442 3004 5505 sive
3024 5442 3296 5503 defuncto
3319 5439 3469 5518 jam,
3500 5440 3619 5503 sive
3638 5441 3714 5515 ad
