4124 6188
248 286 312 346 u
454 248 467 261 ’
1134 232 1665 348 bissemm
1709 285 1809 345 ns
1854 286 1894 346 Η

2006 256 2267 347 .MANNI
2315 262 2734 350 cuaoNico.
3560 258 3638 354 is

249 390 444 483 dum}:
871 388 1295 486 vetustissian
1320 427 1569 477 nostrum
1597 419 1887 486 librum,et
1998 418 2153 475 sium
2182 420 2360 476 sentit
2393 436 2405 475 :
2439 422 2655 492 partim
2681 421 2931 496 denique
2968 426 3031 483 et
3069 388 3444 495 potissimum
3481 392 3639 498 quod

810 521 1032 577 acuum.
1084 507 1200 581 Nec
1247 507 1346 565 diu
1395 512 1595 571 tamen
1643 506 1893 564 Fabaris:

250 594 484 667 haesisse
514 582 1289 665 videturAugiensiscodex,
1314 597 1441 666 jam
1463 600 1589 659 tum
1622 594 1893 652 vetustis-

252 685 436 738 simus
461 681 726 748 habitus,
759 682 830 737 ad
864 682 1058 738 locum
1080 682 1329 756 originis
1352 700 1473 749 suae
1491 685 1636 741 forte
1650 685 1772 755 jam
1796 671 1892 739 an.

249 769 375 839 1364
405 786 699 841 reversus,
719 786 835 843 quo
868 769 1131 841 ﬂammis
1160 772 1337 844 periit
1370 771 1633 833 Fabaria.
1665 775 1813 829 Ante
1833 773 1897 828 ﬁ-

246 874 370 933 nam
392 854 605 933 saltem
626 857 830 929 saeculi
852 875 944 925 xlv
957 859 1091 929 iam
1106 859 1304 933 Augie
1331 860 1514 929 fuisse
1530 860 1893 930 restitutum,

246 944 664 1021 argumentosa
673 950 737 1015 nt
758 936 1236 1020 interpolationes
1247 948 1321 1003 ab
1338 964 1404 1004 eo
1416 954 1679 1021 tempore
1693 949 1895 1021 Augiae

245 1035 296 1093 in
325 1035 522 1108 codice
552 1034 658 1101 illo
690 1037 1008 1108 faciemque
1030 1053 1146 1102 non
1168 1036 1464 1093 habentur
1484 1038 1543 1092 in
1565 1037 1893 1093 Einsidlen-

245 1116 290 1195 si
308 1096 845 1207 sitientum,
859 1125 1005 1189 bene
1027 1110 1161 1182 vero
1184 1111 1241 1180 in
1264 1126 1730 1199 Augustano,qui
1752 1127 1894 1183 adeo

246 1204 587 1281 Einsidlensi
619 1202 910 1287 poeterior
938 1207 1047 1270 est.
1081 1210 1200 1289 Sic,
1238 1208 1486 1286 exempli
1516 1214 1724 1287 gratia,
1759 1220 1897 1273 ante

244 1294 458 1381 annum
485 1294 685 1383 seem
714 1290 1005 1372 superiori
1036 1302 1305 1377 margine
1334 1318 1514 1357 vacuo
1546 1301 1667 1357 haec
1697 1307 1897 1359 notata

245 1386 458 1456 suntin
488 1380 781 1461 Augiensip
822 1408 837 1461 ξ
883 1389 1034 1445 Nota
1083 1407 1097 1446 :
1147 1386 1470 1447 Burkardus
1515 1392 1792 1463 episcopus
1830 1390 1898 1449 de

242 1476 436 1549 Havet:
466 1538 472 1547 ,
499 1463 1000 1557 fuiILintroduclus
1072 1477 1443 1542 Constantiam
1499 1482 1700 1551 quarta
1752 1480 1897 1551 feria

412 1550 869 1647 adsumptionem
935 1550 1111 1638 [iecisti
1174 1569 1410 1638 Virginis
1463 1550 1609 1623 anno
1675 1550 1893 1640 [MCCC]

241 1636 521 1712 LXXXVIII
545 1636 1030 1711 ablinca'rnotione
1062 1636 1326 1721 Domini;
1371 1664 1421 1712 et
1470 1664 1595 1713 ante
1633 1636 1896 1727 proxima

239 1746 419 1817 tertio,
440 1744 959 1827 [moventi/evehat
986 1744 1154 1825 mihi
1206 1745 1466 1800 Heinriro
1512 1748 1715 1805 Leman
1770 1748 1889 1801 et...

239 1824 474 1913 Iohanni
732 1828 913 1901 Ulrico
939 1820 1121 1903 foeda,
1149 1826 1282 1904 qua;
1308 1833 1470 1911 vulgo
1499 1832 1763 1889 dicuntur
1790 1833 1893 1893 des

238 1911 553 1976 Hantelars
598 1911 773 1975 leben
807 1916 821 1977 ἑ
854 1928 908 1976 et
942 1918 1100 1992 pater
1127 1930 1310 1977 noster
1355 1923 1641 1977 Heinricus
1685 1923 1892 1978 Leman

716 2008 1057 2075 moriebatur.
1102 2010 1389 2073 LXXXVIII
1432 2013 1494 2067 in
1528 2011 1764 2081 jejunio,
1797 2011 1895 2065 ubi

232 2096 491 2176 cantetur
518 2090 820 2169 Sitientes‘,
853 2097 951 2168 qui
977 2098 1110 2152 emit
1135 2098 1404 2169 praedicta
1432 2098 1591 2169 fecda
1606 2115 1707 2170 pro
1736 2100 1892 2155 Will-

442 2162 679 2243 Gochdn.
703 2162 836 2273 alia
856 2162 1065 2257 adhuc,
1081 2162 1151 2241 in'
1171 2186 1373 2243 vacuis
1399 2162 1689 2249 annorum
1711 2188 1816 2241 988
1837 2193 1896 2243 et

234 2274 587 2355 seq.spatiis,
702 2272 909 2355 eadem
937 2291 1114 2355 manu
1128 2276 1409 2355 apposita
1423 2276 1755 2331 continetur
1773 2276 1895 2339 hinc

231 2351 400 2443 Nolg,
430 2356 596 2453 .quod
1243 2366 1355 2435 fuit
1408 2363 1565 2420 valde
1618 2364 1894 2428 mirabilis

231 2453 295 2509 ab
318 2442 718 2509 incurrialione
741 2442 991 2519 Domini,
1013 2452 1074 2507 In
1093 2442 1425 2508 Alamannia
1448 2455 1673 2525 fuerunt
1707 2453 1895 2508 multae

457 2544 654 2599 Primo
711 2540 863 2610 Liga.
900 2542 1081 2611 tradit
1137 2540 1207 2595 ad
1264 2542 1579 2607 Bovarium,
1624 2542 1894 2597 destruxit

232 2630 309 2703 ibi
579 2600 1043 2687 vilici.
1072 2629 1141 2705 de
1174 2610 1530 2698 Wirlemberg
1557 2600 1748 2691 liabuil
1779 2630 1893 2691 bel-

229 2710 347 2776 lum
542 2708 698 2789 Libo.
731 2710 926 2791 Eodem
956 2733 1102 2783 anno
1145 2716 1252 2773 duo
1296 2721 1465 2774 etiam
1510 2719 1669 2774 duces
1716 2720 1890 2780 Bova-

230 2795 334 2868 νίὲ
364 2794 661 2867 Deminica
690 2807 779 2864 die
802 2794 931 2871 ante
972 2808 1362 2886 Bcrtholomaei
1391 2808 1623 2879 apostoli
1649 2816 1699 2864 et
1727 2810 1891 2864 victo-

227 2894 381 2954 riam
412 2896 744 2966 habuerunt,
791 2900 845 2952 et
891 2894 957 2951 de
1006 2896 1137 2967 Liga
1182 2897 1347 2953 occisi
1389 2899 1615 2968 [uerunt
1659 2901 1893 2967 quatuor

226 2989 419 3065 ouilia
449 2973 753 3041 hominem.
790 2985 865 3041 De
897 2972 1215 3065 Constantia
1241 2986 1413 3040 evasit
1441 3001 1606 3051 unus,
1648 2985 1715 3040 de
1754 2987 1891 3041 Lin-

227 3063 439 3148 dnugia'
469 3076 682 3142 nullus,
716 3074 782 3130 de
811 3068 867 3129 S.
903 3063 1055 3145 Gallo
1083 3090 1246 3141 unus,
1279 3073 1345 3149 de
1386 3074 1605 3129 Basilea
1643 3075 1770 3133 duo.
1814 3077 1888 3128 Et

2000 508 2389 579 descriptores
2414 510 2591 565 variis
2619 509 2677 565 in
2708 510 2850 567 locis
2870 511 3202 579 existentes,
3216 512 3639 585 factisgon’erar

1996 596 2178 663 libus,
2229 602 2332 652 aut
2361 614 2491 668 quae
2521 598 2632 654 sibi
2664 599 2855 671 magis
2884 599 3239 669 arridebant,
3266 600 3646 663 retentis'raut

2000 686 2313 741 contractis
2368 690 2428 741 et
2483 685 2721 745 omissis
2766 686 3244 759 particularibus,
3282 686 3474 749 aliena
3510 687 3647 751 loca

2001 788 2103 827 seu
2130 772 2397 845 regiones
2426 774 2849 846 spectantibus,
2876 792 3082 835 eorum
3112 775 3239 834 loco
3288 775 3648 837 inseruerint

1998 860 2102 915 illa
2127 878 2258 932 quae
2281 861 2595 932 provinciis
2618 862 2719 923 ubi
2737 864 3072 925 scribebant
3099 864 3288 937 magis
3315 864 3647 939 propriavir

2000 948 2322 1015 dabantur;
2356 951 2527 1020 cujus
2560 951 2641 1005 rei
2671 950 3003 1024 exemplum
3027 953 3112 1008 vel
3134 952 3297 1025 solus
3321 953 3645 1015 Beroaldus

1998 1054 2136 1093 cum
2168 1038 2500 1094 Hermanno
2543 1039 2792 1099 collatus
2832 1039 3372 1101 luculentissimum
3404 1043 3641 1115 praebet.

1999 1126 2188 1196 Atque
2218 1126 2356 1182 hinc
2387 1128 2529 1182 dum
2556 1127 2651 1182 alii
2685 1127 2771 1183 vel
2794 1144 2864 1185 ex
2884 1130 3119 1201 propria
3139 1131 3345 1187 notitia
3360 1130 3645 1189 nonnulla

2003 1215 2127 1269 suis
2178 1214 2611 1283 exemplaribus
2659 1222 3077 1288 opposuerunt,
3110 1217 3197 1274 vel
3246 1223 3313 1274 ut
3356 1219 3643 1291 scriptum

2001 1319 2176 1358 suum
2203 1309 2577 1375 augerent,ex
2606 1304 2967 1367 diversorum
2988 1304 3288 1363 chronicis
3317 1306 3486 1378 plura
3513 1307 3646 1371 ado-

2002 1396 2265 1462 ptarunt,
2316 1408 2462 1448 nova
2487 1393 2658 1463 quasi
2707 1392 3042 1465 compilatio
3088 1392 3365 1453 chronica
3392 1395 3644 1466 prodire,

2003 1480 2226 1548 debuit,
2249 1481 2351 1537 uni
2381 1486 2576 1537 tamen
2606 1482 2916 1554 eidemque
2939 1496 3090 1553 saepe
3122 1482 3346 1545 auctori
3371 1482 3647 1556 ascripta,

2005 1574 2073 1624 ut
2102 1585 2281 1641 supra
2308 1568 2368 1624 in
2392 1570 2655 1631 Murensi
2678 1570 2883 1631 codice
2903 1570 3360 1631 observavimus.

2073 1661 2299 1714 Auxere
2313 1648 2539 1721 malum
2554 1663 2611 1713 et
2624 1658 3030 1721 confusionem
3040 1659 3422 1728 editores,aut
3435 1659 3651 1733 saepius

2003 1763 2177 1802 aman
2187 1747 2522 1818 uenses,qui
2542 1763 2906 1825 quaecunque
2924 1747 2986 1807 in
3008 1747 3136 1804 suis
3153 1748 3457 1810 codicibus
3475 1748 3654 1813 unde—

2000 1852 2234 1907 cunque
2261 1835 2501 1891 demum
2532 1840 2734 1893 assuta
2762 1835 3057 1908 legebant,
3080 1840 3255 1895 notas
3282 1836 3459 1901 etiam
3482 1852 3651 1901 ,marr

1999 1922 2245 1995 ginales,
2275 1929 2333 1979 et
2359 1939 2742 1996 quascunque
2784 1923 3283 1996 interpolatienes,
3317 1941 3385 1991 ac
3404 1924 3454 1981 si
3474 1923 3650 1996 primi

2002 2012 2257 2067 auctoris
2313 2013 2502 2068 forent
2553 2012 2722 2082 cujus
2766 2028 2980 2071 nomen
3022 2012 3430 2084 praeferebant,
3486 1998 3649 2069 nullo

2001 2102 2103 2155 aut
2132 2116 2307 2170 parvo
2326 2100 2525 2156 habito
2546 2099 2966 2167 delectu,nulla
2984 2101 3246 2157 adhibita
3268 2100 3469 2165 sobria
3486 2100 3644 2170 crisi,

2001 2189 2113 2243 sub
2144 2188 2273 2258 ejus
2302 2188 2538 2244 nomine
2566 2187 2901 2260 vulgarunt,
2932 2188 3005 2245 de
3052 2187 3207 2247 mole
3241 2189 3437 2262 potius
3466 2204 3646 2260 quam

2001 2276 2073 2330 de
2100 2277 2339 2332 veritate
2363 2282 2421 2332 et
2450 2276 2785 2334 sinceritate
2812 2276 3079 2347 solliciti;
3131 2278 3290 2349 quod
3314 2277 3646 2339 1sinistrum

2002 2363 2187 2420 fatum
2219 2365 2551 2420 Hermanno
2581 2370 2781 2423 nostro
2823 2366 3115 2439 pmcipue
3142 2365 3371 2441 obtigit.
3402 2367 3503 2423 Ast
3526 2406 3529 2409 ι
3553 2365 3649 2423 cui

2001 2453 2242 2510 demum
2274 2454 2425 2510 bono
2455 2454 2578 2510 haec
2605 2454 2843 2511 omnia?
2871 2454 3093 2527 Nempe
3141 2458 3208 2512 ut
3254 2456 3478 2517 frustra
3504 2454 3647 2519 Her,

2004 2558 2259 2598 manuus
2279 2543 2337 2597 in
2370 2542 2704 2598 Hermanno
2729 2547 3110 2616 quzeratur,et
3145 2544 3443 2616 genuinus
3459 2560 3495 2603 s
3513 2559 3651 2617 spu-

2003 2631 2087 2686 rio
2110 2630 2364 2688 discerni
2393 2631 2636 2688 minime
2664 2632 3132 2704 possit,ac,‘quod
3164 2631 3422 2689 historica
3436 2631 3646 2705 patria

1999 2719 2155 2775 haud
2188 2736 2398 2791 parum
2429 2719 2697 2788 ofﬁcit,in
2714 2721 2910 2779 varios
2927 2736 3153 2778 errores
3168 2721 3527 2780 inducantur
3547 2722 3651 2776 aut

1998 2810 2416 2879 perturbentur
2443 2808 2651 2864 saltem
2682 2810 3048 2882 sagacissimi
3080 2808 3226 2869 alias
3254 2806 3644 2882 ejusdemine

1998 2897 2399 2969 vestigatores.
2416 2897 2477 2952 Id
2511 2914 2691 2969 supra
2719 2898 2779 2954 in
2812 2897 3149 2957 Mabillonio
3169 2903 3228 2956 et
3246 2895 3648 2977 Bollandianis

1999 2985 2414 3057 hagiograpbis
2427 2986 3299 3060 testatumdedimus,aliudque
3312 2985 3645 3059 exemplum

2000 3074 2058 3128 in
2090 3073 2437 3129 Hartmanni
2467 3073 2793 3130 Annalibus
2823 3075 3015 3129 Eremi
3046 3075 3538 3146 habemus,quem
3560 3073 3647 3128 in-

224 3164 301 3220 est
332 3158 484 3220 illud
518 3163 723 3225 bellum
744 3162 959 3247 factum
984 3162 1149 3247 penes
1179 3160 1496 3221 Richenwil.
1526 3162 1731 3217 Studio
1762 3162 1884 3218 haec
1914 3157 1957 3222 C
1996 3160 2409 3234 terpolationcs
2448 3162 2770 3217 Canisianaa
2817 3161 3090 3217 editionis
3146 3163 3220 3219 ad
3277 3179 3370 3218 an.
3421 3162 3528 3221 9&7
3568 3160 3642 3215 de

226 3252 585 3326 opponenda
614 3238 975 3343 censuimus,
1003 3240 1157 3323 quod
1179 3251 1353 3306 etiam
1387 3249 1608 3306 laciniae
1634 3251 1884 3306 subinde

230 3342 307 3397 ad
332 3341 650 3397 historiam
682 3334 881 3413 patriae
910 3337 1320 3407 illustrandam
1355 3336 1675 3395 conferant.
1708 3339 1882 3395 Caete-

226 3447 365 3486 rum
398 3428 773 3485 Einsidlense
822 3427 980 3483 istud
1010 3425 1411 3499 apographum
1441 3426 1501 3482 in
1542 3429 1887 3483 membrana

222 3520 439 3575 (omne
468 3522 688 3590 quartae
716 3506 1081 3588 descriptum
1102 3518 1443 3587 Augustano
1474 3515 1660 3593 multo
1691 3532 1886 3572 emen-
1946 3526 1950 3531 '

218 3598 430 3664 daﬁus
454 3594 679 3671 est,nec
699 3608 897 3661 tamen
921 3604 1047 3685 sine
1062 3604 1270 3660 erratis
1287 3603 1576 3660 chronicis
1596 3609 1653 3660 et
1665 3602 1887 3661 addita-

218 3692 783 3753 mentisﬂermanni
795 3692 1032 3767 genuini
1046 3695 1270 3749 aetatem
1287 3693 1530 3749 minime
1541 3693 1883 3749 ferentibus.

220 3781 529 3857 Singulari
548 3788 746 3840 autem
765 3788 1008 3856 prorsus
1028 3781 1147 3837 fato
1168 3782 1381 3838 accidit
1402 3787 1466 3837 ut
1484 3782 1688 3838 eodem
1708 3783 1887 3838 ferme

218 3879 503 3948 tempore
533 3872 803 3944 uterque,
835 3870 1010 3944 quem
1042 3858 1139 3926 hic
1175 3870 1428 3939 edimus,
1460 3870 1779 3926 Hermanni
1800 3886 1891 3926 co-

219 3962 336 4017 dex
369 3960 452 4017 ad
486 3960 836 4017 Fabariense
860 3957 1285 4014 monasterium
1310 3957 1888 4030 devenerit,Augien-

215 4050 304 4106 sis
332 4049 657 4113 nimirum,
685 4052 751 4104 ut
778 4061 917 4103 mox
959 4046 1238 4113 vidimus,
1270 4050 1327 4101 et
1356 4045 1718 4102 Monacensis
1749 4047 1890 4101 Ber-

217 4139 439 4204 noldi;
489 4124 647 4211 quod
695 4137 894 4209 ipsum
945 4138 1293 4208 argumento
1339 4138 1428 4191 est
1483 4133 1708 4190 litteras
1745 4134 1891 4191 inibi

216 4226 435 4283 adhuc
462 4224 679 4281 seculo
706 4241 806 4282 xxv
834 4222 1063 4298 egregie
1093 4222 1273 4279 fuisse
1301 4222 1579 4279 excultas.

285 4314 480 4391 XVII.
516 4306 599 4370 Ex
627 4313 721 4371 his
749 4328 922 4386 porro
955 4311 1221 4392 codicum
1253 4311 1669 4368 Hermanniani
1708 4300 1892 4368 Chro~

218 4405 343 4461 uici
379 4390 889 4476 descriptionibus
918 4390 1086 4483 facile
1108 4400 1233 4471 jam
1258 4400 1369 4455 erit
1398 4400 1718 4479 dijudicare
1739 4402 1895 4457 unde

1994 3248 2342 3306 Thietlando
2371 3248 2602 3319 abbate,
2634 3252 2693 3304 et
2714 3249 2786 3304 ad
2814 3266 2908 3305 an.
2940 3250 3047 3305 940
3078 3266 3092 3305 :
3128 3249 3419 3320 Gregorius
3445 3251 3499 3309 ll
3523 3250 3639 3305 Pa-

1992 3346 2093 3405 ler,
2126 3342 2258 3405 etc.,
2291 3337 2438 3393 mire
2476 3338 2847 3409 torquebant,
2880 3354 3014 3395 cum
3043 3341 3240 3395 tamen
3268 3338 3329 3395 in
3359 3331 3641 3413 Augiensi

1992 3426 2221 3500 legatur
2253 3442 2267 3480 ι
2300 3425 2589 3496 Gregorius
2617 3435 2839 3482 sanctus
2866 3429 3054 3485 Pater.
3294 3482 3299 3489 ,
3414 3484 3417 3489 ,
3476 3464 3497 3491 .,

2063 3516 2175 3572 Sed
2206 3514 2349 3571 satis
2360 3516 2488 3586 jam
2511 3517 2581 3571 de
2604 3516 2772 3575 factis
2800 3515 3107 3588 hucusque
3126 3516 3443 3581 Hermanni
3464 3518 3640 3579 Chro-

1995 3604 2111 3660 nici
2168 3602 2525 3661 cditionibus
2582 3621 2745 3675 aeque
2794 3622 2860 3660 ac
2907 3621 3051 3661 mss.
3085 3606 3387 3663 codicibus
3418 3611 3639 3676 actum,

1994 3692 2150 3747 unde
2181 3691 2357 3747 simul
2392 3708 2551 3747 novae
2575 3691 2847 3748 editionis
2877 3709 2946 3748 ex
2975 3692 3230 3765 genuino
3251 3694 3448 3749 codice
3468 3694 3639 3750 ador-

1997 3781 2204 3837 nanda:
2233 3779 2552 3835 necessitas
2582 3784 2760 3851 patet,
2794 3780 2865 3835 de
2902 3797 3019 3851 qua
3057 3781 3183 3852 jam
3231 3779 3501 3852 pluribus
3551 3780 3642 3835 di-

1995 3870 2267 3935 cendum,

2152 3959 2180 4026 §
2214 3958 2310 4012 III.
2343 3988 2411 3996 —
2439 3958 2600 4013 Novae
2626 3956 2882 4013 editionis
2908 3957 3206 4019 consilium
3226 3962 3279 4015 et
3305 3960 3501 4029 fontes.

2070 4046 2267 4102 XVIII.
2296 4045 2399 4101 Hic
2428 4061 2562 4102 vero
2592 4044 2886 4118 imprimis
2914 4044 3117 4102 mirari
3136 4046 3296 4111 subit
3318 4062 3421 4103 cur
3445 4034 3648 4102 nullus

1999 4151 2201 4193 eorum
2216 4134 2313 4207 qui
2330 4134 2730 4190 Hermannum
2744 4135 2855 4191 sibi
2869 4134 3227 4207 vulgandum
3242 4137 3648 4209 sumpserunt;

2001 4224 2072 4281 de
2110 4223 2383 4296 Augiensi
2431 4222 2711 4295 primario
2760 4223 2919 4280 fonte
2964 4222 3253 4297 cogitarit,
3287 4225 3403 4285 sed,
3439 4237 3648 4280 omnes

2008 4312 2285 4369 derivatis
2313 4313 2598 4367 duntaxat
2644 4328 2713 4367 ex
2756 4329 2824 4368 eo
2873 4312 3077 4369 rivulis
3120 4312 3338 4369 fuerint
3366 4310 3647 4379 contenti,

2002 4401 2100 4473 qui
2121 4417 2235 4472 quo
2255 4399 2487 4472 longius
2505 4418 2538 4455 a
2557 4417 2665 4457 sua
2681 4401 3038 4475 scaturigine
3058 4403 3275 4459 abeunt
3303 4418 3372 4458 eo
3391 4400 3649 4473 amplius

216 4497 399 4549 tanta
430 4491 496 4547 in
528 4488 703 4548 editis
730 4478 1043 4547 diversitas
1088 4505 1258 4545 suam
1307 4488 1548 4545 traxerit
1584 4488 1890 4564 originem,
1928 4523 1972 4588 Ι)
2006 4489 2197 4546 alieno
2228 4506 2410 4560 eoque
2441 4489 2688 4546 subinde
2716 4489 3006 4549 lutulento
3035 4491 3256 4546 afﬂuxu
3284 4491 3648 4588 excrescunt.

214 4597 288 4639 ex
321 4598 459 4638 una
488 4595 700 4653 nempe
730 4579 1024 4646 codicum,
1058 4578 1277 4651 quibus
1307 4577 1399 4634 usi
1440 4583 1579 4634 sunt
1625 4579 1896 4645 editores,

214 4671 543 4727 varietate.
567 4673 731 4725 Hanc
761 4684 897 4724 vero
922 4667 1169 4724 diversis
1197 4683 1268 4723 ex
1294 4666 1492 4723 causis
1522 4668 1897 4740 repetendam

220 4760 633 4814 arbitramur:
653 4756 869 4829 partim
898 4772 971 4835 ex
1001 4756 1251 4811 nimium
1280 4755 1625 4828 scrupulosa
1654 4756 1900 4828 scripto-

221 4863 368 4903 rum
396 4845 736 4919 diligentia,
774 4861 891 4917 qua
919 4845 1192 4917 permoti,
1220 4861 1348 4916 quae
1379 4844 1544 4916 prius
1572 4849 1898 4911 exararant,

220 4936 548 4991 identitem
584 4939 901 4991 retractare
941 4937 1000 4989 et
1046 4932 1446 4989 emendatiora
1474 4934 1661 5006 magis
1682 4932 1900 5007 magis-

221 5039 353 5095 que
385 5024 636 5079 reddere
664 5010 1090 5089 al'laborarunt,
1118 5021 1279 5093 quod
1326 5020 1527 5076 Oefelii
1568 5025 1625 5076 et
1673 5020 1901 5078 Urstisii

222 5110 623 5169 deBernoldi
647 5111 849 5181 codice
862 5109 1157 5182 judicium
1187 5113 1297 5177 est,
1327 5109 1594 5182 quoipso
1614 5110 1807 5182 priora
1835 5127 1904 5167 ex

220 5201 309 5256 iis
347 5199 701 5272 apographa
720 5216 758 5256 a
779 5198 1216 5273 posterioribus
1240 5198 1446 5270 etipso
1467 5198 1624 5255 fonte
1637 5199 1761 5270 jam
1781 5214 1904 5255 cor-

222 5291 411 5361 recta
439 5286 773 5361 discrepare
799 5287 1166 5357 debuerunt;
1217 5285 1433 5359 partim
1481 5288 1636 5359 quod
1690 5287 1903 5344 eruditi

220 5375 342 5452 qui
382 5374 678 5432 chronicis
705 5370 800 5432 his
830 5375 1245 5444 utebantur,ad
1272 5375 1579 5447 proprium
1610 5393 1789 5434 usum
1815 5377 1903 5434 vel

222 5464 509 5543 aliorum,
526 5464 795 5542 notitiam
814 5463 989 5541 plura
1008 5461 1125 5540 illis
1153 5462 1479 5539 adiecerint.
1502 5468 1606 5521 aut
1630 5465 1904 5522 immuta-

228 5553 400 5622 rint;
434 5553 587 5628 quod
623 5544 953 5625 Basnagius
983 5552 1043 5610 in
1073 5551 1412 5626 praefatione
1433 5553 1503 5611 ad
1527 5570 1703 5613 suum
1731 5554 1902 5614 Cani-

565 5681 837 5746 ΡΑτιοι.
882 5677 1140 5745 CXLIII.

2009 4578 2242 4634 Primus
2273 4577 2383 4632 hac
2411 4577 2472 4633 in
2503 4594 2565 4634 re
2593 4577 2959 4635 eruditorum
3006 4578 3177 4646 votis,
3208 4594 3313 4650 pro
3359 4575 3653 4633 indefesso

2007 4683 2114 4723 suo
2142 4666 2202 4721 in
2234 4666 2484 4738 patriam
2518 4666 2821 4722 historiam
2866 4666 3082 4734 studio,
3113 4666 3339 4725 deferre
3367 4665 3427 4725 in
3458 4681 3520 4723 se
3550 4678 3650 4722 su-

2009 4755 2194 4827 scepit
2224 4754 2679 4811 c1.P.Mauritius
2698 4755 2822 4811 Van
2847 4756 2952 4811 der
2971 4755 3127 4815 Meer
3140 4755 3213 4810 de
3233 4754 3652 4824 Hochenbaum

2012 4842 2480 4915 Rhenaugiensis
2503 4843 2841 4899 monasterii
2865 4842 3187 4916 polyhistor
3206 4843 3654 4912 solertissimus,

2009 4933 2109 5003 qui
2141 4932 2313 5004 plura
2349 4931 2475 5001 jam
2509 4946 2642 4986 eum
2691 4931 2751 4986 in
2794 4932 2971 4989 ﬁnem
3020 4933 3287 4989 subsidia
3327 4935 3652 5005 paraverat.

2010 5024 2152 5077 Cum
2180 5025 2374 5075 autem
2407 5036 2441 5075 a
2471 5018 2740 5092 pluribus
2776 5022 2897 5090 jam
2930 5021 3102 5077 annis
3127 5022 3187 5076 in
3221 5038 3288 5087 eo
3318 5025 3474 5078 esset
3514 5019 3652 5077 cels.

2015 5108 2302 5166 Martinus
2350 5108 2686 5177 Gerbortus,
2719 5109 2778 5165 S.
2812 5100 2989 5165 Blasii
3034 5110 3306 5182 princeps
3351 5109 3554 5176 abbas,
3586 5107 3655 5160 ut

2012 5197 2273 5255 excussis
2304 5196 2566 5269 undique
2596 5197 2831 5254 scriniis
2860 5198 3160 5255 litterariis
3191 5215 3341 5263 nova
3384 5191 3656 5263 Bernoldl

2012 5287 2329 5355 nostri,seu
2355 5285 2653 5342 Bcrtholdi
2699 5286 2873 5361 vulgo
2920 5284 3388 5344 Constantiensis
3414 5281 3657 5356 presby-

2012 5376 2057 5433 ri
2086 5376 2362 5449 Operum,
2393 5378 2451 5431 et
2479 5375 2733 5443 maxime
2763 5375 3036 5434 Chronici
3067 5375 3229 5431 illius
3264 5371 3442 5429 editio
3486 5372 3657 5430 ador-

2011 5469 2271 5535 naretur,
2305 5464 2479 5531 etiam
2510 5464 2913 5523 Hermannum
2944 5460 3338 5523 continuatori
3368 5479 3476 5519 suo
3505 5478 3656 5535 pras-

2014 5555 2367 5615 mittendum
2397 5554 2567 5613 nobis
2597 5556 2885 5615 concessit
2911 5555 3064 5610 idem
3088 5552 3563 5610 humanissimus
3593 5551 3653 5612 P.
3692 5612 3699 5618 ,

3297 5682 3339 5767 3
