4124 6188
428 227 504 286 43
1195 217 1684 284 HERMANNUS
1726 215 2241 280 CONTRACTUS
2284 218 2635 279 MONACH.
2681 215 3050 284 AUGIENS.
3744 217 3824 277 44

427 354 754 421 Mauritius,
785 352 917 410 aliis
945 352 1184 425 insuper
1222 352 1524 409 laboribus
1572 352 1645 407 ab
1692 351 1792 407 illo
1833 350 2068 407 edendo
2101 358 2148 417 Α
2181 349 2434 421 gniores,
2467 356 2676 423 praeter
2703 350 2974 424 superius
2999 354 3249 420 notatas,
3272 365 3378 423 pro
3408 348 3616 406 notitia
3646 348 3827 405 histo-

426 443 695 501 nonnihil
724 441 1450 515 prapeditusﬂpportune
1482 441 1534 496 id
1570 441 1807 512 quidem
1840 437 2068 505 accidit,

426 537 494 588 ut
521 530 699 588 simul
730 536 788 587 et
816 531 1188 587 Hermannus
1210 546 1279 587 ex
1301 530 1498 587 codice
1518 527 1928 601 Augiensi,ceu
1960 526 2073 599 pri-

427 636 605 676 masvo
637 618 807 692 quasi
837 619 1160 676 nativitatis
1190 636 1307 676 suae
1337 619 1554 685 solo,ac
1577 616 1901 671 Bcrnoldus
1921 615 2073 685 ejus-

426 708 558 765 dem
577 708 927 780 epitomator
943 725 1008 765 ac
1023 709 1397 765 continuator
1415 723 1484 762 ex
1506 705 1519 759 i
1529 706 1694 777 psius
1707 703 2070 776 autographo

427 796 763 854 Monacensi
789 798 979 854 amico
1003 790 1257 866 quodam
1289 810 1439 851 nexu
1474 792 1769 864 conjuncti
1798 792 1858 847 in
1880 792 2070 848 lucem

424 885 617 943 denuo
651 886 881 958 prodire
911 887 1169 958 possent.
1204 883 1283 938 De
1311 898 1427 955 quo
1460 881 1669 937 ultimo
1718 897 1852 936 cum
1884 881 1940 936 in
1970 897 2069 936 su-

423 973 753 1047 perioribus
781 972 949 1044 plura
968 972 1095 1042 jam
1125 970 1659 1036 dixerimus,restat
1683 973 1748 1024 ut
1776 970 1848 1024 de
1890 968 2068 1040 priori

424 1061 709 1119 nonnulla
737 1060 832 1115 hic
860 1060 1246 1127 disseramus,
1274 1063 1561 1130 quantum
1613 1058 1850 1129 quidem
1881 1073 1951 1111 ex
1983 1057 2069 1112 di-

420 1149 625 1222 ligenti
647 1148 911 1219 ejusdem
943 1147 1394 1220 perlustrationc
1421 1145 1853 1218 deprehendere
1881 1145 2065 1200 licuit.

491 1238 595 1293 Est
619 1252 755 1293 vero
775 1236 871 1291 hic
891 1236 1020 1308 ipse
1042 1235 1357 1308 Augiensis
1376 1235 1558 1290 codex
1586 1234 2069 1290 membranaceus

421 1327 484 1382 in
510 1325 740 1391 folio,ut
764 1328 991 1393 vocant,
1023 1323 1270 1388 minore,
1311 1322 1497 1378 nitido
1529 1327 1586 1377 et
1639 1322 1889 1394 eleganti
1931 1322 2067 1378 cha-

423 1419 645 1472 ractere
675 1413 1072 1485 exaratus,qui
1094 1412 1335 1468 omnino
1366 1412 1640 1468 saeculum
1672 1429 1730 1466 x1
1760 1415 1817 1466 et
1836 1416 2066 1468 aetatem

420 1502 742 1560 ‘Hermanni
801 1502 996 1557 refert.
1053 1502 1220 1557 Hunc
1275 1500 1513 1572 quidem
1563 1504 1704 1555 sunt
1747 1500 1848 1572 qui
1886 1517 2067 1557 manu

422 1592 613 1666 ipsius
646 1590 960 1647 Hermanni
991 1589 1275 1662 scriptum
1305 1588 1677 1657 existiment;
1703 1588 1947 1643 dubium
1980 1597 2066 1644 ta-

2183 438 2304 493 rica
2332 438 2424 494 hic
2455 440 2770 512 separatim
2796 439 3046 511 adjicere
3073 439 3267 495 visum
3288 440 3397 495 est.

2252 528 2493 595 An.838,
2517 528 2702 585 erasis
2732 545 2859 601 qua:
2882 528 3159 601 primaeva
3188 545 3368 584 manu
3392 526 3612 598 scripta
3637 529 3826 593 erant,

2181 615 2296 670 alia
2326 633 2456 671 saec.
2489 634 2583 671 x1v
2614 617 2920 673 substituit
2968 633 2982 671 :
3034 617 3266 673 Sanctus
3294 615 3646 687 Meginradus
3682 617 3829 672 venit

2178 704 2249 760 ad
2287 707 2468 761 locum
2499 705 2846 774 Augieusem.

2254 794 2587 860 An.861,ad
2617 795 2888 849 eumdem
2920 793 3326 866 Meginradum
3358 795 3417 850 in
3449 795 3717 868 margine
3737 810 3825 850 re-

2179 883 2409 938 centius
2443 885 2722 937 notatur:
2756 881 2984 938 Sanctus
3030 882 3373 954 Meginradus
3417 893 3682 956 patronus
3725 900 3824 941 no-

2177 974 2306 1038 ster,
2337 985 2512 1027 comes
2537 971 2601 1026 de
2628 970 2856 1041 Sulgen,
2889 970 3039 1040 ﬁlius
3065 972 3280 1026 comitis
3307 971 3372 1028 de
3400 972 3626 1043 Sulgen.

2250 1078 2355 1131 An.
2388 1077 2512 1145 871,
2546 1081 2679 1149 post
2724 1078 2985 1133 Salomon
3013 1078 3291 1149 episcopus
3333 1080 3492 1144 obiit,
3542 1079 3613 1135 ad
3658 1095 3819 1135 oram

2178 1164 2462 1237 marginis
2499 1181 2640 1222 saec.
2692 1183 2791 1223 XIV
2832 1165 3113 1222 additur:
3159 1165 3262 1221 Cui
3299 1169 3503 1223 Pateon
3548 1169 3819 1237 successit,

2174 1255 2405 1325 praefuit
2432 1256 2595 1310 annis
2626 1273 2720 1323 III;
2757 1255 2827 1310 de
2857 1270 2973 1328 quo
2998 1255 3199 1310 eodem
3232 1255 3406 1311 modo
3428 1257 3498 1311 ad
3527 1258 3732 1312 an.875
3760 1256 3819 1311 in

2178 1340 2440 1414 margine
2484 1343 2754 1398 inferiore
2805 1359 2818 1399 :
2871 1342 3204 1401 Constantia
3256 1344 3487 1400 Patecho
3542 1346 3820 1417 episcopus

2150 1426 2312 1487 'obiit
2338 1448 2484 1486 anno
2509 1433 2617 1487 875
2642 1447 2740 1503 pro
2770 1448 2873 1504 quo
2901 1431 3243 1488 Gebehardus
3272 1435 3436 1489 annis
3487 1451 3521 1488 x
3565 1436 3817 1507 prae/uit.

2247 1522 2353 1575 An.
2384 1521 2509 1581 911,
2545 1524 2678 1593 post
2705 1521 2963 1576 ducatum
2987 1522 3208 1588 invasit,
3241 1538 3442 1578 recens
3484 1539 3613 1580 saec.
3645 1541 3719 1580 xv
3759 1523 3818 1579 in

2176 1608 2441 1681 margine
2490 1610 2729 1666 additur
2756 1627 2768 1665 :
2802 1609 3079 1665 Burckard
3111 1612 3227 1684 ipse
3251 1612 3363 1684 [uit
3389 1627 3565 1668 comes
3610 1611 3677 1668 de
3718 1612 3815 1671 Ve-

424 1698 560 1737 men
582 1681 655 1736 de
675 1696 740 1737 eo
760 1680 918 1735 haud
940 1678 1061 1735 leve
1083 1680 1318 1733 movent
1337 1677 1630 1749 imprimis
1652 1675 1839 1732 multa
1859 1676 2066 1732 calami
2100 1712 2145 1777 Β
2173 1675 2407 1767 ﬁngis".

423 1768 776 1842 sphalmata,
809 1771 866 1823 et
895 1766 1313 1838 orthographia
1358 1765 1575 1837 passim
1628 1764 1908 1837 neglecta,
1940 1770 2067 1821 tum

423 1859 629 1915 eadem
660 1856 901 1913 nomina
930 1854 1167 1928 propria
1195 1853 1309 1909 alio
1340 1861 1513 1925 atque
1556 1853 1671 1909 alio
1712 1855 1885 1910 modo
1915 1871 2069 1926 saepe

423 1961 718 2019 expressa,
752 1960 819 2001 ac
844 1944 934 2000 vel
961 1943 1215 1998 maxime
1241 1958 1410 1998 voces
1441 1944 1633 2015 inepte
1662 1942 1877 2015 saepius
1925 1958 2067 1998 con-

417 2036 643 2108 junctae
666 2038 771 2090 aut
801 2032 997 2089 divisas
1031 2048 1045 2087 :
1080 2047 1208 2104 quas
1240 2030 1438 2088 omnia
1466 2048 1497 2086 e
1528 2032 1710 2104 perito
1751 2031 2068 2087 Hermauni

423 2123 648 2180 calamo
697 2121 938 2177 ﬂuxisse
968 2136 1117 2192 aegre
1147 2118 1281 2192 quis
1327 2119 1439 2174 sibi
1488 2120 1855 2190 persuadeat.
1889 2120 2068 2176 Nobis

424 2215 579 2268 certe
606 2210 667 2264 id
690 2209 1009 2264 admodum
1039 2202 1368 2264 verosimile
1396 2207 1909 2275 videtur,codicem
1944 2210 2070 2280 qui-

427 2301 561 2356 dem
591 2298 713 2355 sive
742 2314 811 2354 ex
840 2296 1074 2355 schedis
1095 2296 1216 2352 sive
1230 2296 1443 2368 exipso
1464 2296 1779 2352 Hermanni
1804 2301 2071 2370 autogra-

424 2387 565 2460 pho,
590 2387 932 2459 siunquam
963 2384 1394 2453 exstitit,fuisse
1423 2371 1889 2456 desumptumﬁd
1911 2385 2068 2441 enim

423 2476 574 2534 satis
591 2476 848 2531 inununt
867 2474 1110 2543 illa:Ego
1141 2474 1511 2529 Herimannus
1526 2482 1690 2529 natus
1706 2490 1851 2540 sum,
1865 2477 1923 2529 et
1942 2491 2069 2546 quae

429 2564 546 2621 alia
573 2565 646 2620 de
675 2563 871 2636 seipso
901 2566 1101 2618 narrat
1133 2578 1147 2616 :
1182 2576 1297 2616 non
1328 2565 1524 2617 tamen
1574 2578 1644 2616 ex
1687 2561 1838 2628 visu,
1870 2562 1971 2617 sed
2005 2578 2077 2638 ea

429 2654 637 2710 auditu
666 2650 1313 2722 descriptum,dictante
1343 2649 1564 2705 scilicet
1593 2649 1729 2715 alio,
1764 2666 1866 2722 pro
1911 2666 2072 2706 more

427 2743 490 2799 in
521 2741 802 2799 cccn’obiis
824 2746 966 2795 tunc
996 2742 1246 2812 recepto,
1271 2741 1359 2806 ut,
1385 2738 1458 2794 ob
1484 2739 1751 2794 codicum
1771 2739 2071 2796 raritatem

429 2836 487 2888 et
516 2822 1280 2896 monachorum,numerum
1312 2843 1468 2883 unus
1499 2826 1771 2883 dictando
1818 2827 2069 2899 prasiret,

429 2919 748 2994 pluresque
777 2932 1163 2974 amanuenses
1195 2914 1368 2989 plura
1395 2914 1570 2971 simul
1602 2916 1709 2972 hoc
1736 2918 1910 2973 modo
1940 2934 2075 2989 apo-

432 3007 657 3082 grapha
684 3005 1053 3062 conﬁcerent.
1085 3004 1351 3076 Cumque
1381 3004 1533 3059 inter
1558 3009 1645 3060 tot
1673 3005 1896 3062 scribas
1928 3023 2072 3062 non-

431 3097 580 3154 nulli
610 3094 1002 3167 imperitiores
1029 3093 1187 3149 haud
1214 3092 1391 3149 dubie
1416 3096 2078 3164 numerarentur,multa

432 3187 505 3243 ab
523 3184 640 3241 illis
661 3182 814 3238 male
837 3181 1130 3237 intellecta
1157 3197 1461 3254 perperam
1483 3200 1716 3254 quoque
1737 3185 1924 3239 notari
1950 3202 2078 3257 pro-

434 3291 579 3332 num
609 3273 740 3329 fuit.
774 3270 936 3327 Unde
963 3270 1139 3326 etiam
1159 3270 1455 3342 originem
1488 3273 1796 3342 petendam
1827 3290 1955 3329 esse
1976 3276 2075 3346 ju-

439 3362 709 3419 dicamus
736 3364 824 3415 tot
845 3360 1189 3415 mendorum
1212 3375 1343 3429 quas
1363 3359 1717 3431 scriptorum
1739 3360 1970 3417 illorum
1994 3364 2078 3418 in-

439 3450 602 3507 curia
630 3453 734 3506 aut
762 3448 1054 3520 imperitia
1072 3448 1301 3504 codices
1323 3448 1578 3519 primum
1605 3465 1669 3504 ac
1694 3449 1933 3505 demum
1963 3453 2081 3508 edi-

434 3531 635 3596 tiones
654 3554 886 3611 quoque
935 3537 1433 3603 contaminarunt,
1467 3553 1601 3592 cum
1649 3543 1861 3593 cuncta
1890 3539 1948 3594 in
1982 3557 2077 3597 co-

435 3627 665 3685 dicibus
693 3630 965 3683 contenta
988 3625 1256 3697 religiose
1285 3624 1399 3680 sibi
1430 3625 1733 3682 retinenda
1759 3642 1887 3683 esse
1907 3628 2081 3686 duxe-

338 3778 343 3783 λ
433 3717 557 3772 rint
584 3732 786 3774 eorum
807 3717 1078 3772 editores.

501 3807 740 3863 Accedit
767 3805 827 3861 in
859 3806 1190 3860 Hermanno
1221 3801 1334 3857 alia
1365 3802 1531 3867 ratio,
1565 3803 1720 3859 haud
1753 3806 1895 3860 satis
1920 3806 2075 3863 inte-

433 3896 545 3952 rim
586 3896 909 3952 observata.
941 3893 1091 3947 Dum
1138 3890 1295 3945 enim
1348 3890 1697 3947 Bertholdus
1754 3898 2073 3953 Hermanni

433 3983 760 4057 discipulus
790 3983 849 4037 in
879 3982 1009 4051 ejus
1038 3979 1171 4034 Vita
1203 3995 1359 4034 nunc
1400 3980 1652 4035 libellum
1683 3982 2073 4042 Chronicorum

432 4090 467 4130 a
487 4073 766 4146 magistro
798 4087 904 4127 suo
939 4068 1197 4139 undique
1226 4066 1534 4123 collectum
1563 4070 1738 4136 dicat,
1772 4072 1821 4126 is
1851 4073 1974 4144 ipse
2003 4092 2072 4131 ex

430 4163 560 4235 ejus
589 4160 827 4226 tabulis,
850 4174 965 4213 non
985 4160 1181 4212 autem
1214 4156 1584 4212 Hermannus
1614 4158 1780 4215 illum
1815 4163 2067 4218 conscri-

429 4252 623 4325 psisse
649 4246 1101 4317 videtur.Neque
1128 4245 1457 4301 Hermanno
1485 4249 1783 4318 tantopere
1804 4255 2067 4306 contrac-

428 4346 507 4408 ta,
540 4343 607 4395 ut
633 4340 731 4394 via:
756 4335 947 4407 digitis
966 4332 1156 4389 itidem
1181 4333 1461 4389 dissolutis
1491 4335 1619 4388 novi
1644 4335 1864 4408 aliquid
1887 4339 2068 4412 scrip-

425 4429 599 4483 titare
628 4429 846 4499 posset,
879 4422 1116 4494 elegans
1143 4422 1288 4477 adeo
1318 4421 1535 4477 codicis
1564 4422 1735 4479 istius
1766 4424 2066 4483 character
2096 4443 2141 4508 Ι)

424 4515 605 4572 tribui
636 4517 854 4585 potest;
886 4511 1042 4566 unde
1064 4510 1134 4565 de
1163 4509 1470 4565 existentia
1505 4511 1753 4583 alicujus
1783 4513 2063 4571 Herman-

424 4604 486 4658 ni
516 4600 885 4673 autograpbi,
914 4602 1149 4670 excepto
1178 4597 1281 4654 illo
1312 4615 1347 4654 a
1376 4599 1663 4671 discipulo
1693 4604 2064 4673 exarato,du-

422 4692 611 4747 bitare
640 4690 773 4763 quis
803 4688 1015 4746 merito
1044 4687 1250 4760 possit.

490 4779 863 4837 XlX.Praater
888 4776 1148 4833 indicata
1176 4793 1306 4832 vero
1337 4777 1609 4849 superius
1638 4779 1854 4835 codicis
1885 4780 2063 4851 hujus

420 4871 654 4939 menda,
686 4865 1233 4941 interpolationibus
1261 4880 1494 4939 quoque
1532 4866 1773 4922 minime
1821 4875 1994 4934 caret,
2029 4887 2063 4924 a

419 4958 667 5015 diversis
713 4957 940 5013 diverso
982 4959 1246 5027 tempore
1292 4957 1351 5010 et
1396 4953 1539 5010 locis
1592 4955 1850 5022 insertis,
1886 4956 2060 5028 idque

418 5047 635 5122 partim
666 5046 726 5101 in
759 5044 1148 5118 marginibus,
1180 5044 1391 5116 partim
1421 5044 1476 5098 in
1511 5043 1738 5115 spatiis,
1781 5059 1908 5115 qua:
1941 5045 2058 5102 sive

418 5137 490 5194 ad
523 5152 709 5193 annos
740 5134 889 5190 facto
919 5132 1115 5206 aliquo
1145 5133 1303 5189 haud
1335 5136 1580 5199 notatos,
1613 5135 1713 5185 aut
1742 5132 1912 5194 ,inter
1949 5152 2055 5190 an-

416 5242 561 5282 num
604 5228 662 5281 et
690 5239 912 5279 annum
960 5224 1212 5278 duarum
1259 5219 1603 5293 plerumque
1649 5224 1750 5276 aut
1797 5220 2056 5292 plurium

413 5314 704 5370 linearum
728 5328 909 5368 vacua
925 5309 1395 5382 relinquuntur,a
1416 5307 1639 5362 diversa
1656 5312 1852 5365 tamen
1877 5327 2056 5367 manu

416 5418 518 5459 seu
550 5403 880 5458 charactere
922 5399 1090 5456 facile
1134 5394 1573 5470 cognoscendis.
1607 5395 1722 5452 Has
1752 5413 1882 5453 vero
1914 5400 2055 5457 dum

416 5493 488 5552 ab
517 5491 790 5552 editionis
821 5493 1034 5549 nostra:
1061 5487 1330 5544 contextu
1362 5484 1566 5542 abesse
1597 5483 1888 5558 volumus,
1916 5488 2055 5547 insi-

2247 1784 2383 1840 l‘ost
2407 1785 2894 1853 an.924,inferius
2917 1786 3182 1858 quaedam
3216 1785 3559 1844 inseruntur
3573 1787 3645 1843 de
3669 1804 3820 1844 cam-

2176 1873 2346 1945 panis
2377 1890 2472 1927 an.
2506 1874 2643 1929 1393
2672 1874 2872 1948 Augie
2902 1874 3082 1943 fusis;
3115 1892 3401 1947 quorsum
3450 1877 3594 1932 adeo
3639 1878 3818 1934 codex

2175 1960 2285 2016 iste
2315 1977 2381 2016 ex
2412 1961 2657 2016 Fabaris
2681 1979 2949 2018 reversus
2978 1967 3105 2018 tum
3136 1967 3277 2019 erat.

2248 2054 2355 2103 An.
2388 2049 2513 2116 934,
2549 2050 2618 2104 ad
2653 2049 3031 2121 Eberhardus,
3080 2055 3212 2121 etc.,
3263 2052 3322 2107 in
3373 2052 3637 2127 margine
3685 2070 3816 2110 saec.

2175 2153 2268 2191 xw
2309 2142 2525 2192 sanctus
2574 2138 2918 2193 Eberhartlus
2960 2143 3128 2196 Pater
3172 2149 3385 2204 noster;
3417 2143 3571 2215 quod
3606 2142 3820 2200 indicio

2176 2229 2265 2281 est
2294 2225 2516 2298 reliqua
2545 2226 2603 2281 in
2634 2230 2795 2282 textu
2825 2244 2940 2283 non
2972 2244 3101 2284 esse
3132 2227 3498 2302 interpolata.

2246 2333 2353 2387 An.
2385 2333 2510 2399 941,
2540 2332 2599 2387 in
2630 2349 2810 2388 vacuo
2865 2332 3003 2389 anni
3051 2333 3226 2390 istius
3273 2334 3435 2391 hiatu
3466 2335 3589 2391 haec
3630 2337 3820 2409 quoad

2178 2425 2414 2493 tempus
2444 2420 2590 2476 falsa
2622 2425 2922 2493 ponuntur
2953 2439 2967 2478 :
2998 2423 3135 2478 Nota
3178 2424 3319 2495 quod
3365 2424 3484 2478 dux
3530 2425 3823 2498 Lutpotdus

2174 2511 2414 2567 Austri}?
2441 2512 2646 2564 occisus
2673 2512 2783 2581 fuit
2809 2526 2934 2565 cum
2960 2511 3152 2568 multis
3172 2513 3444 2569 militibus
3465 2530 3611 2570 anno
3641 2514 3709 2569 ab
3741 2516 3825 2570 in-

2176 2599 2502 2653 carmzticne
2574 2600 2795 2654 Domini
2866 2598 3082 2671 [MCCC]
3141 2600 3367 2670 LXXXV,
3440 2611 3631 2674 quarto
3700 2604 3821 2660 Kal.

2176 2687 2353 2755 Junii,
2405 2696 2455 2741 et
2499 2690 2745 2759 fecerunt
2774 2688 3020 2745 civitates
3065 2689 3356 2757 silvestres,
3402 2708 3522 2763 qua:
3567 2691 3828 2748 dicuntur

2185 2775 2424 2830 lValstet
2474 2792 2487 2829 :
2533 2780 2722 2847 postea
2768 2792 2913 2832 anno
2959 2777 3242 2835 LXXXVIII
3268 2779 3463 2837 multa:
3497 2789 3683 2850 gentes
3725 2796 3820 2836 vo-

2181 2863 2362 2919 lebant
2412 2864 2745 2920 destruxisse
2803 2865 2960 2920 illam
3006 2867 3372 2937 provinciam,
3432 2883 3556 2940 qua?
3619 2862 3825 2925 dicitur

2183 2951 2397 3021 Clarus,
2427 2954 2767 3009 etveneruut
2808 2970 2908 3026 per
2951 2962 3185 3026 portus,-
3211 2959 3393 3027 postea
3426 2957 3517 3011 illi
3546 2956 3827 3014 Glarenses

2183 3050 2448 3098 venerunt
2501 3058 2624 3097 cum
2673 3044 2945 3111 octoginta
3004 3045 3162 3111 viris,
3219 3052 3275 3099 et
3328 3046 3635 3101 occiserunt
3690 3046 3824 3103 bene

2183 3133 2460 3197 trecentos,
2492 3133 2587 3200 qui
2614 3131 2848 3204 turpiter
2874 3130 3138 3186 deder-unt
3166 3133 3374 3204 fugam.
3408 3132 3535 3189 Haec
3583 3151 3697 3190 non
3738 3133 3819 3190 le-

2183 3223 2405 3298 guntur
2431 3220 2491 3273 in
2524 3217 2896 3286 Einsidlensi,
2927 3219 3076 3274 bene
3104 3234 3237 3277 vero
3265 3221 3540 3293 primaeva
3559 3239 3735 3278 manu
3763 3222 3820 3278 in

2181 3307 2540 3378 Augustano.
2573 3305 2713 3372 Quis
2739 3312 2932 3363 autem
2964 3308 3109 3365 ferat
3137 3326 3172 3365 a
3206 3309 3438 3367 Canisio
3469 3328 3587 3368 sua:
3614 3311 3821 3368 editio-

2185 3394 2243 3450 ni
2274 3394 2369 3450 ad.
2400 3394 2498 3448 941
2536 3394 2716 3450 fuisse
2743 3395 3001 3452 inserta?

2253 3504 2362 3557 An.
2403 3503 2509 3557 945
2554 3518 2686 3558 saec.
2735 3517 2840 3558 xm
2885 3502 2973 3559 vel
3025 3521 3119 3560 xxv
3166 3504 3403 3560 additur
3435 3522 3450 3561 :
3480 3505 3825 3562 Thietlandus

2181 3590 2347 3646 Pater
2394 3591 2542 3646 venit
2586 3590 2881 3662 (Canisius
2929 3591 3142 3649 misere
3194 3593 3506 3649 Tietlandus
3561 3595 3826 3663 Patuen.)

2180 3681 2394 3751 primus
2434 3679 2600 3734 abbas
2645 3680 2811 3748 huius
2857 3681 2996 3742 loci;
3026 3685 3085 3736 et
3111 3679 3170 3736 in
3204 3680 3466 3753 margine
3498 3698 3511 3737 :
3550 3681 3827 3737 Tiethlan-

2183 3767 2284 3823 dus
2315 3766 2479 3823 abbas
2507 3770 2836 3824 monasterii
2865 3770 3290 3835 Heremitarum,
3307 3772 3405 3841 qui
3430 3773 3561 3840 fecit
3585 3771 3825 3842 glossam

2181 3872 2343 3928 super
2368 3857 2637 3928 Epistolas
2665 3859 2843 3914 sancti
2868 3857 3050 3914 Pauli.
3086 3858 3251 3922 Quod
3305 3857 3573 3915 Canisius
3612 3859 3684 3914 ad
3725 3876 3825 3915 an.

2178 3946 2285 4000 947
2314 3945 2373 3999 in
2404 3961 2511 3999 sua
2541 3944 2793 4001 editione
2813 3945 3100 4013 habet,uti
3118 3951 3175 4002 et
3194 3945 3294 4001 illa
3313 3963 3441 4018 quas
3463 3946 3521 4001 in
3543 3946 3828 4019 Augiensi

2179 4050 2275 4089 an.
2306 4034 2408 4087 947
2441 4032 2501 4086 in
2534 4031 2804 4089 inferiore
2836 4033 2955 4090 folii
2983 4038 3146 4106 parte
3176 4038 3473 4104 notantur,
3508 4040 3565 4092 et
3594 4052 3666 4091 ne
3690 4035 3822 4107 qui-

2177 4123 2312 4177 dem
2344 4121 2401 4175 in
2426 4119 2780 4177 Einsidlensi
2810 4122 3007 4178 codice
3037 4122 3408 4195 reperiuntur
3440 4140 3454 4179 :
3495 4125 3632 4179 Nota
3670 4140 3823 4179 anno

2175 4211 2243 4266 ab
2274 4211 2652 4266 incarnatione
2680 4211 2903 4265 Domini
2950 4211 3089 4266 1390
3132 4212 3395 4282 proxima
3436 4216 3637 4284 quarta
3670 4214 3822 4284 feria

2168 4301 2289 4371 post
2318 4298 2667 4355 Nativitalem
2695 4299 2917 4354 Domini
2942 4300 3171 4369 fuerunt
3200 4300 3433 4372 fulgura
3476 4305 3530 4357 et
3574 4302 3823 4357 tonio-ua

2172 4389 2318 4443 circa
2346 4386 2583 4442 mediam
2608 4391 2852 4450 noctem;
2883 4387 2982 4443 ubi
3012 4387 3255 4460 insuper
3299 4388 3451 4444 male
3496 4386 3639 4461 legit
3674 4392 3817 4445 tetra

2175 4493 2277 4548 pro
2305 4477 2473 4531 circa.
2509 4475 2689 4531 Proh!
2732 4474 2967 4548 qualem
3014 4476 3329 4533 Hermanni
3366 4477 3680 4547 ‘editorem,
3712 4476 3819 4549 qui

2172 4563 2315 4619 talia
2331 4564 2460 4635 ejus
2481 4563 2766 4620 Chronico
2789 4564 3125 4638 inspergere
3149 4565 3360 4621 audeat
3380 4565 3394 4620 l
3427 4566 3541 4621 Sed
3564 4566 3817 4623 necdum

2174 4651 2329 4708 ﬁnis.

2241 4744 2348 4796 An.
2379 4741 2505 4809 949,
2541 4756 2719 4796 manu
2749 4758 2878 4797 saec.
2911 4759 3015 4798 XIII
3044 4740 3133 4799 vel
3178 4759 3327 4815 seq.,
3359 4743 3643 4814 Gregorius
3680 4759 3815 4798 san-

2168 4839 2284 4887 ctus
2310 4833 2477 4886 Pater
2503 4846 2567 4885 ac
2594 4830 2976 4887 nobilissimus
3003 4834 3169 4898 venit,
3203 4832 3277 4888 ad
3308 4830 3601 4888 Einsidlen
3651 4831 3817 4886 scili-

2169 4925 2278 4975 cet.
2313 4918 2420 4973 Ubi
2449 4917 2718 4973 Canisius
2750 4936 2956 4976 rursus
2979 4919 3069 4976 vel
3101 4926 3303 4979 contra
3333 4918 3549 4994 proprii
3597 4920 3815 4987 codicis

2168 5006 2495 5079 Augustani
2527 5006 2700 5062 ﬁdem
2731 5006 2907 5063 habet
2938 5024 2951 5064 :
2985 5007 3276 5080 Gregorius
3299 5010 3352 5065 11
3380 5011 3561 5066 Pater.

2233 5115 2340 5167 An.
2371 5112 2497 5179 950,
2549 5112 2752 5168 eadem
2810 5113 3002 5185 priore
3048 5132 3250 5183 manu,
3293 5116 3524 5186 Vigitius
3580 5120 3816 5189 scriptor

2163 5203 2320 5270 obiit,
2351 5200 2510 5273 quod
2540 5199 2599 5256 in
2629 5200 2872 5273 reliquis
2900 5202 3205 5259 codicibus
3234 5201 3405 5274 plane
3432 5203 3616 5260 deest.

2234 5309 2340 5363 An.
2372 5307 2500 5373 955,
2533 5306 2605 5362 ad
2638 5307 3031 5379 Regintaldum
3059 5309 3119 5364 in
3151 5307 3415 5381 margine
3447 5325 3579 5365 saec.
3609 5326 3686 5367 xv
3712 5326 3815 5367 no-

2163 5399 2322 5454 tatur
2349 5394 2415 5450 de
2440 5394 2799 5467 Helfenstein.

2234 5486 2342 5544 An.
2367 5484 2494 5555 960,
2525 5498 2595 5543 ex
2623 5500 2753 5542 suo.
2787 5500 2912 5544 xm.
2944 5484 3105 5558 circ.,
3140 5485 3432 5563 Gregorius
3473 5486 3639 5546 abbas
3684 5486 3810 5563 efﬁ-
