4124 6188
334 235 416 293 45
1253 240 1769 315 DISSERTATIO
1816 246 1917 304 DE
1962 246 2376 308 HERMANNI
2420 249 2842 313 CHRONICO.
3190 293 3198 301 ι
3675 264 3757 324 46

335 367 510 435 citur,
537 365 599 421 in
627 366 924 424 Einsidlen
950 385 1179 443 nempe,
1202 372 1525 430 Canisianae
1553 374 1794 431 editioni
1824 377 2003 434 inser—
2030 380 2077 445 Α
2112 379 2380 450 est,quod
2394 382 2844 439 controversiam
2865 383 3215 456 indicatjam
3234 390 3761 450 tuminterutrum-

330 456 491 509 tum.
2112 483 2225 537 que
2273 469 2600 524 cmnobium
2635 477 2852 526 motam
2885 473 2957 528 de
3001 473 3371 545 possessione
3408 480 3667 551 corporis
3698 481 3760 538 S.

410 544 526 598 An.
556 544 682 634 971,
714 545 1045 603 Adalberoni
1085 549 1156 604 ad
1210 566 1367 605 oram
1418 568 1550 608 saec.
1582 569 1654 607 xv
1685 554 2001 611 ascribit‘ur
2109 554 2415 611 Meinradi.
2442 556 2669 613 Similia
2700 575 2765 613 ex
2794 544 3138 633 Augustano
3170 563 3390 634 profert
3409 544 3673 625 Cariisius
3703 569 3764 626 in

334 647 447 686 von
479 633 825 703 Hclfenstein.
2110 644 2222 700 ﬂne
2253 645 2337 699 sic
2384 647 2698 717 depravata
2726 653 2783 703 et
2815 648 3091 706 mutilata
3122 667 3135 704 :
3170 633 3234 706 Et
3277 654 3527 724 reliquiae
3571 673 3767 728 corpus

410 729 522 776 An.
547 722 672 789 9'72,
696 724 879 815 textui
899 724 1013 781 alia
1033 727 1133 782 sed
1160 727 1277 784 fere
1299 744 1489 786 coaeva
1511 747 1688 786 manu
1720 733 1994 790 additur:
2105 733 2161 787 S.
2198 734 2530 804 Meginradi.
2568 735 2741 791 Plura
2789 738 3189 809 depraedicatae
3223 740 3369 797 alias
3392 722 3597 815 hujus
3642 722 3768 799 edi-

330 810 651 869 Ratisbonae
678 811 732 867 S.
772 813 1118 886 Wolfgangus
1147 818 1430 889 episcopus
1453 820 1636 889 factus
1663 824 1770 883 est;
1802 826 1860 878 et
1879 821 1996 878 alia
2105 822 2282 876 tionis
2313 838 2576 878 errorum
2610 831 2875 881 monstra
2905 827 3224 898 producere
3256 828 3451 885 nimiae
3486 810 3657 888 molis
3687 832 3767 889 fo-

326 899 657 989 recentiore
687 917 820 956 saec.
851 920 924 957 xv
958 920 972 957 :
1004 906 1103 959 Hic
1146 921 1325 962 comes
1354 907 1420 961 de
1448 909 1747 979 Pfulingen
1781 914 1943 967 natus
1975 928 1995 966 :
2105 908 2224 977 ret;
2258 912 2357 966 sed
2388 910 2476 966 vel
2528 911 2647 968 ham
2706 930 2894 985 pauca
2950 916 3181 972 abunde
3238 919 3564 989 sufﬁciunt,
3596 926 3662 978 ut
3689 922 3762 979 de

327 987 537 1082 nohilis
564 987 633 1044 de
663 989 936 1063 Riden/‘els
959 1008 1127 1065 prope
1170 995 1597 1053 Schwebcswerd
1627 1006 1818 1066 natus,-
1847 1003 1904 1055 et
1931 999 1991 1054 in
2104 999 2232 1069 ejus
2260 999 2447 1070 pretio
2477 1001 2772 1056 sincerum
2805 1003 2939 1073 quis
2969 1005 3266 1075 judicium
3298 1008 3447 1064 ferre
3476 987 3683 1082 possit.

328 1075 615 1133 inferiore
644 1079 911 1151 margine
943 1096 956 1136 :
990 1086 1167 1137 matre
1198 1100 1233 1139 α
1268 1085 1550 1156 Verz'ngen.
2174 1088 2589 1144 Additamenta
2617 1106 2750 1145 vero
2780 1090 2914 1158 ista,
2948 1097 3238 1164 quantum
3268 1075 3511 1166 quidem
3534 1098 3760 1156 Einsid-

394 1166 511 1220 An.
543 1166 672 1234 973,
706 1184 887 1224 manu
920 1186 1053 1225 saec.
1085 1188 1157 1226 xv
1186 1178 1290 1228 aut
1330 1190 1452 1247 seq.
1487 1175 1723 1231 additur
1755 1194 1768 1231 :
1801 1180 1945 1233 Nota
1971 1196 1991 1233 :
2101 1174 2266 1230 lense
2323 1177 2746 1232 monasterium
2806 1185 3182 1250 concernunt,
3233 1184 3512 1255 Augiensi
3570 1188 3757 1244 codici

322 1254 426 1309 ille
495 1255 855 1326 Burghardus
910 1260 1020 1330 fuit
1083 1260 1350 1331 fundator
1412 1266 1737 1319 monasterii
1794 1269 1991 1322 montis
2104 1264 2383 1335 pleraque
2413 1266 2633 1321 inserta
2665 1268 2822 1321 fuere
2862 1283 2995 1323 saec.
3025 1286 3144 1336 xxv,
3172 1287 3289 1342 quo
3317 1254 3535 1329 ibidem
3564 1291 3754 1331 asser-

324 1343 518 1398 Duelli
534 1363 556 1407 ,-
583 1345 785 1401 deinde
811 1363 960 1402 anno
1008 1347 1033 1402 Ι
1043 1349 1150 1404 005
1197 1350 1339 1406 illud
1384 1356 1781 1409 monasterium
1807 1373 1838 1411 a
1869 1356 1993 1412 divo
2100 1353 2369 1418 vehatur,
2384 1359 2558 1425 prout
2579 1356 2906 1425 prodittam
2925 1356 3226 1413 character
3242 1359 3425 1415 multo
3446 1363 3754 1433 recentior,

318 1433 595 1488 Hainrico
626 1435 776 1489 Rom.
806 1437 1988 1515 imperatoreadStainnuncupatumtran-
2100 1446 2156 1494 et
2202 1443 2318 1496 fere
2376 1458 2608 1513 semper
2655 1442 2831 1510 idem,
2865 1460 3043 1515 quam
3101 1462 3314 1501 nomen
3373 1446 3485 1503 loci
3541 1450 3754 1522 saepius

319 1522 528 1576 slatxun
556 1526 655 1577 est.
679 1521 814 1579 Vid.
847 1523 1002 1580 infra
1030 1525 1357 1583 Chronicon
1388 1529 1909 1589 Petersbusanum.
2099 1528 2389 1584 omissum
2422 1546 2436 1585 :
2466 1532 2620 1602 quod
2653 1530 3026 1588 Ilcrmannus
3054 1534 3348 1606 genuinus
3404 1553 3636 1609 semper
3661 1553 3756 1594 ex-

373 1612 507 1665 'An.
536 1611 664 1677 979,
695 1612 766 1667 ad
814 1611 1205 1682 Gebehardum,
1239 1632 1371 1672 sec.
1405 1635 1478 1674 xv
1515 1621 1585 1675 ad
1619 1637 1781 1676 oram
1814 1627 1985 1679 nota-
2098 1618 2320 1690 primit,
2344 1619 2521 1673 etiam
2553 1620 2651 1674 ubi
2684 1621 2757 1674 de
2806 1620 2933 1693 ipsa
2959 1623 3168 1695 Augia,
3201 1623 3260 1678 in
3291 1641 3408 1697 qua
3435 1626 3750 1698 scribebat,

321 1703 441 1763 tur,
471 1715 647 1755 comes
675 1700 743 1756 de
791 1700 1062 1773 Zeringen
1091 1721 1111 1758 :
1143 1703 1312 1774 falso,
1346 1722 1477 1763 cum
1532 1708 1709 1765 fuerit
1736 1711 1802 1767 de
1846 1713 1983 1768 Bre-
2013 1745 2061 1810 B
2098 1706 2564 1810 agit.‘Alit‘1.I‘ati0
2594 1713 2684 1763 est
2713 1710 2785 1764 de
2814 1709 2902 1810 iis.
2930 1726 3057 1781 quae
3088 1711 3307 1810 ibidem
3336 1714 3410 1769 ad
3442 1731 3538 1770 an.
3560 1716 3669 1771 948
3695 1720 3753 1772 et

317 1805 485 1857 gens.
2014 1795 2061 1810 ¹¹
2093 1796 2201 1850 964
2231 1796 2301 1851 de
2346 1795 2543 1851 divina
2585 1798 3021 1855 consecratione
3048 1800 3284 1872 capellae
3314 1802 3377 1857 B.
3411 1803 3478 1858 V.
3512 1803 3668 1861 facta
3693 1808 3752 1862 et

389 1879 504 1932 An.
535 1877 662 1943 987,
719 1894 799 1934 m.
851 1896 981 1935 saec.
1014 1897 1142 1949 xxxx,
1200 1883 1439 1940 Ecclesia
1485 1886 1642 1944 cella
1670 1887 1725 1943 S.
1763 1891 1977 1960 Megin-
2092 1885 2439 1939 conﬁrmata
2467 1882 2767 1955 leguntur,
2801 1902 2916 1941 non
2965 1886 3025 1941 in
3079 1888 3365 1961 margine,
3395 1892 3497 1946 sed
3529 1893 3589 1946 in
3621 1892 3749 1964 ipso

315 1966 445 2022 radi
474 1973 637 2021 aucta
665 1970 764 2021 est.
791 1967 855 2023 In
886 1969 1128 2041 reliquis
1158 1972 1461 2028 codicibus
1493 1974 1629 2031 inde
1650 1976 1981 2050 desumptis
2095 1976 2388 2028 contextu.
2422 1971 2552 2027 H130
2595 1973 2752 2028 enim
2804 1975 3085 2045 majorem
3129 1981 3357 2032 fatalem
3405 1979 3725 2050 praferunt

311 2056 439 2111 haec
470 2071 509 2111 a
537 2071 726 2128 prima
755 2071 935 2111 manu
969 2061 1127 2137 sunt,
1164 2059 1245 2114 uti
1276 2065 1333 2115 et
1362 2060 1463 2117 illa
1486 2078 1578 2118 an.
1604 2065 1711 2118 996
1738 2084 1749 2121 :
1778 2066 1980 2137 Grego-
2091 2077 2196 2116 nec
2227 2061 2370 2115 adeo
2399 2077 2432 2115 a
2463 2059 2737 2133 primaeva
2766 2063 2985 2118 codicis
3015 2080 3195 2119 manu
3226 2064 3575 2138 discrepant.
3598 2055 3754 2125 Cha:

318 2148 446 2201 rius
467 2148 688 2200 sanctus
709 2145 879 2200 abbas
901 2146 1054 2214 obiit,
1074 2148 1288 2218 quibus
1319 2149 1374 2204 in
1408 2150 1759 2209 Einsidlensi
1788 2173 1981 2212 recen.
2091 2153 2279 2205 racter
2307 2149 2378 2204 ad
2411 2148 2860 2205 similitudinem
2905 2149 3115 2223 reliqui
3161 2157 3355 2209 textus
3403 2155 3751 2214 ell‘ormatus

311 2234 436 2289 tior
464 2249 685 2289 manus
725 2233 941 2304 adjecit
966 2235 1178 2291 scilicet
1206 2240 1530 2294 monasterii
1560 2241 1982 2312 Heremitarum,
2091 2241 2201 2304 est,
2226 2241 2291 2292 ut
2320 2235 2420 2293 i110
2450 2240 2648 2293 tamen
2679 2237 3114 2309 aliquantulum
3143 2244 3536 2313 00mpr688i0r
3565 2262 3745 2318 appa-

385 2327 496 2379 An.
531 2323 657 2390 997,
686 2327 820 2394 post
840 2323 988 2392 ﬁlias
1008 2326 1233 2398 reliquit
1255 2343 1432 2384 manu
1456 2346 1586 2385 suae.
1610 2348 1683 2385 xv
1712 2332 1782 2388 ad
1815 2349 1977 2390 oram
2094 2331 2237 2393 reat,
2270 2343 2336 2381 ac
2375 2325 2604 2381 nullum
2648 2325 2889 2399 insuper
2917 2328 3177 2400 spatium
3227 2330 3381 2386 inter
3426 2336 3748 2407 utrumque

305 2431 427 2471 una
462 2411 667 2470 Giscla.
2092 2431 2337 2480 annum,
2370 2421 2543 2488 prout
2564 2414 2709 2483 alias
2739 2414 3086 2489 plerumque
3110 2418 3470 2489 observatur,
3492 2438 3745 2480 vacuum

2093 2503 2409 2587 relinquat;
2436 2505 2842 2559 Atramentum
2873 2521 3108 2578 quoque
3139 2507 3406 2564 nonnihil
3452 2512 3747 2569 recentius

2093 2592 2397 2663 magisque
2430 2590 2663 2664 nigrum
2705 2597 2814 2648 est.
2847 2593 2963 2649 Nec
2991 2610 3125 2651 vero
3154 2595 3290 2653 inde
3337 2597 3746 2672 interpolatio-

391 2505 506 2559 An.
542 2502 706 2570 1008,
738 2501 811 2557 ad
844 2502 1121 2572 Augiense
1160 2506 1489 2562 cmnobium
1532 2524 1662 2563 saec.
1697 2526 1793 2564 xxv
1822 2514 1983 2568 nota-

312 2599 413 2649 tur
454 2610 469 2647 :
503 2592 698 2647 Annus
730 2591 1118 2647 retributionis
1145 2609 1383 2664 nequam
1422 2597 1634 2652 abbatis
1664 2600 1829 2663 venit,
1864 2600 1981 2655 Im-

316 2681 524 2737 monis
553 2678 772 2735 scilicet
791 2684 932 2735 tunc
952 2680 1223 2753 depositi,
1258 2683 1412 2753 quod
1444 2684 1616 2739 etiam
1651 2685 1711 2741 in
1758 2688 1969 2745 Einsid

2092 2697 2223 2735 nem
2257 2683 2413 2735 certo
2442 2679 2705 2735 evincere
2752 2682 3070 2751 audemus;
3103 2701 3231 2756 quae
3259 2685 3308 2740 si
3341 2686 3518 2744 etiam
3570 2689 3754 2760 foret,-

319 2769 474 2825 lensi
509 2785 544 2824 a
574 2767 764 2839 prima
794 2783 973 2823 manu
1004 2768 1275 2825 habetur.
2090 2768 2237 2824 satis
2274 2768 2517 2839 antiqua
2544 2772 2603 2824 et
2632 2769 2818 2826 codici
2847 2770 2942 2825 vix
2991 2788 3105 2828 non
3136 2789 3325 2830 cornva
3373 2779 3546 2831 esset.
3580 2776 3742 2833 Idem

385 2860 498 2914 An.
534 2857 693 2921 1009,
724 2856 808 2911 Ad
872 2857 1244 2928 Wolferadum
1301 2861 1609 2917 Hcrmanni
1661 2872 1871 2934 patrem
1919 2865 1979 2921 in
2081 2857 2376 2929 judicium
2409 2858 2710 2913 ferendum
2743 2874 3051 2917 censemus
3071 2861 3142 2917 de
3173 2862 3246 2918 iis
3271 2880 3398 2935 quae
3420 2864 3493 2920 ad
3515 2881 3611 2921 an.
3633 2863 3742 2920 934

316 2945 588 3019 margine
633 2961 765 3000 saec.
813 2962 887 3000 xv
935 2961 1109 3001 comes
1159 2947 1225 3003 de
1286 2949 1587 3018 Veringen;
1620 2951 1716 3005 ubi
1778 2970 1980 3010 rursus
2089 2951 2145 3000 et
2167 2948 2273 3001 958
2304 2949 2583 3001 notantur
2611 2947 2681 3001 de
2711 2948 3043 3005 Eberhardo
3069 2968 3087 3004 :
3121 2968 3248 3022 quae
3279 2953 3408 3009 ideo
3440 2952 3565 3009 suis
3596 2952 3743 3009 locis

312 3035 515 3092 nescio
541 3033 683 3107 quid
712 3039 1085 3090 commentus
1117 3040 1207 3091 est
1238 3035 1528 3105 Canisius,
1562 3056 1665 3111 pro
1712 3041 1969 3112 Piligrinx

2089 3034 2305 3090 intacta
2332 3033 2754 3105 relinquimus;
2788 3053 2902 3092 non
2933 3038 3074 3093 item
3123 3040 3193 3094 ad
3243 3057 3340 3097 an.
3370 3043 3496 3109 949,
3528 3043 3633 3098 960
3682 3047 3743 3099 et

315 3129 364 3179 et
395 3104 716 3180 [lentu-ade
743 3123 924 3194 ﬁliam
966 3125 1169 3197 legens
1199 3126 1461 3195 Piligrim
1490 3104 1541 3183 et
1562 3104 1881 3185 -Bernhardi
1908 3132 1969 3201 ﬁ.

2086 3124 2191 3177 996
2223 3123 2294 3177 de
2325 3104 2599 3192 Gregorio
2630 3122 2858 3187 abbate,
2892 3140 3018 3195 qua:
3057 3126 3165 3180 etsi
3206 3128 3433 3199 antiqui
3464 3104 3738 3185 nonnihil

321 3212 491 3275 liam;
525 3212 625 3285 qui
660 3212 800 3268 item
853 3229 1008 3268 anno
1056 3220 1336 3286 sequente
1363 3215 1487 3271 loco
1527 3223 1793 3289 paternus
1843 3236 1976 3275 αυυδ
2085 3209 2456 3277 characteris,
2490 3208 2994 3280 interpolationem
3038 3217 3235 3268 tamen
3281 3215 3541 3286 sapiunt,
3575 3217 3732 3288 quod

320 3318 466 3357 mea;
486 3302 734 3357 Clemens
756 3299 1127 3358 intolerando
1148 3319 1344 3359 errore
1366 3305 1531 3376 ponit
1553 3314 1814 3377 paternus
1842 3322 1975 3363 αυυδ
2080 3299 2161 3355 ibi
2185 3314 2393 3354 nomen
2417 3297 2551 3363 loci,
2570 3314 2672 3353 seu
2695 3296 2839 3353 cella
2860 3298 3183 3373 Meginradi
3206 3319 3550 3375 expressum
3573 3305 3729 3362 haud

332 3393 381 3445 in
412 3390 658 3446 censibus
683 3390 937 3446 clemens.
2080 3388 2176 3456 sit,
2210 3404 2336 3459 quae
2366 3386 2564 3442 omnia
2594 3385 2863 3459 scriptori
2906 3388 3261 3447 Einsidlensi
3298 3391 3611 3450 tribuenda
3636 3394 3723 3450 vi-

398 3481 497 3534 An.
527 3479 685 3545 1031,
717 3479 792 3535 ad
824 3478 1147 3551 marginem
1194 3496 1263 3535 ex
1309 3495 1440 3536 saec.
1474 3498 1597 3550 xm,
1628 3485 1803 3555 primi
1826 3486 1966 3557 lapi-

343 3567 422 3622 des
462 3568 696 3625 ecclesia
746 3567 895 3623 cella
941 3566 998 3621 S.
1027 3567 1332 3636 Meginradi
1362 3585 1416 3624 v1
1459 3569 1583 3625 Idus
1628 3572 1762 3627 Maii
1802 3578 1970 3646 positi

341 3661 468 3713 sunt.
498 3656 559 3712 In
589 3654 814 3713 caeteris
861 3654 1164 3713 codicibus
1201 3658 1480 3730 primaeva
1523 3675 1701 3716 manu
1734 3668 1967 3720 exarata

343 3742 583 3800 Canisius
613 3745 961 3800 detruncata
990 3743 1241 3800 exhibet.

398 3834 494 3889 An.
518 3834 671 3899 1032,
714 3849 901 3889 manu
931 3848 1063 3889 sec.
1087 3849 1179 3902 xv,
1204 3834 1276 3889 ad
1312 3835 1566 3891 Bertham
1616 3841 1857 3893 notatur
1900 3838 1966 3895 de

344 3920 624 3991 Hel/entain
652 3930 806 3979 nata.
840 3921 1063 3977 Ibidem
1108 3921 1169 3977 in
1218 3925 1482 3996 margine
1512 3941 1641 3981 saec.
1676 3943 1771 3984 xxv
1800 3927 1964 3983 addi-

342 4014 464 4066 tur:
501 4011 861 4067 Warmannus
897 4013 1177 4083 episcopus
1216 4010 1667 4082 Constantiensis,
1692 4016 1963 4087 quondam

342 4101 607 4156 monachus
664 4100 831 4172 hujus
887 4101 1015 4167 loci,
1058 4102 1369 4157 Ermnitnni
1423 4100 1662 4172 scilicet,
1696 4105 1967 4176 quamvis

343 4185 709 4245 Einsidlenses
739 4189 894 4245 inter
922 4192 980 4245 et
1010 4189 1335 4262 Augiensea
1357 4190 1427 4246 de
1447 4207 1513 4247 eo
1541 4191 1732 4248 adhuc
1762 4191 1836 4249 lis
1865 4193 1963 4251 sit.

346 4273 605 4333 Lacunam
638 4294 767 4351 quas
798 4277 910 4333 hoc
957 4294 1111 4333 anno
1142 4277 1200 4332 in
1230 4278 1507 4352 Augiensi
1549 4282 1965 4355 transumptis-

343 4380 438 4435 que
464 4367 590 4422 inde
618 4366 919 4423 codicibus
947 4366 1306 4433 observatur,
1341 4384 1410 4423 ex
1448 4368 1735 4426 Bernoldo
1765 4371 1963 4429 Mona-

344 4455 479 4509 censi
511 4455 932 4528 supplevimus.

402 4543 687 4609 “.1034,
735 4544 808 4599 ab
854 4543 1135 4615 Augiensi
1197 4543 1427 4600 aberrat
1474 4547 1857 4618 Augustanus
1912 4553 1970 4605 et

341 4626 601 4702 Canisius,
627 4632 722 4705 qui
755 4648 860 4704 pro
898 4633 1052 4687 Brun
1093 4633 1365 4703 palmetis
1414 4635 1788 4707 imperatoris,
1820 4638 1971 4707 ﬁlius

341 4718 525 4775 scilicet
550 4737 620 4776 ea:
646 4720 927 4790 lalhilde,
959 4721 1161 4792 legunt
1197 4739 1209 4776 :
1244 4722 1397 4776 Brun
1428 4724 1697 4794 patruelis
1728 4727 1968 4797 impera-

340 4810 452 4861 turi:
474 4810 624 4879 ﬁlius
651 4811 928 4881 ﬁliaeque;
959 4814 1016 4864 et
1043 4825 1176 4864 mox
1206 4814 1447 4882 postea:
1470 4813 1851 4884 Episcopatum
1883 4815 1973 4871 die

338 4894 542 4954 Pascha:
569 4901 778 4971 accepit
809 4898 955 4971 apud
992 4909 1243 4954 sanctum
1281 4902 1474 4954 eciam.
1511 4901 1827 4969 Tlxeobaldo,
1860 4908 1969 4958 etc.

332 5000 429 5056 pro
458 5002 470 5042 ;
498 4989 721 5059 accepit.
756 4988 912 5059 Apud
960 4995 1210 5043 sanctum
1244 4986 1460 5042 Gallum
1499 4991 1669 5044 etiam
1722 4990 1973 5047 Theobal-

326 5072 407 5138 do,
438 5080 544 5131 etc.

390 5165 495 5218 An.
530 5164 686 5232 1039,
731 5181 912 5221 manu
961 5182 1091 5222 saec.
1142 5182 1247 5220 xxxx
1293 5166 1615 5238 ascriptum
1669 5184 1682 5223 :
1731 5169 1975 5226 Ecclesia

314 5251 467 5308 cella
494 5252 552 5309 S.
583 5249 887 5325 Παρίην-ιιᾰὶ
911 5271 974 5309 ιιι
1004 5254 1132 5310 Idus
1161 5253 1403 5310 Octobris
1431 5253 1739 5324 dedicatur,
1761 5265 1813 5313 et
1841 5259 1972 5315 reli-

306 5342 463 5415 quie
487 5344 730 5413 corporis
758 5344 816 5400 S.
842 5341 1148 5413 leginradi
1177 5341 1246 5397 ab
1297 5343 1665 5412 Augiensibus
1712 5344 1974 5402 hactenus
2027 5358 2033 5363 ’

304 5438 548 5488 retentae
565 5430 789 5488 redditae
809 5434 957 5488 sunt.
976 5431 1062 5489 Ita
1081 5431 1257 5487 etiam
1285 5428 1342 5485 in
1371 5430 1726 5488 Einsidlensi
1750 5433 1976 5508 primae-

258 5596 270 5605 _
296 5538 377 5579 va
410 5536 628 5591 manu;
660 5521 722 5579 in
753 5520 1032 5597 Augiensi
1062 5527 1257 5580 tamen
1277 5537 1384 5579 vox
1415 5520 1482 5578 ab
1508 5519 1776 5581 studiose
1807 5540 1976 5585 erasa

2078 3479 2309 3544 dentur,
2340 3476 2420 3531 uti
2445 3474 2543 3530 illa
2566 3476 2781 3546 quibus
2803 3475 2947 3533 illud
2969 3479 3228 3550 additur,
3247 3480 3438 3537 adhuc
3457 3481 3518 3538 in
3537 3483 3727 3557 Augia
3758 3526 3763 3531 ς

2076 3566 2333 3638 ascripta
2378 3580 2709 3632 censemus,
2742 3566 2857 3622 nisi
2905 3569 3191 3625 recentior
3218 3569 3519 3627 character
3562 3570 3722 3629 aliud

2076 3655 2304 3728 prodat.
2624 3678 2661 3713 ρ

2146 3743 2259 3799 ΧΧ.
2294 3742 2532 3799 Initium
2576 3744 2737 3800 ducit
2782 3744 3097 3817 Augiensis
3143 3747 3324 3802 codex
3352 3765 3386 3803 a
3412 3748 3726 3806 Nativitate

2076 3831 2303 3888 Domini
2335 3831 2557 3905 absque
2589 3831 2859 3889 ulteriore
2888 3833 3078 3903 titulo,
3103 3832 3214 3889 nisi
3246 3835 3402 3907 quia
3422 3852 3602 3893 manu
3623 3852 3727 3892 se-

2073 3921 2189 3981 culi
2220 3940 2314 3978 xxv
2345 3921 2579 3978 additus
2608 3926 2721 3987 est,
2742 3925 2916 3993 prout
2947 3920 3116 3977 illum
3148 3923 3207 3978 in
3241 3928 3444 3981 nostra
3470 3924 3726 3983 editione

2075 4011 2422 4067 notavimus.
2454 4008 2737 4081 Pcrtingit
2765 4012 2960 4066 autem
2994 4010 3335 4069 continuata
3364 4013 3512 4071 serie
3539 4029 3728 4088 usque

2075 4100 2147 4155 ad
2178 4116 2271 4155 an.
2308 4100 2468 4167 1051,
2495 4114 2609 4169 quo
2640 4096 2888 4166 desinit;
2923 4115 3038 4155 non
3060 4101 3215 4172 quod
3245 4103 3616 4161 Hermannus
3644 4103 3729 4161 ibi

2073 4188 2249 4244 ﬁnem
2280 4187 2572 4243 scribendi
2621 4187 2837 4256 fecerit,
2872 4188 2973 4243 sed
3014 4191 3153 4261 quia
3180 4195 3322 4248 tunc
3368 4192 3493 4265 ipse
3524 4194 3728 4264 codex,

2075 4275 2340 4333 rescissis
2371 4274 2594 4349 aliquot
2623 4276 2779 4331 foliis
2802 4276 3020 4349 quibus
3049 4280 3188 4335 anni
3219 4282 3575 4353 posteriores
3594 4298 3731 4338 con-

2074 4366 2431 4428 tinebantur,
2464 4381 2708 4421 mancus
2739 4370 2829 4421 est
2862 4384 2874 4422 :
2908 4367 3010 4439 qui
3056 4367 3213 4424 idem
3244 4370 3507 4428 defectus
3538 4372 3595 4427 in
3628 4371 3729 4427 de-

1999 4473 2046 4536 D
2074 4453 2309 4525 scriptis
2332 4468 2566 4525 quoque
2588 4453 2795 4508 exinde
2816 4454 3172 4512 Einsidlensi
3194 4462 3252 4513 et
3267 4460 3612 4532 Augustano
3632 4475 3730 4514 co-

2077 4541 2306 4596 dicibus
2322 4541 2600 4609 habetur;
2625 4541 2775 4597 unde
2792 4542 3098 4599 sinistrum
3117 4544 3226 4600 hoc
3244 4547 3428 4602 fatum
3448 4545 3729 4619 Augiensi

2077 4630 2260 4687 codici
2295 4629 2501 4684 saltem
2525 4630 2651 4700 jam
2685 4630 2896 4686 saeculo
2926 4649 3022 4687 xxv
3042 4633 3323 4705 obtigisse
3354 4650 3589 4689 necesse
3616 4638 3729 4707 est,

2077 4738 2193 4792 quo
2224 4718 2305 4773 illi
2339 4733 2406 4772 ex
2436 4735 2502 4773 eo
2535 4719 2692 4773 fuere
2724 4720 3099 4791 transumpti.
3135 4720 3463 4778 Dolendum
3494 4723 3551 4779 id
3582 4728 3728 4793 erat,

2078 4808 2190 4864 nisi
2222 4825 2289 4863 ex
2321 4806 2572 4862 Murensi
2605 4813 2662 4860 et
2690 4807 3141 4879 Engelbergensi
3174 4827 3341 4882 mss,
3374 4814 3474 4885 qui
3499 4813 3625 4885 jam
3656 4812 3729 4869 ab

2079 4898 2250 4953 annis
2281 4896 2573 4968 prioribus
2616 4911 2748 4949 cum
2797 4897 3079 4967 Augiensi
3108 4902 3559 4971 concordarunt,
3590 4919 3731 4976 sup-

2080 4986 2221 5058 pleri
2258 4984 2542 5056 potuisset
2564 4983 2681 5038 haec
2704 4984 2881 5039 trium
2904 5003 3191 5045 annorum
3215 4990 3428 5047 lacuna
3448 5007 3636 5065 usque
3655 4991 3731 5047 ad

2082 5092 2175 5131 an.
2202 5075 2359 5141 l05lx,
2374 5089 2681 5144 quousque
2705 5090 2914 5146 nempe
2937 5078 3285 5148 perductum
3306 5085 3395 5137 est
3415 5077 3733 5136 Hermanni

2082 5163 2417 5228 chronicon,
2450 5162 2536 5216 uti
2567 5161 2936 5233 Bertholdus,
2970 5166 3099 5237 ejus
3128 5168 3478 5242 discipulus,
3509 5168 3568 5222 in
3599 5165 3732 5222 Vita

2082 5252 2353 5325 superius
2382 5250 2518 5305 data
2545 5254 2813 5325 testatur,
2838 5269 3093 5325 quocum
3126 5259 3298 5314 etiam
3331 5256 3554 5312 faciunt
3582 5254 3735 5311 codi-

2083 5358 2179 5399 ces
2210 5336 2481 5396 Bernoldi
2510 5342 2569 5393 et
2600 5338 2896 5398 Murensis
2926 5345 2996 5399 ad
3026 5362 3247 5401 annum
3278 5345 3405 5398 378.

2153 5428 2273 5485 Etsi
2304 5442 2434 5482 vero
2466 5426 2758 5484 Murensis
2779 5430 3081 5487 deﬁciente
3104 5430 3380 5506 Augiensi
3413 5448 3516 5506 per
3545 5450 3731 5493 annos

2083 5521 2243 5590 1052,
2276 5516 2414 5576 1053
2442 5519 2500 5574 et
2532 5516 2671 5576 1054
2698 5518 2989 5589 decurrat,
3017 5519 3146 5577 istis
3180 5524 3373 5581 tamen
3402 5523 3596 5582 tribus
3626 5540 3733 5583 an-
