4124 6188
445 338 522 394 47
1219 325 1707 390 HERMANNUS
1752 319 2270 387 CONTRACTUS
2316 320 2665 384 MONACH.
2711 318 3077 383 AUGIENS.
3774 315 3852 376 48

449 467 540 524 nis
571 467 642 524 ab
673 465 826 523 edito
857 462 1084 520 Urstisii
1131 461 1396 518 nonnihil
1427 462 1734 533 discrepat.
1772 457 2093 527 Utrumque
2122 455 2176 521 Α
2275 453 2466 509 XXIII.
2502 456 2561 509 Id
2593 470 2725 510 vero
2781 453 3032 526 speciale
3085 451 3262 508 habet
3290 449 3470 506 codex
3519 447 3854 522 Augiensisv

449 556 630 629 igitur
657 554 946 612 edendum
991 551 1354 618 censuimus,
1383 549 1546 605 dubii
1578 553 1709 602 utra
1735 545 1992 617 genuina
2023 543 2098 598 sit

450 643 767 701 Hermanni
796 641 997 708 lectio;
1027 641 1280 696 maxime
1310 655 1443 695 cum
1474 642 1601 708 post
1631 653 1724 690 an.
1753 635 1890 688 1052
1921 633 2097 686 ﬁnem

450 733 663 790 habeat
716 733 832 788 San
890 729 1250 802 Georgianus
1308 726 1537 782 Urstisii
1597 724 1794 789 codex,
1845 737 2098 794 quocum

451 822 628 878 etiam
666 824 806 876 tunc
854 818 1137 875 Bernoldo
1168 817 1345 871 ﬁnem
1392 811 1774 884 imponimus,
1809 809 1974 865 illum
2026 809 2099 864 ab

453 926 606 966 anno
636 907 776 965 1053
805 907 863 962 in
894 911 1036 962 tom.
1072 905 1118 960 II
1153 901 1539 976 prosecuturi.

527 1025 668 1081 XXI.
698 1025 896 1093 Neque
939 1037 1069 1076 vero
1099 1019 1307 1074 exinde
1357 1018 1624 1072 ﬁrmatur
1657 1013 1995 1087 Gundlingii
2047 1017 2103 1069 et

455 1114 646 1173 Vossii
677 1114 773 1185 (De
802 1112 928 1166 hist.
952 1110 1050 1164 tat.
1075 1108 1114 1164 1.
1140 1126 1202 1178 ιι,
1225 1124 1275 1163 c.
1298 1108 1389 1175 44,
1413 1108 1443 1179 §
1467 1107 1550 1177 19)
1574 1106 1929 1176 conjectura.
1961 1104 2100 1158 Her-

458 1217 743 1260 mannum
764 1215 939 1256 suum
963 1197 1292 1254 Chronicon
1309 1197 1590 1250 duntaxat
1609 1195 1680 1250 ad
1705 1212 1796 1249 an.
1823 1193 1957 1247 1053
1980 1208 2103 1264 per-

457 1291 719 1356 duxisse,
741 1305 809 1345 eo
841 1288 996 1359 quod
1019 1285 1367 1342 Bertholdus
1391 1282 1851 1339 Constantiensis
1873 1283 1999 1352 jam
2031 1281 2103 1335 ab

458 1379 559 1436 illo
580 1395 734 1435 anno
757 1375 1257 1434 continuationem
1280 1391 1448 1430 suam
1473 1373 1644 1427 fuerit
1663 1387 1922 1427 exorsus.
1949 1369 2109 1424 Facit

462 1469 519 1524 id
552 1467 791 1539 quidem
827 1464 1109 1521 Urstisius
1148 1465 1208 1518 in
1253 1480 1361 1518 sua
1402 1461 1682 1527 editione;
1728 1464 1787 1514 at
1832 1459 1890 1513 in
1941 1461 2104 1511 auto-

393 1596 400 1599 -
461 1556 683 1629 grapho
717 1553 1038 1610 Bernoldus
1069 1557 1188 1608 tam
1226 1552 1418 1624 priora
1449 1565 1623 1620 quam
1659 1548 1979 1620 posteriora
2011 1545 2108 1600 illo

464 1663 616 1702 anno
651 1646 808 1714 1053,
835 1662 950 1700 una
980 1643 1128 1698 serie
1158 1657 1394 1696 narrare
1417 1639 1622 1711 pergit,
1647 1637 1806 1692 nulla
1841 1637 1990 1691 facta
2010 1633 2110 1690 ali-

466 1735 637 1806 cujus
685 1732 1141 1789 continuationis
1193 1729 1506 1796 mentione,
1538 1743 1666 1798 qua:
1725 1727 1867 1781 adeo
1915 1741 1947 1779 a
1995 1739 2109 1795 quo

465 1840 618 1879 anno
652 1821 982 1893 incipienda
1031 1820 1127 1884 sit,
1159 1816 1533 1874 determinari
1586 1815 1720 1870 hinc
1769 1814 2004 1886 nequit;
2039 1814 2108 1867 de
2141 1821 2188 1886 Β

466 1928 582 1983 quo
612 1927 719 1966 suo
749 1909 873 1965 loco
906 1908 1094 1981 plura.
1127 1906 1443 1962 Hermanni
1477 1920 1608 1960 vero
1633 1903 1824 1960 adhuc
1852 1919 1981 1958 esse
2007 1918 2108 1956 an-

468 2015 609 2055 num
644 1999 802 2066 1053,
827 1998 952 2070 ipse
976 1996 1171 2068 prodit
1197 1995 1462 2051 scribens
1487 2012 1498 2049 :
1532 1993 1907 2050 Werinharius
1935 1996 2114 2062 frater

463 2105 638 2157 meus,
671 2087 827 2160 quod
861 2086 1066 2142 saltem
1098 2085 1382 2140 Urstisius
1412 2083 1606 2138 habet.

535 2203 850 2259 Enormius
869 2205 1064 2257 autem
1087 2196 1874 2268 aberravitTrithemius,qui
1889 2195 2110 2267 (Annal.

467 2294 721 2362 Hirsaug.
747 2296 887 2346 tom.
911 2291 953 2361 Ι)
986 2289 1210 2345 obitum
1253 2287 1569 2343 Hermanni
1594 2288 1720 2357 jam
1751 2286 1822 2341 ad
1856 2303 1951 2341 an.
1979 2287 2115 2341 1043

467 2381 795 2451 consignat.
816 2378 1121 2434 Falluntur
1140 2381 1198 2432 et
1217 2376 1300 2431 illi
1324 2377 1423 2448 qui
1448 2376 1558 2431 sibi
1586 2375 1960 2448 persuadent,
1986 2390 2113 2445 qua}

468 2469 528 2525 in
559 2468 659 2524 ilio
702 2468 986 2525 Chronico
1017 2467 1090 2522 ab
1137 2483 1289 2521 anno
1333 2467 1468 2519 10-10
1499 2469 1844 2537 sequuntur,
1878 2464 1951 2519 ab
2001 2462 2114 2518 alio

471 2557 751 2631 scriptore
782 2557 962 2611 fuisse
983 2555 1201 2620 addita,
1225 2558 1423 2626 utpote
1446 2553 1634 2608 fusius
1655 2558 1914 2621 exarata;
1945 2553 2115 2624 quasi

469 2663 602 2703 vero
634 2650 799 2719 gesta
827 2643 1076 2716 tempori
1098 2661 1212 2715 quo
1235 2643 1526 2698 scribebat
1553 2642 1833 2698 viciniora
1859 2659 1963 2698 ceu
1995 2659 2115 2697 me-

471 2735 586 2792 lius
614 2735 725 2791 sibi
759 2734 991 2806 cognita
1021 2733 1326 2805 prolixiore
1359 2748 1589 2803 quoque
1634 2731 1858 2787 calamo
1889 2731 2116 2788 descri-

467 2825 605 2881 bere
625 2824 782 2880 haud
804 2823 1078 2895 potuerit.
1105 2824 1224 2877 lmo
1246 2821 1404 2877 illius
1424 2821 1703 2892 temporis
1729 2824 1894 2892 gesta
1920 2821 2116 2893 ipsum

473 2913 662 2985 magis
679 2913 1022 2986 scriptorem
1040 2911 1315 2982 produnt,
1333 2927 1444 2982 quo
1470 2909 1723 2981 primum
1745 2909 1991 2965 clericus
2013 2926 2116 2965 seu

472 3002 795 3059 monachus
827 3001 885 3056 in
915 3000 1102 3072 Augia
1130 3001 1316 3056 factus
1343 3004 1432 3055 est
1460 3002 1614 3054 circa
1642 3015 1862 3054 annum
1893 2999 2117 3054 tricesi-

473 3108 638 3146 mum
663 3090 869 3157 sztatis,
887 3093 951 3144 ut
981 3089 1146 3145 testis
1169 3094 1257 3144 est
1277 3088 1418 3143 Vita:
1446 3087 1724 3159 scriptor;
1763 3088 1916 3143 unde
1938 3092 1995 3144 et
2014 3089 2118 3144 ad-

2206 543 2358 614 quod
2395 544 2544 598 facta
2574 561 2699 614 quae
2733 547 2931 598 narrat
2957 559 3072 598 non
3113 541 3287 612 juxta
3333 556 3520 595 annos
3551 536 3856 614 regiminis

2205 633 2624 703 imperatorum
2653 637 2754 687 aut
2780 647 2984 703 regum
3016 634 3315 702 supputet,
3342 629 3426 684 uti
3451 626 3675 684 caeteris
3705 625 3859 682 codi-

2207 721 2374 776 cibus
2407 724 2464 775 et
2495 719 2827 776 Monacensi
2858 735 3091 792 quoque
3123 717 3410 774 familiare
3441 721 3550 772 est.
3577 716 3699 780 Quo
3732 716 3858 787 ipso

2206 808 2263 864 id
2298 807 2462 864 facile
2492 807 2736 880 contigit
2767 812 2852 876 ut,
2888 809 3029 863 dum
3061 823 3215 862 unus
3248 805 3506 877 primum
3547 804 3857 876 cujusdam

2207 897 2360 970 regis
2378 913 2598 953 annum
2617 897 2688 952 ab
2706 895 2868 951 obitu
2885 894 3350 967 praedecessoris,
3368 892 3512 949 alter
3527 894 3767 948 demum
3787 892 3860 949 ab

2209 1003 2360 1040 anno
2393 989 2671 1057 sequente
2701 985 3049 1052 numeravit,
3081 984 3141 1039 in
3177 983 3321 1055 ipsis
3352 981 3654 1056 regiminis
3687 981 3860 1038 annis

2209 1075 2320 1130 sibi
2344 1074 2499 1128 haud
2523 1077 2876 1143 constarent,
2899 1074 3160 1144 adeoque
3181 1076 3238 1128 et
3261 1073 3319 1126 in
3343 1070 3713 1144 assignandis
3735 1069 3860 1126 cui-

2209 1163 2350 1218 libet
2369 1179 2522 1218 anno
2543 1162 2723 1235 gestis
2745 1167 2802 1218 et
2821 1167 3153 1233 temporum
3173 1165 3448 1232 computo
3471 1178 3504 1214 a
3526 1177 3588 1216 se
3611 1159 3860 1215 invicem

2212 1252 2624 1323 discreparent.
2658 1251 3029 1306 Hcrmannus
3059 1255 3252 1305 autem
3297 1266 3390 1304 res
3420 1266 3554 1304 cum
3590 1249 3861 1304 incarna-

2211 1341 2390 1395 tionis
2422 1340 2734 1405 Dominicre
2779 1339 2951 1395 annis
2983 1338 3254 1410 copulare
3281 1354 3592 1410 aggressus
3621 1341 3730 1392 est.
3769 1339 3859 1392 Ve-

2213 1447 2358 1490 rum,
2397 1433 2454 1483 ut
2486 1433 2648 1484 notat
2678 1429 2962 1500 Bouquet,
2987 1432 3128 1482 tom.
3153 1427 3226 1482 III
3255 1427 3469 1499 Script.
3495 1444 3605 1482 rer.
3630 1427 3860 1494 Franc.,

2215 1520 2412 1589 p.310,
2447 1519 2664 1588 infelici
2691 1526 2910 1585 conatu,
2934 1517 3129 1572 saltem
3159 1520 3422 1588 quantum
3459 1518 3652 1570 attinet
3681 1515 3749 1570 ad
3777 1531 3862 1571 res

2217 1625 2333 1677 qua:
2364 1607 2461 1660 sub
2493 1608 2668 1672 prima
2703 1623 2888 1676 regum
2936 1608 3267 1661 Francorum
3313 1607 3481 1676 stirpe
3507 1609 3669 1674 gestae
3695 1609 3863 1664 sunt:

2219 1698 2334 1750 imo
2365 1713 2513 1766 salpe
2546 1695 2681 1749 alibi
2716 1711 2968 1766 quoque,
2992 1695 3271 1749 inductus
3301 1694 3503 1765 utique
3524 1694 3596 1748 ab
3618 1692 3865 1749 auctori-

2223 1786 2332 1838 bus
2354 1784 2781 1855 antiquioribus
2804 1800 2952 1854 quos
2973 1787 3209 1838 secutus
3229 1786 3337 1838 est.
3363 1783 3521 1847 Quod
3546 1787 3738 1837 autem
3764 1782 3864 1838 ad-

2223 1873 2305 1927 dit
2328 1873 2481 1928 idem
2508 1875 2802 1944 Bouquet:
2836 1875 2987 1927 Veros
3017 1888 3210 1937 annos,
3241 1871 3417 1944 quoad
3459 1872 3578 1941 eius
3625 1873 3750 1942 ﬁeri
3772 1887 3868 1942 po-

2220 1965 2404 2024 tuerit,
2444 1961 2842 2029 adnotabz’mus,
2868 1961 3024 2016 nullo
3045 1961 3226 2016 habito
3245 1967 3485 2034 respectu
3507 1960 3576 2016 ad
3597 1977 3769 2016 annos
3797 1960 3864 2016 ab

2221 2053 2530 2105 Hermanno
2561 2054 2792 2117 notatos,
2827 2067 2953 2120 quos
2993 2054 3178 2104 tamen
3201 2051 3392 2120 cuique
3439 2049 3672 2105 articulo
3714 2063 3864 2121 pra?-

2222 2143 2521 2207 mittemus,
2555 2145 2822 2194 nostrum
2851 2153 3084 2211 quoque
3113 2155 3183 2194 ex
3204 2143 3366 2212 parte
3390 2138 3635 2196 facimus
3665 2139 3724 2195 in
3756 2138 3865 2195 hac

2222 2229 2496 2293 editione,
2532 2234 2593 2282 ut
2623 2228 2862 2295 scilicet,
2899 2229 3101 2284 ordine
3131 2229 3446 2284 Hermanni
3494 2233 3738 2299 retento,
3769 2243 3866 2301 ge-

2224 2317 2471 2372 nuinum
2493 2317 2806 2388 cujuslibet
2830 2318 2960 2372 facti
2991 2322 3226 2390 tempus
3247 2317 3360 2373 alio
3381 2318 3708 2373 charactere
3729 2317 3866 2373 sub-

2215 2407 2516 2478 jiciamus,
2550 2412 2836 2476 quantum
2869 2406 3106 2477 quidem
3139 2423 3206 2461 ex
3237 2406 3658 2463 recentioribus
3686 2411 3743 2462 et
3773 2423 3865 2462 ac-

2225 2495 2615 2552 curatioribus
2644 2494 3012 2567 chronologis
3045 2499 3298 2550 statuere
3329 2495 3512 2551 licuit.

2298 2584 2412 2639 IIns
2459 2584 2612 2638 inter
2658 2583 2949 2655 imprimis
2999 2599 3380 2640 numeramus
3410 2584 3470 2638 P.
3504 2585 3869 2658 Stephanum

2225 2673 2504 2738 Clement,
2538 2673 2768 2744 insigne
2799 2672 3264 2746 congregationis
3306 2673 3676 2731 Benedictino
3706 2675 3870 2730 Mau-

2226 2763 2400 2817 rianze
2432 2762 2490 2815 in
2515 2761 2700 2816 Gallia
2728 2762 2926 2828 decus,
2949 2762 3048 2833 qui
3081 2761 3137 2816 in
3164 2761 3647 2834 praestantissimo
3677 2779 3874 2836 opere,

2227 2849 2361 2905 I'Art
2414 2850 2479 2904 de
2523 2851 2744 2920 vériﬁer
2787 2850 2862 2904 (es
2906 2849 3077 2920 dates,
3106 2850 3294 2905 tertiis
3323 2851 3476 2923 typis
3508 2851 3744 2909 Parisiis
3774 2870 3871 2909 an.

2228 2939 2366 2993 1783
2395 2955 2556 3010 seqq.
2589 2939 2777 2994 tribus
2830 2937 3134 3011 hucusque
3188 2941 3366 2995 tomis
3424 2941 3746 3011 majoribus
3775 2958 3871 2997 ex-

2225 3044 2367 3084 cuso
2398 3033 2455 3083 et
2484 3032 2674 3094 aucto,
2705 3031 2921 3093 exacte,
2958 3027 3006 3083 si
3050 3027 3183 3099 quis
3215 3027 3385 3096 alius,
3417 3033 3747 3101 temporum
3779 3045 3872 3086 se-

2229 3117 2371 3172 riem
2405 3116 2668 3188 digessit,
2701 3116 2792 3170 cui
2827 3119 3020 3171 tamen
3069 3133 3232 3189 aeque
3277 3133 3344 3172 ac
3391 3116 3557 3172 nobis
3599 3135 3872 3174 nonnun-

471 3181 583 3236 δυο
614 3178 818 3279 Ψξξξίδ
843 3176 1906 3279 ?“w_HiltF“dis3W?!)le39“”?3“
1925 3177 1996 3232 ad
2017 3195 2119 3234 ⁸η·
2151 3185 2194 3252 C
2232 3223 2408 3279 quam
2442 3176 2513 3262 ab
2545 3176 2674 3260 aliis
2706 3205 2888 3260 accini
2922 3206 3106 3278 possit
3186 3207 3512 3277 Quandoque
3546 3207 3714 3262 bonus
3743 3208 3870 3264 dor-

473 3283 616 3323 num
634 3268 865 3335 1032,ut
882 3270 1088 3322 caetera
1101 3266 1226 3336 jam
1244 3263 1421 3321 allata
1441 3264 1779 3320 testimonia
1801 3270 2118 3322 taceamus.

474 3356 537 3410 Id
559 3371 745 3410 unum
769 3353 941 3409 modo
962 3369 1268 3424 superesse
1285 3357 1482 3425 posset
1498 3353 1741 3408 dubium
1766 3370 1907 3409 num
1930 3371 2121 3410 annus

476 3443 636 3509 4054,
665 3442 737 3497 ad
768 3457 942 3512 quem
973 3441 1298 3496 Chronicon
1330 3458 1503 3497 suurn
1538 3443 1877 3512 perduxisse
1917 3443 2121 3498 scribi-

479 3537 596 3598 tur,
621 3531 680 3585 in
703 3529 858 3586 hunc
880 3529 1168 3586 calculum
1190 3531 1620 3602 computandus
1643 3531 1853 3598 veniat,
1871 3549 1942 3586 an
1967 3533 2036 3587 ab
2055 3549 2121 3588 eo

479 3623 558 3678 sit
586 3620 1004 3686 excludendus,
1029 3619 1242 3691 partim
1271 3619 1343 3674 ob
1373 3619 1602 3674 codices
1635 3621 1730 3691 qui
1762 3620 2120 3676 contrarium

477 3710 724 3766 suadere
750 3709 1040 3776 videntur,
1063 3707 1134 3762 de
1183 3706 1397 3778 quibus
1438 3712 1632 3763 tamen
1665 3725 1795 3764 mox
1843 3709 2119 3778 diximus,

475 3799 689 3871 partim
711 3798 865 3870 quod
890 3795 1171 3852 miracula
1194 3795 1398 3851 Leonis
1424 3796 1490 3852 IX
1514 3813 1695 3869 papae,
1719 3797 1920 3853 eodem
1943 3814 2118 3868 anno,

475 3890 568 3945 die
595 3887 664 3944 19
690 3885 928 3960 Aprilis,
961 3886 1240 3953 defuncti,
1266 3885 1359 3940 vix
1390 3887 1688 3958 pervenire
1727 3887 2021 3958 potuerint
2060 3887 2119 3941 in

476 3976 744 4033 notitiam
775 3974 1090 4031 Hermanni
1113 3979 1245 4046 post
1266 3975 1525 4046 quinque
1553 3992 1784 4030 nienses
1806 3981 1863 4031 et
1884 3975 2119 4048 longam

475 4064 884 4137 aegritudinem
905 4064 1183 4130 defuncti,
1208 4066 1274 4118 ut
1292 4080 1360 4119 ea
1381 4064 1503 4136 ipse
1531 4063 1722 4119 adhuc
1741 4064 1991 4120 scribere
2018 4081 2119 4136 po-

474 4153 672 4208 tuerit.
704 4153 785 4208 Ex
813 4169 928 4224 quo
959 4156 1154 4207 autem
1186 4151 1334 4207 illud
1381 4157 1610 4208 tantum
1643 4153 1787 4209 forte
1819 4153 1952 4225 quis
1982 4170 2117 4209 con-

469 4243 653 4312 jiciat,
688 4242 880 4314 priora
927 4241 1106 4312 hujus
1138 4241 1275 4296 anni
1308 4242 1444 4296 1054
1493 4247 1656 4313 gesta
1685 4243 1756 4297 ab
1787 4243 2118 4298 Hermanno

474 4331 769 4402 adnotata,
802 4331 873 4386 ab
901 4331 1028 4402 ejus
1070 4329 1356 4402 discipulo
1391 4334 1586 4402 postea
1615 4331 1794 4386 fuisse
1826 4330 2116 4402 suppleta,

475 4424 540 4475 ut
569 4424 764 4475 tamen
813 4419 1092 4492 integeris
1123 4435 1313 4475 annus
1348 4420 1676 4475 Ilermanno
1713 4420 2068 4475 tribueretur
2101 4436 2114 4476 :

471 4508 531 4564 id
564 4509 718 4580 quod
747 4509 981 4564 disertis
1010 4507 1198 4564 verbis
1229 4508 1366 4564 facit
1396 4509 1686 4564 Murensis
1715 4510 1912 4574 codex,
1941 4524 2116 4579 quem

471 4598 641 4652 nobis
672 4596 781 4653 hac
811 4597 870 4652 in
901 4615 962 4653 re
993 4598 1357 4668 sequendum
1385 4599 1742 4654 censuimus.

540 4721 704 4779 XXII.
728 4721 1020 4779 Discimus
1041 4740 1211 4796 porro
1235 4740 1305 4780 ex
1327 4724 1496 4780 dictis
1518 4740 1632 4796 quo
1654 4727 1914 4795 tempore
1935 4721 2112 4778 Chro-

473 4809 644 4865 nicon
670 4827 844 4866 suum
867 4827 1108 4868 exorsus
1129 4813 1205 4868 sit
1225 4812 1474 4868 Herman
1486 4829 1594 4866 nus
1616 4827 1801 4883 quove
1826 4811 1971 4865 illud
1995 4817 2112 4866 ter-

470 4897 729 4954 minarit.
759 4898 916 4954 Unde
931 4899 1153 4955 Veteris
1173 4900 1531 4955 Testamenti
1554 4899 1900 4970 Chronicon,
1923 4900 2111 4955 eidem

470 4985 531 5040 in
556 4987 777 5043 ceteris
798 4987 1116 5057 codicibus,
1140 4992 1376 5060 excepto
1396 4988 1693 5060 Augiensi,
1717 4988 2109 5059 prmmissum,

471 5091 584 5130 non
606 5076 848 5148 ipsi,sed
871 5077 997 5148 ejus
1017 5077 1474 5148 descriptoribus
1494 5076 1870 5130 tribuendum
1893 5077 2109 5148 est,qui

467 5181 571 5236 pro
606 5164 808 5221 media:
840 5165 1025 5221 aetatis
1053 5165 1224 5237 genio
1256 5165 1528 5220 chronica
1558 5181 1618 5219 se
1648 5163 1901 5220 scribere
1941 5180 2111 5236 posse

468 5269 838 5326 nequaquam
868 5252 1293 5326 putarunt,nisi
1323 5251 1648 5307 venerabile
1679 5252 1842 5308 Beda:
1874 5270 2106 5324 nomen,

465 5343 712 5414 ejusque
750 5343 829 5397 De
851 5359 949 5397 sex
972 5340 1174 5395 mundi
1197 5339 1464 5395 aetatibus
1486 5339 1698 5395 librum
1724 5340 1839 5397 illis
1859 5344 2112 5416 przefige-

467 5434 614 5497 rent,
631 5430 775 5486 forte
801 5434 866 5484 ut
887 5428 1152 5484 codicum
1174 5426 1395 5483 raritati
1417 5426 1978 5497 consulerent.Quod
2001 5432 2109 5488 etsi

413 5581 418 5586 _
467 5519 874 5590 scriptoribus,
917 5516 1256 5587 neutiquam
1301 5519 1496 5570 tamen
1549 5533 1750 5572 eorum
1784 5520 2109 5576 editoribus

465 5606 885 5677 ignoscendum
911 5604 1285 5672 arbitramur,
1311 5605 1410 5676 qui
1434 5605 1602 5661 toties
1632 5613 1921 5662 recoctum
1948 5609 2108 5664 Beda:

467 5694 790 5763 Chronicon
807 5691 1118 5750 identidem
1132 5693 1366 5767 publico
1379 5693 1504 5752 sine
1516 5711 1694 5754 causa
1705 5697 2010 5756 obtruseru
2022 5704 2104 5760 ut.

2227 3297 2387 3352 mitat
2415 3296 2691 3350 Homerus.

2300 3385 2406 3448 Qui
2439 3383 2927 3439 celebratissimos
2957 3383 3262 3456 hucusque
3293 3384 3675 3459 chronologos
3695 3385 3872 3456 Scali;

2229 3489 2454 3546 gerum,
2489 3471 2806 3540 Petavium,
2841 3471 3163 3528 Calmetum
3207 3471 3471 3546 aliosque
3517 3475 3872 3541 evolverunt,

2229 3561 2443 3633 oppido
2473 3561 2736 3616 noverint
2765 3564 2998 3632 quantae
3027 3560 3114 3616 vel
3146 3578 3300 3617 nunc
3325 3579 3510 3634 operae
3542 3568 3600 3618 et
3629 3564 3876 3620 difﬁcul-

2230 3650 2366 3705 tatis
2396 3649 2473 3705 sit
2501 3650 2828 3704 ordinatam
2861 3665 3092 3722 semper
3130 3654 3510 3724 curatamque
3542 3655 3876 3726 temporum

2230 3738 2510 3794 rationem
2541 3738 2706 3793 inire.
2741 3738 2924 3793 Tanto
2957 3738 3142 3810 magis
3178 3738 3602 3812 indulgendum
3633 3745 3720 3797 est
3753 3757 3876 3796 me-

2229 3827 2309 3882 dii
2331 3826 2430 3882 aavi
2453 3826 2858 3898 scriptoribus,
2882 3827 2929 3882 si
2954 3827 3012 3882 in
3037 3829 3427 3900 supputandis
3449 3829 3695 3886 subinde
3715 3830 3879 3884 aber-

2229 3916 2503 3987 ravcrint,
2536 3917 2711 3972 rebus
2763 3916 3104 3971 enarrandis
3145 3934 3295 3990 saepe
3344 3919 3530 3990 magis
3561 3935 3737 3990 quam
3783 3918 3880 3973 di-

2229 4007 2543 4063 scutiendae
2610 4004 2993 4078 ehronologia:
3051 4005 3280 4071 intenti,
3344 4007 3519 4076 unde,
3578 4022 3650 4064 ne
3707 4006 3878 4063 ﬁlum

2229 4094 2578 4150 narrationis
2609 4094 3043 4166 abrumperent,
3076 4094 3334 4166 plurium
3365 4095 3544 4150 simul
3584 4111 3877 4152 annorum

2226 4190 2391 4256 gesta
2414 4184 2474 4238 in
2501 4201 2685 4241 unum
2705 4187 3142 4255 congesserunt.
3161 4183 3322 4238 Adde
3341 4183 3496 4255 quod
3521 4201 3674 4240 unus
3696 4185 3882 4240 idem-

2227 4289 2340 4344 que
2370 4276 2571 4328 auctor
2599 4271 2775 4328 etiam
2807 4287 2875 4326 ex
2899 4271 3160 4344 antiquis
3189 4271 3246 4326 in
3279 4273 3592 4328 statuenda
3620 4273 3880 4329 chrono-

2226 4361 2380 4432 logia
2411 4361 2520 4417 sibi
2555 4377 2786 4432 semper
2825 4361 2977 4416 haud
3021 4364 3264 4429 constet,
3285 4361 3439 4432 quod
3478 4360 3566 4416 vel
3595 4362 3876 4418 exEuse-

2227 4450 2320 4506 bio
2351 4449 2552 4522 liquet,
2577 4450 2676 4521 qui
2710 4450 2876 4505 aliter
2902 4449 2960 4504 in
2992 4450 3298 4516 Chronico,
3328 4449 3496 4505 aliter
3527 4450 3584 4504 in
3617 4450 3879 4507 Historia

2145 4550 2194 4616 Ι)
2224 4543 2487 4610 tempora
2519 4538 2798 4610 digessit:
2823 4542 3044 4610 quanto
3089 4538 3285 4594 minus
3337 4538 3491 4594 inter
3519 4543 3605 4594 tot
3632 4542 3877 4610 tamque

2225 4627 2484 4684 diversos
2515 4632 2781 4683 auctores
2807 4632 3007 4684 exacta
3037 4643 3270 4700 semper
3297 4627 3608 4683 concordia
3635 4643 3874 4700 exspec-

2225 4718 2403 4773 tanda
2426 4716 2552 4773 est?
2582 4717 2745 4780 Quod
2769 4717 3059 4789 praecipue
3082 4716 3144 4771 in
3168 4717 3498 4772 Hermanno
3522 4720 3720 4772 nostro
3744 4731 3876 4770 eve-

2221 4806 2324 4874 nit,
2359 4807 2459 4878 qui
2491 4804 2815 4860 Chronicon
2847 4821 3022 4860 suum
3064 4821 3135 4860 ex
3171 4804 3418 4862 diversis
3450 4805 3590 4861 adeo
3621 4803 3872 4876 scripto-

2221 4896 2386 4952 ribus
2416 4895 2668 4967 collegit.

2289 4983 2524 5041 Accedit
2543 4983 2658 5040 alia
2679 4988 2798 5040 tam
2817 4982 3060 5039 diversa
3080 4987 3411 5055 temporum
3434 4999 3544 5055 sup
3552 4981 3873 5055 putationis

2220 5074 2366 5128 ratio
2387 5091 2455 5128 ex
2477 5071 2831 5145 negligentia
2851 5089 2952 5129 seu
2975 5072 3268 5145 imperitia
3289 5070 3875 5143 amanuensium,qui

2219 5179 2369 5233 smpe
2388 5178 2608 5217 annum
2631 5167 2732 5217 aut
2751 5168 3073 5233 praenotare
3094 5159 3490 5233 neglexerunt,
3511 5164 3613 5214 aut
3632 5158 3757 5216 loco
3779 5159 3874 5214 in-

2219 5267 2473 5324 congruo
2512 5251 2897 5320 adnotarunt;
2950 5267 3064 5324 quo
3114 5251 3239 5322 ipso
3287 5248 3456 5321 plura
3502 5248 3873 5306 diversorum

2216 5346 2548 5413 temporum
2579 5339 2732 5396 facta
2751 5341 2823 5395 ad
2844 5357 3030 5396 unum
3053 5355 3273 5396 annum
3295 5354 3398 5394 con
3399 5339 3756 5412 junguntur,
3777 5336 3870 5393 vel

2216 5430 2482 5500 ejusdem
2505 5429 2642 5485 anni
2667 5429 2724 5484 in
2749 5428 2944 5502 plures
2962 5426 3412 5500 dispertiuntur,
3427 5429 3584 5484 unde
3603 5444 3763 5484 error
3781 5441 3873 5480 se-

2219 5517 2330 5574 mel
2353 5518 2651 5575 admissus
2673 5517 2870 5592 plures
2891 5517 3166 5589 deinceps
3189 5533 3376 5572 annos
3399 5519 3762 5590 pervagatur,
3779 5515 3867 5570 uti

2217 5609 2276 5664 in
2309 5603 2505 5664 nostro
2543 5607 2827 5664 Chronico
2874 5607 3032 5662 haud
3084 5623 3201 5662 una
3228 5605 3359 5662 vide
3390 5605 3764 5662 advertimus.
3802 5603 3863 5659 Id

2217 5698 2376 5756 enim
2407 5702 2526 5756 tam
2559 5697 2618 5756 in
2653 5696 2922 5756 Bernoldi
2959 5713 3139 5775 quam
3169 5698 3230 5758 in
3261 5694 3536 5756 Hermani
3565 5692 3865 5754 codicibus
