4124 6188
278 426 364 499 49..
1193 425 1721 502 DISSEB'I‘A'PIO
1764 429 1868 497 DE
1912 431 2326 500 HERMANNI
2371 437 2788 506 CHRONICO.
3603 440 3684 510 ΒΟ

277 560 499 652 sapius
525 561 785 631 evenisse
807 580 1014 638 eorum
1033 563 1295 630 collectio
1326 567 1700 634 monstrabit,
1729 571 1786 625 et
1805 584 1924 624 am-
1954 568 2008 636 Α
2038 584 2223 642 usque
2251 570 2358 626 590
2386 575 2575 630 exstat
2603 573 2663 630 in
2695 574 2899 632 eodem
2933 570 3250 652 Soaligero.
3281 573 3424 635 Item
3457 535 3692 638 Marius.

277 651 441 726 plius
472 671 538 712 ex
567 653 877 717 Canisiana
905 656 1162 717 editione
1192 657 1500 724 evincitur,
1537 675 1687 731 quae,
1716 658 1823 713 etsi
1855 674 1923 713 ex

279 743 478 800 codice
508 744 579 800 ab
603 744 883 819 Augiensi
913 747 1207 819 descripto
1230 748 1513 803 adornata
1539 747 1637 816 sit,
1658 747 1715 802 in
1747 748 1923 801 adno-

275 831 474 890 tandis
503 836 698 890 tamen
729 834 903 892 annis
933 835 1148 908 sepius
1188 837 1261 892 ab
1313 854 1379 891 eo
1411 837 1722 892 discordat.
1774 837 1916 892 Cum

275 919 454 992 igitur
483 922 908 994 discrepantias
927 923 1062 980 illas
1081 925 1389 980 conciliare
1409 942 1475 980 ac
1496 924 1773 998 genuium
1803 924 1918 979 cal-

277 1008 470 1064 culum
496 1028 529 1066 a
543 1011 933 1084 scriptoribus
948 1014 1327 1086 depravatum
1343 1015 1648 1071 restituere
1665 1013 1918 1069 difficili-

274 1114 432 1154 mum
449 1099 758 1166 fuisset,ne
771 1101 1693 1175 dicamimpossibile,consu1tius
1709 1120 1915 1170 annos,

273 1192 444 1261 prout
471 1187 863 1246 incodicibus
904 1193 1122 1249 nostris
1180 1192 1489 1261 habentur,
1549 1193 1913 1256 retinendos,

274 1257 444 1348 qdam
479 1283 699 1334 temere
713 1282 1030 1336 mutandos
1057 1297 1184 1337 esse
1208 1281 1504 1351 duximus,
1528 1286 1593 1336 ut
1612 1287 1802 1336 tamen
1828 1298 1917 1336 er~

272 1381 482 1433 rorem,
512 1367 611 1421 ubi
646 1368 996 1424 manifestus
1027 1374 1136 1440 est,
1159 1373 1356 1425 notare
1376 1371 1527 1424 haud
1549 1371 1914 1425 omittamus.

339 1455 398 1510 ld
418 1455 679 1524 denique
697 1456 876 1513 semel
901 1458 1201 1514 monuisse
1220 1459 1495 1525 sufﬁciat,
1518 1458 1914 1514 Hermannum

272 1560 536 1616 peraeque
570 1562 636 1602 ac
667 1550 906 1602 caeteros
936 1546 1064 1616 ejus
1092 1547 1373 1618 temporis
1404 1546 1725 1602 Germaniae
1747 1546 1915 1601 chro-

270 1632 605 1704 nograpbos
634 1634 770 1689 anni
800 1633 1036 1690 initium
1067 1651 1182 1688 non
1217 1653 1250 1690 a
1281 1634 1472 1707 prima
1501 1635 1764 1690 Januarii
1800 1636 1914 1703 die,

270 1722 364 1776 sed
379 1738 413 1776 ει
426 1723 819 1792 praecedentis
837 1722 1152 1778 Dominicae
1169 1723 1501 1779 Nativitatis
1519 1724 1664 1778 festo
1695 1727 1916 1796 repete-

269 1826 342 1875 re,
356 1810 516 1866 unde
531 1827 680 1883 sepe
694 1811 979 1884 contingit
993 1815 1057 1867 ut
1070 1828 1162 1867 res
1179 1811 1332 1867 circa
1349 1811 1552 1868 Natale
1565 1812 1794 1867 Domini
1817 1829 1915 1883 ge-

267 1902 362 1952 sta
393 1900 572 1954 modo
595 1899 666 1954 ad
689 1900 1136 1971 praecedentem,
1162 1901 1336 1955 modo
1359 1901 1430 1956 ad
1454 1901 1912 1972 subsequentem

264 2003 489 2053 annum
541 1988 892 2055 referantur,
945 1989 1028 2044 uti
1062 1989 1248 2045 Caroli
1293 1989 1488 2061 Magni
1547 1989 1914 2060 imperatoris

263 2075 564 2132 coronatio
597 2080 736 2131 tunc
767 2076 920 2132 facta
948 2077 1022 2132 ad
1055 2093 1274 2134 annum
1309 2079 1436 2144 800,
1486 2093 1642 2132 nunc
1681 2077 1751 2132 ad
1803 2094 1911 2133 an-

261 2180 398 2218 num
423 2165 527 2219 801
562 2164 830 2223 refertur.

329 2252 521 2308 XXIV.
555 2253 842 2309 Chronica
872 2271 1045 2325 porro
1078 2270 1192 2310 non
1226 2271 1293 2309 ex
1325 2254 1557 2328 proprio
1604 2259 1911 2310 auctorum

260 2339 515 2412 ingenio,
548 2342 650 2397 sed
669 2360 738 2397 ex
759 2342 1018 2415 priorum
1043 2342 1399 2415 scriptorum
1420 2343 1759 2399 testimonio
1781 2361 1914 2398 con-

257 2429 712 2501 cinnariposse,
744 2447 835 2486 res
853 2433 984 2503 ipsa
1006 2431 1287 2502 loquitur.
1324 2433 1385 2488 Id
1411 2449 1595 2486 unum
1620 2431 1712 2487 hic
1739 2433 1914 2486 refert

260 2534 374 2589 quo
406 2519 568 2574 fonte
592 2520 849 2588 bibatur,
873 2524 930 2575 et
954 2537 1070 2592 qua
1093 2521 1205 2576 fide
1229 2537 1320 2576 res
1337 2526 1515 2593 gestae
1539 2525 1908 2576 enarrentur.

258 2606 338 2662 De
368 2607 707 2663 Hermanno
730 2607 875 2663 Vitae.
889 2609 1018 2680 ejus
1040 2609 1290 2680 scriptor
1309 2613 1559 2664 testatur
1575 2609 1728 2681 quod
1755 2609 1910 2663 libel-

259 2696 375 2749 lum
427 2695 823 2752 Chronicorum
887 2697 1242 2768 undecunque
1298 2699 1568 2754 laboriosa
1621 2697 1910 2766 diligentia

256 2783 581 2857 collegerit.
617 2786 837 2841 Fontes.
861 2784 1014 2851 illos,
1050 2787 1377 2859 praecipuos
1427 2787 1660 2853 saltem,
1710 2787 1910 2841 Mona-

255 2875 449 2930 censis
485 2874 751 2929 Bernoldi
797 2875 976 2930 codex
1032 2874 1125 2930 his
1155 2876 1348 2931 verbis
1394 2875 1659 2930 indicat:
1720 2877 1911 2930 Insunt

256 2966 509 3020 auctores
533 2964 924 3020 Chronicorum
949 2964 1230 3029 Eusebius,
1257 2966 1640 3035 Hieronymus,
1657 2965 1910 3035 Prosper,

259 3052 578 3124 Dionysius,
639 3053 918 3118 Iordanes,
977 3053 1142 3108 Beda.
1177 3053 1340 3109 Unde
1371 3053 1547 3108 etiam
1582 3058 1748 3107 caute
1809 3069 1911 3123 per

258 3139 576 3198 decursum
595 3142 910 3197 adnotatur
925 3158 1040 3214 quo
1055 3159 1208 3198 anno
1224 3142 1472 3213 quisque
1485 3141 1717 3196 illorum
1738 3139 1910 3195 Cbro-

259 3229 424 3284 nio-on
450 3248 630 3286 suum
645 3230 977 3286 absolverit.
1004 3235 1216 3286 Praeter
1235 3230 1342 3285 hos
1354 3247 1486 3286 vero
1507 3229 1702 3301 plures
1716 3229 1908 3285 adhuc

2033 660 2440 717 Aventicensis
2471 680 2574 718 seu
2608 665 3048 721 Lausannensis
3067 666 3377 739 episcopus
3411 668 3482 722 ab
3526 669 3678 724 anno

2031 747 2140 801 455
2171 766 2358 821 usque
2381 750 2482 805 591
2519 754 2670 823 apud
2700 755 2775 808 du
2809 755 3032 810 Chesne
3063 753 3102 810 l.
3136 772 3185 810 c.
3221 773 3276 827 p.
3307 756 3412 810 210
3441 760 3498 811 et
3528 756 3584 811 in
3610 755 3672 812 P.

2029 835 2294 908 Bouquet
2305 838 2622 896 novissima
2635 842 2983 899 Collectione
2997 843 3364 916 Scriptorum
3385 846 3683 902 Francica-

2028 940 2182 990 rum,
2215 928 2356 982 tom.
2393 928 2462 998 II,
2498 947 2553 1000 p.
2599 931 2681 984 12.

2097 1014 2181 1068 Ad
2217 1015 2548 1088 Hieronymi
2580 1018 3013 1074 continuatores
3037 1035 3269 1091 quoque
3301 1025 3526 1094 spectat
3556 1023 3678 1079 Ida-

2027 1099 2153 1156 cius
2185 1103 2540 1160 Lemicensis
2563 1106 2622 1160 in
2653 1106 2924 1161 Callaecia
2947 1108 3277 1181 episcopus,
3311 1113 3482 1182 cujus
3502 1112 3679 1168 Chro-

2027 1190 2198 1245 nicon
2231 1193 2301 1246 ab
2335 1194 2406 1248 ab
2439 1210 2591 1249 anno
2608 1197 2712 1249 37‘.)
2747 1212 2931 1266 usque
2952 1197 3054 1249 467
3075 1195 3216 1252 locis
3239 1198 3432 1254 citatis
3483 1201 3671 1255 conti-

2022 1283 2212 1333 netur.
2247 1280 2388 1336 Item
2420 1282 2792 1338 Marcellinus
2819 1300 3014 1338 comes
3049 1284 3284 1357 Illyrici,
3320 1287 3390 1341 ab
3424 1305 3517 1342 an.
3551 1289 3662 1343 379

2025 1383 2211 1439 usque
2239 1370 2345 1424 566
2374 1369 2432 1424 in
2457 1370 2749 1444 Scaligero
2791 1376 2848 1427 et
2871 1374 3162 1444 Bonquet.
3188 1375 3301 1429 Nec
3321 1380 3676 1446 praetereun-

2025 1456 2137 1510 dus
2167 1457 2570 1525 Cassiodorus,
2603 1461 2774 1530 cujus
2803 1460 3128 1516 Chronicon
3156 1479 3341 1534 usque
3363 1465 3434 1518 ad
3457 1482 3676 1520 annum

2022 1545 2129 1598 519
2150 1545 2364 1617 legitur
2386 1548 2536 1604 inter
2549 1551 2676 1619 ejus
2696 1548 3674 1622 Opera,tom.II,p.354,edit.Venet.

2027 1651 2122 1690 an.
2161 1636 2319 1691 1729.
2359 1638 2599 1692 Exstant
2621 1637 2677 1692 hi
2707 1641 2820 1694 fere
2836 1655 3039 1694 omnes
3061 1639 3237 1694 etiam
3259 1641 3316 1694 in
3343 1658 3492 1696 nova
3514 1642 3678 1697 chro-

2027 1724 2295 1780 nicorum
2328 1725 2580 1782 editione
2604 1727 2796 1782 Patav.
2819 1743 2911 1781 an.
2956 1726 3094 1781 1787
3116 1744 3150 1782 a
3171 1727 3468 1785 Roncallio
3506 1729 3675 1785 ador-

2029 1817 2184 1868 nata.

2096 1902 2316 1965 Quibus
2350 1903 2585 1974 quidem
2619 1903 2846 1958 cunctis
2873 1920 3040 1958 usum
3069 1903 3248 1960 fuisse
3269 1906 3672 1962 Hermannum

2023 1988 2178 2044 haud
2211 1990 2389 2046 semel
2414 1991 2770 2058 notavimus,
2796 2008 2910 2063 prae
2942 1991 3148 2061 primis
3183 1998 3378 2048 autem
3427 1993 3669 2050 Marcel-

2020 2077 2160 2146 lino,
2191 2095 2258 2134 ex
2290 2096 2405 2151 quo
2437 2079 2660 2152 integra
2691 2083 2982 2136 commata
3011 2079 3083 2134 ad
3115 2081 3358 2136 verbum
3415 2082 3668 2138 Chroni-

2022 2183 2088 2222 co
2119 2184 2228 2222 suo
2262 2168 2528 2223 inseruit.

2094 2256 2326 2312 Tertius
2353 2257 2412 2311 in
2431 2257 2715 2312 Bernoldo
2740 2262 3101 2315 memoratur
3121 2259 3428 2332 Dionysius
3450 2276 3666 2332 cogno-

2021 2349 2217 2400 mento
2249 2347 2513 2416 Exiguus,
2546 2346 2645 2417 qui
2668 2364 2854 2404 annos
2871 2366 2904 2403 a
2928 2347 3246 2404 Nativitate
3269 2347 3481 2404 Christi
3505 2365 3668 2403 com-

2021 2439 2227 2506 putare
2257 2436 2431 2507 coepit
2460 2453 2584 2490 aerw
2614 2436 2862 2508 vulgata
2895 2442 3118 2507 auctor,
3152 2437 3386 2493 ordiens
3439 2436 3667 2509 cyclum

2021 2540 2196 2578 suum
2229 2523 2564 2594 paschalem
2597 2525 2670 2579 ab
2700 2543 2852 2581 anno
2879 2527 3004 2581 531.
3039 2526 3285 2599 Scripsit
3334 2519 3516 2581 etiam
3561 2543 3655 2581 an.

2017 2613 2124 2666 527
2155 2612 2410 2667 codicem
2443 2630 2735 2668 canonum
2764 2613 3288 2670 ecclesiesticorum
3323 2629 3353 2670 θ
3382 2615 3576 2670 Graeco
3608 2615 3667 2668 in

2018 2700 2290 2756 Latinum
2305 2700 2680 2768 translatum,
2717 2701 2816 2774 qui
2849 2702 3099 2759 habetur
3129 2703 3187 2759 in
3219 2702 3452 2759 Justelli
3484 2701 3662 2757 Bibli-

2019 2789 2225 2844 otheca
2247 2790 2408 2845 Juris
2439 2790 2726 2856 canonici,
2759 2796 2901 2846 tom.
2936 2793 2976 2860 Ι,
3011 2809 3066 2863 p.
3099 2794 3188 2847 97.
3215 2791 3659 2846 Chroniconau-

2019 2882 2137 2932 tem
2170 2877 2446 2949 scripisse
2478 2896 2590 2933 non
2624 2879 2866 2950 reperio,
2901 2897 3006 2935 nec
3037 2879 3158 2951 ipse
3189 2880 3560 2935 Hermannus
3593 2896 3663 2933 a-

2017 2964 2141 3020 liud
2174 2965 2284 3022 nisi
2316 2967 2443 3036 ejus
2482 2966 2721 3039 Cyclum
2753 2971 2936 3023 notat.

2089 3056 2344 3120 Quartus
2365 3061 2452 3110 est
2471 3056 2778 3121 Jordanes,
2803 3056 2934 3111 aliis
2955 3057 3304 3127 Jornandes,
3327 3057 3660 3128 episcopus,

2019 3146 2084 3196 ut
2115 3143 2336 3209 volunt,
2371 3143 2852 3209 Ravennatensis,
2885 3144 2985 3214 qui
3025 3144 3262 3214 scripsit
3318 3145 3400 3198 De
3455 3159 3666 3215 regno-

2019 3246 2148 3284 rum
2181 3247 2246 3284 ac
2277 3236 2606 3301 temporum
2638 3231 3010 3285 successione
3044 3247 3230 3302 usque
3260 3231 3333 3284 ad
3359 3247 3454 3284 an.
3513 3231 3660 3292 560;

259 3333 382 3373 esse
411 3320 570 3374 unde
588 3336 698 3375 sua
719 3319 1083 3390 deprompsit
1105 3319 1494 3382 Hermannus,
1519 3323 1638 3372 tam
1662 3317 1906 3372 inferius
1936 3308 1978 3372 C
2019 3317 2276 3389 itemque
2307 3316 2619 3373 Historiam
2652 3319 2722 3372 de
2745 3317 3067 3374 Gothorum
3100 3318 3325 3390 origine
3356 3335 3542 3390 usque
3590 3319 3662 3374 ad

263 3422 433 3476 quam
466 3409 528 3462 in
585 3407 868 3464 Chronico
919 3407 1043 3463 suis
1088 3423 1353 3478 quosque
1400 3405 1542 3462 locis
1593 3407 1900 3461 adnotatos

259 3495 604 3556 videbimus.
643 3499 719 3551 De
749 3495 1058 3568 praecipuis
1088 3511 1245 3550 nunc
1278 3511 1481 3566 pauca.
1527 3495 1756 3548 Primus
1813 3497 1904 3547 est

261 3585 542 3641 Eusebius
589 3583 990 3652 Cesariensis,
1051 3583 1274 3640 scilicet
1301 3585 1430 3654 eius
1489 3582 1811 3638 Chronicon
1869 3599 1904 3637 a

260 3673 480 3730 Christo
503 3679 643 3729 nato
664 3690 852 3745 usque
873 3674 942 3729 ad
969 3689 1190 3730 annum
1213 3674 1338 3737 327,
1363 3671 1516 3727 unde
1538 3671 1684 3726 illud
1704 3671 1904 3725 Latine

265 3778 295 3815 ι
319 3779 379 3818 se
407 3764 704 3818 redditum
736 3766 1079 3834 prosecutus
1111 3761 1275 3816 estS.
1303 3761 1692 3833 Hieronymus
1718 3777 1904 3830 usque

266 3850 328 3904 ad
362 3867 582 3906 annum
614 3852 742 3915 379,
776 3851 858 3905 uti
893 3851 1144 3905 habetur
1182 3850 1242 3904 in
1275 3849 1552 3922 Scaligeri
1603 3849 1904 3904 Thesauro

266 3942 610 4011 temporum,
645 3941 737 3995 ed.
775 3940 953 4012 Lugd.
990 3939 1115 3994 Bat.
1150 3937 1553 3994 an.1606.Nec
1591 3954 1723 3993 vero
1755 3935 1902 3991 illud

270 4027 605 4099 simpliciter
624 4027 938 4100 descripsit
969 4032 1357 4093 Hermannus,
1381 4027 1481 4082 sed
1518 4025 1744 4098 potiora
1777 4029 1905 4080 tan-

273 4119 388 4171 tum
411 4133 536 4189 quas
557 4116 669 4172 sibi
686 4116 1033 4174 videbantur
1052 4116 1361 4187 excerpsit,
1396 4131 1460 4170 ac
1475 4113 1736 4170 nonnula
1766 4114 1903 4169 sub-

276 4204 436 4274 dinde
468 4205 591 4264 alia.
613 4207 777 4261 Bedes
808 4222 928 4277 pra:
948 4204 1157 4277 primis
1184 4199 1766 4271 Chronico,inseruit.
1792 4204 1907 4257 Eu-

278 4294 409 4348 sebii
439 4300 636 4352 tamen
669 4292 1046 4368 chronologia
1078 4293 1293 4365 saepius
1317 4293 1414 4347 hic
1442 4291 1681 4347 alterata
1711 4295 1818 4357 est,
1852 4296 1910 4346 et

276 4398 381 4439 uno
410 4383 660 4439 alterove
676 4400 829 4440 anno
853 4383 971 4438 sive
993 4386 1262 4455 promota
1284 4381 1402 4436 sive
1428 4381 1768 4452 postposita;
1792 4397 1909 4452 qua

276 4469 338 4525 de
369 4487 428 4525 re
465 4470 748 4543 legendus
767 4469 1032 4526 Petavius
1068 4471 1143 4525 De
1175 4467 1439 4524 doctrina
1468 4473 1820 4539 temporum,
1867 4467 1905 4521 l.

278 4574 345 4624 rx,
378 4575 503 4632 cap.
536 4559 588 4614 1.
622 4559 839 4616 Praeter
866 4557 1193 4616 Chronicon
1219 4557 1473 4624 Eusebii,
1498 4555 1656 4611 illius
1678 4573 1910 4628 quoque

2009 3423 2230 3462 annum
2259 3408 2384 3462 540.
2417 3412 2551 3474 Quae
2582 3423 2758 3478 opera
2789 3411 3017 3462 exstant
3045 3407 3105 3462 in
3139 3405 3442 3462 Muratorii
3500 3407 3652 3463 Scri-

2008 3495 2277 3568 ptoribus
2310 3497 2523 3551 Rerum
2555 3495 2908 3564 Italicarum,
2940 3501 3084 3552 tom.
3117 3500 3163 3563 Ι,
3199 3514 3256 3568 p.
3292 3497 3392 3551 187
3425 3500 3482 3552 et
3508 3497 3636 3551 202.

2081 3584 2234 3638 Beda
2266 3584 2516 3656 denique
2544 3583 2907 3640 Venerabilis
2964 3590 3171 3657 praeter
3216 3602 3364 3656 opus
3414 3585 3495 3641 De
3553 3602 3655 3641 sex

2013 3673 2217 3727 mundi
2248 3673 2518 3729 aetatibus
2554 3682 2740 3744 uagus
2771 3674 2842 3728 ad
2875 3691 3095 3729 annum
3127 3674 3246 3728 nati
3280 3673 3497 3728 Christi
3554 3674 3659 3727 624

2013 3762 2181 3833 (Opp.
2207 3765 2248 3815 t.
2276 3762 2344 3833 ΙΙ)
2363 3761 2598 3833 scripsit
2623 3768 2677 3816 et
2705 3762 3019 3816 Historiam
3044 3761 3499 3816 ecclesiasticam
3523 3777 3664 3831 gen-

2014 3849 2090 3904 tis
2111 3849 2432 3921 Anglorum
2450 3851 2617 3921 (Opp.
2644 3856 2684 3928 t.
2713 3850 2807 3921 lll)
2834 3851 2942 3905 sub
2967 3851 3135 3920 cujus
3159 3849 3396 3904 nomine
3418 3848 3669 3903 habetur

2017 3955 2251 4010 quoque
2282 3940 2448 3994 breve
2472 3938 2796 3994 Chronicon
2831 3954 3018 4009 usque
3056 3938 3128 3994 ad
3185 3954 3281 3994 an.
3341 3939 3448 3992 810
3503 3935 3662 4007 apud

2016 4029 2095 4082 du
2125 4028 2348 4082 Chesne
2379 4025 2416 4079 l.
2449 4043 2522 4092 c.,
2557 4032 2697 4080 tom.
2733 4027 2832 4094 III,
2866 4043 2923 4097 p.
2957 4027 3086 4081 125.

2085 4115 2280 4186 Neque
2303 4120 2496 4168 tamen
2528 4131 2732 4169 omnes
2763 4114 3076 4187 scriptores
3113 4113 3402 4170 indicavit
3431 4111 3669 4170 Bernol-

2015 4205 2126 4260 dus
2158 4204 2311 4258 unde
2357 4204 2765 4274 depromptum
2800 4207 2888 4258 est
2940 4202 3258 4258 Hermanni
3315 4201 3666 4261 Chronicon.

2015 4293 2175 4349 Alios
2205 4291 2360 4346 enim
2419 4291 2610 4346 adhuc
2665 4291 3014 4359 deteximus,
3065 4307 3315 4362 quorum
3354 4309 3530 4364 opera
3578 4294 3669 4347 est

2017 4399 2179 4437 usus.
2215 4382 2295 4435 Ex
2327 4379 2418 4435 his
2449 4384 2768 4451 sequentes
2802 4379 3188 4451 potissimum
3224 4388 3516 4436 notamus.

2089 4470 2347 4541 Gregorii
2380 4468 2736 4524 Turonensis
2758 4469 3012 4523 Historia
3042 4468 3336 4538 Francica,
3371 4485 3549 4541 quam
3579 4469 3652 4524 ab

2020 4577 2172 4616 anno
2195 4561 2298 4614 458
2321 4575 2507 4628 usque
2538 4559 2607 4612 ad
2636 4575 2856 4612 annum
2877 4556 2973 4612 59l
3003 4561 3406 4611 excurrentem
3430 4555 3670 4609 Parisiis

277 4645 578 4711 Historiam
655 4646 1107 4704 ecclesiasticam
1188 4650 1524 4701 Hermanno
1598 4645 1910 4700 inservisse
1941 4673 1987 4736 D
2020 4667 2114 4704 an.
2148 4649 2288 4702 1699
2319 4647 2501 4702 edidit
2529 4646 2925 4700 Theodericus
2958 4644 3242 4711 Ruinart;
3278 4643 3370 4698 cui
3419 4642 3670 4715 subjecit

275 4733 535 4805 pluribus
563 4752 633 4791 ex
651 4735 796 4792 locis
813 4736 1016 4808 liquet.
1043 4735 1265 4791 Prodiit
1287 4752 1355 4790 ex
1376 4735 1712 4791 recensione
1733 4735 1905 4790 Henr.

277 4824 477 4880 Valesii
509 4827 785 4898 Augusta:
817 4823 1212 4879 Taurinorum
1241 4840 1335 4878 an.
1357 4824 1514 4878 1746.

334 4914 490 4971 Alter
520 4920 609 4970 est
639 4914 887 4984 Prosper
943 4912 1300 4984 Aquitanus,
1334 4914 1434 4984 qui
1483 4912 1807 4968 Chronicon
1839 4912 1910 4966 ab

274 5019 420 5058 anno
437 5005 562 5070 379,
596 5019 713 5074 quo
734 5000 911 5056 desiit
939 5000 1345 5074 Hieronymus,
1381 5019 1567 5072 usque
1589 5003 1659 5056 ad
1691 5017 1909 5055 annum

269 5094 370 5149 455
396 5092 685 5166 perduxit.
718 5090 980 5149 Habetur
1008 5090 1066 5148 id
1108 5092 1167 5146 in
1227 5093 1429 5147 eodem
1484 5089 1800 5162 Scaligero,
1857 5095 1914 5145 et

262 5181 415 5254 apud
451 5182 531 5238 du
561 5181 787 5237 Chesne
821 5179 1037 5251 Script.
1066 5181 1294 5244 Franc.,
1327 5185 1468 5234 tom.
1496 5179 1540 5244 Ι,
1575 5196 1627 5250 p.
1663 5181 1785 5242 196,
1811 5196 1913 5234 nec

260 5287 378 5325 non
413 5271 472 5324 in
505 5269 709 5326 Grzsvii
727 5269 1029 5325 Thesauro
1052 5267 1248 5338 Antiq.
1275 5269 1548 5331 Romam,
1571 5272 1715 5322 tom.
1740 5257 1832 5334 XI,
1857 5285 1913 5339 p.

252 5359 389 5427 312,
423 5358 676 5414 maxime
699 5357 762 5414 in
783 5356 1375 5429 ProsperiOperibus,
1417 5355 1556 5411 edit.
1581 5355 1784 5412 Venet.
1820 5373 1914 5411 an.

255 5448 426 5505 4744.

323 5535 817 5593 Continuat-orem
847 5533 899 5590 is
928 5533 1138 5590 habuit
1167 5550 1356 5606 usque
1409 5533 1480 5589 ad
1531 5550 1754 5588 annum
1805 5536 1915 5589 565

252 5624 556 5682 Victorem
589 5623 939 5697 episcopum
971 5625 1393 5679 Tununensem
1426 5623 1482 5676 in
1543 5623 1758 5692 Africa,
1813 5624 1912 5694 qui

255 5731 380 5772 una
403 5731 539 5774 cum
565 5711 1010 5771 continuatione
1026 5712 1274 5771 Joannis
1293 5710 1665 5769 Biclariensis
1687 5712 1917 5769 abbatis

2021 4739 2147 4809 ejus
2168 4737 2460 4808 epitomen
2485 4752 2586 4806 per
2607 4733 3020 4804 Fredegarium
3035 4731 3417 4788 Scolasticum
3437 4731 3672 4799 factam,

2018 4826 2312 4897 hujusquc
2339 4829 2396 4879 et
2426 4823 2673 4879 aliorum
2706 4821 3185 4876 continuationes
3219 4837 3406 4891 usque
3436 4821 3508 4876 ad
3565 4837 3674 4876 an-

2020 4931 2161 4969 num
2193 4916 2454 4983 768,quae
2477 4910 2674 4965 omnia
2695 4910 2754 4964 in
2773 4908 3062 4981 Bouqueti
3086 4925 3326 4981 quoque
3349 4909 3528 4965 citata
3546 4908 3675 4965 Col-

2021 5001 2514 5069 1ectione,tom.ll.
2552 5000 2706 5071 p.711
2733 5015 2921 5072 seqq.,
2976 4998 3288 5065 habentur,
3343 5003 3674 5070 temporum

2022 5097 2219 5146 tamen
2252 5091 2471 5146 ratione
2502 5088 2670 5144 aliter
2702 5086 2991 5143 monnibil
3027 5087 3344 5142 subducta.

2096 5180 2297 5235 lsidori
2333 5177 2694 5250 Hispalensis
2719 5177 3044 5233 Chronicon
3079 5192 3267 5248 usque
3312 5176 3383 5231 ad
3441 5188 3661 5229 annum

2023 5271 2130 5324 626
2158 5273 2344 5322 exstat
2375 5269 2525 5322 inter
2553 5268 2681 5337 ejus
2714 5283 2910 5337 opera,
2935 5265 3126 5321 tom.l
3157 5265 3296 5320 edit.
3311 5259 3541 5317 Madrit.
3572 5276 3668 5315 an.

2025 5359 2187 5412 1778.

2095 5444 2359 5517 ProcOpii
2386 5443 2760 5499 Caesariensis
2790 5442 3045 5498 Historia
3079 5442 3153 5497 De
3213 5437 3367 5495 bello
3425 5436 3672 5495 Gothico

2026 5535 2097 5591 ab
2129 5550 2280 5589 anno
2306 5535 2407 5587 489
2435 5549 2621 5604 usque
2649 5534 2757 5587 552
2786 5531 3034 5586 habetur
3062 5528 3120 5583 in
3151 5527 3450 5583 Muratorii
3477 5526 3676 5598 Scrip-

2025 5621 2756 5690 toribuslter.ltal.,tom.l,
2793 5638 2846 5692 p.
2876 5619 3000 5686 M3,
3038 5615 3121 5671 uti
3155 5622 3212 5673 et
3242 5616 3406 5673 Pauli
3434 5614 3670 5672 Diaconi

2026 5712 2159 5769 libri
2185 5729 2242 5766 v1
2274 5715 2351 5767 Ue
2381 5708 2562 5782 gestis
2593 5707 3112 5780 Langobardorum
3144 5706 3216 5764 ab
3241 5724 3334 5763 an.
3356 5706 3463 5763 568
3486 5716 3674 5773 usque
