4124 6188
390 442 467 511 Bt

1163 447 1650 513 HERMANNUS
1693 442 2208 510 CONTRACTUS
2254 439 2605 508 MONACH.
2655 444 3020 510 AUGlENS.

3711 412 3837 507 52'

388 580 517 648 744,
551 579 591 636 l.
626 596 701 649 c.,
734 596 790 653 p.
823 580 949 649 396,
982 543 1196 655 etquae
1227 583 1336 638 sub
1368 583 1497 653 ejus
1518 544 1763 636 nomine
1785 578 2032 633 circum-
2060 577 2116 644 Α
2142 576 2291 633 tium
2321 577 2446 634 loco
2477 578 2752 637 inservire
2780 544 3001 652 possiti
3052 578 3115 637 in
3174 595 3289 653 quo
3345 543 3591 650 insuper
3648 577 3791 635 anni
3846 654 3849 655 ν

390 668 576 725 fertur
603 668 855 726 Historia
877 669 1134 727 Miscella
1163 687 1350 743 usque
1381 670 1452 725 ad
1484 684 1705 724 annum
1737 667 1861 734 813,
1896 665 2031 721 ibid.
2060 705 2065 709 ρ

390 772 524 832 pag.
556 758 609 814 Ι.

458 847 801 905 Anastasius
832 849 892 904 S.
926 849 991 904 Β.
1028 849 1086 903 Ε.
1122 845 1599 902 bibliothecarius
1620 842 1832 900 saeculo
1855 861 1911 899 Ix
1929 843 2036 897 Vi-

387 937 478 991 tas
508 936 904 992 Romanorum
930 935 1270 1008 pontiﬁcum
1301 934 1577 1006 seripisse
1599 933 1874 995 creditur,
1908 949 2033 1003 quae

388 1024 601 1096 sapius
631 1025 892 1097 quidem,
924 1024 1142 1096 optime
1184 1027 1380 1079 tamen
1423 1024 1616 1078 Roma:
1668 1039 1762 1077 an.
1821 1021 1958 1075 1718
2002 1037 2036 1075 a

387 1112 591 1168 Franc.
624 1112 931 1168 Bianchini
962 1113 1128 1168 editae
1159 1111 1524 1184 prodierunt.

376 1228 383 1233 ι
458 1200 784 1271 Hepidanni
812 1200 1252 1257 San-Gallensis
1271 1200 1541 1255 monachi
1568 1199 1822 1255 Annales
1845 1199 1916 1253 ab
1939 1215 2033 1253 an-

390 1304 466 1342 no
492 1290 605 1343 709
646 1306 836 1360 usque
869 1289 1086 1357 4041,Βὶ
1121 1306 1232 1345 non
1264 1288 1419 1344 inter
1457 1290 1826 1355 fontes,certe
1883 1285 2035 1342 inter

387 1376 657 1433 subsidia
711 1378 1025 1433 Hermanni
1089 1377 1550 1433 connumerandi
1598 1377 2029 1441 videntur,cum

387 1465 651 1537 proxime
672 1467 743 1522 ad
761 1467 890 1536 ejus
908 1471 1174 1539 tempora
1191 1471 1247 1522 et
1266 1465 1525 1522 locorum
1550 1464 1823 1520 viciniam
1868 1480 2036 1519 acce-

391 1552 666 1619 dant,etsi
698 1554 853 1610 hunc
875 1555 1255 1627 Hepidannus
1284 1553 1686 1625 supervixerit.
1723 1554 1839 1608 Hos
1873 1551 2031 1607 exhi-

391 1640 490 1697 bet
517 1642 595 1697 du
618 1642 844 1697 Chesne
866 1643 1093 1698 tom.lll
1114 1647 1171 1699 et
1185 1642 1527 1698 Goldstatus
1549 1641 1587 1697 l.
1624 1660 1641 1697 1
1672 1641 2031 1712 Scriptorum

389 1744 502 1785 rer.
523 1729 1057 1798 Alemannisarum,
1091 1747 1225 1785 cum
1256 1730 1385 1785 aliis
1407 1730 1669 1801 ejusdem
1696 1728 2035 1785 monasterii

391 1816 777 1889 scriptoribus
818 1817 917 1888 qui
977 1833 1079 1889 pro
1131 1820 1464 1872 Hermanno
1521 1815 1870 1872 illustrando
1928 1832 2029 1872 seu

390 1904 793 1961 conﬁrmando
824 1905 1067 1960 faciunt.

461 1992 789 2060 Principem
819 2010 951 2050 vero
973 1993 1390 2049 Hermanniani
1415 1993 1682 2050 Chronici
1712 1994 1929 2048 fontem
1962 1993 2032 2048 ab

392 2096 546 2136 anno
571 2082 679 2137 614
704 2099 892 2154 usque
912 2082 984 2136 ad
1010 2099 1099 2137 an.
1134 2082 1241 2135 900
1262 2080 1428 2137 facile
1459 2082 1825 2138 constituunt
1851 2084 2039 2136 Anna-

385 2176 473 2235 les
488 2177 828 2243 Fuldenses,
853 2179 924 2233 ab
945 2194 1235 2250 anonymo
1257 2194 1460 2233 eorum
1482 2179 1763 2250 scriptore
1786 2177 2034 2233 Fulden-

390 2266 442 2323 si
472 2266 757 2322 monacho
779 2266 859 2320 ita
884 2265 1246 2338 nuncupati;
1280 2268 1435 2336 quod
1483 2267 1604 2338 ipse
1649 2284 1852 2339 presso
1894 2268 2038 2338 pede

391 2354 677 2426 sequitur,
719 2358 776 2410 et
809 2357 1034 2409 mutato
1062 2354 1351 2409 intercum
1383 2354 1532 2426 stylo
1573 2355 1880 2410 contrahit.
1938 2357 2036 2410 At-

394 2458 509 2515 que
534 2442 636 2498 ubi
666 2442 763 2498 isti
793 2442 1077 2497 deﬁciunt
1106 2448 1209 2499 aut
1237 2443 1772 2509 desinunt,brevior
1804 2460 2037 2516 quoque

395 2548 605 2588 rursus
633 2531 838 2603 incipit
867 2548 996 2587 esse
1026 2531 1483 2598 Hermannus,et
1514 2533 1829 2605 Iteginonis
1860 2532 2038 2588 conti-

394 2624 704 2677 nuatorem
736 2637 924 2692 usque
954 2620 1025 2675 ad
1059 2637 1154 2675 an.
1187 2620 1293 2675 972
1309 2620 1532 2692 passim
1564 2621 2039 2694 ita-exprimit,ut

395 2708 644 2764 dubium
675 2707 770 2764 vix
800 2726 914 2764 non
948 2708 1200 2765 suboriri
1250 2709 1437 2782 possit
1490 2727 1562 2766 an
1594 2727 1710 2767 non
1764 2710 1873 2767 sub
1930 2710 2038 2766 hoc

398 2796 951 2869 continuatoreipse
999 2797 1371 2853 Hermannus
1401 2797 1614 2865 lateat;
1667 2798 1947 2872 pleraque
1978 2815 2037 2854 e-

406 2884 531 2939 nim
562 2884 939 2956 particularia
969 2885 1239 2941 viciniam
1272 2891 1532 2942 nostram
1589 2887 2039 2960 dimcessimque

388 2971 896 3030 Constantiensem
918 2978 1296 3030 concernunt.

462 3061 625 3126 Quod
656 3061 854 3134 ipsum
883 3061 1059 3117 etiam
1093 3062 1228 3118 fecit
1250 3066 1644 3131 Hermannus,
1667 3064 1764 3120 ubi
1787 3063 2040 3121 Annales

390 3148 708 3207 Fuldenses
753 3151 1055 3221 excerpsit,
1107 3150 1325 3222 quibus
1370 3153 1582 3209 seriem
1642 3153 2040 3209 Romanorum

328 3305 338 3311 .
386 3237 729 3310 pontiﬁcum
746 3241 803 3293 et
813 3238 1241 3295 Constantiensi
1255 3257 1351 3294 um
1365 3239 1793 3312 episcoporum,
1810 3258 1913 3297 nec
1928 3259 2041 3296 non

2145 666 2348 722 omissi
2380 671 2483 722 aut
2502 667 2657 723 idem
2675 668 2892 725 habent
2907 669 3062 741 quod
3086 667 3423 742 Augiensis,
3446 671 3633 722 autut
3659 666 3794 741 plu-

2146 754 2361 811 rimum
2385 756 2546 812 vacui
2574 761 2732 812 sunt.
2763 759 3011 814 Caeteros
3031 773 3163 813 vero
3187 773 3332 812 mss.
3356 755 3588 812 codices
3611 773 3792 830 supra

2144 843 2431 901 indicatos
2460 846 2747 902 notandos
2776 845 2932 901 haud
2963 845 3330 914 censuimus,
3360 845 3517 918 quod
3574 844 3789 917 partim

2144 932 2469 991 innumeris
2501 933 3051 1007 interpolationibus
3082 938 3371 1002 scateant,
3401 932 3615 1008 partim
3658 951 3793 990 curn

2142 1020 2263 1076 illis
2297 1038 2445 1093 quos
2475 1022 2708 1077 edimus
2737 1022 2796 1078 in
2830 1022 3138 1095 praecipuis
3168 1022 3378 1078 saltem
3422 1022 3793 1079 conveniant.

2144 1109 2345 1166 Solum
2377 1111 2449 1166 ad
2481 1110 2755 1166 ultimum
2787 1111 3103 1167 Hermanni
3132 1110 3626 1184 decennium,quo
3656 1126 3792 1166 cum

2142 1198 2420 1271 Augiensi
2436 1201 2810 1267 concordant,
2829 1204 2930 1255 aut
2944 1216 3218 1257 mancum
3233 1199 3533 1273 supplent,
3547 1200 3793 1269 Gottwi:

2143 1303 2379 1343 censem
2409 1293 2465 1343 et
2495 1288 2827 1345 Murensem
2858 1288 3083 1346 codices
3134 1288 3342 1363 primis
3392 1291 3518 1346 suis
3573 1289 3786 1347 litteris

2143 1378 2437 1432 notamus.

2215 1464 2665 1537 Chronologiam
2696 1483 2866 1539 porro
2894 1466 2953 1521 in
2985 1465 3283 1522 codicibus
3315 1465 3680 1523 observatam
3724 1483 3793 1523 ex

2143 1570 2324 1626 supra
2344 1555 2477 1625 jum
2509 1554 2680 1610 dictis
2698 1555 2980 1611 intactam
3001 1556 3217 1628 ubique
3230 1572 3553 1621 servamus,
3573 1556 3789 1612 subno-

2144 1644 2284 1711 tato,
2316 1643 2503 1698 sicubi
2536 1648 2692 1700 certo
2741 1644 3122 1711 aberraverit,
3181 1643 3435 1717 genuino
3492 1649 3792 1716 gestorum

2143 1748 2318 1787 anno.
2351 1730 2842 1805 Orthographiam
2873 1749 3028 1799 vero,
3060 1732 3119 1787 in
3145 1732 3485 1788 nominibus
3505 1732 3796 1804 praecipue

2142 1819 2623 1892 propriis,nostro
2638 1821 2886 1892 tempori
2902 1837 3222 1893 congruam
3241 1819 3794 1894 adoptavimus,non

2142 1907 2305 1965 illam
2329 1907 2389 1964 in
2418 1908 2595 1965 variis
2616 1909 2916 1967 codicibus
2946 1914 3251 1984 tantopere
3282 1910 3600 1977 diversam,
3630 1913 3688 1966 et
3721 1927 3793 1966 ex

2144 1996 2493 2069 scriptorum
2528 2015 2679 2072 saepe
2711 1999 3125 2072 imperitorum
3155 1999 3327 2071 genio
3358 2001 3701 2071 profectam,
3722 2015 3794 2055 ne

2143 2084 2460 2141 lectoribus
2500 2085 2805 2142 fastidium
2837 2104 2906 2144 ex
2930 2091 3018 2143 tot
3039 2086 3388 2144 soloecismis
3417 2088 3600 2144 textui
3648 2086 3795 2144 alias

2143 2173 2490 2244 inserendis,
2516 2191 2582 2232 ac
2610 2175 2743 2233 dein
2779 2193 2883 2248 per
2913 2177 3260 2249 subjunctas
3288 2175 3579 2232 variantes
3611 2175 3791 2232 corri-

2146 2263 2353 2336 gendis
2382 2263 2743 2337 ingeramus.
2778 2267 2913 2332 Qum
2952 2264 3083 2338 ipsa
3110 2281 3344 2337 quoque
3362 2264 3508 2321 ratio
3529 2268 3621 2321 est
3636 2264 3791 2338 quod

2145 2351 2493 2409 variationes
2524 2353 2584 2408 in
2613 2353 2917 2425 hucusque
2938 2354 3108 2409 editis
3129 2356 3500 2410 occurrentes
3529 2353 3793 2410 omiseri-

2148 2458 2303 2505 mus,
2335 2441 2553 2513 quippe
2579 2460 2709 2514 quze
2732 2441 2979 2499 lectores
3038 2446 3140 2498 aut
3168 2446 3415 2515 gravant
3445 2447 3548 2497 aut
3603 2442 3788 2514 impe-

2148 2528 2338 2596 diunt,
2371 2546 2437 2584 ac
2470 2530 2709 2603 insuper
2737 2530 2872 2586 libri
2933 2530 3146 2587 molem
3194 2530 3411 2586 frustra
3455 2530 3790 2602 adaugent:

2147 2617 2320 2672 editis
2352 2617 2641 2690 siquidem
2673 2618 3107 2691 exemplaribus
3137 2618 3432 2686 instructi,
3465 2634 3563 2673 eas
3593 2634 3661 2673 ex
3682 2617 3796 2673 col-

2145 2704 2265 2760 lata
2285 2711 2489 2762 nostra
2516 2707 2770 2762 editione
2798 2706 2965 2762 facile
2995 2707 3297 2781 detegent;
3332 2705 3433 2780 qui
3456 2709 3652 2762 autem
3675 2705 3795 2762 illis

2148 2794 2570 2862 destituuntur,
2588 2812 2785 2851 mearu
2806 2797 3098 2867 jacturam
3131 2795 3289 2850 haud
3322 2799 3559 2867 gravate
3589 2794 3794 2864 ferent,

2149 2898 2297 2954 quos
2312 2883 2569 2957 genuina
2592 2884 2875 2940 factorum
2892 2884 3146 2940 narratio
3164 2901 3233 2940 ex
3256 2901 3402 2957 puro
3423 2883 3580 2939 fonte
3604 2882 3794 2957 magis

2143 2971 2373 3042 juvabit
2402 2989 2579 3044 quam
2614 2971 2930 3028 lectionum
2976 2976 3278 3044 tantopere
3311 2972 3794 3045 discrepantium,

2151 3063 2210 3115 et
2237 3077 2501 3117 errorum
2534 3077 2686 3134 saepe
2718 3078 2783 3117 ex
2805 3061 2981 3117 variis
3012 3061 3368 3117 editionibus
3426 3060 3794 3117 accumulata

2153 3148 2645 3222 farrago.Cunctis
2676 3149 2769 3205 his
2783 3151 3023 3206 demum
3040 3154 3188 3206 notae
3220 3149 3470 3205 subinde
3489 3148 3561 3205 ad
3575 3147 3792 3206 calcem

2157 3236 2476 3305 adduntur,
2511 3237 2611 3292 ubi
2641 3237 2727 3293 eis
2758 3235 2879 3293 sive
2909 3238 2981 3293 ad
2998 3236 3409 3309 corrigendum
3430 3236 3547 3291 sive
3565 3236 3635 3291 ad
3659 3234 3791 3290 illu-

392 3309 1358 3398 AugiensiumetSan-Gallensium
1380 3309 1658 3384 abbatum
1681 3309 1786 3385 aut
1813 3331 1883 3386 de
1914 3347 2021 3385 suo
2058 3309 2101 3375 (δ
2149 3326 2459 3380 strandum
2490 3326 2893 3381 Hermannum
2923 3342 3072 3400 opus
3102 3324 3300 3390 fuerit,
3332 3340 3526 3395 easque
3555 3323 3793 3397 potissi-

390 3416 494 3468 aut
521 3412 759 3469 aliunde
770 3412 1046 3468 haustum
1064 3413 1639 3472 addidit.Ediderunt
1655 3418 1829 3474 hosce
1844 3429 2041 3474 Anna-

386 3500 473 3558 les
504 3500 808 3568 Freherus,
844 3500 1155 3570 Pittheus,
1215 3504 1291 3558 du
1354 3504 1599 3569 Chesne,
1657 3511 1715 3562 et
1768 3507 2037 3562 omnium

402 3590 622 3663 optime
651 3593 715 3646 P.
749 3589 1037 3646 Martinus
1066 3590 1331 3664 Bouquet
1358 3593 1415 3647 in
1442 3611 1598 3665 saepe
1628 3594 1866 3650 laudata
1912 3593 2042 3652 Col-

399 3678 645 3736 lectione
676 3696 778 3752 per
798 3684 1013 3752 partes,
1048 3684 1187 3735 tom.
1223 3680 1290 3750 Il,
1323 3681 1389 3750 V,
1425 3678 1575 3738 Wet
1596 3682 1711 3749 Vll,
1737 3684 1834 3739 ubi
1860 3684 2039 3739 etiam

401 3767 815 3842 depravantam
845 3785 997 3842 saepe
1028 3768 1466 3841 chronologiam
1511 3772 1863 3828 emendavit.

758 3905 785 3968 §
817 3901 908 3956 IV.
941 3932 1009 3941 --
1034 3905 1204 3959 Nam:
1232 3902 1490 3958 editionis
1522 3906 1685 3960 ratio.

470 4032 632 4089 XXV.
664 4033 747 4088 Ex
775 4032 867 4089 his
889 4034 1015 4104 jam
1048 4034 1192 4090 satis
1223 4039 1421 4107 patere
1468 4037 1825 4094 arbitramur
1882 4056 2041 4095 novae

400 4138 435 4179 a
462 4121 630 4178 nobis
661 4116 947 4194 susceptas
977 4123 1253 4180 editionis
1304 4126 1610 4182 rationem.
1642 4127 1800 4184 Hanc
1831 4145 1899 4185 ex
1929 4136 2045 4184 Au-

400 4202 589 4284 giensi
620 4211 838 4279 codice,
873 4211 922 4266 si
949 4229 1061 4267 non
1093 4212 1410 4270 Hermanni
1442 4214 1631 4287 ipsius
1677 4218 2040 4289 autographa

401 4299 601 4372 (quod,
633 4299 938 4357 deﬁciente
969 4300 1163 4374 aliquo
1194 4303 1322 4372 ejus
1353 4320 1595 4374 operum
1628 4306 1863 4376 propria
1884 4304 2043 4361 illius

399 4404 579 4445 manu
602 4387 914 4462 descripto,
957 4390 1107 4445 unde
1133 4390 1622 4447 decharacterum
1652 4392 2039 4450 similitudine

392 4475 650 4549 judicari
682 4482 899 4550 posset,
932 4478 1225 4535 afﬁrmare
1256 4479 1411 4534 haud
1434 4480 1608 4551 licet),
1636 4481 1913 4551 primario
1931 4482 2043 4538 eal-

395 4572 516 4624 tem
547 4571 606 4624 et
634 4568 922 4636 omnium,
956 4567 1111 4639 quod
1126 4566 1431 4639 hucusque
1455 4568 1741 4624 detectum
1766 4570 1860 4639 sit,
1891 4571 2041 4625 anti-

2153 3429 2317 3467 mum
2349 3414 2562 3469 strictae
2592 3414 2894 3483 duntaxat,
2930 3431 3000 3469 ne
3030 3412 3538 3469 observationibus
3568 3416 3791 3469 textum

2155 3501 2332 3557 nimis
2363 3502 2625 3574 augendo
2655 3521 2770 3559 non
2801 3508 2922 3558 tam
2954 3501 3196 3559 alterius
3244 3500 3570 3558 Chronicon
3624 3502 3794 3557 edere

2153 3608 2330 3663 quam
2363 3609 2575 3647 novum
2606 3609 2672 3647 ex
2702 3593 2879 3648 variis
2929 3592 3177 3647 condere
3232 3589 3554 3646 videamur.
3607 3588 3792 3647 Utiles

2154 3684 2383 3736 tantum
2414 3697 2542 3737 esse
2573 3685 2772 3737 nostra
2827 3681 2936 3736 hac
2992 3678 3244 3736 editione
3290 3682 3589 3751 optamus,
3643 3679 3801 3751 quod

2153 3769 2391 3841 quidem
2423 3768 2473 3825 si
2503 3769 2955 3838 obtinuerimus,
2988 3772 3046 3824 et
3076 3767 3294 3824 nostris
3323 3771 3380 3823 et
3431 3766 3797 3823 eruditorum

2154 3858 2304 3913 votis
2334 3858 2555 3914 factum
2586 3859 2698 3915 erit
2727 3858 2893 3915 satis.

2153 3967 2182 4033 §
2235 3968 2303 4021 V.
2337 3997 2405 4005 —
2440 3970 2518 4022 De
2575 3964 2891 4090 Bertholdg,
2938 3964 3243 4090 ῌσνῖηαηηί
3298 3962 3683 4020 continuatam
3737 3966 3802 4017 et

2868 4052 3041 4090 manu
3067 4051 3117 4090 ο.

2868 4051 3117 4106 imputo.

2224 4123 2526 4180 XXVI.Hic
2539 4124 2665 4195 jam
2683 4124 2754 4179 de
2775 4124 2903 4197 ipso
2924 4124 3255 4180 Hermanno
3278 4121 3548 4178 Chroniei
3566 4125 3802 4178 auctore
3836 4138 3841 4143 '

2154 4212 2422 4286 pluribus
2452 4213 2858 4268 disserendum
2894 4212 3065 4280 foret,
3097 4211 3253 4282 quod
3272 4214 3580 4277 tamen,ne
3594 4210 3798 4265 eadem

2154 4319 2305 4374 saepe
2336 4307 2592 4374 repetere
2624 4317 2858 4357 necesse
2887 4300 2985 4365 sit,
3008 4300 3081 4355 ad
3112 4299 3306 4354 Vitam
3329 4298 3459 4369 ejus
3479 4298 3805 4354 differenda

2152 4406 2483 4456 censemus,
2515 4406 2694 4461 quam
2726 4405 2907 4461 supra
2926 4388 3219 4453 dedimus,
3249 4404 3283 4442 a
3304 4386 3617 4442 Bertholdo
3642 4384 3804 4441 illius

2152 4479 2441 4552 discipulo
2466 4485 2524 4533 et
2554 4479 2742 4551 primo
2772 4476 3175 4545 continuatore
3205 4476 3583 4547 descriptam,
3629 4475 3802 4547 cujus

2152 4568 2328 4625 etiam
2383 4566 2741 4623 continuatio
2797 4566 2870 4622 ab
2923 4582 3077 4622 anno
3134 4564 3273 4621 1054
3335 4580 3524 4637 usque
3573 4564 3712 4620 1066
3739 4563 3798 4620 in

397 4654 684 4728 quissimo
717 4655 1073 4728 apographo,
1106 4672 1193 4723 ac,
1214 4656 1373 4726 quod
1403 4661 1579 4728 caput
1599 4662 1707 4725 est,
1738 4657 2042 4730 hucusque
2078 4669 2119 4733 1)
2150 4658 2325 4714 editis
2354 4656 2692 4712 immediate
2724 4655 3036 4726 subjicitur
3067 4655 3423 4720 Hermanno,
3455 4652 3677 4709 omissa
3706 4656 3801 4708 ta-

396 4744 641 4811 inedito,
673 4745 1071 4801 adornandam
1105 4745 1499 4815 suscepimus,
1534 4744 1783 4801 aliorum
1805 4763 2043 4818 quoque

397 4847 726 4887 coaevorum
760 4832 876 4887 fere
908 4832 1174 4887 codicum
1199 4832 1421 4888 sutiulti
1453 4833 1740 4891 subsidio.

465 4918 630 4974 Hunc
660 4918 896 4989 quidem
920 4919 1174 4989 primum
1198 4921 1561 4976 fundamenti
1580 4922 1705 4978 loco
1725 4923 2030 4995 posuimus

393 5007 633 5064 resectis
665 5006 799 5061 inde
831 5007 1191 5078 quibuslibet
1223 5008 2030 5084 additionibussiveinterpo-

390 5095 708 5153 lationibus
761 5113 795 5151 a
849 5096 1168 5169 posteriore
1226 5113 1404 5151 manu
1465 5097 1791 5155 indubitate
1841 5101 2030 5171 factis,

390 5184 632 5242 retentis
664 5185 948 5241 duntaxat
979 5183 1093 5239 illis
1123 5202 1249 5256 qua:
1283 5185 1470 5239 dubiae
1502 5186 1693 5241 adhuc
1741 5195 1901 5258 sunt,
1960 5192 2030 5247 de

390 5274 606 5345 quibus
629 5275 751 5346 jam
786 5274 2027 5347 superiusactuiu.Cuilibetaunoseut'acto,

389 5363 579 5433 quoad
612 5364 740 5433 ejus
772 5363 894 5419 ﬁeri
927 5362 1112 5429 licuit,
1147 5362 1382 5417 adimus
1436 5369 1624 5419 fontes
1681 5368 1836 5422 unde
1892 5367 2035 5423 Her-

390 5464 644 5504 mannus
674 5450 943 5507 hausisse
974 5450 1326 5523 deprehendi
1361 5452 1562 5522 potuit.
1598 5453 1741 5507 Eum
1776 5455 1832 5509 in
1866 5473 2035 5528 supe-

389 5537 538 5592 riore
566 5538 779 5610 pagina
811 5540 1000 5596 verbis
1023 5539 1256 5595 COUEX
1284 5539 1659 5597 AUGIENSIS
1680 5542 2028 5614 indicamus,

386 5625 534 5681 Huic
564 5626 679 5682 alio
692 5627 1023 5684 charactere
1045 5629 1396 5698 subjicimus
1418 5629 1731 5685 Hermanni
1756 5650 2029 5704 compen-

386 5714 549 5769 dium
583 5732 650 5770 ex
667 5732 736 5770 au
747 5716 1027 5788 tograpbo
1049 5716 1378 5772 Monacensi
1399 5718 1595 5773 codice
1611 5718 1877 5774 Bernoldi
1902 5722 2031 5789 ejus

385 5804 621 5860 nomine
652 5810 1056 5877 prmnotntum,
1089 5806 1241 5880 quod
1266 5804 1435 5877 quasi
1465 5804 1777 5862 lectionum
1801 5808 2028 5865 varian-

2154 4763 2286 4802 n;en
2318 4746 2448 4817 ejus
2478 4745 2631 4813 Vita,
2654 4744 2823 4816 cujus
2852 4743 2978 4800 loco
3001 4759 3246 4816 parvum
3264 4741 3519 4816 elogium
3540 4740 3797 4814 ponitur.

2149 4834 2320 4890 Solus
2349 4833 2656 4900 Urstisius,
2688 4832 2852 4888 ﬁnito
2883 4831 3201 4888 Hermanni
3233 4830 3517 4888 Chronico
3535 4834 3665 4904 post
3693 4846 3797 4885 an-

2092 4920 2093 4923 “
2143 4940 2286 4977 num
2320 4922 2480 4988 1054,
2513 4922 2571 4977 in
2602 4938 2714 4977 sua
2741 4919 2999 4977 editione
3029 4924 3376 4993 sequentem
3407 4918 3795 4977 continuatio-

2144 5029 2277 5067 nem
2309 5010 2706 5082 distinguit,in
2737 5026 2803 5065 eo
2834 5017 3030 5065 tamen
3049 5010 3326 5083 deceptus
3349 5009 3501 5081 quod
3517 5024 3647 5063 eam
3666 5008 3801 5064 sub-

2141 5098 2463 5156 dubitando
2482 5098 2698 5153 tribuat
2710 5097 3020 5155 Bertholdo
3051 5094 3506 5164 Constantiensi,
3527 5094 3701 5167 cujus
3723 5099 3802 5151 ta-

2142 5206 2274 5244 men
2307 5204 2437 5242 mox
2467 5188 2539 5242 ab
2597 5186 2758 5242 initio
2818 5187 3116 5243 diversum
3174 5182 3501 5242 Chronicon
3566 5182 3796 5241 addidit

2144 5283 2285 5332 tum.
2317 5276 2337 5331 Ι
2370 5276 2954 5347 Scriptur.German.,
2992 5293 3046 5347 p.
3079 5274 3333 5329 339.Ast
3354 5272 3644 5329 miramur
3672 5271 3794 5330 viro

2143 5363 2289 5420 alias
2320 5368 2411 5418 sat
2444 5363 2763 5435 perspicaci
2797 5363 2906 5419 hoc
2923 5363 3238 5433 subrepere
3267 5361 3532 5433 potuisse
3552 5365 3635 5429 ut,
3656 5377 3791 5416 cum

2143 5454 2290 5508 duas
2321 5452 2461 5507 adeo
2490 5452 2642 5507 inter
2671 5468 2732 5507 se
2762 5452 3019 5508 diversas
3040 5450 3510 5506 eontinualiones
3532 5465 3650 5523 prae
3670 5466 3791 5504 ma-

2143 5540 2316 5596 nibus
2341 5540 2630 5606 habuerit,
2665 5539 2937 5595 eumdem
2970 5542 3167 5595 tamen
3227 5537 3537 5612 utriusque
3584 5541 3788 5593 aucto-

2140 5646 2264 5685 rem
2293 5629 2378 5685 vel
2400 5629 2726 5686 dubitando
2741 5627 3478 5687 existimaverit.Auctores
3489 5643 3622 5684 vero
3641 5626 3786 5683 fuis-

2140 5734 2201 5775 se
2220 5718 2481 5773 diversos
2504 5723 2890 5789 praeterquam
2922 5718 3077 5790 quod
3109 5717 3224 5774 alia
3253 5719 3370 5774 fere
3400 5715 3648 5790 quilibet
3675 5716 3788 5772 fac-

2136 5811 2197 5864 ta
2222 5820 2410 5877 usque
2423 5806 2493 5861 ad
2512 5821 2605 5861 an.
2628 5805 3037 5876 4066enarrat,
3056 5805 3146 5865 vel
3159 5806 3218 5865 id
3233 5821 3418 5864 unum
3440 5807 3604 5863 extra
3613 5820 3787 5863 omne
