4124 6188
229 468 306 533 83
1139 470 1658 538 DISSERTATIO
1702 471 1804 535 DE
1846 470 2259 536 HERMANNI
2306 473 2726 538 CHRONICO.
3554 474 3636 536 54

234 602 476 661 dabium
507 602 660 678 ponit
676 605 836 678 quod
861 603 1020 680 prior
1047 605 1120 664 ad
1151 609 1386 664 an.1061
1411 608 1804 665 Alexandrum
1828 608 1873 664 II
1905 607 1958 674 Α
2061 607 2275 664 XXVII.
2305 609 2386 664 Ex
2415 608 2488 664 iis
2513 613 2708 665 autem
2741 623 2866 681 quae
2897 607 2954 663 in
2987 605 3103 665 ista
3137 603 3271 664 Vita
3316 605 3388 664 de
3437 606 3630 682 seipse

234 709 448 768 papam
478 694 628 750 sedis
657 695 990 768 apostolicis
1023 703 1431 771 usurpatorem
1462 699 1874 768 nominet,Hc-

233 783 463 839 norium
494 800 622 839 vero
652 801 758 840 seu
789 783 1104 842 Cadolaum
1137 805 1240 842 ceu
1284 787 1609 859 legitimum
1662 803 1874 859 papam

231 871 626 928 habeat.Haud
649 876 848 929 tamen
871 874 1004 930 inde
1020 875 1395 931 Bertholdum
1422 878 1576 932 hunc
1597 876 1876 931 schisma-

231 960 352 1015 ticis
382 977 788 1025 accensemus,
822 963 1038 1035 quippe
1069 963 1167 1035 qui
1198 981 1265 1019 ex
1297 964 1453 1019 fama
1505 963 1584 1018 rei
1633 968 1772 1018 tunc
1813 963 1870 1018 in

229 1049 410 1104 vicina
441 1049 554 1105 sibi
584 1050 812 1106 Basilea
836 1057 894 1106 et
921 1069 1027 1106 suo
1059 1057 1321 1124 tempore
1349 1055 1522 1124 gestae
1553 1052 1870 1124 scripserit,

231 1136 465 1192 alterius
482 1155 624 1192 sane
640 1138 857 1194 mentis
874 1138 1104 1194 futurus
1121 1139 1168 1194 si
1188 1141 1685 1196 continuationem
1701 1158 1870 1196 suam

228 1242 408 1296 usque
439 1225 511 1280 ad
546 1243 770 1282 annum
801 1228 938 1283 1067
969 1229 1356 1300 produxisset,
1389 1247 1504 1301 quo
1549 1229 1875 1285 Alexander

230 1314 520 1388 legitimus
572 1332 725 1388 papa
773 1315 832 1371 in
884 1317 1104 1388 synodo
1154 1317 1474 1374 Mantuana
1501 1319 1736 1390 agnitus
1761 1322 1868 1374 est.

226 1405 379 1470 Quod
414 1403 617 1474 ipsum
653 1404 962 1460 manifesto
991 1411 1337 1477 argumento
1385 1412 1474 1462 est
1523 1409 1679 1478 quod
1718 1425 1871 1464 anno

229 1493 356 1547 1066
385 1492 649 1548 scribere
703 1493 942 1550 desierit
996 1494 1090 1548 hic
1147 1495 1514 1563 Bertholdus,
1549 1513 1682 1551 cum
1741 1513 1869 1567 per-

227 1598 419 1653 peram
454 1581 620 1653 prius
669 1582 886 1654 scripta
932 1585 1241 1640 emendare
1289 1584 1546 1658 amplius
1578 1585 1732 1640 haud
1769 1602 1867 1657 po-
1911 1657 1921 1672 ι

224 1671 416 1724 tuerit.

285 1758 574 1814 Bernoldo
607 1765 826 1825 autem,
855 1759 963 1815 etsi
1007 1762 1209 1817 eodem
1261 1766 1542 1836 tempore,
1577 1764 1866 1836 posterius

219 1850 405 1903 tamen
434 1849 832 1914 scribenti,rei
862 1849 1078 1906 veritas
1096 1867 1165 1905 ex
1195 1856 1400 1907 eventu
1434 1852 1623 1924 magis
1652 1853 1863 1924 patuit;

1986 703 2185 753 narrat
2216 697 2917 764 Bertholdus,monachus
2937 697 3248 770 Augiensis
3267 696 3447 753 fuisse
3469 696 3634 755 facile

1984 786 2307 842 conﬁcitur.
2344 787 2674 842 Hermanno
2698 805 2812 859 prae
2836 786 3058 842 caeteris
3081 785 3422 852 familiaris;
3456 803 3634 858 quem

1982 875 2223 946 insuper
2242 875 2301 931 in
2325 878 2578 931 extremo
2610 877 2810 932 morhc
2842 877 3148 934 assiduum
3173 875 3286 932 sibi
3307 876 3634 948 adjutorem

1983 965 2258 1020 assistere
2287 964 2488 1028 voluit,
2518 966 2688 1036 eique
2715 965 3033 1020 moriturus
3063 964 3295 1020 tabulas
3328 981 3466 1020 suas
3497 981 3632 1021 con-

1984 1053 2256 1124 signavit,
2291 1059 2352 1108 ut
2385 1070 2716 1124 quaecunque
2762 1054 2938 1108 adhuc
2979 1053 3274 1109 scribenda
3322 1057 3528 1110 restant
3572 1057 3632 1110 in

1982 1144 2081 1207 eis,
2115 1141 2423 1214 diligenter
2452 1143 2804 1206 emendet,et
2835 1142 3052 1214 scripta
3074 1141 3204 1197 aliis
3237 1143 3627 1212 commendet;

1983 1246 2108 1303 quae
2140 1230 2405 1286 fortassis
2435 1229 2810 1285 continuandi
2864 1229 3024 1285 illius
3071 1231 3341 1286 Chronici
3396 1231 3626 1287 occasio

1981 1320 2108 1375 fuit.
2135 1320 2283 1376 Dum
2317 1337 2447 1375 vero
2481 1320 2834 1375 Hermanum
2869 1319 3212 1391 magistrum
3241 1323 3416 1376 suum
3437 1323 3623 1387 vocat,

1981 1424 2095 1463 non
2129 1409 2201 1463 de
2234 1408 2513 1480 magistro
2572 1425 2908 1480 puerorum,
2941 1409 3042 1464 sed
3073 1407 3328 1464 virorum
3363 1409 3421 1462 in
3453 1408 3626 1464 altio-

1979 1497 2144 1552 ribus
2173 1497 2520 1568 disciplinis,
2555 1497 2769 1568 quibus
2801 1496 3180 1569 praefulgebat
3229 1497 3624 1564 Hermannus,

1977 1585 2429 1641 erudiendorum
2462 1585 2876 1657 intelligendus
2906 1590 3015 1641 est.
3055 1585 3260 1642 Virum
3293 1589 3464 1650 certe,
3507 1604 3623 1642 non

1971 1673 2244 1745 juvenem
2270 1673 2648 1730 Bertholdum
2672 1678 3080 1746 arguunt,quaa
3115 1692 3247 1730 mox
3278 1675 3624 1730 memoravi-

1978 1779 2134 1818 mus.
2169 1763 2284 1818 Nec
2315 1763 2505 1818 adhuc
2531 1765 2802 1833 juvenem
2833 1763 3002 1818 illum
3048 1763 3241 1835 prodit
3289 1764 3443 1834 quod
3484 1764 3624 1821 Her-

1976 1867 2231 1906 mannus
2275 1851 2492 1907 librum
2525 1869 2698 1906 suum
2744 1854 2818 1907 De
2862 1869 3119 1906 mensura
3147 1852 3432 1906 astrotabii
3468 1853 3621 1924 apud

216 1937 364 1992 unde
390 1938 576 1992 etiam
609 1938 882 1993 eumdem
912 1937 1304 1994 Alexandrum
1336 1944 1617 2012 tanquam
1661 1959 1863 1997 verum
1897 1975 1944 2040 Β
1980 1944 2106 2004 Pez,
2141 1940 2560 2005 Thes.Anecd.,
2594 1941 2840 2005 tom.III,
2875 1956 3065 2010 p.11,p.
3099 1939 3388 2005 95,eidem
3421 1940 3626 1996 inscri-

216 2025 547 2095 pcntiﬁcem
583 2024 866 2091 dilaudat,
899 2044 1076 2098 seque
1107 2045 1210 2100 per
1236 2033 1423 2083 totum
1455 2029 1721 2085 Chronici
1771 2030 1862 2085 sui

214 2115 418 2168 seriem
445 2115 718 2185 juratum
739 2114 1251 2172 schismaticorum
1301 2117 1536 2174 hostem
1581 2118 1860 2174 declarat.

215 2203 348 2268 Quis
375 2219 517 2257 vero
549 2220 733 2258 sanus
763 2207 884 2259 tam
915 2205 1276 2261 diversarum
1313 2206 1565 2278 partium
1599 2207 1860 2262 studium

215 2291 308 2345 nni
343 2292 655 2364 eidemque
687 2293 907 2348 auctori
931 2293 1218 2349 ascribat?
1245 2295 1526 2367 Equidem
1553 2293 1862 2350 Bertholdo

213 2380 464 2450 primam
494 2379 663 2435 illam
692 2385 748 2435 et
779 2381 1095 2437 breviorem
1128 2383 1624 2440 continuationem
1660 2383 1865 2438 tribuit

214 2467 506 2524 Murensis
540 2469 740 2536 codex,
775 2471 854 2525 ita
886 2471 956 2526 ad
988 2471 1203 2526 calcem
1237 2472 1553 2528 Hermanni
1596 2490 1690 2526 an.
1730 2473 1862 2527 1054

210 2558 479 2612 scribens
544 2574 556 2613 :
625 2560 910 2630 [lucusque
973 2560 1228 2615 chronica
1278 2563 1597 2616 Hermanni.
1655 2561 1864 2616 Abhinc

209 2645 554 2701 Bertholdum
589 2647 730 2711 Quis
757 2662 892 2702 vero
922 2647 1078 2704 iste?
1107 2649 1269 2703 Haud
1304 2654 1459 2704 certe
1490 2648 1640 2704 alius
1671 2666 1736 2704 ac
1767 2648 1862 2703 ille

206 2751 273 2790 ex
303 2751 421 2806 quo
455 2735 649 2789 Vitam
681 2735 999 2790 Hermanni
1051 2752 1184 2791 eum
1232 2737 1387 2792 dicta
1434 2736 1694 2792 breviore
1732 2753 1861 2804 ejus

207 2824 654 2878 continuatione
703 2824 1034 2896 subjungit,
1065 2829 1123 2880 et
1171 2826 1324 2881 unde
1371 2830 1580 2896 praeter
1626 2828 1862 2881 caeteros

206 2927 316 2966 sua
345 2911 624 2967 hausisse
653 2913 726 2967 ad
757 2929 979 2968 annum
1029 2915 1129 2968 741
1182 2915 1396 2969 fatetur
1443 2913 1660 2968 codicis
1699 2912 1860 2968 illius

205 2999 476 3071 scriptor,
502 3000 855 3057 Bertholdus
887 3001 1129 3069 scilicet,
1165 3002 1476 3057 Hermanni
1509 3001 1856 3074 discipulus;

207 3103 374 3158 quem
405 3088 630 3145 ibidem
663 3107 697 3145 a
725 3089 1055 3157 Bertholdo,
1089 3091 1148 3147 S.
1185 3091 1357 3146 Blasii
1395 3091 1747 3164 presbytero,
1772 3092 1861 3146 fu-

207 3176 376 3234 sioris
391 3177 618 3234 scilicet
637 3179 1092 3234 continuationis
1109 3179 1717 3245 auctore,ncminatim
1739 3179 1858 3236 dis-

209 3263 605 3338 tinguit,quos
630 3283 764 3322 vero
789 3269 994 3322 ambos
1009 3267 1197 3323 caeteri
1221 3268 1530 3339 scriptores
1552 3268 1856 3338 hucusque

1975 2028 2176 2100 pserit,
2213 2045 2504 2101 quemque
2535 2029 2663 2098 ejus
2694 2028 3072 2100 potissimum
3104 2027 3383 2081 instantia
3426 2031 3623 2083 motus

1973 2117 2324 2190 composuit.
2363 2118 2427 2172 Et
2457 2117 2697 2188 quidem
2725 2133 2792 2171 ex
2822 2115 2941 2170 illis
2971 2117 3098 2187 jam
3148 2118 3273 2170 tum
3323 2115 3625 2188 presbyter

1975 2206 2158 2261 fuisse
2186 2207 2367 2261 videri
2402 2211 2615 2278 posset,
2644 2205 2937 2277 siquidem
2961 2203 3096 2260 talis
3128 2220 3390 2276 unquam
3424 2203 3620 2270 fuerit,

1973 2313 2105 2350 cum
2139 2294 2458 2368 presbyteri
2483 2295 2721 2350 titulum
2755 2295 2943 2350 eidem
2968 2311 3073 2350 nec
3092 2293 3445 2350 Mellicensis
3470 2298 3620 2349 Ano-

1973 2399 2206 2454 nymus,
2243 2401 2348 2438 nec
2405 2383 2562 2439 citati
2622 2383 2872 2451 codices,
2923 2399 3030 2438 nec
3077 2382 3201 2454 ipse
3249 2382 3619 2437 Hermannus

1971 2471 2253 2538 tribuant,
2287 2477 2458 2543 prout
2489 2476 2684 2526 tamen
2712 2471 2997 2526 Bernoldo
3050 2471 3293 2526 faciunt.
3344 2471 3479 2535 Quae
3522 2469 3618 2526 hic

1972 2558 2069 2614 alii
2102 2561 2649 2630 comminiscuntur,
2680 2558 2832 2614 infra
2878 2560 2950 2616 ad
3007 2558 3358 2615 Bernoldum
3399 2559 3617 2616 exami-

1972 2653 2205 2704 nantur.

2042 2737 2284 2792 XXVIII.
2347 2740 2661 2808 Quousque
2709 2753 2842 2792 vero
2890 2735 3387 2792 continuationem
3446 2751 3616 2792 suam

1970 2825 2307 2897 perduxerit
2327 2825 2676 2880 Bertholdus
2698 2825 2903 2890 iste,ex
2923 2824 3224 2881 codicibus
3256 2827 3411 2907 certo
3433 2823 3616 2878 statui

1969 2914 2126 2969 haud
2158 2920 2362 2987 potest.
2397 2915 2502 2981 Qui
2536 2916 2774 2970 unicum
2807 2914 3121 2970 Hermanni
3148 2913 3615 2970 continuatorem

1969 3008 2316 3071 agnoscunt,
2349 3003 2493 3057 illud
2527 3003 2596 3058 ad
2631 3019 2850 3057 annum
2894 3004 3034 3057 1100
3081 3003 3398 3058 deductum
3447 2999 3616 3056 fateri

1969 3092 2278 3157 debent,ut
2301 3095 2361 3145 ut
2382 3092 2534 3145 inter
2555 3090 2665 3145 alia
2686 3091 2881 3146 obitus
2913 3091 3042 3161 ejus
3063 3090 3121 3145 in
3142 3089 3411 3146 Bernoldi
3434 3089 3617 3146 Chroé

1967 3179 2097 3234 nico
2131 3180 2202 3234 ad
2233 3195 2452 3234 annum
2485 3178 2626 3233 4088
2666 3183 3023 3232 memoratus
3072 3177 3189 3232 illis
3237 3179 3610 3241 adversetur;

1970 3283 2125 3321 nunc
2157 3267 2311 3321 enim
2344 3267 2538 3337 ipsum
2571 3281 2699 3321 esse
2721 3264 3088 3335 judicamus,
3111 3266 3182 3319 de
3212 3280 3328 3336 quo
3359 3261 3457 3319 ille
3486 3262 3607 3318 l.c.:

211 3352 266 3408 in
297 3335 487 3410 unum
501 3355 881 3431 Bertholdum
911 3335 1417 3412 Constantiensem
1452 3335 1852 3429 presbyterum
1885 3335 1929 3402 Ο
1966 3354 2310 3418 Bertholdus,
2365 3335 2550 3410 doctor
2593 3355 2858 3425 egregius,
2917 3355 2979 3408 in
3035 3354 3210 3408 sacris
3232 3335 3456 3408 ilitteris
3509 3369 3610 3423 ap-

215 3457 513 3514 perperam
545 3444 894 3511 conﬂarunt,
924 3444 1015 3499 vel
1047 3461 1116 3499 ex
1146 3444 1290 3500 solis
1339 3461 1471 3499 mox
1519 3445 1689 3500 dictis
1719 3461 1854 3499 con-

215 3532 456 3586 trarium
502 3531 805 3599 edocendi,
841 3537 1047 3604 praeter
1094 3550 1163 3589 ea
1210 3533 1428 3605 quibus
1476 3533 1734 3604 idipsum
1783 3533 1854 3587 ad

223 3619 596 3676 Bertholdum
628 3624 771 3677 tom.
799 3622 846 3676 II
871 3622 1138 3692 pluribus
1168 3621 1580 3677 declarabitur.

289 3709 568 3765 Eumdem
601 3727 834 3783 quoque
863 3711 1243 3767 Bertholdum
1265 3712 1408 3767 satis
1428 3715 1623 3784 aperte
1644 3711 1863 3765 indicat

221 3799 559 3869 Anonymus
587 3797 938 3855 Mellicensis
968 3799 1047 3854 De
1076 3801 1274 3872 script.
1299 3799 1859 3870 eccles.c.92(MiM-:I

221 3885 475 3941 Biblioth.
521 3888 732 3953 coclea,
766 3905 824 3958 p.
862 3889 986 3958 155)
1036 3889 1116 3944 ita
1165 3889 1474 3944 scribens:
1517 3888 1858 3950 Berthohius,

221 3977 311 4043 qui
340 3975 954 4047 ejusdem(Hermanni)
983 3977 1203 4033 auditor
1227 3980 1276 4032 et
1300 3977 1601 4048 discipulus
1633 3979 1859 4042 exstitit,

1961 3445 2141 3514 prime
2169 3443 2435 3509 eruditus,
2468 3445 2528 3496 in
2562 3445 2828 3497 senectute
2857 3442 2996 3498 bona
3024 3441 3215 3514 plenus
3244 3441 3479 3508 dierum,
3501 3442 3609 3495 mi-

1966 3534 2145 3601 gravit
2173 3531 2244 3586 ad
2275 3532 2564 3587 Dominum
2592 3532 2660 3586 IV
2687 3530 2810 3584 ldus
2840 3529 3062 3591 Martii;
3093 3545 3224 3600 quae
3253 3545 3386 3584 cum
3435 3545 3608 3600 supe-

1967 3620 2090 3675 rius
2120 3620 2292 3675 dictis
2321 3620 2539 3691 optime
2569 3618 2874 3674 convenire
2902 3617 3190 3673 videntur.
3225 3616 3398 3684 Editi,
3431 3632 3609 3688 quos-

1968 3725 2198 3779 cunque
2228 3709 2535 3771 habemus.
2569 3707 2721 3762 ultra
2748 3722 2969 3761 annum
3002 3705 3141 3759 1066
3185 3705 3342 3760 haud
3372 3720 3607 3776 progre-

1970 3797 2248 3862 diuntur,-
2278 3813 2344 3852 ac
2375 3800 2506 3868 post
2539 3795 2704 3849 illum
2737 3810 2956 3849 annum
2988 3791 3217 3848 codices
3260 3791 3444 3847 nostri
3474 3807 3609 3847 cum

1971 3885 2154 3941 altera
2182 3884 2449 3940 Bernoldi
2480 3883 2918 3938 continuatione
2948 3879 3318 3938 conveniunt.

2045 3975 2116 4031 Ut
2147 3975 2289 4029 adeo
2321 3990 2433 4028 non
2463 3989 2611 4027 vana
2641 3971 2720 4026 sit
2749 3971 3103 4041 conjectura,
3136 3967 3426 4025 editorum
3465 3983 3615 4040 quo-

223 4062 395 4117 Vitam
423 4066 684 4132 magistri
701 4069 754 4120 et
770 4063 1096 4120 Chronicam
1116 4067 1490 4132 scribit,unde
1520 4067 1696 4120 etiam
1720 4066 1865 4121 Vitae
1975 4079 2088 4136 que
2121 4061 2348 4118 codices
2376 4061 2432 4115 in
2469 4059 2778 4115 Bertholdo
2801 4058 2954 4114 ultra
2974 4058 3195 4114 dictum
3227 4073 3450 4113 annum
3479 4056 3621 4112 4066

218 4148 376 4206 illius
404 4151 658 4223 scriptor
685 4153 1018 4218 innotescit,
1051 4155 1219 4225 cujus
1250 4171 1464 4210 nomen
1495 4154 1554 4208 in
1586 4153 1687 4209 illa
1709 4154 1862 4209 haud

1975 4150 2130 4205 haud
2164 4150 2547 4220 processisse;
2585 4149 2739 4221 quod
2773 4148 2947 4204 etiam
2977 4163 3046 4204 ex
3071 4163 3250 4218 supra
3293 4146 3372 4217 (n.
3415 4145 3508 4217 26)
3539 4143 3622 4200 al-

223 4237 647 4310 legitur.Vitam
671 4258 843 4314 porro
865 4241 1028 4296 illam
1051 4243 1342 4298 Murensis
1363 4243 1543 4298 codex
1561 4242 1869 4315 subjungit
1977 4238 2168 4310 legata
2197 4237 2504 4309 utriusque
2534 4236 2786 4292 auctoris
2817 4235 3101 4292 sentiendi
3133 4233 3470 4290 diversitate
3499 4249 3623 4288 ma-

226 4342 354 4382 mox
383 4333 518 4398 post
547 4329 717 4385 verba
749 4347 762 4385 :
796 4331 1009 4385 Abhinc
1035 4331 1374 4399 Bcrtholdus,
1409 4349 1540 4403 quae
1586 4331 1760 4387 etiam
1809 4332 1868 4386 in
1980 4327 2068 4399 gis
2101 4327 2385 4382 ﬁrmatur.
2423 4332 2635 4382 Demus
2665 4327 2820 4381 enim
2852 4324 3231 4380 Bertholdum
3264 4326 3465 4396 postea
3493 4339 3624 4378 sen-

227 4414 607 4472 Gottwicensi
631 4418 904 4485 habetur;
937 4435 1113 4490 quam
1140 4420 1197 4473 in
1225 4420 1396 4475 dictis
1413 4420 1715 4476 codicibus
1741 4437 1872 4474 mox
1979 4416 2222 4472 tentiam
2272 4433 2440 4470 suam
2492 4420 2769 4481 mutasse,
2805 4413 3146 4470 correxisset
3189 4411 3396 4468 saltem
3428 4415 3629 4483 postea

230 4505 525 4576 excipiunt
553 4523 678 4577 qua:
705 4506 764 4562 in
805 4506 1052 4563 Urstisio
1099 4508 1208 4562 sub
1260 4508 1717 4564 continuationis
1769 4526 1870 4563 no-

237 4595 384 4648 mine
434 4601 565 4666 post
619 4595 1017 4651 Hermannum
1067 4602 1414 4668 sequuntur,
1447 4603 1618 4671 atque
1668 4598 1870 4652 eadem

1984 4521 2110 4577 quae
2138 4506 2208 4559 ad
2243 4522 2456 4560 annum
2483 4503 2648 4558 illum
2679 4505 2805 4557 1061
2834 4508 3034 4560 contra
3062 4500 3388 4574 legitimum
3415 4516 3627 4571 papam

1985 4593 2314 4665 scripserat,
2348 4592 2396 4646 si
2427 4593 2495 4646 ad
2531 4591 2805 4646 ulteriora
2835 4589 3169 4646 schismatis
3199 4593 3464 4658 tempora
3493 4603 3628 4640 con-

237 4680 405 4738 ferme
436 4687 599 4749 sunt,
634 4683 742 4738 nisi
778 4685 933 4756 quod
966 4685 1230 4754 quaedam
1280 4685 1530 4741 subinde
1577 4703 1645 4740 ex
1694 4685 1875 4741 altera
1910 4701 1952 4763 ι)
1985 4683 2364 4738 tinuationem
2399 4697 2562 4735 suam
2599 4680 2984 4752 perduxisset.

239 4785 459 4843 quoque
520 4771 786 4827 Bernoldi
840 4773 1275 4829 continuatione
1320 4775 1688 4843 inserantur;
1749 4793 1876 4846 qua:

239 4861 412 4915 amba:
439 4861 662 4916 ibidem
695 4861 754 4915 in
787 4878 963 4917 unam
1017 4864 1478 4927 confunduntur,
1514 4869 1686 4936 prout
1728 4865 1880 4918 inter

239 4947 342 5002 alia
369 4950 576 5005 exinde
607 4966 843 5021 quoque
875 4955 1114 5023 apparet
1143 4953 1297 5022 quod
1331 4951 1563 5007 illorum
1612 4952 1879 5008 codicum

242 5038 544 5110 scriptores
571 5039 646 5094 ad
678 5056 904 5096 annum
957 5042 1084 5096 1061
1127 5041 1454 5098 Alexandro
1499 5043 1545 5097 ll
1597 5059 1758 5115 papae
1798 5043 1880 5098 fa-

233 5131 416 5190 veant,
448 5129 712 5202 adeoque
743 5128 1097 5186 Bernoldum
1129 5130 1187 5185 in
1217 5146 1306 5196 eo,
1337 5147 1451 5185 non
1504 5130 1879 5186 Bertholdum

231 5222 563 5290 sequantur.

2059 4773 2309 4826 Tantum
2341 4771 2411 4824 de
2445 4769 2757 4824 Hermanni
2789 4766 3068 4821 Chronico
3101 4763 3452 4820 disseruisse
3474 4764 3633 4820 sufﬁ-

1990 4861 2122 4916 ciat.
2157 4860 2331 4915 Plura
2360 4857 2711 4913 desideranti
2740 4857 2883 4911 satis
2915 4855 3149 4910 abunde
3177 4853 3351 4909 faciet
3377 4854 3634 4911 Joannes

1992 4951 2105 5021 Ego
2135 4948 2192 5003 in
2226 4965 2332 5002 suo
2366 4950 2613 5002 tractatu
2649 4950 2724 5000 De
2754 4944 2894 4999 viris
2925 4942 3636 5013 illustribus,monasterii

1992 5039 2189 5110 Augiee
2221 5037 2425 5093 Divitis
2455 5053 2550 5090 an.
2590 5036 2725 5090 1630
2754 5034 3105 5106 conscripto,
3149 5050 3276 5107 cap.
3309 5032 3400 5102 28,
3432 5033 3492 5088 in
3532 5035 3637 5088 Pe-

1990 5127 2061 5182 zii
2087 5127 2385 5182 Thesauro
2416 5124 2632 5180 Anecd.
2662 5128 2783 5180 tom
2816 5124 2860 5192 Ι,
2889 5140 2947 5194 p.
2981 5140 3066 5190 ιιι,
3098 5140 3153 5197 p.
3185 5123 3314 5178 688.
