4124 6188
340 439 421 505 59
1130 438 1543 507 HERMANNI
1590 435 2038 506 GON'I‘RACTI
2068 408 2502 505 'AUGIENSIS
2544 436 2924 508 mensem.

3672 440 3752 506 60
3788 398 3795 409 .

1710 573 1945 631 CODEX
1983 570 2387 630 AUGIENSIS.

408 696 479 752 67
507 693 654 752 Nero
700 692 984 751 Senecam
1034 693 1383 767 magistrum
1441 707 1617 748 suum
1673 689 1985 747 interfecit.
2021 689 2075 756 Α
2100 688 2352 746 Sabinos
2390 688 2551 745 obiit.
2582 690 2712 747 Eus.
2743 708 2798 748 a.
2838 707 2928 765 pr.
2961 694 3029 750 In
3069 709 3256 767 marg.
3287 691 3459 749 Titus
3489 706 3748 771 annum,

340 784 470 840 Eus.
504 801 556 840 a.
589 800 674 856 pr.

406 874 477 928 68
504 871 904 945 Vespasianus
953 869 1233 926 adversus
1282 868 1518 923 Judaeos
1565 865 1915 923 rebellantes
1951 884 1987 922 a

336 960 563 1017 Nerone
593 960 865 1015 mittitur.
902 960 1027 1012 Eus.
1062 974 1116 1012 a.
1148 973 1282 1026 seq.;
1311 958 1419 1013 Jos.
1453 973 1505 1011 a.
1537 957 1627 1011 60.

404 1051 476 1105 69
504 1049 710 1104 Petrus
740 1051 798 1102 et
828 1045 1042 1101 Paulus
1072 1060 1107 1099 a
1143 1044 1369 1099 Nerone
1409 1050 1646 1116 propter
1685 1043 1981 1100 Simonem

335 1139 568 1212 Magum
599 1134 988 1200 trucidantur,
1018 1138 1073 1188 et
1102 1133 1437 1205 pestilentia
1468 1133 1662 1188 Romae
1694 1133 1844 1189 facta
1872 1138 1980 1201 est,

333 1227 598 1297 Neroque
629 1223 890 1296 seipsum
924 1222 1234 1278 interfecit.
1268 1222 1413 1277 Suet.
1439 1239 1491 1276 a.
1517 1223 1618 1289 68;
1641 1223 1716 1277 al.
1741 1239 1794 1278 a.
1817 1224 1983 1278 66.—

331 1304 518 1370 Dinus
549 1313 778 1386 primus
806 1329 841 1368 a
868 1310 931 1365 Β.
965 1314 1134 1366 Petro
1165 1310 1315 1366 sedit
1358 1310 1530 1367 annis
1557 1329 1658 1366 xu.
1683 1344 1752 1352 —-
1780 1310 1981 1367 Antio-

332 1403 479 1458 chiae
507 1401 804 1458 secundus
834 1400 971 1472 (15")
1012 1398 1321 1472 episcopus
1351 1399 1659 1457 ordinatus
1685 1401 1978 1472 lgnatius;

331 1492 409 1547 al.
443 1507 498 1545 a.
530 1492 620 1545 68.

398 1581 472 1633 70
500 1578 685 1635 Galba
732 1582 965 1634 menses
1002 1595 1101 1633 vn.
1136 1576 1285 1633 Otho
1327 1593 1672 1634 menses'm.
1708 1576 1980 1633 Vitellius

331 1684 565 1724 menses
585 1682 709 1722 vm.
732 1665 1127 1737 Vespasianus
1154 1668 1204 1722 θ
1234 1666 1292 1720 ἱιι
1323 1666 1525 1721 Judaaa
1554 1682 1845 1739 pugnans,
1875 1665 1981 1721 im-

228 1742 231 1745 i
331 1762 565 1830 perator
594 1757 666 1812 ab
697 1756 948 1812 exemita
971 1754 1368 1823 constituitur,
1393 1754 1484 1809 vir
1504 1753 1744 1810 militari
1767 1754 1980 1810 virtute

329 1844 679 1918 praecipuus.
713 1846 867 1911 Eus.;
898 1843 1048 1899 Suet.
1080 1860 1134 1898 a.
1166 1859 1252 1915 pr.

397 1934 461 1988 71
497 1934 583 2005 (In
607 1949 783 2003 marg.
815 1930 1213 2003 Vespasianus
1252 1947 1389 1986 ann.
1425 1947 1502 1994 ιχ,
1533 1947 1720 1988 mens.
1749 1949 1827 1999 χι,
1849 1930 1976 1988 dies

2099 793 2286 834 mens.
2316 796 2376 833 II.

2163 867 2226 922 81
2261 867 2432 923 Titus
2458 867 2546 923 vir
2573 871 2698 924 erat
2719 869 2986 925 omnium
3007 885 3218 943 genere
3247 862 3534 926 virtutum
3568 869 3746 925 mira-

2095 952 2253 1022 bilis,
2286 954 2367 1010 ita
2394 960 2460 1010 ut
2488 954 2698 1011 divitia
2718 948 2787 1012 'et
2832 972 2997 1012 amor
3042 957 3289 1013 humani
3333 957 3564 1030 generis
3592 957 3746 1013 dice-

2093 1046 2274 1098 retur.
2298 1042 2400 1099 Hic
2431 1043 2935 1116 amphitheatrum
2961 1045 3156 1102 Romae
3186 1046 3533 1114 construxit,
3555 1046 3615 1101 in
3647 1063 3746 1101 cu-

2083 1130 2190 1202 jus
2227 1131 2593 1189 dedicatione
2637 1132 2899 1205 quinque
2950 1132 3139 1190 millia
3196 1135 3453 1191 ferarum
3509 1133 3742 1191 occidit.

2092 1220 2247 1282 Eua;
2277 1220 2375 1276 Dio
2402 1239 2457 1276 α.
2483 1238 2573 1293 pr.

2142 1308 2231 1363 .82
2258 1308 2456 1365 Cletus
2495 1325 2646 1382 papa
2694 1310 2991 1367 secundus
3038 1310 3212 1367 annis
3248 1327 3352 1366 xu.
3384 1313 3513 1367 Eas.
3545 1328 3598 1368 a.
3630 1328 3744 1384 pr.;

2089 1396 2166 1451 al.
2196 1413 2252 1452 a.
2279 1399 2371 1453 78.
2394 1430 2463 1439 —
2483 1398 2649 1456 Titus
2675 1399 2733 1454 in
2764 1402 2970 1455 eadem
2989 1399 3149 1466 villa,
3171 1416 3290 1471 qua
3307 1404 3367 1456 et
3392 1404 3576 1473 pater,
3598 1399 3745 1457 obiit

2088 1501 2285 1542 annno
2332 1485 2517 1542 atatis
2566 1487 2731 1543 XLII.
2764 1490 2892 1544 Eus.
2925 1504 2961 1543 a
2982 1504 3071 1560 pr.
3095 1490 3271 1556 —(In
3314 1504 3495 1560 marq.
3541 1488 3739 1544 Domi-

2087 1571 2285 1630 tianus
2313 1574 2490 1631 frater
2517 1575 2631 1631 Titi
2661 1593 2800 1632 ann.
2833 1592 2926 1644 xv,
2961 1591 3148 1633 mens.
3183 1576 3265 1648 ν.)

2162 1663 2200 1717 7
2236 1663 2306 1717 83
2338 1663 2705 1721 Domitianus
2728 1664 2979 1721 infectus
2997 1663 3277 1720 omnibus
3298 1664 3619 1721 sceleribus
3648 1682 3739 1723 se-

2087 1752 2278 1807 cundo
2309 1752 2678 1824 persequitur
2707 1751 3087 1809 Christianos.
3126 1753 3255 1808 Eus.
3284 1769 3340 1808 a.
3368 1770 3458 1825 pr.
3479 1784 3549 1794 -—
3579 1754 3739 1811 Idem

2085 1839 2261 1896 etiam
2291 1839 2593 1896 eunuchos
2625 1841 2748 1897 ﬁeri
2780 1838 3102 1913 prohibuit.
3136 1845 3264 1898 Eus.
3295 1858 3353 1896 a.
3384 1856 3495 1915 seq.

2151 1929 2222 1984 84
2272 1929 2511 1985 Decreto
2559 1933 2803 1986 senatus
2846 1929 3014 1985 Titus
3066 1929 3220 1986 inter
3273 1929 3414 1986 deos
3461 1930 3731 1987 refertur.
3786 1954 3789 1977 τ

324 2022 489 2092 xxu.)
520 2021 689 2076 Titus
715 2020 949 2077 Judaeos
975 2018 1353 2101 inenarrabili
1379 2020 1532 2076 fame
1559 2021 1850 2076 cruciatos
1879 2021 1977 2076 ob-
2005 2044 2052 2110 Β
2086 2017 2219 2110 Eus:
2243 2035 2298 2110 ti.
2330 2035 2423 2090 pr.

327 2111 496 2168 sedit.
529 2113 657 2167 Eus.

395 2200 468 2255 72
496 2196 858 2256 Hierusalem
883 2215 917 2253 a
935 2197 1067 2252 Tito
1096 2200 1425 2268 expugnata
1455 2197 1799 2265 destruitur,
1821 2213 1975 2254 anno

326 2304 362 2344 a
390 2288 662 2360 passione
692 2286 916 2342 Domini
940 2303 1030 2352 XL,
1055 2303 1091 2341 a
1110 2284 1298 2357 prima
1320 2302 1452 2342 vero
1479 2286 1810 2342 conditione
1830 2290 1976 2342 tem-

326 2375 406 2448 pli
435 2375 546 2431 sub
577 2375 885 2430 Salomone
914 2373 1258 2429 MLXXXIX.
1290 2375 1481 2437 Beda.;
1511 2376 1588 2430 al.
1619 2390 1673 2430 a.
1701 2376 1792 2429 70.

396 2464 469 2519 75
496 2463 613 2519 Hoc
639 2467 897 2535 tempore
923 2462 1214 2534 Josephus
1243 2462 1751 2537 bistoriographus
1779 2462 1974 2520 clarus

328 2550 597 2608 habetur.

393 2641 465 2694 77
493 2639 765 2696 Colossus
796 2642 1025 2695 erectus
1055 2642 1145 2695 est
1182 2638 1406 2695 habens
1436 2637 1766 2695 altitudinis
1796 2638 1972 2711 pedes

326 2735 561 2801 centum
590 2732 648 2785 et
676 2731 921 2801 septem.
954 2729 1053 2784 Dio
1085 2745 1137 2783 a.
1168 2729 1259 2783 75.

238 2878 241 2883 ί
389 2819 463 2873 79
491 2816 833 2874 Pestilentia
862 2817 1057 2872 Romae
1084 2817 1233 2873 facta
1261 2819 1368 2880 est,
1392 2820 1450 2873 et
1469 2820 1832 2873 terreamotus
1853 2821 1970 2873 tres

323 2906 584 2962 civitates
614 2906 781 2979 Cypri
816 2905 1118 2961 subvertit.
1151 2907 1276 2961 Eas.
1308 2922 1361 2961 a.
1390 2921 1479 2977 pr.

391 2996 463 3052 80
490 2994 888 3069 Vespasianus
928 2994 1212 3067 proﬂuvio
1257 2994 1477 3051 ventris
1524 2994 1585 3050 in
1633 2993 1772 3050 villa
1818 2993 1972 3051 circa

2153 2062 2674 2179 'virgines
2704 2109 2895 2163 Vesta
2933 2107 3009 2162 ob
3047 2109 3321 2179 stuprum
3352 2107 3734 2167 damnantur.

2085 2193 2512 2339 sagittam
2554 2282 2782 2356 primus
2828 2286 2962 2356 post
3005 2283 3266 2339 Marcum
3313 2283 3731 2358 evangelistam

2081 2370 2392 2445 episcopus
2439 2370 2798 2428 Alexandria:
2844 2375 2979 2444 post
3022 2388 3209 2428 annos
3254 2388 3374 2427 xxu
3418 2371 3583 2440 obiit,
3627 2389 3731 2445 pro

2082 2475 2197 2531 quo
2226 2459 2453 2516 Abilius
2482 2459 2637 2516 sedit
2663 2459 2837 2516 annis
2862 2476 2988 2515 xm.
3021 2460 3150 2515 Eus.
3182 2476 3239 2515 a.
3269 2476 3361 2532 pr.

2151 2549 2222 2604 88
2249 2547 2619 2605 Domitianus
2648 2563 2713 2605 se
2749 2548 2937 2605 Deum
2982 2551 3041 2604 et
3084 2548 3400 2605 Dominum
3446 2548 3730 2622 appellari

2075 2635 2277 2708 jussit.
2309 2639 2441 2694 Eus.
2472 2654 2527 2693 a.
2555 2654 2652 2710 pr.

2152 2724 2224 2781 90
2268 2724 2668 2792 Quintilianus
2714 2725 2910 2783 rhetor
2961 2724 3161 2783 Roma
3207 2724 3401 2783 clarus
3455 2726 3726 2784 habetur.

2243 2831 2775 2976 aﬁizrtemporibus
2820 2902 3062 2960 haeresis
3109 2902 3414 2960 Menandri
3463 2905 3643 2978 magi,
3670 2908 3733 2961 et

2079 2990 2503 3059 Ebionitarum,
2524 2994 2583 3048 et
2606 2990 3036 3049 Corinthiorum
3063 2994 3124 3048 et
3149 2990 3572 3049 Nioolaitarum
3601 3009 3727 3050 exo-

2078 3079 2248 3136 ritur.
3062 3100 3073 3105 ε

1359 3214 1840 3274 COMPENDIUM
1878 3214 1973 3272 EX
2010 3211 2263 3270 CODICE
2303 3211 2685 3269 BERNOLDI.

385 3316 455 3369 07
482 3316 642 3380 Nero,
669 3317 804 3382 etc.,
838 3319 902 3370 ut
928 3320 1077 3387 Aug.
1110 3316 1175 3370 In
1215 3315 1466 3386 margine
1492 3315 1763 3385 primoa
1791 3328 1962 3369 manu
1989 3314 2032 3380 C
2137 3311 2209 3366 70
2244 3311 2667 3383 Vespasianus...
2697 3310 3067 3368 constituitur.
3106 3311 3468 3383 Vespasianus
3501 3311 3606 3378 VII,
3638 3327 3718 3368 re-

315 3401 429 3458 haec
455 3405 715 3457 notantur
742 3418 761 3454 :
792 3402 1155 3471 Hieronymus
1185 3403 1246 3456 in
1275 3401 1414 3457 libro
1444 3402 1520 3456 De
1554 3401 1689 3456 viris
1718 3400 1961 3456 illustri-

2068 3403 2202 3473 gnat
2236 3415 2407 3456 annos
2438 3416 2516 3468 ιχ,
2548 3414 2757 3481 menses
2785 3416 2867 3468 χι,
2895 3399 3010 3457 dies
3038 3415 3177 3455 χχιι.
3210 3400 3299 3455 Vir
3324 3400 3564 3456 militari
3601 3401 3716 3456 vir-

319 3489 418 3543 bus
447 3488 596 3560 (cap.
632 3488 720 3559 l2)
755 3503 768 3543 :
796 3511 823 3537 ‹‹
861 3488 1058 3543 Lucius
1100 3489 1340 3546 Annazus
1375 3488 1577 3544 Seneca
1607 3487 1964 3544 Cordubensis
2072 3491 2185 3544 tute
2212 3490 2548 3561 praecipuus.

317 3576 497 3634 Setini
525 3577 637 3649 (16)
666 3577 825 3634 stoici
867 3576 1190 3649 discipulus,
1236 3587 1470 3649 patruus
1517 3578 1727 3633 Lucani
1768 3585 1959 3650 poetae,

313 3666 515 3721 multas
568 3666 827 3737 epistolas
880 3667 1100 3737 scripsit
1148 3665 1219 3720 ad
1271 3666 1513 3721 Paulum
1563 3666 1887 3744 apostolum,
1916 3672 1967 3723 et

312 3754 524 3826 Paulus
544 3754 619 3810 ad
648 3755 812 3811 illum
832 3771 853 3810 :
877 3756 972 3828 qui
996 3771 1053 3811 se
1089 3754 1258 3810 talem
1284 3755 1432 3811 inter
1458 3771 1582 3811 suos
1601 3771 1714 3812 esse
1740 3757 1963 3827 optavit,

311 3844 494 3916 qualis
541 3844 754 3900 Paulus
808 3843 1102 3900 haberetur
1129 3845 1276 3899 inter
1305 3843 1666 3901 Christianos.
1692 3867 1721 3895 »
1743 3843 1889 3918 Opp.
1920 3848 1964 3902 t.

310 3932 407 3998 IV,
441 3950 499 4006 ρ.
536 3950 602 4000 ιι,
629 3949 687 4005 p.
722 3933 826 3988 106
855 3948 985 3988 nov.
1015 3932 1106 3988 ed.
1137 3935 1322 3988 Maur.
1538 3992 1546 4005 ι

382 4022 455 4079 68
486 4023 845 4094 Vespasianus
900 4022 1016 4076 dua:
1066 4022 1336 4077 exercitus
1388 4022 1665 4090 adversus,
1717 4026 1850 4092 etc.,
1903 4026 1971 4080 ut

309 4109 458 4184 Aug.

380 4199 452 4254 69
477 4200 672 4255 Petrus
728 4202 779 4254 et
838 4197 1108 4253 Paulus...
1160 4198 1514 4255 trucidantur
1562 4216 1625 4255 III
1671 4201 1792 4256 Kal.
1848 4201 1967 4258 Jul-

313 4294 522 4347 ctetera
551 4292 617 4343 ut
656 4288 805 4361 Aug.
838 4287 1007 4343 Linus
1036 4288 1079 4343 I.
1112 4303 1146 4342 a
1179 4290 1246 4343 Β.
1280 4292 1445 4345 Petro
1490 4288 1629 4345 sedit
1654 4291 1820 4361 annis
1865 4308 1967 4364 xu,

307 4393 507 4452 passus
558 4383 637 4432 est
685 4393 743 4432 vr
788 4376 909 4431 Kal.
968 4377 1091 4431 Dec.
1124 4376 1442 4444 Antiochiae,
1503 4380 1636 4443 etc.,
1700 4381 1766 4432 ut
1816 4380 1965 4451 Aug.

312 4466 483 4523 Galba
545 4466 623 4530 VI,
682 4480 891 4521 menses
945 4480 1042 4520 vn.
1095 4463 1246 4532 Otho,
1304 4482 1515 4521 menses
1570 4484 1653 4521 ιιι.
1695 4467 1963 4534 Vitellius,

2140 3578 2207 3632 71
2237 3578 2382 3633 Titus
2402 3576 2642 3644 Iudaeos,
2666 3578 2802 3644 etc.,
2836 3579 2903 3632 ut
2930 3577 3076 3650 Aug.

2142 3668 2213 3721 72
2244 3664 2649 3722 Hierusalem...
2678 3656 2718 3722 Va
2741 3667 2994 3738 passione
3034 3666 3257 3722 Domini
3292 3682 3425 3735 xm,
3457 3682 3490 3722 a
3516 3666 3723 3737 prima,

2074 3758 2211 3826 etc.,
2243 3758 2309 3811 ut
2332 3756 2479 3828 Aug.
3120 3822 3125 3829 .

2145 3844 2216 3898 80
2249 3844 2604 3915 Vespasianus
2651 3843 2969 3933 proﬂuvio,
3009 3847 3146 3933 etc.,
3195 3848 3260 3899 ut
3303 3844 3452 3917 Aug.
3483 3875 3553 3933 Ῑ
3583 3844 3728 3898 Titus
3770 3919 3779 3927 .

2080 3933 2213 4001 VIII,
2245 3932 2562 4005 Vespasiani
2601 3932 2754 4003 ﬁlius
2800 3946 2973 3988 annos
3013 3930 3166 3999 duos,
3198 3948 3413 3988 menses
3460 3930 3614 4001 duos,
3645 3933 3732 3987 vir

2075 4022 2322 4078 omnium
2349 4036 2542 4093 genere
2570 4022 2841 4079 virtutum
2868 4021 3165 4090 mirabilis,
3190 4022 3268 4077 ita
3297 4025 3357 4078 ut
3384 4021 3595 4079 delia-ue
3615 4020 3730 4093 (17)

2075 4113 2127 4167 et
2153 4126 2310 4167 amor
2338 4109 2571 4165 humani
2597 4110 2816 4180 generis
2842 4109 3138 4167 diceretur.

2148 4200 2213 4255 81
2247 4200 2393 4255 Titus
2423 4197 2910 4270 amphitheatrum,
2941 4203 3079 4266 etc.,
3113 4202 3177 4255 ut
3204 4200 3353 4273 Aug.

2149 4290 2221 4343 82
2258 4287 2548 4342 .lnaclctus
2591 4303 2740 4360 papa
2784 4288 2853 4355 II,
2901 4287 3045 4344 sedit
3086 4289 3254 4344 annis
3299 4305 3402 4358 xu,
3448 4302 3643 4361 passus
3670 4302 3730 4342 vx

2077 4376 2203 4433 Kal.
2233 4376 2384 4431 Maii.
2407 4407 2477 4415 —
2500 4376 2643 4431 Titus
2691 4377 2752 4431 in
2797 4376 2986 4432 eadem
3029 4377 3187 4447 villa,
3220 4380 3352 4447 etc.,
3383 4381 3450 4432 ut
3488 4381 3639 4450 Aug.
3663 4407 3731 4416 ——

2083 4465 2422 4543 Domitianus
2473 4465 2560 4532 IX,
2610 4463 2792 4539 frater
2843 4466 2966 4534 Titi,
3001 4466 3168 4521 annis
3218 4482 3310 4533 xv,
3360 4453 3640 4521 mensibus
3671 4480 3726 4519 ν.

310 4569 521 4612 menses
553 4571 673 4609 vm.
708 4556 855 4610 Nota
899 4552 1243 4627 marginalia
1292 4553 1563 4610 Bernoldi
1598 4571 1611 4610 :
1646 4556 1769 4610 Haec
1809 4556 1971 4611 chro-
2078 4555 2196 4619 Hie,
2228 4554 2482 4609 omnibus
2511 4555 2746 4624 inlectus
2781 4555 3098 4621 sceleribus,
3127 4554 3358 4610 secundo
3382 4554 3731 4627 persequitur

308 4645 437 4699 nica
468 4645 530 4698 in
558 4645 896 4700 successione
945 4644 1313 4699 Romanorum
1357 4644 1680 4715 pontiﬁcum
1723 4646 1974 4716 sequitur
2001 4683 2049 4750 Β
2082 4642 2441 4698 Christianos.
2465 4672 2534 4681 —
2562 4641 2711 4698 Nota
2739 4641 3084 4715 marginalia
3129 4641 3394 4697 Bernoldi
3430 4659 3443 4697 :
3477 4644 3605 4698 Post
3641 4644 3731 4698 Li-

310 4731 623 4800 Eusebium,
653 4748 765 4787 non
793 4733 1169 4804 pontiﬁcalem
1203 4730 1432 4801 librum,
1461 4733 1554 4787 cui
1586 4735 1769 4788 tamen
1796 4735 1975 4805 magis
2001 4729 2048 4750 "
2080 4748 2217 4788 num
2239 4747 2445 4803 papam
2472 4730 2699 4803 quidam
2727 4731 2860 4787 libri
2887 4731 3086 4788 habent
3119 4731 3350 4800 Cletum,
3381 4739 3433 4788 et
3461 4734 3581 4804 post
3611 4729 3729 4786 Cle-

309 4828 373 4882 in
403 4817 507 4873 hac
552 4818 916 4892 descriptione
971 4826 1106 4876 esset
1165 4819 1514 4888 credendum,
1546 4827 1610 4875 ut
1635 4823 1765 4893 puta
1816 4836 1973 4893 quem
2079 4829 2318 4877 mentem
2346 4819 2699 4882 Anacletum;
2730 4819 2825 4876 sed
2868 4820 3100 4877 historia
3129 4820 3348 4876 Eusebii
3376 4819 3585 4877 Cletum
3627 4835 3728 4892 pa-

310 4906 581 4963 Damasus
636 4924 779 4981 papa
830 4913 1023 4984 rogatu
1082 4909 1137 4967 S.
1185 4910 1511 4981 Hieronymi
1556 4908 1975 4981 diligentissime
2075 4925 2210 4982 pam
2236 4908 2461 4966 omnino
2482 4909 2729 4979 praeterit
2754 4908 2915 4981 (17').

309 4994 601 5070 descripsit
629 4996 792 5071 (16').
2151 4997 2221 5052 83
2245 4997 2590 5054 Domitianus
2626 4996 2901 5055 eunuchos
2927 4998 3056 5069 ﬁeri
3076 4997 3380 5071 prohibuit.

1906 5121 2141 5180 NOTAE.

385 5215 520 5291 (15‘)
551 5218 784 5275 Scilicet
826 5222 960 5293 post
1004 5218 1265 5282 Petrum,
1296 5217 1443 5274 alias
1494 5218 1725 5286 tertius,
1766 5220 1966 5277 Evodii
2076 5222 2135 5276 et
2164 5233 2341 5293 p._‘1_n_,
2374 5234 2433 5290 p.
2463 5219 2611 5293 710._
2873 5291 2881 5293 Α
3095 5291 3104 5293 _
3146 5292 3149 5293 ν
3201 5291 3209 5293 _
3256 5290 3320 5293 ___
3345 5291 3359 5293 _
3421 5278 3428 5293 ε

311 5288 639 5363 successor.
682 5292 687 5297 ’
830 5288 859 5363 '_
985 5360 1031 5363 μ
1214 5358 1225 5363 Α
1274 5362 1279 5363 ί
1673 5360 1695 5363 ι
1776 5361 1784 5363 ξ
2077 5361 2105 5363 Α
2145 5288 2283 5362 (16')
2314 5288 2509 5363 Longe
2537 5288 2707 5347 aliter
2733 5291 3000 5349 sentiunt
3026 5291 3235 5348 critici.
3255 5290 3387 5347 Vid.
3419 5289 3636 5363 Pagius
3664 5288 3725 5345 in

385 5359 495 5435 (16)
526 5361 746 5435 Seneca
774 5361 942 5435 epist.
973 5358 1423 5435 49_magistrum
1454 5374 1630 5435 suum
1664 5360 1965 5435 Sotionem
2074 5358 2349 5435 Damasp.

311 5428 499 5497 vocat,
534 5433 615 5487 uti
649 5438 705 5488 et
734 5428 1019 5489 Eusebius
1050 5428 1105 5484 in
1138 5428 1741 5487 Chronico.Caaterum
1774 5432 1971 5490 Hiero-

310 5517 527 5575 nymus
559 5503 652 5559 hic
682 5505 898 5560 indicat
946 5500 1259 5575 epistolam
1290 5501 1658 5575 undecimam
1712 5504 1964 5573 Senecas,

310 5571 441 5646 quae
473 5581 561 5631 est
592 5582 751 5631 sexta
782 5576 850 5630 ad
891 5571 1154 5647 Paulum,
1179 5588 1354 5647 quem
1381 5572 1466 5630 ita
1485 5571 1803 5647 alloquitur
1826 5593 1838 5633 :
1864 5571 1970 5647 Qui

310 5651 640 5727 meusLtuus
668 5648 810 5727 apud
832 5650 907 5727 _te
956 5646 1125 5709 locus,
1154 5646 1455 5727 quintuusL
1475 5646 1639 5727 velini
1684 5652 1744 5703 ut
1791 5646 1961 5727 meus.

310 5714 442 5769 Vid.
471 5714 717 5772 Fabricii
746 5718 872 5772 cod.
898 5714 1213 5793 apocryph.
1242 5717 1383 5774 Nov.
1409 5717 1566 5774 Test.
1592 5735 1648 5791 p.
1675 5735 1737 5787 ιι,
1763 5735 1817 5792 p.
1840 5722 1964 5789 880,

2146 5433 2261 5515 (17)
2291 5432 2475 5515 {tua}
2503 5430 2675 5489 editis
2705 5430 3330 5507 legendum,quamvis
3359 5431 3591 5489 codices
3619 5431 3723 5488 ha-

2076 5502 2252 5562 beant
2281 5502 2513 5560 divitiae.
2766 5502 2792 5507 '
3072 5502 3093 5506 “

2079 5647 2090 5659 ι
2148 5574 2292 5701 (17θὲ
2314 5573 2533 5658 Nempe
2562 5574 2717 5647 quod
2735 5589 2818 5650 “ex
2843 5576 2973 5648 ejus
2996 5578 3056 5631 et
3076 5572 3409 5632 Grecorum
3437 5573 3731 5658 sententia

2076 5647 2234 5701 idem
2289 5649 2440 5701 uerit
2469 5661 2605 5701 cum
2635 5646 2930 5701 Anacleto.
2957 5663 3105 5701 auos
3134 5648 3334 5701 tamen
3363 5645 3728 5701 Emnhamus

2076 5645 2234 5721 idem
2264 5645 2440 5721 fuerit
2462 5645 2605 5721 cum
2635 5645 2930 5721 Anacleto,
2957 5663 3105 5721 quos
3134 5648 3334 5705 tamen
3363 5645 3728 5721 Epiphanius

2078 5722 2138 5775 et
2165 5716 2431 5795 plerique
2461 5717 2803 5780 Latinorum
2833 5716 3228 5794 distinguunt.
