4096 6194
321 204 386 282 65
1494 181 1912 268 e‘anONIcei

2064 237 2076 248 -
2107 195 2294 266 SAEC.
2343 206 2418 266 ll.
3577 218 3660 279 66

1621 355 1854 414 CODEX
1890 352 2034 412 AUG
2045 354 2290 409 IENSIS.

380 467 462 521 157
483 460 816 520 Alexandriae
836 457 1110 518 Celad‘ion
1142 455 1379 516 Octavus
1411 454 1723 529 episcopus
1753 453 1904 511 sedit
1929 453 1987 520 Α
2092 453 2188 508 I3
2217 452 2305 507 171
2333 449 2434 508 His
2456 455 3211 530 temporibuslleg'esippus,
3233 447 3538 536 Dionysius
3560 469 3661 537 Co-

325 555 457 614 annis
478 569 576 608 xrv.
605 553 732 607 Eus.
774 569 828 606 a.
863 552 968 606 150
996 551 1073 606 al.
1106 567 1158 606 a.
1194 543 1317 604 151.

383 644 458 700 153
479 637 735 697 Anicetus
754 633 1198 713 papa‘decim‘us
1229 633 1382 693 sedit
1412 635 1585 692 annis
1611 652 1739 702 xm,
1772 637 1900 692 Eas.

326 753 364 789 α.
391 733 497 802 151;
525 730 593 785 al.
625 747 676 784 α.
712 730 834 785 157.

383 817 569 877 12159
609 816 1034 891 Hierosolymis
1071 807 1214 889 post
1255 805 1522 890 Marcum
1573 813 1765 870 factus
1816 814 1906 868 est

323 911 573 984 episcopus
599 906 919 963 Cassianus
947 905 1112 964 XVII.
1143 908 1274 963 Eas.
1307 922 1361 961 a.
1397 903 1521 960 157.

375 998 456 1054 160
477 985 793 1052 Antoninus
814 994 954 1052 Pius
984 994 1139 1069 apud
1164 991 1400 1051 Larium
1427 985 1573 1048 Obiit
1603 983 1756 1048 anno
1779 993 1908 1047 aeta-

317 1089 373 1146 tis
397 1103 572 1142 mm.
601 1087 732 1140 Eus.
760 1103 814 1142 a.
845 1102 958 1158 seq.
1135 1155 1138 1158 ν

370 1169 444 1230 161
486 1167 708 1229 Marcus
755 1169 1086 1229 Antoninus
1127 1171 1315 1229 Verus
1345 1187 1479 1227 cum
1519 1171 1696 1226 fratre
1729 1169 1907 1228 Lucio

313 1264 498 1322 Aurelio
521 1263 834 1319 Commodo
864 1279 1029 1335 aequo
1051 1263 1186 1334 jure
1214 1261 1772 1318 administraverunt
1798 1248 1907 1314 im-

315 1354 512 1428 perium.
540 1339 669 1408 Eus.
701 1370 756 1408 a.
803 1368 912 1423 seq.
963 1353 1048 1424 (In
1073 1356 1249 1421 marg.
1302 1349 1535 1404 Marcus
1584 1353 1640 1404 et
1689 1347 1906 1403 Lucius

315 1461 416 1498 ann.
442 1459 547 1507 XIX,
579 1458 771 1497 mens.
809 1441 872 1511 I.)

367 1533 448 1586 16‘2
475 1529 642 1587 Lucio
691 1529 901 1586 Caesari
945 1527 1186 1585 Athenis
1228 1519 1580 1584 sacrificanti
1629 1523 1784 1598 ignis
1833 1523 1908 1578 ab

313 1621 496 1676 Oriente
523 1617 579 1675 in
608 1619 986 1675 Occidentem
1018 1617 1075 1673 in
1108 1613 1250 1672 οωιο
1281 1615 1414 1672 ferri
1447 1615 1608 1671 vis'us
1638 1619 1745 1670 est.
1779 1615 1906 1668 Eus.

317 1727 354 1764 ει.
378 1725 469 1781 seq.

365 1796 446 1853 163
471 1791 673 1852 Fronto
702 1802 898 1852 orator
924 1785 1177 1868 insignis
1208 1789 1474 1850 habetur.
1500 1793 1608 1847 Eus
1639 1809 1692 1848 a.
1724 1808 1836 1864 seq.

364 1889 445 1956 161
469 1887 716 1942 Caesares
747 1887 818 1942 de
849 1884 1081 1941 Parthis
1109 1881 1498 1955 triumphant.
1532 1883 1658 1937 Eas.
1691 1899 1744 1938 a.
1780 1881 1904 1937 166.

364 1968 446 2029 165
471 1972 675 2038 Quarta
707 1971 1193 2048 persecutio,orta
1214 1969 1368 2042 apud
1391 1970 1612 2036 Asiam,
1644 1968 1910 2042 Polycar-

310 2061 422 2136 puin
447 2079 565 2118 cum
593 2057 892 2135 plurimis,
915 2065 974 2117 et
1000 2059 1060 2115 in
1082 2053 1268 2116 Gallia
1297 2059 1408 2130 (Z7)
1434 2057 1650 2115 multos
1672 2061 1906 2115 saneto-

311 2169 416 2208 rum
441 2151 740 2209 coronavit.
775 2152 902 2206 Eus.
935 2168 990 2205 a.
1031 2149 1147 2205 168.

373 2241 452 2296 167
481 2239 610 2296 Lues
652 2240 917 2296 maxima
946 2237 1162 2294 multas
1193 2235 1439 2292 vastavit
1470 2236 1820 2308 provincias,
1855 2241 1914 2293 et

321 2329 584 2385 exercitum
610 2330 1016 2385 Romanorum
1048 2342 1194 2400 pene
1225 2325 1454 2382 delevit.
1506 2327 1632 2381 Eus.
1665 2342 1719 2380 α.
1770 2315 1910 2394 169;

329 2414 514 2490 Capitol.
539 2437 584 2474 α.
613 2415 749 2473 168.
1865 2491 1869 2497 ι

372 2509 455 2563 168
478 2508 627 2563 Soter
667 2524 826 2580 papa
852 2506 926 2562 XI
958 2506 1108 2562 sedit
1135 2505 1309 2562 annis
1340 2522 1468 2563 VIII.
1514 2509 1642 2562 Eus.
1697 2522 1750 2560 a.
1787 2505 1910 2560 169.

313 2593 388 2652 an.
416 2597 463 2651 h.
495 2614 541 2651 a.

366 2685 465 2741 169.
492 2684 810 2742 Antiochiae
855 2682 1216 2757 Theophilus
1245 2683 1554 2756 episcopus
1581 2684 1914 2753 ordinatur,

310 2774 380 2828 vir
399 2773 630 2846 sapiens.
666 2773 797 2828 Eus.
832 2778 886 2828 li.
920 2789 994 2834 a;
1023 2772 1100 2827 al.
1131 2788 1185 2827 α.
1221 2771 1346 2826 176.

365 2851 452 2917 170
479 2862 686 2918 Lucius
738 2862 927 2916 Caesar
970 2859 1234 2934 apoplexi
1281 2860 1602 2916 exstinctus
1649 2865 1756 2917 est.
1789 2864 1913 2917 Eus.

307 2953 349 3006 h.
375 2969 419 3007 ιι.
446 2984 508 2992 -
537 2939 902 3007 Alexandria:
922 2940 1279 3022 Agrippinus
1308 2949 1618 3022 episcopus
1638 2951 1790 3006 sedit
1819 2968 1919 3008 an-

312 3041 385 3097 nis
408 3058 497 3096 xu.
527 3042 657 3096 Eus.
692 3057 749 3095 a.
781 3039 902 3093 167.

2015 540 2190 620 rinthi
2218 541 2549 626 episcopus,
2581 544 2918 626 ethnitus
2967 547 3147 603 Creta:
3177 550 3489 626 episcopus
3513 543 3660 614 clari

2013 627 2326 686 habentur.
2358 633 2488 686 Eus.
2523 648 2578 687 a.
2612 631 2735 689 172.

2085 715 2188 772 173
2217 711 2710 793 Cataphrygarum
2740 721 2979 780 hznresis
3010 725 3212 784 oritur.
3245 731 3373 784 Eus.
3401 748 3456 786 a.
3489 718 3614 790 172.

2086 805 2188 861 171
2217 811 2336 863 Hoc
2358 813 2617 880 tempore
2643 811 2925 869 Tatianus
2949 812 3195 872 heresin
3225 819 3664 878 Eneraticarum

2015 892 2126 965 (28)
2157 896 2370 950 condit.
2405 898 2534 952 Eus.
2570 917 2622 952 a.
2658 901 2780 954 172.

2092 983 2190 1038 175
2236 985 2490 1041 Maxima
2527 1004 2631 1057 per
2677 993 2866 1044 totum
2913 975 3116 1048 orbem
3170 995 3504 1067 pestilentia
3527 975 3662 1058 iuit.

2016 1071 2146 1126 Eus.
2179 1089 2232 1128 a.
2274 1072 2394 1128 173.

2089 1159 2192 1216 176
2239 1161 2568 1218 Antoninus
2619 1165 2803 1220 multa
2833 1153 2986 1223 bella
3036 1188 3137 1241 per
3165 1189 3228 1229 se
3257 1179 3315 1229 et
3348 1191 3451 1247 per
3488 1179 3667 1237 duces

2017 1267 2154 1341 suos
2187 1248 2448 1306 faciebat.
2483 1252 2608 1306 Eus.
2642 1271 2693 1308 a.
2729 1255 2846 1310 174.
2882 1288 2948 1297 -—
2979 1258 3346 1318 Eleutherius
3377 1265 3474 1321 XII
3513 1285 3666 1341 papa

2019 1338 2188 1395 annis
2219 1356 2310 1394 xv.
2343 1341 2468 1395 Eus.
2503 1358 2555 1395 a.
2594 1342 2716 1398 177.

2094 1430 2192 1482 177
2223 1422 2555 1484 Anteninus
2586 1431 2972 1489 Commodum
3005 1435 3192 1493 filium
3225 1447 3554 1500 consortem
3578 1463 3665 1502 re-

2020 1517 2117 1588 gni
2153 1516 2302 1572 fecit.
2337 1519 2462 1574 Eus.
2496 1535 2549 1572 a.
2591 1519 2708 1575 178.

2093 1607 2195 1660 178
2214 1607 2596 1678 Imperatores
2618 1609 2770 1664 dona
2791 1607 2984 1683 largiti
3011 1619 3170 1685 sunt,
3189 1613 3387 1676 debita
3406 1609 3670 1681 relaxant

2021 1699 2079 1750 et
2104 1695 2420 1750 severiores
2439 1695 2596 1769 leges
2619 1702 2732 1752 tem
2743 1703 2967 1770 perant.
2995 1701 3118 1758 L‘us.
3143 1722 3195 1760 a.
3224 1708 3345 1764 179.
3369 1741 3438 1750 —
3457 1695 3670 1770 Lucius

1946 1820 1995 1884 Β
2029 1783 2338 1884 Britapnize
2365 1797 2459 1840 rex
2481 1787 2553 1841 ab
2585 1785 2911 1844 Eleutherio
2932 1789 3084 1863 papa
3103 1785 3474 1855 Christianus
3491 1801 3672 1858 efﬁci-

2026 1879 2141 1930 tur.
2177 1873 2340 1929 Beda.

2098 1962 2201 2018 179
2231 1961 2562 2018 Antoninus
2585 1963 2642 2018 in
2666 1965 2964 2021 Pannonia
2986 1970 3188 2026 morbo
3209 1973 3401 2043 periit.
3420 1981 3478 2033 et
3501 1970 3670 2036 Com-

2027 2051 2238 2108 modus
2268 2069 2302 2108 a
2334 2050 2539 2107 senatu
2570 2054 2870 2124 Augustus
2915 2050 3263 2129 appellatur.
3293 2063 3422 2120 Eus.
3455 2083 3508 2122 a.
3543 2066 3669 2126 180.

2095 2142 2196 2198 180
2227 2141 2581 2197 Commodus
2611 2147 2742 2216 post
2770 2150 3017 2202 mortem
3043 2150 3228 2218 patris
3249 2150 3568 2213 Germanos
3590 2158 3672 2214 fe-

2022 2229 2211 2288 liciter
2243 2229 2396 2286 vicit.
2432 2230 2534 2286 Hic
2565 2232 2856 2288 obscenus
2887 2237 2944 2288 et
2991 2250 3226 2306 pravus.
3271 2241 3400 2297 Eus.
3434 2259 3489 2299 a.
3543 2245 3668 2302 181.

2025 2351 2090 2360 -—
2115 2321 2200 2390 (In
2228 2335 2407 2388 marg.
2441 2321 2795 2376 Commodus
2825 2321 2942 2388 XV,
2977 2342 3113 2379 ann.
3147 2328 3301 2399 XIII.)

2097 2409 2188 2464 181
2226 2407 2585 2464 Alexandriae
2637 2411 2918 2482 templum
2956 2413 3189 2487 Serapis
3221 2414 3672 2480 in'eensnm"é‘st.

2024 2500 2146 2554 Eus.
2182 2515 2235 2554 a.
2274 2499 2389 2553 I82.
2422 2529 2492 2538 --
2547 2502 2644 2555 14
2671 2499 2946 2572 Julianus
2973 2503 3020 2556 X
3050 2502 3416 2564 Alexandriae
3445 2511 3675 2584 episco-

2025 2605 2136 2660 pus
2165 2587 2318 2642 sedit
2345 2587 2516 2643 annis
2545 2605 2600 2642 x.
2633 2590 2761 2643 Eus.
2793 2606 2848 2643 a.
2886 2591 3008 2644 180.

2096 2677 2201 2733 182
2233 2677 2481 2748 Irenaeus
2513 2677 2926 2750 Lugdunensis
2948 2679 3259 2753 episcopus
3290 2684 3542 2760 insignis
3567 2689 3673 2747 ha-

2025 2766 2212 2821 betur.
2248 2766 2376 2820 Eus.
2410 2764 2532 2820 183.
2564 2796 2615 2805 -
2665 2765 3002 2823 Panthenus
3046 2775 3103 2822 et
3131 2769 3400 2830 Clemens
3429 2775 3673 2834 Alexan-

2027 2855 2166 2909 driae
2200 2853 2338 2908 clari
2373 2852 2681 2908 habentur.
2719 2855 2848 2909 Eus.
2884 2873 2938 2910 α.
2973 2859 3098 2912 195.

2099 2942 2202 2997 183
2263 2943 2690 2998 Commodianae
2762 2943 3000 2999 thermae
3049 2947 3242 3003 Romae
3291 2951 3454 3007 facta:
3510 2962 3670 3014 sunt.

2029 3035 2156 3089 Eus.
2188 3049 2240 3089 a.
2276 3032 2400 3087 181.

1308 3153 1784 3210 COMPENDIUM
1823 3156 1912 3212 EX
1950 3151 2208 3210 CODICE
2249 3144 2627 3202 BERNOLDI.
3269 3233 3274 3242 ‘

364 3254 447 3308 158
471 3254 734 3308 Anicetus
749 3270 894 3324 papa
917 3253 1162 3308 decimus
1186 3251 1325 3306 sedit
1343 3253 1508 3306 annis
1536 3269 1617 3321 xu,
1643 3254 1915 3324 martyrio
1944 3257 1990 3321 C
2098 3249 2203 3304 175
2225 3247 2318 3301 His
2357 3243 2688 3313 temporibus
2719 3244 3064 3317 Hegesippus,
3099 3247 3394 3320 Dionysius
3426 3251 3678 3317 σὺνὑᾶἢὶ

304 3346 556 3397 coronatus
584 3350 666 3398 est
686 3358 784 3396 XVI
808 3341 926 3396 Kal.
953 3339 1101 3405 Maii,
1122 3341 1277 3412 cujus
1301 3341 1634 3412 temporibus
1655 3343 1922 3397 memorat

305 3431 593 3503 Hegesippus
621 3447 683 3487 se
718 3431 946 3485 Romam
977 3430 1202 3497 venisse,
1227 3429 1410 3500 ibique
1445 3429 1515 3484 ad
1545 3431 1922 3486 Eleutherium

301 3537 463 3590 papam
486 3521 882 3591 permansisse.
919 3519 1054 3572 Eus.
1088 3516 1230 3573 hist.

357 3609 446 3662 160
466 3609 882 3678 Hierosolymis,
913 3611 1046 3674 etc.,
1076 3611 1143 3662 ut
1169 3609 1316 3678 Aug.
1349 3621 1384 3663 ο.
1414 3623 1502 3679 pr.

361 3698 444 3751 161
471 3698 785 3752 Antoninus
821 3696 976 3762 Pius,
1009 3699 1143 3760 etc.,
1174 3701 1244 3750 A.
1277 3711 1372 3750 an.
1404 3712 1573 3767 prec.

362 3785 449 3839 162
472 3785 686 3840 Marcus
717 3785 1025 3839 Antoninus
1061 3784 1221 3838 Verus
1247 3799 1375 3840 cum
1401 3786 1578 3853 fratre
1618 3786 1784 3840 Lucio
1814 3786 1922 3842 Au-

304 3874 415 3928 relio
442 3873 732 3930 Commodo
764 3873 927 3928 annis
954 3889 1071 3941 xux,
1101 3888 1282 3928 mense
1305 3885 1436 3928 uno.

362 3963 451 4018 163
476 3963 542 4018 Hi
565 3965 822 4034 primum
849 3977 1001 4035 aequo
1027 3963 1158 4034 jure
1186 3960 1720 4019 administraverant
1747 3966 1923 4036 impe-

305 4068 446 4106 num.

361 4141 448 4194 161
479 4141 644 4196 Lucio
680 4140 913 4208 (haesuri,
941 4142 1078 4205 etc.,
1109 4143 1174 4194 ut
1203 4141 1350 4212 Aug.
1383 4156 1418 4194 a
1448 4141 1571 4196 162.

357 4229 448 4284 165
467 4230 668 4284 Fronto
699 4232 904 4297 orator,
935 4231 1071 4295 etc.,
1103 4233 1171 4283 ut
1196 4228 1263 4282 Α.
1295 4244 1391 4283 an.
1426 4228 1550 4283 163.

360 4317 449 4370 166
477 4318 748 4384 Caesares,
780 4321 914 4385 etc.,
949 4319 1015 4371 ut
1041 4319 1188 4388 Aug.
1221 4332 1316 4372 an.
1353 4317 1475 4370 164.

362 4406 450 4460 167
477 4405 584 4462 Sub
613 4406 707 4461 his
728 4405 1068 4478 principibus
1095 4411 1293 4477 quarta
1325 4406 1651 4488 persecutio,
1681 4411 1818 4475 etc.,
1855 4412 1918 4463 ut

303 4491 356 4545 A.
382 4507 468 4547 an.
499 4495 626 4549 165.

2030 3337 2329 3411 episcopus,
2380 3332 2658 3399 Modestus,
2717 3335 2916 3402 Melite,
2959 3339 3199 3406 Pynetus
3249 3339 3428 3398 Cretae
3469 3349 3674 3417 ερὶδοο-

2026 3446 2152 3500 pus,
2187 3429 2507 3500 Theophilus
2556 3426 2864 3483 Antiochia?
2915 3426 3216 3496 episeOpus,
3265 3428 3599 3500 Apollinaris
3627 3443 3679 3494 et

2030 3517 2136 3571 alii
2163 3517 2396 3588 plurimi
2418 3517 2656 3572 doctores
2683 3515 2826 3569 clari
2856 3513 3144 3569 habentur.

2102 3606 2206 3661 176
2246 3608 2350 3662 Hoc
2397 3615 2635 3678 tempore
2674 3605 2934 3658 Tatianus
2980 3604 3394 3660 Encratitarum
3441 3609 3678 3667 ἠέρι-θείη

2029 3696 2231 3750 condit.
2265 3696 2571 3751 Antoninus
2617 3697 2918 3766 imperator
2943 3695 3122 3751 multa
3169 3697 3372 3767 praelia
3415 3712 3515 3767 per
3547 3715 3602 3753 se
3629 3708 3682 3756 et

2029 3802 2127 3857 per
2152 3786 2312 3840 duces
2342 3801 2468 3840 suos
2515 3787 2712 3839 contra
2741 3786 3006 3840 Romanos
3053 3788 3303 3842 inimicos
3333 3789 3532 3856 eregit.
3567 3789 3678 3842 An-

2031 3875 2250 3931 tiochiae
2304 3876 2387 3930 VII
2436 3875 2713 3945 episcopus
2741 3873 3013 3929 Maximus
3044 3875 3156 3946 (29)
3185 3878 3560 3931 constituitur.
3600 3877 3676 3933 al.

2032 3963 2158 4018 186.

2102 4054 2206 4109 177
2234 4051 2430 4107 addit:
2484 4051 2826 4106 Eleutherius
2867 4050 3010 4124 papa
3041 4055 3133 4110 XII
3157 4055 3294 4110 sedit
3337 4054 3507 4111 annis
3549 4073 3676 4111 xm.

2102 4143 2208 4198 178
2254 4142 2609 4213 Imperatores
2632 4141 2700 4196 de
2746 4138 2986 4197 hostibus
3018 4145 3384 4216 triumphant,
3414 4152 3467 4200 et
3493 4139 3682 4202 debita

2027 4232 2175 4304 plebi
2203 4231 2476 4286 relaxant.

2101 4319 2206 4375 179
2237 4320 2431 4374 Lucius
2479 4320 2785 4374 Britannia:
2814 4335 2915 4374 rex
2955 4322 3025 4375 ab
3068 4322 3376 4379 Eleutherio
3415 4321 3592 4397 papa,
3617 4333 3681 4381 ut

2033 4409 2359 4464 Chistianus
2387 4408 2682 4476 efﬁciatur,
2715 4409 2987 4479 impetrat.

2103 4499 2208 4552 180
2236 4497 2537 4551 Antoninus
2559 4499 2618 4550 in
2648 4495 2937 4552 Pannonia
2969 4499 3219 4552 moritur.

474 4586 592 4679 tiae
620 4583 1006 4679 temporelues
1027 4584 1300 4679 maxime,
1329 4587 1462 4649 etc.,
1491 4588 1559 4639 ut
1581 4587 1646 4640 A.
1673 4601 1768 4641 an.
1793 4587 1918 4642 167.
1953 4615 2000 4679 Β
2104 4587 2200 4642 181
2239 4587 2295 4640 L.
2327 4585 2636 4640 Antoninus
2665 4585 2994 4679 Commodus
3022 4585 3122 4652 XV,
3167 4592 3289 4656 post
3315 4589 3544 4679 mortem
3569 4585 3679 4659 pa-

359 4671 452 4724 170
492 4671 652 4727 Soter
694 4687 839 4741 papa
869 4671 935 4725 XI
978 4670 1118 4726 sedit
1161 4673 1325 4728 annis
1370 4689 1491 4729 VIII.
1524 4673 1625 4728 llic
1670 4674 1924 4729 discessit
1953 4670 1995 4679 ”
2033 4676 2152 4740 tris,
2185 4690 2357 4729 annos
2387 4691 2490 4728 xm
2515 4675 2778 4744 regnavit.
2814 4673 2913 4726 Hic
2941 4671 3233 4728 Germanos
3259 4672 3500 4745 feliciter
3526 4675 3677 4748 vicit,

304 4771 348 4811 ιι
371 4757 479 4813 Kal.
510 4759 672 4825 Maii,
703 4776 757 4813 a.
787 4758 912 4814 177.

357 4846 441 4902 171
470 4847 784 4905 Antiochiae
813 4847 1134 4919 Theophilus
1160 4851 1440 4920 episcopus
1463 4850 1550 4905 vir
1580 4851 1802 4922 sapiens
1832 4868 1926 4907 or-

361 5040 452 5095 172
475 5041 846 5099 Alemaner
891 5043 1226 5116 Agrippinus
1267 5040 1546 5116 epist-Opus
1581 5037 1929 5104 nonus'sedit

309 5131 441 5185 annis
469 5147 524 5186 x.
553 5132 763 5188 Lucius
794 5132 1000 5201 Caesar,
1029 5136 1164 5202 etc.,
1199 5137 1284 5189 ut.
1318 5149 1414 5189 an.
1447 5133 1570 5190 170.

2035 4765 2303 4820 Caeterum
2331 4762 2586 4817 obscenus
2615 4770 2666 4816 et
2693 4775 2895 4831 pravus
2921 4763 3051 4832 fuit.

2107 4854 2210 4907 182
2255 4849 2611 4907 Aleaandriee
2650 4851 2906 4906 Julianus
2964 4851 3004 4905 Χ
3047 4853 3329 4924 episcopus
3383 4852 3530 4910 sedit
3577 4867 3679 4911 an-

2031 4943 2123 4997 nis
2149 4959 2202 4996 Υ.

2107 5048 2209 5103 183
2235 5046 2510 5118 Templum
2540 5045 2776 5118 Serapis,
2809 5050 2943 5118 etc.,
2975 5051 3058 5102 ut.
3091 5050 3157 5104 A.
3200 5067 3294 5105 an.
3328 5044 3451 5104 181.

1864 5234 2095 5290 NOTIE.

363 5324 463 5405 (2η
493 5325 672 5382 Teste
700 5315 954 5405 Sulpitio
969 5319 1200 5405 Before,
1223 5326 1267 5384 l’.
1299 5329 1363 5396 ιι,
1385 5321 1533 5405 Hist}
1567 5322 1715 5405 s’acr.
1751 5347 1799 5386 e.
1833 5332 1922 5400 46,

310 5397 534 5474 primum
567 5397 1002 5474 an1177'intra
1033 5397 1255 5474 Gallias
1283 5400 1565 5474 martyris
1592 5400 1717 5458 visa
1745 5407 1883 5459 sunt
1908 5397 1922 5473 ξ

307 5468 381 5520 cui
409 5468 698 5528 consentit
726 5471 937 5530 Paulus
961 5471 1203 5530 Orosius
1235 5471 1374 5530 hist.
1407 5468 1575 5545 livu,
1609 5475 1658 5532 c‘.
1693 5474 1780 5531 15.

2128 5329 2218 5400 28)
2248 5331 2377 5400 Leg.
2412 5315 2838 5384 En'c'ratitarum
2850 5371 2862 5384 .

2128 5332 2197 5386 28
2248 5331 2377 5400 Leg.
2412 5329 2862 5384 En'c'ratitarum.

2106 5329 2219 5476 129)
2248 5403 2352 5459 Hic
2381 5399 2512 5459 aliis
2539 5400 2890 5457 Maximinus
2917 5397 3149 5455 dicitur.
