  <div class='ocr_page' id='page_1' title='image "/cluster/home/n/w/nwhite01/storage/ocr_20150623/143/hvd.32044054760038/041.png"; bbox 0 0 4124 6188; ppageno 0'>
   <div class='ocr_carea' id='block_1_1' title="bbox 430 227 3834 304">
    <p class='ocr_par' dir='ltr' id='par_1_1' title="bbox 430 227 3834 304">
     <span class='ocr_line' id='line_1_1' title="bbox 430 227 3834 304; baseline -0.004 -1"><span class='ocrx_word' id='word_1_1' title='bbox 430 247 508 304; x_wconf 86' lang='lat'><strong>67</strong></span> <span class='ocrx_word' id='word_1_2' title='bbox 1242 234 1658 299; x_wconf 82' lang='lat' dir='ltr'><strong>HERMANNI</strong></span> <span class='ocrx_word' id='word_1_3' title='bbox 1703 231 2140 297; x_wconf 83' lang='lat' dir='ltr'><strong>CONTRACTI</strong></span> <span class='ocrx_word' id='word_1_4' title='bbox 2183 233 2595 300; x_wconf 82' lang='lat' dir='ltr'><strong>AUGIENSIS</strong></span> <span class='ocrx_word' id='word_1_5' title='bbox 2639 231 3024 296; x_wconf 83' lang='lat' dir='ltr'><strong>MONACHI.</strong></span> <span class='ocrx_word' id='word_1_6' title='bbox 3752 227 3834 290; x_wconf 80' lang='grc'><strong>68</strong></span> 
     </span>
    </p>
   </div>
   <div class='ocr_carea' id='block_1_2' title="bbox 1807 389 2480 448">
    <p class='ocr_par' dir='ltr' id='par_1_2' title="bbox 1807 389 2480 448">
     <span class='ocr_line' id='line_1_2' title="bbox 1807 389 2480 448; baseline -0.003 1"><span class='ocrx_word' id='word_1_7' title='bbox 1807 391 2048 448; x_wconf 75' lang='grc' dir='ltr'><strong>ΟΟΟΕΧ</strong></span> <span class='ocrx_word' id='word_1_8' title='bbox 2083 389 2480 447; x_wconf 80' lang='lat' dir='ltr'><strong>AUGIENSIS.</strong></span> 
     </span>
    </p>
   </div>
   <div class='ocr_carea' id='block_1_3' title="bbox 503 483 3833 564">
    <p class='ocr_par' dir='ltr' id='par_1_3' title="bbox 503 483 3833 564">
     <span class='ocr_line' id='line_1_3' title="bbox 503 483 3833 564; baseline -0.003 -12"><span class='ocrx_word' id='word_1_9' title='bbox 503 496 606 553; x_wconf 87' lang='grc'><strong>484</strong></span> <span class='ocrx_word' id='word_1_10' title='bbox 627 492 981 552; x_wconf 88' lang='lat' dir='ltr'><strong>Commodus</strong></span> <span class='ocrx_word' id='word_1_11' title='bbox 998 491 1398 564; x_wconf 82' lang='lat' dir='ltr'><strong>Septembrem</strong></span> <span class='ocrx_word' id='word_1_12' title='bbox 1424 506 1688 546; x_wconf 85' lang='lat' dir='ltr'><strong>mensem</strong></span> <span class='ocrx_word' id='word_1_13' title='bbox 1711 489 1945 544; x_wconf 87' lang='lat' dir='ltr'><strong>nomine</strong></span> <span class='ocrx_word' id='word_1_14' title='bbox 1967 505 2073 544; x_wconf 88' lang='lat' dir='ltr'><strong>suo</strong></span> <span class='ocrx_word' id='word_1_15' title='bbox 2102 490 2158 555; x_wconf 83' lang='grc' dir='ltr'><strong>Α</strong></span> <span class='ocrx_word' id='word_1_16' title='bbox 2188 505 2417 560; x_wconf 90' lang='lat' dir='ltr'><strong>quoque</strong></span> <span class='ocrx_word' id='word_1_17' title='bbox 2447 494 2504 545; x_wconf 89' lang='lat' dir='ltr'><strong>et</strong></span> <span class='ocrx_word' id='word_1_18' title='bbox 2532 489 2805 546; x_wconf 88' lang='lat' dir='ltr'><strong>Bachilus</strong></span> <span class='ocrx_word' id='word_1_19' title='bbox 2826 489 3053 556; x_wconf 82' lang='lat' dir='ltr'><strong>Asiani,</strong></span> <span class='ocrx_word' id='word_1_20' title='bbox 3085 492 3143 545; x_wconf 91' lang='lat' dir='ltr'><strong>et</strong></span> <span class='ocrx_word' id='word_1_21' title='bbox 3165 486 3262 544; x_wconf 88' lang='lat' dir='ltr'><strong>alii</strong></span> <span class='ocrx_word' id='word_1_22' title='bbox 3285 484 3544 560; x_wconf 87' lang='lat' dir='ltr'><strong>episcopi</strong></span> <span class='ocrx_word' id='word_1_23' title='bbox 3570 483 3833 557; x_wconf 82' lang='lat' dir='ltr'><strong>insignes</strong></span> 
     </span>
    </p>
   </div>
   <div class='ocr_carea' id='block_1_4' title="bbox 432 575 2841 660">
    <p class='ocr_par' dir='ltr' id='par_1_4' title="bbox 432 575 2841 660">
     <span class='ocr_line' id='line_1_4' title="bbox 432 575 2841 660; baseline -0.003 -18"><span class='ocrx_word' id='word_1_24' title='bbox 432 583 762 660; x_wconf 83' lang='lat' dir='ltr'><strong>appellavit.</strong></span> <span class='ocrx_word' id='word_1_25' title='bbox 795 585 923 637; x_wconf 88' lang='lat' dir='ltr'><strong>Eus.</strong></span> <span class='ocrx_word' id='word_1_26' title='bbox 959 599 1011 637; x_wconf 83' lang='grc' dir='ltr'><strong>α.</strong></span> <span class='ocrx_word' id='word_1_27' title='bbox 1047 581 1169 637; x_wconf 72' lang='grc'><strong>485.</strong></span> <span class='ocrx_word' id='word_1_28' title='bbox 2188 575 2496 632; x_wconf 76' lang='lat' dir='ltr'><strong>habentur.</strong></span> <span class='ocrx_word' id='word_1_29' title='bbox 2531 581 2668 634; x_wconf 88' lang='lat' dir='ltr'><strong>Eus.</strong></span> <span class='ocrx_word' id='word_1_30' title='bbox 2701 579 2755 634; x_wconf 94' lang='lat' dir='ltr'><strong>h.</strong></span> <span class='ocrx_word' id='word_1_31' title='bbox 2789 597 2841 634; x_wconf 89' lang='lat' dir='ltr'><strong>a.</strong></span> 
     </span>
    </p>
   </div>
   <div class='ocr_carea' id='block_1_5' title="bbox 501 663 3831 742">
    <p class='ocr_par' dir='ltr' id='par_1_5' title="bbox 501 663 3831 742">
     <span class='ocr_line' id='line_1_5' title="bbox 501 663 3831 742; baseline -0.004 -12"><span class='ocrx_word' id='word_1_32' title='bbox 501 675 606 730; x_wconf 88' lang='lat'><strong>185</strong></span> <span class='ocrx_word' id='word_1_33' title='bbox 636 669 1052 742; x_wconf 79' lang='lat' dir='ltr'><strong>Hierosolymis</strong></span> <span class='ocrx_word' id='word_1_34' title='bbox 1087 669 1261 725; x_wconf 80' lang='lat' dir='ltr'><strong>XXVI</strong></span> <span class='ocrx_word' id='word_1_35' title='bbox 1308 667 1614 725; x_wconf 78' lang='lat' dir='ltr'><strong>ordinatur</strong></span> <span class='ocrx_word' id='word_1_36' title='bbox 1642 666 1931 722; x_wconf 69' lang='lat' dir='ltr'><strong>Maximus</strong></span> <span class='ocrx_word' id='word_1_37' title='bbox 1955 665 2075 736; x_wconf 78' lang='lat' dir='ltr'><strong>epi~</strong></span> <span class='ocrx_word' id='word_1_38' title='bbox 2259 667 2360 721; x_wconf 89' lang='grc'><strong>198</strong></span> <span class='ocrx_word' id='word_1_39' title='bbox 2379 666 2692 723; x_wconf 87' lang='lat' dir='ltr'><strong>Judaicum</strong></span> <span class='ocrx_word' id='word_1_40' title='bbox 2715 672 2771 723; x_wconf 91' lang='lat' dir='ltr'><strong>et</strong></span> <span class='ocrx_word' id='word_1_41' title='bbox 2792 665 3203 724; x_wconf 88' lang='lat' dir='ltr'><strong>Samariticum</strong></span> <span class='ocrx_word' id='word_1_42' title='bbox 3227 663 3446 720; x_wconf 89' lang='lat' dir='ltr'><strong>bellum</strong></span> <span class='ocrx_word' id='word_1_43' title='bbox 3473 665 3698 720; x_wconf 88' lang='lat' dir='ltr'><strong>motum</strong></span> <span class='ocrx_word' id='word_1_44' title='bbox 3721 665 3831 718; x_wconf 91' lang='lat' dir='ltr'><strong>est.</strong></span> 
     </span>
    </p>
   </div>
   <div class='ocr_carea' id='block_1_6' title="bbox 432 754 2490 836">
    <p class='ocr_par' dir='ltr' id='par_1_6' title="bbox 432 754 2490 836">
     <span class='ocr_line' id='line_1_6' title="bbox 432 754 2490 836; baseline -0.004 -18"><span class='ocrx_word' id='word_1_45' title='bbox 432 779 668 836; x_wconf 90' lang='lat' dir='ltr'><strong>scopus.</strong></span> <span class='ocrx_word' id='word_1_46' title='bbox 701 763 828 816; x_wconf 88' lang='lat' dir='ltr'><strong>Eus.</strong></span> <span class='ocrx_word' id='word_1_47' title='bbox 863 778 912 814; x_wconf 88' lang='lat' dir='ltr'><strong>a.</strong></span> <span class='ocrx_word' id='word_1_48' title='bbox 950 759 1071 815; x_wconf 83' lang='lat'><strong>186.</strong></span> <span class='ocrx_word' id='word_1_49' title='bbox 1098 790 1165 799; x_wconf 97' lang='lat'><strong>—</strong></span> <span class='ocrx_word' id='word_1_50' title='bbox 1190 758 1468 830; x_wconf 81' lang='lat' dir='ltr'><strong>Origenes</strong></span> <span class='ocrx_word' id='word_1_51' title='bbox 1489 756 1644 827; x_wconf 89' lang='lat' dir='ltr'><strong>apud</strong></span> <span class='ocrx_word' id='word_1_52' title='bbox 1668 754 2075 811; x_wconf 82' lang='lat' dir='ltr'><strong>Alexandriam</strong></span> <span class='ocrx_word' id='word_1_53' title='bbox 2187 755 2315 810; x_wconf 82' lang='lat' dir='ltr'><strong>Eus.</strong></span> <span class='ocrx_word' id='word_1_54' title='bbox 2348 760 2404 811; x_wconf 89' lang='lat' dir='ltr'><strong>h.</strong></span> <span class='ocrx_word' id='word_1_55' title='bbox 2437 772 2490 810; x_wconf 91' lang='lat' dir='ltr'><strong>a.</strong></span> 
     </span>
    </p>
   </div>
   <div class='ocr_carea' id='block_1_7' title="bbox 432 839 3829 923">
    <p class='ocr_par' dir='ltr' id='par_1_7' title="bbox 432 839 3829 923">
     <span class='ocr_line' id='line_1_7' title="bbox 432 839 3829 923; baseline -0.004 -15"><span class='ocrx_word' id='word_1_56' title='bbox 432 852 715 908; x_wconf 89' lang='lat' dir='ltr'><strong>nascitur.</strong></span> <span class='ocrx_word' id='word_1_57' title='bbox 749 849 870 923; x_wconf 80' lang='lat' dir='ltr'><strong>Def.</strong></span> <span class='ocrx_word' id='word_1_58' title='bbox 898 850 974 903; x_wconf 85' lang='lat' dir='ltr'><strong>in.</strong></span> <span class='ocrx_word' id='word_1_59' title='bbox 1000 849 1086 914; x_wconf 89' lang='lat' dir='ltr'><strong>B.,</strong></span> <span class='ocrx_word' id='word_1_60' title='bbox 1115 846 1171 901; x_wconf 92' lang='lat' dir='ltr'><strong>h.</strong></span> <span class='ocrx_word' id='word_1_61' title='bbox 1202 863 1256 902; x_wconf 88' lang='lat' dir='ltr'><strong>a.</strong></span> <span class='ocrx_word' id='word_1_62' title='bbox 2258 844 2362 900; x_wconf 87' lang='lat'><strong>199</strong></span> <span class='ocrx_word' id='word_1_63' title='bbox 2391 844 2636 901; x_wconf 86' lang='lat' dir='ltr'><strong>Severus</strong></span> <span class='ocrx_word' id='word_1_64' title='bbox 2657 843 2900 900; x_wconf 75' lang='lat' dir='ltr'><strong>Parthos</strong></span> <span class='ocrx_word' id='word_1_65' title='bbox 2921 847 2978 900; x_wconf 88' lang='lat' dir='ltr'><strong>et</strong></span> <span class='ocrx_word' id='word_1_66' title='bbox 2996 843 3346 911; x_wconf 82' lang='lat' dir='ltr'><strong>Adiabenos,</strong></span> <span class='ocrx_word' id='word_1_67' title='bbox 3373 839 3713 913; x_wconf 87' lang='lat' dir='ltr'><strong>Arabasque</strong></span> <span class='ocrx_word' id='word_1_68' title='bbox 3730 856 3829 896; x_wconf 86' lang='lat' dir='ltr'><strong>su-</strong></span> 
     </span>
    </p>
   </div>
   <div class='ocr_carea' id='block_1_8' title="bbox 501 930 2825 1007">
    <p class='ocr_par' dir='ltr' id='par_1_8' title="bbox 501 930 2825 1007">
     <span class='ocr_line' id='line_1_8' title="bbox 501 930 2825 1007; baseline -0.004 -10"><span class='ocrx_word' id='word_1_69' title='bbox 501 941 606 996; x_wconf 85' lang='lat'><strong>186</strong></span> <span class='ocrx_word' id='word_1_70' title='bbox 636 939 948 995; x_wconf 84' lang='lat' dir='ltr'><strong>Montanus</strong></span> <span class='ocrx_word' id='word_1_71' title='bbox 993 934 1231 1007; x_wconf 90' lang='lat' dir='ltr'><strong>quidam</strong></span> <span class='ocrx_word' id='word_1_72' title='bbox 1283 930 1530 988; x_wconf 71' lang='lat' dir='ltr'><strong>hmresin</strong></span> <span class='ocrx_word' id='word_1_73' title='bbox 1577 931 2075 1005; x_wconf 82' lang='lat' dir='ltr'><strong>Cataphrygarum</strong></span> <span class='ocrx_word' id='word_1_74' title='bbox 2187 932 2430 1003; x_wconf 87' lang='lat' dir='ltr'><strong>peravit.</strong></span> <span class='ocrx_word' id='word_1_75' title='bbox 2463 935 2590 988; x_wconf 86' lang='lat' dir='ltr'><strong>Eus.</strong></span> <span class='ocrx_word' id='word_1_76' title='bbox 2625 947 2685 989; x_wconf 88' lang='lat' dir='ltr'><strong>a.</strong></span> <span class='ocrx_word' id='word_1_77' title='bbox 2715 948 2825 1004; x_wconf 94' lang='lat' dir='ltr'><strong>seq.</strong></span> 
     </span>
    </p>
   </div>
   <div class='ocr_carea' id='block_1_9' title="bbox 431 1017 3869 1096">
    <p class='ocr_par' dir='ltr' id='par_1_9' title="bbox 431 1017 3869 1096">
     <span class='ocr_line' id='line_1_9' title="bbox 431 1017 3869 1096; baseline -0.003 -11"><span class='ocrx_word' id='word_1_78' title='bbox 431 1029 647 1085; x_wconf 81' lang='lat' dir='ltr'><strong>condit.</strong></span> <span class='ocrx_word' id='word_1_79' title='bbox 684 1029 820 1082; x_wconf 89' lang='lat' dir='ltr'><strong>Eus.</strong></span> <span class='ocrx_word' id='word_1_80' title='bbox 854 1042 907 1078; x_wconf 91' lang='lat' dir='ltr'><strong>a.</strong></span> <span class='ocrx_word' id='word_1_81' title='bbox 944 1025 1064 1078; x_wconf 83' lang='lat'><strong>172.</strong></span> <span class='ocrx_word' id='word_1_82' title='bbox 2253 1022 2352 1074; x_wconf 98' lang='lat'><strong>201</strong></span> <span class='ocrx_word' id='word_1_83' title='bbox 2390 1021 2654 1076; x_wconf 69' lang='lat' dir='ltr'><strong>Thermo:</strong></span> <span class='ocrx_word' id='word_1_84' title='bbox 2702 1020 3019 1078; x_wconf 63' lang='lat' dir='ltr'><strong>Severiana</strong></span> <span class='ocrx_word' id='word_1_85' title='bbox 3063 1019 3218 1092; x_wconf 88' lang='lat' dir='ltr'><strong>apud</strong></span> <span class='ocrx_word' id='word_1_86' title='bbox 3267 1017 3633 1075; x_wconf 83' lang='lat' dir='ltr'><strong>Antiochiam</strong></span> <span class='ocrx_word' id='word_1_87' title='bbox 3663 1017 3829 1073; x_wconf 70' lang='lat' dir='ltr'><strong>facta</strong></span> <span class='ocrx_word' id='word_1_88' title='bbox 3863 1090 3869 1096; x_wconf 29' lang='lat'><strong>7</strong></span> 
     </span>
    </p>
   </div>
   <div class='ocr_carea' id='block_1_10' title="bbox 500 1107 2677 1185">
    <p class='ocr_par' dir='ltr' id='par_1_10' title="bbox 500 1107 2677 1185">
     <span class='ocr_line' id='line_1_10' title="bbox 500 1107 2677 1185; baseline -0.003 -13"><span class='ocrx_word' id='word_1_89' title='bbox 500 1117 604 1172; x_wconf 92' lang='lat'><strong>188</strong></span> <span class='ocrx_word' id='word_1_90' title='bbox 633 1112 982 1185; x_wconf 88' lang='lat' dir='ltr'><strong>Capitolium</strong></span> <span class='ocrx_word' id='word_1_91' title='bbox 1006 1111 1202 1166; x_wconf 69' lang='lat' dir='ltr'><strong>Romae</strong></span> <span class='ocrx_word' id='word_1_92' title='bbox 1234 1114 1291 1166; x_wconf 88' lang='lat' dir='ltr'><strong>et</strong></span> <span class='ocrx_word' id='word_1_93' title='bbox 1323 1108 1675 1165; x_wconf 86' lang='lat' dir='ltr'><strong>bibliotheca</strong></span> <span class='ocrx_word' id='word_1_94' title='bbox 1695 1107 1939 1165; x_wconf 77' lang='lat' dir='ltr'><strong>fulmine</strong></span> <span class='ocrx_word' id='word_1_95' title='bbox 1960 1125 2078 1164; x_wconf 91' lang='lat' dir='ltr'><strong>cre-</strong></span> <span class='ocrx_word' id='word_1_96' title='bbox 2185 1114 2344 1164; x_wconf 92' lang='lat' dir='ltr'><strong>sunt.</strong></span> <span class='ocrx_word' id='word_1_97' title='bbox 2378 1111 2505 1164; x_wconf 86' lang='lat' dir='ltr'><strong>Eus.</strong></span> <span class='ocrx_word' id='word_1_98' title='bbox 2538 1109 2592 1164; x_wconf 91' lang='lat' dir='ltr'><strong>h.</strong></span> <span class='ocrx_word' id='word_1_99' title='bbox 2624 1125 2677 1165; x_wconf 91' lang='lat' dir='ltr'><strong>a.</strong></span> 
     </span>
    </p>
   </div>
   <div class='ocr_carea' id='block_1_11' title="bbox 429 1196 3824 1271">
    <p class='ocr_par' dir='ltr' id='par_1_11' title="bbox 429 1196 3824 1271">
     <span class='ocr_line' id='line_1_11' title="bbox 429 1196 3824 1271; baseline -0.003 -11"><span class='ocrx_word' id='word_1_100' title='bbox 429 1211 683 1260; x_wconf 89' lang='lat' dir='ltr'><strong>mantur.</strong></span> <span class='ocrx_word' id='word_1_101' title='bbox 716 1203 844 1255; x_wconf 88' lang='lat' dir='ltr'><strong>Eus.</strong></span> <span class='ocrx_word' id='word_1_102' title='bbox 877 1218 930 1254; x_wconf 89' lang='lat' dir='ltr'><strong>a.</strong></span> <span class='ocrx_word' id='word_1_103' title='bbox 962 1199 1088 1254; x_wconf 88' lang='lat'><strong>189.</strong></span> <span class='ocrx_word' id='word_1_104' title='bbox 2255 1200 2362 1252; x_wconf 91' lang='lat'><strong>202</strong></span> <span class='ocrx_word' id='word_1_105' title='bbox 2393 1198 2756 1270; x_wconf 87' lang='lat' dir='ltr'><strong>Zephyrinus</strong></span> <span class='ocrx_word' id='word_1_106' title='bbox 2796 1214 2946 1271; x_wconf 90' lang='lat' dir='ltr'><strong>papa</strong></span> <span class='ocrx_word' id='word_1_107' title='bbox 2976 1197 3097 1252; x_wconf 83' lang='lat' dir='ltr'><strong>XIV</strong></span> <span class='ocrx_word' id='word_1_108' title='bbox 3128 1196 3279 1254; x_wconf 86' lang='lat' dir='ltr'><strong>sedit</strong></span> <span class='ocrx_word' id='word_1_109' title='bbox 3306 1196 3477 1254; x_wconf 85' lang='lat' dir='ltr'><strong>annis</strong></span> <span class='ocrx_word' id='word_1_110' title='bbox 3509 1212 3666 1253; x_wconf 81' lang='lat' dir='ltr'><strong>xvm.</strong></span> <span class='ocrx_word' id='word_1_111' title='bbox 3698 1196 3824 1250; x_wconf 89' lang='lat' dir='ltr'><strong>Eus.</strong></span> 
     </span>
    </p>
   </div>
   <div class='ocr_carea' id='block_1_12' title="bbox 500 1284 2326 1358">
    <p class='ocr_par' dir='ltr' id='par_1_12' title="bbox 500 1284 2326 1358">
     <span class='ocr_line' id='line_1_12' title="bbox 500 1284 2326 1358; baseline -0.003 -10"><span class='ocrx_word' id='word_1_112' title='bbox 500 1293 601 1348; x_wconf 87' lang='grc'><strong>189</strong></span> <span class='ocrx_word' id='word_1_113' title='bbox 632 1289 992 1346; x_wconf 68' lang='lat' dir='ltr'><strong>Alexandriae</strong></span> <span class='ocrx_word' id='word_1_114' title='bbox 1027 1286 1356 1343; x_wconf 89' lang='lat' dir='ltr'><strong>Demetrius</strong></span> <span class='ocrx_word' id='word_1_115' title='bbox 1385 1285 1693 1358; x_wconf 90' lang='lat' dir='ltr'><strong>episcopus</strong></span> <span class='ocrx_word' id='word_1_116' title='bbox 1723 1285 1874 1342; x_wconf 89' lang='lat' dir='ltr'><strong>sedit</strong></span> <span class='ocrx_word' id='word_1_117' title='bbox 1903 1284 2075 1341; x_wconf 88' lang='lat' dir='ltr'><strong>annis</strong></span> <span class='ocrx_word' id='word_1_118' title='bbox 2184 1287 2238 1342; x_wconf 89' lang='lat' dir='ltr'><strong>h.</strong></span> <span class='ocrx_word' id='word_1_119' title='bbox 2273 1304 2326 1342; x_wconf 89' lang='lat' dir='ltr'><strong>a.</strong></span> 
     </span>
    </p>
   </div>
   <div class='ocr_carea' id='block_1_13' title="bbox 425 1372 3825 1449">
    <p class='ocr_par' dir='ltr' id='par_1_13' title="bbox 425 1372 3825 1449">
     <span class='ocr_line' id='line_1_13' title="bbox 425 1372 3825 1449; baseline -0.002 -13"><span class='ocrx_word' id='word_1_120' title='bbox 425 1399 584 1437; x_wconf 80' lang='lat' dir='ltr'><strong>mu.</strong></span> <span class='ocrx_word' id='word_1_121' title='bbox 617 1381 744 1435; x_wconf 86' lang='lat' dir='ltr'><strong>Eus.</strong></span> <span class='ocrx_word' id='word_1_122' title='bbox 777 1396 830 1433; x_wconf 91' lang='lat' dir='ltr'><strong>a.</strong></span> <span class='ocrx_word' id='word_1_123' title='bbox 864 1395 973 1449; x_wconf 88' lang='lat' dir='ltr'><strong>seq.</strong></span> <span class='ocrx_word' id='word_1_124' title='bbox 1005 1409 1073 1417; x_wconf 93' lang='lat'><strong>-—</strong></span> <span class='ocrx_word' id='word_1_125' title='bbox 1121 1375 1482 1431; x_wconf 90' lang='lat' dir='ltr'><strong>Commodus</strong></span> <span class='ocrx_word' id='word_1_126' title='bbox 1513 1373 1725 1430; x_wconf 89' lang='lat' dir='ltr'><strong>colossi</strong></span> <span class='ocrx_word' id='word_1_127' title='bbox 1757 1373 1943 1446; x_wconf 87' lang='lat' dir='ltr'><strong>capite</strong></span> <span class='ocrx_word' id='word_1_128' title='bbox 1974 1391 2072 1428; x_wconf 88' lang='lat' dir='ltr'><strong>su-</strong></span> <span class='ocrx_word' id='word_1_129' title='bbox 2253 1377 2358 1430; x_wconf 89' lang='lat'><strong>203</strong></span> <span class='ocrx_word' id='word_1_130' title='bbox 2383 1379 2628 1432; x_wconf 84' lang='lat' dir='ltr'><strong>Severus</strong></span> <span class='ocrx_word' id='word_1_131' title='bbox 2650 1377 2855 1447; x_wconf 90' lang='lat' dir='ltr'><strong>quinta</strong></span> <span class='ocrx_word' id='word_1_132' title='bbox 2875 1375 3274 1448; x_wconf 86' lang='lat' dir='ltr'><strong>persecutione</strong></span> <span class='ocrx_word' id='word_1_133' title='bbox 3297 1372 3583 1446; x_wconf 88' lang='lat' dir='ltr'><strong>plurimos</strong></span> <span class='ocrx_word' id='word_1_134' title='bbox 3601 1378 3825 1429; x_wconf 84' lang='lat' dir='ltr'><strong>sancto-</strong></span> 
     </span>
    </p>
   </div>
   <div class='ocr_carea' id='block_1_14' title="bbox 426 1460 3829 1539">
    <p class='ocr_par' dir='ltr' id='par_1_14' title="bbox 426 1460 3829 1539">
     <span class='ocr_line' id='line_1_14' title="bbox 426 1460 3829 1539; baseline -0.002 -15"><span class='ocrx_word' id='word_1_135' title='bbox 426 1470 583 1526; x_wconf 91' lang='lat' dir='ltr'><strong>blato</strong></span> <span class='ocrx_word' id='word_1_136' title='bbox 614 1485 732 1524; x_wconf 66' lang='lat' dir='ltr'><strong>sua:</strong></span> <span class='ocrx_word' id='word_1_137' title='bbox 754 1466 1032 1539; x_wconf 83' lang='lat' dir='ltr'><strong>imaginis</strong></span> <span class='ocrx_word' id='word_1_138' title='bbox 1053 1465 1422 1536; x_wconf 90' lang='lat' dir='ltr'><strong>caputjussit</strong></span> <span class='ocrx_word' id='word_1_139' title='bbox 1449 1463 1846 1536; x_wconf 87' lang='lat' dir='ltr'><strong>imponi.Eus.</strong></span> <span class='ocrx_word' id='word_1_140' title='bbox 1874 1479 1926 1518; x_wconf 88' lang='lat' dir='ltr'><strong>a.</strong></span> <span class='ocrx_word' id='word_1_141' title='bbox 1948 1463 2071 1518; x_wconf 91' lang='lat'><strong>190.</strong></span> <span class='ocrx_word' id='word_1_142' title='bbox 2182 1481 2312 1519; x_wconf 88' lang='lat' dir='ltr'><strong>rum</strong></span> <span class='ocrx_word' id='word_1_143' title='bbox 2347 1465 2665 1529; x_wconf 85' lang='lat' dir='ltr'><strong>coronavit,</strong></span> <span class='ocrx_word' id='word_1_144' title='bbox 2693 1464 2843 1520; x_wconf 89' lang='lat' dir='ltr'><strong>inter</strong></span> <span class='ocrx_word' id='word_1_145' title='bbox 2875 1480 3024 1536; x_wconf 90' lang='lat' dir='ltr'><strong>quos</strong></span> <span class='ocrx_word' id='word_1_146' title='bbox 3055 1470 3221 1536; x_wconf 91' lang='lat' dir='ltr'><strong>pater</strong></span> <span class='ocrx_word' id='word_1_147' title='bbox 3247 1462 3514 1535; x_wconf 90' lang='lat' dir='ltr'><strong>Origenis</strong></span> <span class='ocrx_word' id='word_1_148' title='bbox 3545 1460 3829 1518; x_wconf 77' lang='lat' dir='ltr'><strong>Leonides</strong></span> 
     </span>
    </p>
   </div>
   <div class='ocr_carea' id='block_1_15' title="bbox 503 1551 3505 1631">
    <p class='ocr_par' dir='ltr' id='par_1_15' title="bbox 503 1551 3505 1631">
     <span class='ocr_line' id='line_1_15' title="bbox 503 1551 3505 1631; baseline -0.003 0"><span class='ocrx_word' id='word_1_149' title='bbox 503 1577 600 1631; x_wconf 88' lang='lat'><strong>190</strong></span> <span class='ocrx_word' id='word_1_150' title='bbox 629 1574 984 1631; x_wconf 87' lang='lat' dir='ltr'><strong>Commodus</strong></span> <span class='ocrx_word' id='word_1_151' title='bbox 1015 1570 1234 1626; x_wconf 89' lang='lat' dir='ltr'><strong>multos</strong></span> <span class='ocrx_word' id='word_1_152' title='bbox 1263 1569 1547 1625; x_wconf 90' lang='lat' dir='ltr'><strong>nobilium</strong></span> <span class='ocrx_word' id='word_1_153' title='bbox 1602 1569 1909 1624; x_wconf 77' lang='lat' dir='ltr'><strong>interfecit.</strong></span> <span class='ocrx_word' id='word_1_154' title='bbox 1945 1570 2070 1624; x_wconf 88' lang='lat' dir='ltr'><strong>Eus.</strong></span> <span class='ocrx_word' id='word_1_155' title='bbox 2183 1570 2316 1608; x_wconf 73' lang='lat' dir='ltr'><strong>cum</strong></span> <span class='ocrx_word' id='word_1_156' title='bbox 2351 1553 2551 1608; x_wconf 59' lang='lat' dir='ltr'><strong>munis</strong></span> <span class='ocrx_word' id='word_1_157' title='bbox 2576 1553 2711 1609; x_wconf 63' lang='lat' dir='ltr'><strong>aliis</strong></span> <span class='ocrx_word' id='word_1_158' title='bbox 2743 1553 3168 1626; x_wconf 56' lang='lat' dir='ltr'><strong>martyrium?-</strong></span> <span class='ocrx_word' id='word_1_159' title='bbox 3203 1553 3329 1606; x_wconf 63' lang='grc' dir='ltr'><strong>Εῑω·</strong></span> <span class='ocrx_word' id='word_1_160' title='bbox 3365 1551 3418 1606; x_wconf 72' lang='grc' dir='ltr'><strong>Ῑιο</strong></span> <span class='ocrx_word' id='word_1_161' title='bbox 3452 1568 3505 1606; x_wconf 80' lang='grc' dir='ltr'><strong>α·</strong></span> 
     </span>
    </p>
   </div>
   <div class='ocr_carea' id='block_1_16' title="bbox 426 1639 3827 1733">
    <p class='ocr_par' dir='ltr' id='par_1_16' title="bbox 426 1639 3827 1733">
     <span class='ocr_line' id='line_1_16' title="bbox 426 1639 3827 1733; baseline -0.003 -13"><span class='ocrx_word' id='word_1_162' title='bbox 426 1683 478 1721; x_wconf 90' lang='lat' dir='ltr'><strong>a.</strong></span> <span class='ocrx_word' id='word_1_163' title='bbox 515 1663 606 1720; x_wconf 84' lang='lat'><strong>191</strong></span> <span class='ocrx_word' id='word_1_164' title='bbox 624 1706 637 1719; x_wconf 93' lang='lat'><strong>.</strong></span> <span class='ocrx_word' id='word_1_165' title='bbox 669 1696 738 1704; x_wconf 90' lang='lat'><strong>——</strong></span> <span class='ocrx_word' id='word_1_166' title='bbox 768 1661 1000 1733; x_wconf 87' lang='lat' dir='ltr'><strong>Serapio</strong></span> <span class='ocrx_word' id='word_1_167' title='bbox 1026 1660 1150 1715; x_wconf 89' lang='lat' dir='ltr'><strong>VIII</strong></span> <span class='ocrx_word' id='word_1_168' title='bbox 1169 1657 1487 1714; x_wconf 61' lang='lat' dir='ltr'><strong>Antiochiae</strong></span> <span class='ocrx_word' id='word_1_169' title='bbox 1509 1657 1820 1730; x_wconf 90' lang='lat' dir='ltr'><strong>episcopus</strong></span> <span class='ocrx_word' id='word_1_170' title='bbox 1839 1657 2071 1713; x_wconf 90' lang='lat' dir='ltr'><strong>ordina-</strong></span> <span class='ocrx_word' id='word_1_171' title='bbox 2199 1731 2211 1733; x_wconf 95' lang='lat'>_</span> <span class='ocrx_word' id='word_1_172' title='bbox 2249 1643 2358 1698; x_wconf 78' lang='lat'><strong>205</strong></span> <span class='ocrx_word' id='word_1_173' title='bbox 2387 1643 2668 1714; x_wconf 61' lang='lat' dir='ltr'><strong>Perpetua</strong></span> <span class='ocrx_word' id='word_1_174' title='bbox 2695 1641 3044 1733; x_wconf 33' lang='grc' dir='ltr'><strong>φῑᾼῗθιξοίίιῆε</strong></span> <span class='ocrx_word' id='word_1_175' title='bbox 3071 1641 3175 1696; x_wconf 67' lang='lat' dir='ltr'><strong>hac</strong></span> <span class='ocrx_word' id='word_1_176' title='bbox 3200 1639 3602 1712; x_wconf 61' lang='grc' dir='ltr'><strong>Ρθνεεουῖίοηθ</strong></span> <span class='ocrx_word' id='word_1_177' title='bbox 3624 1639 3827 1696; x_wconf 59' lang='lat' dir='ltr'><strong>bestiis</strong></span> 
     </span>
    </p>
   </div>
   <div class='ocr_carea' id='block_1_17' title="bbox 426 1729 3185 1818">
    <p class='ocr_par' dir='ltr' id='par_1_17' title="bbox 426 1729 3185 1818">
     <span class='ocr_line' id='line_1_17' title="bbox 426 1729 3185 1818; baseline -0.009 -8"><span class='ocrx_word' id='word_1_178' title='bbox 426 1759 538 1810; x_wconf 91' lang='lat' dir='ltr'><strong>tur.</strong></span> <span class='ocrx_word' id='word_1_179' title='bbox 574 1754 701 1809; x_wconf 89' lang='lat' dir='ltr'><strong>Eus.</strong></span> <span class='ocrx_word' id='word_1_180' title='bbox 736 1752 788 1807; x_wconf 88' lang='lat' dir='ltr'><strong>h.</strong></span> <span class='ocrx_word' id='word_1_181' title='bbox 822 1768 874 1806; x_wconf 91' lang='lat' dir='ltr'><strong>a.</strong></span> <span class='ocrx_word' id='word_1_182' title='bbox 899 1729 925 1818; x_wconf 46' lang='lat'><strong>;_</strong></span> <span class='ocrx_word' id='word_1_183' title='bbox 947 1750 1020 1804; x_wconf 88' lang='lat' dir='ltr'><strong>al.</strong></span> <span class='ocrx_word' id='word_1_184' title='bbox 1059 1766 1112 1804; x_wconf 88' lang='lat' dir='ltr'><strong>a.</strong></span> <span class='ocrx_word' id='word_1_185' title='bbox 1149 1749 1271 1803; x_wconf 90' lang='lat'><strong>199.</strong></span> <span class='ocrx_word' id='word_1_186' title='bbox 1548 1729 1560 1730; x_wconf 20' lang='grc' dir='ltr'>ί</span> <span class='ocrx_word' id='word_1_187' title='bbox 1712 1729 1719 1730; x_wconf 20' lang='grc' dir='ltr'>ί</span> <span class='ocrx_word' id='word_1_188' title='bbox 2182 1731 2539 1801; x_wconf 85' lang='lat' dir='ltr'><strong>deputantur</strong></span> <span class='ocrx_word' id='word_1_189' title='bbox 2567 1730 2720 1802; x_wconf 88' lang='lat' dir='ltr'><strong>apud</strong></span> <span class='ocrx_word' id='word_1_190' title='bbox 2751 1729 3185 1818; x_wconf 84' lang='lat' dir='ltr'><strong>Carthaginem.</strong></span> 
     </span>
    </p>
   </div>
   <div class='ocr_carea' id='block_1_18' title="bbox 497 1817 3826 1925">
    <p class='ocr_par' dir='ltr' id='par_1_18' title="bbox 497 1817 3826 1925">
     <span class='ocr_line' id='line_1_18' title="bbox 497 1817 3826 1925; baseline -0.005 -9"><span class='ocrx_word' id='word_1_191' title='bbox 497 1862 592 1916; x_wconf 88' lang='grc'><strong>491</strong></span> <span class='ocrx_word' id='word_1_192' title='bbox 631 1856 863 1925; x_wconf 87' lang='lat' dir='ltr'><strong>Questio</strong></span> <span class='ocrx_word' id='word_1_193' title='bbox 894 1857 964 1909; x_wconf 88' lang='lat' dir='ltr'><strong>de</strong></span> <span class='ocrx_word' id='word_1_194' title='bbox 995 1853 1217 1910; x_wconf 87' lang='lat' dir='ltr'><strong>Pascha</strong></span> <span class='ocrx_word' id='word_1_195' title='bbox 1248 1853 1456 1919; x_wconf 89' lang='lat' dir='ltr'><strong>oritur,</strong></span> <span class='ocrx_word' id='word_1_196' title='bbox 1491 1857 1548 1908; x_wconf 93' lang='lat' dir='ltr'><strong>et</strong></span> <span class='ocrx_word' id='word_1_197' title='bbox 1570 1853 1628 1908; x_wconf 92' lang='lat' dir='ltr'><strong>in</strong></span> <span class='ocrx_word' id='word_1_198' title='bbox 1659 1852 1960 1908; x_wconf 88' lang='lat' dir='ltr'><strong>Dominica</strong></span> <span class='ocrx_word' id='word_1_199' title='bbox 1982 1852 2075 1907; x_wconf 90' lang='lat' dir='ltr'><strong>die</strong></span> <span class='ocrx_word' id='word_1_200' title='bbox 2104 1855 2150 1919; x_wconf 88' lang='lat' dir='ltr'><strong>B</strong></span> <span class='ocrx_word' id='word_1_201' title='bbox 2181 1911 2193 1925; x_wconf 46' lang='grc' dir='ltr'>ι</span> <span class='ocrx_word' id='word_1_202' title='bbox 2251 1820 2360 1925; x_wconf 47' lang='grc' dir='ltr'><strong>ρίῖεξ</strong></span> <span class='ocrx_word' id='word_1_203' title='bbox 2374 1818 2765 1925; x_wconf 52' lang='grc' dir='ltr'><strong>εγωωειοξλμε</strong></span> <span class='ocrx_word' id='word_1_204' title='bbox 2787 1823 2845 1874; x_wconf 62' lang='lat' dir='ltr'><strong>et</strong></span> <span class='ocrx_word' id='word_1_205' title='bbox 2864 1817 3224 1874; x_wconf 54' lang='lat' dir='ltr'><strong>TheOdOt‘ion</strong></span> <span class='ocrx_word' id='word_1_206' title='bbox 3246 1817 3590 1890; x_wconf 59' lang='lat' dir='ltr'><strong>interpretes</strong></span> <span class='ocrx_word' id='word_1_207' title='bbox 3611 1817 3826 1874; x_wconf 65' lang='lat' dir='ltr'><strong>haben‘</strong></span> 
     </span>
    </p>
   </div>
   <div class='ocr_carea' id='block_1_19' title="bbox 426 1908 2814 2017">
    <p class='ocr_par' dir='ltr' id='par_1_19' title="bbox 426 1908 2814 2017">
     <span class='ocr_line' id='line_1_19' title="bbox 426 1908 2814 2017; baseline -0.014 -12"><span class='ocrx_word' id='word_1_208' title='bbox 426 1908 988 2017; x_wconf 39' lang='lat' dir='ltr'><strong>cel-cb&#39;raiiwjubetur.</strong></span> <span class='ocrx_word' id='word_1_209' title='bbox 1022 1908 1149 1996; x_wconf 58' lang='lat'><strong>3....</strong></span> <span class='ocrx_word' id='word_1_210' title='bbox 1179 1908 1231 1996; x_wconf 73' lang='grc' dir='ltr'><strong>ά.</strong></span> <span class='ocrx_word' id='word_1_211' title='bbox 1266 1943 1368 1996; x_wconf 78' lang='grc'><strong>197</strong></span> <span class='ocrx_word' id='word_1_212' title='bbox 1400 1908 1533 2013; x_wconf 67' lang='lat' dir='ltr'><strong>(3b).</strong></span> <span class='ocrx_word' id='word_1_213' title='bbox 2104 1908 2814 2017; x_wconf 40' lang='grc' dir='ltr'><strong>”ιυξ1λίξξτιξξίξξδξξιξξ.</strong></span> 
     </span>
    </p>
   </div>
   <div class='ocr_carea' id='block_1_20' title="bbox 1194 1995 3824 2068">
    <p class='ocr_par' dir='ltr' id='par_1_20' title="bbox 1194 1995 3824 2068">
     <span class='ocr_line' id='line_1_20' title="bbox 1194 1995 3824 2068; baseline -0.003 -12"><span class='ocrx_word' id='word_1_214' title='bbox 1194 1995 1236 2068; x_wconf 34' lang='grc' dir='ltr'><strong>έζ</strong></span> <span class='ocrx_word' id='word_1_215' title='bbox 1328 1995 1509 2068; x_wconf 35' lang='grc' dir='ltr'><strong>ηξζί</strong></span> <span class='ocrx_word' id='word_1_216' title='bbox 1525 1995 1542 2068; x_wconf 29' lang='lat'><strong>&#39;_</strong></span> <span class='ocrx_word' id='word_1_217' title='bbox 1560 2048 1662 2068; x_wconf 45' lang='grc' dir='ltr'>,Μ</span> <span class='ocrx_word' id='word_1_218' title='bbox 1694 2047 1746 2068; x_wconf 67' lang='lat'><strong>,_</strong></span> <span class='ocrx_word' id='word_1_219' title='bbox 1781 2047 1806 2068; x_wconf 47' lang='lat' dir='ltr'><strong>j</strong></span> <span class='ocrx_word' id='word_1_220' title='bbox 1823 2064 1903 2068; x_wconf 31' lang='grc' dir='ltr'><strong>Α,</strong></span> <span class='ocrx_word' id='word_1_221' title='bbox 1921 2064 1941 2068; x_wconf 87' lang='lat'>_</span> <span class='ocrx_word' id='word_1_222' title='bbox 1967 2046 2044 2068; x_wconf 42' lang='grc' dir='ltr'><strong>η,</strong></span> <span class='ocrx_word' id='word_1_223' title='bbox 2249 2001 2287 2052; x_wconf 86' lang='grc'>1</span> <span class='ocrx_word' id='word_1_224' title='bbox 2303 1998 2350 2053; x_wconf 78' lang='lat'><strong>6</strong></span> <span class='ocrx_word' id='word_1_225' title='bbox 2368 1998 2470 2051; x_wconf 91' lang='lat'><strong>207</strong></span> <span class='ocrx_word' id='word_1_226' title='bbox 2484 1997 2728 2052; x_wconf 91' lang='lat' dir='ltr'><strong>Severus</strong></span> <span class='ocrx_word' id='word_1_227' title='bbox 2749 1995 2964 2051; x_wconf 89' lang='lat' dir='ltr'><strong>vallum</strong></span> <span class='ocrx_word' id='word_1_228' title='bbox 2985 1995 3139 2068; x_wconf 91' lang='lat' dir='ltr'><strong>apud</strong></span> <span class='ocrx_word' id='word_1_229' title='bbox 3163 1995 3472 2052; x_wconf 87' lang='lat' dir='ltr'><strong>Britannos</strong></span> <span class='ocrx_word' id='word_1_230' title='bbox 3494 2011 3596 2068; x_wconf 91' lang='lat' dir='ltr'><strong>per</strong></span> <span class='ocrx_word' id='word_1_231' title='bbox 3633 2011 3824 2050; x_wconf 82' lang='lat' dir='ltr'><strong>cxxxu</strong></span> 
     </span>
    </p>
   </div>
   <div class='ocr_carea' id='block_1_21' title="bbox 497 2046 3395 2111">
    <p class='ocr_par' dir='ltr' id='par_1_21' title="bbox 497 2046 3395 2111">
     <span class='ocr_line' id='line_1_21' title="bbox 497 2046 3395 2111; baseline -0.004 -1"><span class='ocrx_word' id='word_1_232' title='bbox 497 2055 600 2111; x_wconf 88' lang='lat'><strong>192</strong></span> <span class='ocrx_word' id='word_1_233' title='bbox 628 2051 982 2109; x_wconf 86' lang='lat' dir='ltr'><strong>Commodus</strong></span> <span class='ocrx_word' id='word_1_234' title='bbox 1012 2048 1240 2104; x_wconf 81' lang='lat' dir='ltr'><strong>cunctis</strong></span> <span class='ocrx_word' id='word_1_235' title='bbox 1259 2048 1665 2103; x_wconf 87' lang='lat' dir='ltr'><strong>incommodus</strong></span> <span class='ocrx_word' id='word_1_236' title='bbox 1694 2047 1752 2102; x_wconf 91' lang='lat' dir='ltr'><strong>in</strong></span> <span class='ocrx_word' id='word_1_237' title='bbox 1775 2047 1948 2102; x_wconf 90' lang='lat' dir='ltr'><strong>domo</strong></span> <span class='ocrx_word' id='word_1_238' title='bbox 1967 2046 2071 2103; x_wconf 88' lang='lat' dir='ltr'><strong>Ve-</strong></span> <span class='ocrx_word' id='word_1_239' title='bbox 2178 2046 2739 2111; x_wconf 53' lang='lat' dir='ltr'><strong>_§,f_:_&#39;:_:_&#39;_:::</strong></span> <span class='ocrx_word' id='word_1_240' title='bbox 2760 2046 2964 2111; x_wconf 55' lang='grc' dir='ltr'><strong>’ῖξξζ</strong></span> <span class='ocrx_word' id='word_1_241' title='bbox 2987 2046 3395 2111; x_wconf 49' lang='grc' dir='ltr'><strong>ἶς’,ζζξζζξζζ</strong></span> 
     </span>
    </p>
   </div>
   <div class='ocr_carea' id='block_1_22' title="bbox 2178 2085 3823 2157">
    <p class='ocr_par' dir='ltr' id='par_1_22' title="bbox 2178 2085 3823 2157">
     <span class='ocr_line' id='line_1_22' title="bbox 2178 2085 3823 2157; baseline -0.001 -16"><span class='ocrx_word' id='word_1_242' title='bbox 2178 2086 2364 2142; x_wconf 89' lang='lat' dir='ltr'><strong>millia</strong></span> <span class='ocrx_word' id='word_1_243' title='bbox 2394 2101 2678 2157; x_wconf 89' lang='lat' dir='ltr'><strong>passuum</strong></span> <span class='ocrx_word' id='word_1_244' title='bbox 2711 2101 2746 2141; x_wconf 94' lang='lat' dir='ltr'><strong>a</strong></span> <span class='ocrx_word' id='word_1_245' title='bbox 2800 2085 2946 2140; x_wconf 90' lang='lat' dir='ltr'><strong>mari</strong></span> <span class='ocrx_word' id='word_1_246' title='bbox 2996 2085 3067 2140; x_wconf 92' lang='lat' dir='ltr'><strong>ad</strong></span> <span class='ocrx_word' id='word_1_247' title='bbox 3100 2101 3258 2140; x_wconf 90' lang='lat' dir='ltr'><strong>mare</strong></span> <span class='ocrx_word' id='word_1_248' title='bbox 3289 2085 3443 2141; x_wconf 89' lang='lat' dir='ltr'><strong>fecit.</strong></span> <span class='ocrx_word' id='word_1_249' title='bbox 3476 2085 3605 2139; x_wconf 88' lang='lat' dir='ltr'><strong>Eus.</strong></span> <span class='ocrx_word' id='word_1_250' title='bbox 3637 2085 3692 2141; x_wconf 90' lang='lat' dir='ltr'><strong>h.</strong></span> <span class='ocrx_word' id='word_1_251' title='bbox 3726 2101 3778 2140; x_wconf 93' lang='lat' dir='ltr'><strong>a.</strong></span> <span class='ocrx_word' id='word_1_252' title='bbox 3809 2101 3823 2152; x_wconf 92' lang='lat'><strong>;</strong></span> 
     </span>
    </p>
   </div>
   <div class='ocr_carea' id='block_1_23' title="bbox 427 2135 2094 2247">
    <p class='ocr_par' dir='ltr' id='par_1_23' title="bbox 427 2135 2065 2212">
     <span class='ocr_line' id='line_1_23' title="bbox 427 2135 2065 2212; baseline -0.007 -11"><span class='ocrx_word' id='word_1_253' title='bbox 427 2143 558 2201; x_wconf 80' lang='lat' dir='ltr'><strong>stati</strong></span> <span class='ocrx_word' id='word_1_254' title='bbox 591 2139 1011 2212; x_wconf 83' lang='lat' dir='ltr'><strong>strangulatur.</strong></span> <span class='ocrx_word' id='word_1_255' title='bbox 1035 2139 1163 2194; x_wconf 84' lang='lat' dir='ltr'><strong>Eas.</strong></span> <span class='ocrx_word' id='word_1_256' title='bbox 1187 2155 1242 2191; x_wconf 87' lang='grc' dir='ltr'><strong>α.</strong></span> <span class='ocrx_word' id='word_1_257' title='bbox 1269 2137 1371 2190; x_wconf 88' lang='lat'><strong>193</strong></span> <span class='ocrx_word' id='word_1_258' title='bbox 1397 2155 1410 2204; x_wconf 91' lang='lat'><strong>;</strong></span> <span class='ocrx_word' id='word_1_259' title='bbox 1433 2135 1524 2192; x_wconf 84' lang='lat' dir='ltr'><strong>sed</strong></span> <span class='ocrx_word' id='word_1_260' title='bbox 1545 2137 1719 2206; x_wconf 86' lang='lat' dir='ltr'><strong>legit:</strong></span> <span class='ocrx_word' id='word_1_261' title='bbox 1748 2135 2065 2194; x_wconf 84' lang='lat' dir='ltr'><strong>Vestiliani.</strong></span> 
     </span>
    </p>
   </div>
   <div class='ocr_carea' id='block_1_24' title="bbox 2178 2135 2604 2247">
    <p class='ocr_par' dir='ltr' id='par_1_24' title="bbox 2178 2135 2604 2247">
     <span class='ocr_line' id='line_1_24' title="bbox 2178 2135 2604 2247; baseline -0.002 -18"><span class='ocrx_word' id='word_1_262' title='bbox 2178 2135 2364 2247; x_wconf 58' lang='grc' dir='ltr'><strong>ἐξὲάῖιῖ</strong></span> <span class='ocrx_word' id='word_1_263' title='bbox 2392 2135 2604 2229; x_wconf 61' lang='grc' dir='ltr'><strong>ἆῗέὸὸῖ</strong></span> 
     </span>
    </p>
   </div>
   <div class='ocr_carea' id='block_1_25' title="bbox 497 2241 2094 2335">
    <p class='ocr_par' dir='ltr' id='par_1_25' title="bbox 497 2241 2070 2314">
     <span class='ocr_line' id='line_1_25' title="bbox 497 2241 2070 2314; baseline -0.006 -8"><span class='ocrx_word' id='word_1_264' title='bbox 497 2251 602 2306; x_wconf 87' lang='grc'><strong>493</strong></span> <span class='ocrx_word' id='word_1_265' title='bbox 657 2248 926 2304; x_wconf 85' lang='lat' dir='ltr'><strong>Pertinax</strong></span> <span class='ocrx_word' id='word_1_266' title='bbox 975 2245 1165 2313; x_wconf 89' lang='lat' dir='ltr'><strong>major</strong></span> <span class='ocrx_word' id='word_1_267' title='bbox 1215 2241 1661 2314; x_wconf 86' lang='lat' dir='ltr'><strong>septuagenario</strong></span> <span class='ocrx_word' id='word_1_268' title='bbox 1705 2259 1774 2297; x_wconf 83' lang='lat' dir='ltr'><strong>ex</strong></span> <span class='ocrx_word' id='word_1_269' title='bbox 1830 2246 2070 2298; x_wconf 89' lang='lat' dir='ltr'><strong>senatus</strong></span> 
     </span>
    </p>
   </div>
   <div class='ocr_carea' id='block_1_26' title="bbox 2178 2241 3820 2335">
    <p class='ocr_par' dir='ltr' id='par_1_26' title="bbox 2214 2241 3820 2335">
     <span class='ocr_line' id='line_1_26' title="bbox 2214 2241 3820 2335; baseline -0.001 -18"><span class='ocrx_word' id='word_1_270' title='bbox 2214 2241 2353 2319; x_wconf 52' lang='grc'>’208</span> <span class='ocrx_word' id='word_1_271' title='bbox 2395 2261 2791 2318; x_wconf 88' lang='lat' dir='ltr'><strong>Tertullianus</strong></span> <span class='ocrx_word' id='word_1_272' title='bbox 2819 2263 2977 2335; x_wconf 37' lang='lat' dir='ltr'><strong>Afer,</strong></span> <span class='ocrx_word' id='word_1_273' title='bbox 2997 2261 3362 2318; x_wconf 88' lang='lat' dir='ltr'><strong>clarissimus</strong></span> <span class='ocrx_word' id='word_1_274' title='bbox 3391 2261 3660 2318; x_wconf 90' lang='lat' dir='ltr'><strong>habetur.</strong></span> <span class='ocrx_word' id='word_1_275' title='bbox 3695 2261 3820 2316; x_wconf 84' lang='lat' dir='ltr'><strong>Eus.</strong></span> 
     </span>
    </p>
   </div>
   <div class='ocr_carea' id='block_1_27' title="bbox 428 2330 2320 2407">
    <p class='ocr_par' dir='ltr' id='par_1_27' title="bbox 428 2330 2320 2407">
     <span class='ocr_line' id='line_1_27' title="bbox 428 2330 2320 2407; baseline -0.005 -13"><span class='ocrx_word' id='word_1_276' title='bbox 428 2335 692 2394; x_wconf 92' lang='lat' dir='ltr'><strong>consulto</strong></span> <span class='ocrx_word' id='word_1_277' title='bbox 717 2336 926 2406; x_wconf 88' lang='lat' dir='ltr'><strong>jussus</strong></span> <span class='ocrx_word' id='word_1_278' title='bbox 971 2339 1060 2386; x_wconf 90' lang='lat' dir='ltr'><strong>est</strong></span> <span class='ocrx_word' id='word_1_279' title='bbox 1092 2331 1399 2402; x_wconf 87' lang='lat' dir='ltr'><strong>imperare.</strong></span> <span class='ocrx_word' id='word_1_280' title='bbox 1444 2332 1567 2386; x_wconf 86' lang='lat' dir='ltr'><strong>Eus.</strong></span> <span class='ocrx_word' id='word_1_281' title='bbox 1603 2330 1657 2384; x_wconf 89' lang='lat' dir='ltr'><strong>h.</strong></span> <span class='ocrx_word' id='word_1_282' title='bbox 1689 2346 1742 2385; x_wconf 91' lang='lat' dir='ltr'><strong>a.</strong></span> <span class='ocrx_word' id='word_1_283' title='bbox 1778 2331 1862 2400; x_wconf 88' lang='lat' dir='ltr'><strong>(In</strong></span> <span class='ocrx_word' id='word_1_284' title='bbox 1889 2347 2067 2399; x_wconf 86' lang='lat' dir='ltr'><strong>marg.</strong></span> <span class='ocrx_word' id='word_1_285' title='bbox 2179 2351 2233 2407; x_wconf 47' lang='grc' dir='ltr'><strong>ιι,</strong></span> <span class='ocrx_word' id='word_1_286' title='bbox 2267 2369 2320 2407; x_wconf 50' lang='grc' dir='ltr'><em>α.</em></span> 
     </span>
    </p>
   </div>
   <div class='ocr_carea' id='block_1_28' title="bbox 429 2417 3822 2513">
    <p class='ocr_par' dir='ltr' id='par_1_28' title="bbox 429 2417 3822 2513">
     <span class='ocr_line' id='line_1_28' title="bbox 429 2417 3822 2513; baseline -0.002 -12"><span class='ocrx_word' id='word_1_287' title='bbox 429 2425 718 2513; x_wconf 61' lang='grc' dir='ltr'><strong>Ρθνιίιιειξ·</strong></span> <span class='ocrx_word' id='word_1_288' title='bbox 751 2422 906 2513; x_wconf 47' lang='lat' dir='ltr'><strong>XVI:</strong></span> <span class='ocrx_word' id='word_1_289' title='bbox 948 2437 1134 2513; x_wconf 65' lang='grc' dir='ltr'><strong>ωθξιε-</strong></span> <span class='ocrx_word' id='word_1_290' title='bbox 1165 2422 1292 2487; x_wconf 74' lang='grc' dir='ltr'><strong>νηοὶ</strong></span> <span class='ocrx_word' id='word_1_291' title='bbox 1340 2419 1540 2513; x_wconf 60' lang='grc' dir='ltr'><strong>Ῡίειίξτ</strong></span> <span class='ocrx_word' id='word_1_292' title='bbox 1587 2419 1708 2474; x_wconf 66' lang='lat' dir='ltr'><strong>XI&quot;</strong></span> <span class='ocrx_word' id='word_1_293' title='bbox 1741 2435 1893 2513; x_wconf 64' lang='grc' dir='ltr'><strong>ρειρῆ</strong></span> <span class='ocrx_word' id='word_1_294' title='bbox 1915 2417 2078 2513; x_wconf 58' lang='grc' dir='ltr'><strong>ῇεὲίξίι.</strong></span> <span class='ocrx_word' id='word_1_295' title='bbox 2246 2442 2353 2496; x_wconf 84' lang='lat'><strong>209</strong></span> <span class='ocrx_word' id='word_1_296' title='bbox 2379 2441 2657 2513; x_wconf 90' lang='lat' dir='ltr'><strong>Origenes</strong></span> <span class='ocrx_word' id='word_1_297' title='bbox 2707 2440 3064 2496; x_wconf 64' lang='lat' dir='ltr'><strong>Alexandriae</strong></span> <span class='ocrx_word' id='word_1_298' title='bbox 3115 2438 3334 2496; x_wconf 87' lang='lat' dir='ltr'><strong>studiis</strong></span> <span class='ocrx_word' id='word_1_299' title='bbox 3365 2440 3650 2498; x_wconf 87' lang='lat' dir='ltr'><strong>eruditur.</strong></span> <span class='ocrx_word' id='word_1_300' title='bbox 3696 2441 3822 2495; x_wconf 81' lang='lat' dir='ltr'><strong>Eas.</strong></span> 
     </span>
    </p>
   </div>
   <div class='ocr_carea' id='block_1_29' title="bbox 436 2506 2322 2584">
    <p class='ocr_par' dir='ltr' id='par_1_29' title="bbox 436 2506 2322 2584">
     <span class='ocr_line' id='line_1_29' title="bbox 436 2506 2322 2584; baseline -0.006 -12"><span class='ocrx_word' id='word_1_301' title='bbox 436 2514 529 2572; x_wconf 77' lang='lat' dir='ltr'><strong>l5</strong></span> <span class='ocrx_word' id='word_1_302' title='bbox 561 2512 734 2569; x_wconf 90' lang='lat' dir='ltr'><strong>annis</strong></span> <span class='ocrx_word' id='word_1_303' title='bbox 761 2528 817 2566; x_wconf 84' lang='lat' dir='ltr'><strong>x.</strong></span> <span class='ocrx_word' id='word_1_304' title='bbox 868 2511 994 2564; x_wconf 82' lang='lat' dir='ltr'><strong>Eus.</strong></span> <span class='ocrx_word' id='word_1_305' title='bbox 1042 2509 1097 2564; x_wconf 89' lang='lat' dir='ltr'><strong>h.</strong></span> <span class='ocrx_word' id='word_1_306' title='bbox 1145 2526 1199 2564; x_wconf 90' lang='lat' dir='ltr'><strong>a.</strong></span> <span class='ocrx_word' id='word_1_307' title='bbox 1247 2536 1313 2548; x_wconf 76' lang='grc' dir='ltr'><strong>-ο</strong></span> <span class='ocrx_word' id='word_1_308' title='bbox 1366 2507 1723 2564; x_wconf 91' lang='lat' dir='ltr'><strong>Pertinacem</strong></span> <span class='ocrx_word' id='word_1_309' title='bbox 1773 2506 1983 2564; x_wconf 91' lang='lat' dir='ltr'><strong>occidit</strong></span> <span class='ocrx_word' id='word_1_310' title='bbox 2008 2507 2067 2562; x_wconf 91' lang='lat' dir='ltr'><strong>in</strong></span> <span class='ocrx_word' id='word_1_311' title='bbox 2179 2529 2234 2584; x_wconf 34' lang='lat' dir='ltr'><strong>ho</strong></span> <span class='ocrx_word' id='word_1_312' title='bbox 2267 2548 2322 2584; x_wconf 44' lang='grc' dir='ltr'><strong>α.</strong></span> 
     </span>
    </p>
   </div>
   <div class='ocr_carea' id='block_1_30' title="bbox 428 2595 3799 2681">
    <p class='ocr_par' dir='ltr' id='par_1_30' title="bbox 428 2595 3799 2681">
     <span class='ocr_line' id='line_1_30' title="bbox 428 2595 3799 2681; baseline -0.004 -22"><span class='ocrx_word' id='word_1_313' title='bbox 428 2602 644 2676; x_wconf 88' lang='lat' dir='ltr'><strong>palatio</strong></span> <span class='ocrx_word' id='word_1_314' title='bbox 671 2599 943 2656; x_wconf 87' lang='lat' dir='ltr'><strong>Julianus</strong></span> <span class='ocrx_word' id='word_1_315' title='bbox 964 2597 1364 2669; x_wconf 79' lang='lat' dir='ltr'><strong>jurisperitus,</strong></span> <span class='ocrx_word' id='word_1_316' title='bbox 1396 2601 1452 2652; x_wconf 90' lang='lat' dir='ltr'><strong>et</strong></span> <span class='ocrx_word' id='word_1_317' title='bbox 1484 2596 1742 2669; x_wconf 87' lang='lat' dir='ltr'><strong>regnavit</strong></span> <span class='ocrx_word' id='word_1_318' title='bbox 1771 2612 1874 2668; x_wconf 92' lang='lat' dir='ltr'><strong>pro</strong></span> <span class='ocrx_word' id='word_1_319' title='bbox 1904 2613 1970 2651; x_wconf 94' lang='lat' dir='ltr'><strong>eo</strong></span> <span class='ocrx_word' id='word_1_320' title='bbox 1992 2613 2070 2651; x_wconf 86' lang='lat' dir='ltr'><strong>vn</strong></span> <span class='ocrx_word' id='word_1_321' title='bbox 2247 2619 2355 2673; x_wconf 71' lang='grc'><strong>210</strong></span> <span class='ocrx_word' id='word_1_322' title='bbox 2384 2618 2630 2673; x_wconf 66' lang='lat' dir='ltr'><strong>Severus</strong></span> <span class='ocrx_word' id='word_1_323' title='bbox 2663 2619 2719 2672; x_wconf 67' lang='lat' dir='ltr'><strong>in</strong></span> <span class='ocrx_word' id='word_1_324' title='bbox 2752 2617 3051 2673; x_wconf 58' lang='lat' dir='ltr'><strong>Britannia</strong></span> <span class='ocrx_word' id='word_1_325' title='bbox 3081 2595 3348 2672; x_wconf 43' lang='lat' dir='ltr'><strong>moritur.</strong></span> <span class='ocrx_word' id='word_1_326' title='bbox 3379 2618 3507 2672; x_wconf 46' lang='lat' dir='ltr'><strong>Eas.</strong></span> <span class='ocrx_word' id='word_1_327' title='bbox 3539 2633 3591 2672; x_wconf 46' lang='grc' dir='ltr'><strong>α.</strong></span> <span class='ocrx_word' id='word_1_328' title='bbox 3624 2615 3751 2672; x_wconf 47' lang='grc' dir='ltr'><strong>2η.</strong></span> <span class='ocrx_word' id='word_1_329' title='bbox 3789 2671 3799 2681; x_wconf 24' lang='grc' dir='ltr'><strong>ς</strong></span> 
     </span>
    </p>
   </div>
   <div class='ocr_carea' id='block_1_31' title="bbox 430 2688 2094 2777">
    <p class='ocr_par' dir='ltr' id='par_1_31' title="bbox 430 2688 1021 2748">
     <span class='ocr_line' id='line_1_31' title="bbox 430 2688 1021 2748; baseline -0.012 1"><span class='ocrx_word' id='word_1_330' title='bbox 430 2707 682 2748; x_wconf 88' lang='lat' dir='ltr'><strong>menses.</strong></span> <span class='ocrx_word' id='word_1_331' title='bbox 719 2695 848 2746; x_wconf 83' lang='lat' dir='ltr'><strong>Eas.</strong></span> <span class='ocrx_word' id='word_1_332' title='bbox 881 2688 935 2742; x_wconf 89' lang='lat' dir='ltr'><strong>h.</strong></span> <span class='ocrx_word' id='word_1_333' title='bbox 968 2705 1021 2743; x_wconf 90' lang='lat' dir='ltr'><strong>a.</strong></span> 
     </span>
    </p>
   </div>
   <div class='ocr_carea' id='block_1_32' title="bbox 2178 2688 3827 2777">
    <p class='ocr_par' dir='ltr' id='par_1_32' title="bbox 2247 2704 3827 2777">
     <span class='ocr_line' id='line_1_32' title="bbox 2247 2704 3827 2777; baseline -0.001 -16"><span class='ocrx_word' id='word_1_334' title='bbox 2247 2707 2342 2761; x_wconf 92' lang='grc'><strong>211</strong></span> <span class='ocrx_word' id='word_1_335' title='bbox 2382 2705 2700 2761; x_wconf 71' lang='lat' dir='ltr'><strong>Antiochia:</strong></span> <span class='ocrx_word' id='word_1_336' title='bbox 2730 2704 3098 2776; x_wconf 86' lang='lat' dir='ltr'><strong>Asclepiades</strong></span> <span class='ocrx_word' id='word_1_337' title='bbox 3129 2709 3206 2758; x_wconf 84' lang='lat' dir='ltr'><strong>1X</strong></span> <span class='ocrx_word' id='word_1_338' title='bbox 3247 2705 3562 2777; x_wconf 87' lang='lat' dir='ltr'><strong>episcopus</strong></span> <span class='ocrx_word' id='word_1_339' title='bbox 3593 2704 3827 2760; x_wconf 83' lang='lat' dir='ltr'><strong>ordina-</strong></span> 
     </span>
    </p>
   </div>
   <div class='ocr_carea' id='block_1_33' title="bbox 499 2791 3826 2866">
    <p class='ocr_par' dir='ltr' id='par_1_33' title="bbox 499 2791 3826 2866">
     <span class='ocr_line' id='line_1_33' title="bbox 499 2791 3826 2866; baseline -0.002 -11"><span class='ocrx_word' id='word_1_340' title='bbox 499 2799 602 2856; x_wconf 86' lang='grc'><strong>494</strong></span> <span class='ocrx_word' id='word_1_341' title='bbox 633 2797 879 2853; x_wconf 87' lang='lat' dir='ltr'><strong>Severus</strong></span> <span class='ocrx_word' id='word_1_342' title='bbox 911 2810 1118 2866; x_wconf 86' lang='lat' dir='ltr'><strong>genere</strong></span> <span class='ocrx_word' id='word_1_343' title='bbox 1138 2793 1272 2848; x_wconf 85' lang='lat' dir='ltr'><strong>Afer</strong></span> <span class='ocrx_word' id='word_1_344' title='bbox 1290 2791 1590 2847; x_wconf 87' lang='lat' dir='ltr'><strong>Julianum</strong></span> <span class='ocrx_word' id='word_1_345' title='bbox 1617 2792 1770 2863; x_wconf 90' lang='lat' dir='ltr'><strong>apud</strong></span> <span class='ocrx_word' id='word_1_346' title='bbox 1795 2791 2068 2847; x_wconf 89' lang='lat' dir='ltr'><strong>Molvium</strong></span> <span class='ocrx_word' id='word_1_347' title='bbox 2179 2800 2294 2850; x_wconf 89' lang='lat' dir='ltr'><strong>tur.</strong></span> <span class='ocrx_word' id='word_1_348' title='bbox 2322 2796 2456 2849; x_wconf 80' lang='lat' dir='ltr'><strong>Eas.</strong></span> <span class='ocrx_word' id='word_1_349' title='bbox 2480 2812 2531 2849; x_wconf 88' lang='lat' dir='ltr'><strong>a.</strong></span> <span class='ocrx_word' id='word_1_350' title='bbox 2557 2795 2661 2849; x_wconf 82' lang='grc'><strong>212</strong></span> <span class='ocrx_word' id='word_1_351' title='bbox 2683 2796 2768 2866; x_wconf 88' lang='lat' dir='ltr'><strong>(In</strong></span> <span class='ocrx_word' id='word_1_352' title='bbox 2790 2794 3311 2864; x_wconf 77' lang='lat' dir='ltr'><strong>marg.Antoninus</strong></span> <span class='ocrx_word' id='word_1_353' title='bbox 3341 2793 3515 2850; x_wconf 84' lang='lat' dir='ltr'><strong>XVIII</strong></span> <span class='ocrx_word' id='word_1_354' title='bbox 3537 2809 3674 2849; x_wconf 91' lang='lat' dir='ltr'><strong>ann.</strong></span> <span class='ocrx_word' id='word_1_355' title='bbox 3698 2794 3826 2865; x_wconf 84' lang='lat' dir='ltr'><strong>vn.)</strong></span> 
     </span>
    </p>
   </div>
   <div class='ocr_carea' id='block_1_34' title="bbox 429 2881 3828 2960">
    <p class='ocr_par' dir='ltr' id='par_1_34' title="bbox 429 2881 3828 2960">
     <span class='ocr_line' id='line_1_34' title="bbox 429 2881 3828 2960; baseline -0.002 -17"><span class='ocrx_word' id='word_1_356' title='bbox 429 2893 665 2960; x_wconf 88' lang='lat' dir='ltr'><strong>pontem</strong></span> <span class='ocrx_word' id='word_1_357' title='bbox 697 2885 1004 2951; x_wconf 77' lang='lat' dir='ltr'><strong>interiecit,</strong></span> <span class='ocrx_word' id='word_1_358' title='bbox 1037 2886 1096 2937; x_wconf 89' lang='lat' dir='ltr'><strong>et</strong></span> <span class='ocrx_word' id='word_1_359' title='bbox 1123 2883 1182 2936; x_wconf 91' lang='lat' dir='ltr'><strong>in</strong></span> <span class='ocrx_word' id='word_1_360' title='bbox 1215 2881 1492 2936; x_wconf 89' lang='lat' dir='ltr'><strong>honorem</strong></span> <span class='ocrx_word' id='word_1_361' title='bbox 1524 2881 1860 2946; x_wconf 89' lang='lat' dir='ltr'><strong>Pertinacis,</strong></span> <span class='ocrx_word' id='word_1_362' title='bbox 1895 2897 2070 2952; x_wconf 89' lang='lat' dir='ltr'><strong>quem</strong></span> <span class='ocrx_word' id='word_1_363' title='bbox 2248 2885 2355 2938; x_wconf 90' lang='lat'><strong>212</strong></span> <span class='ocrx_word' id='word_1_364' title='bbox 2379 2883 2699 2938; x_wconf 84' lang='lat' dir='ltr'><strong>Alexander</strong></span> <span class='ocrx_word' id='word_1_365' title='bbox 2731 2882 2923 2938; x_wconf 75' lang='lat' dir='ltr'><strong>XXXV</strong></span> <span class='ocrx_word' id='word_1_366' title='bbox 2953 2881 3486 2954; x_wconf 84' lang='lat' dir='ltr'><strong>Hierosolymorum</strong></span> <span class='ocrx_word' id='word_1_367' title='bbox 3516 2883 3828 2955; x_wconf 89' lang='lat' dir='ltr'><strong>episcopus</strong></span> 
     </span>
    </p>
   </div>
   <div class='ocr_carea' id='block_1_35' title="bbox 431 2968 3825 3043">
    <p class='ocr_par' dir='ltr' id='par_1_35' title="bbox 431 2968 3825 3043">
     <span class='ocr_line' id='line_1_35' title="bbox 431 2968 3825 3043; baseline -0.001 -13"><span class='ocrx_word' id='word_1_368' title='bbox 431 2977 584 3030; x_wconf 92' lang='lat' dir='ltr'><strong>idem</strong></span> <span class='ocrx_word' id='word_1_369' title='bbox 615 2973 886 3029; x_wconf 86' lang='lat' dir='ltr'><strong>Julianus</strong></span> <span class='ocrx_word' id='word_1_370' title='bbox 941 2970 1248 3036; x_wconf 89' lang='lat' dir='ltr'><strong>occiderat,</strong></span> <span class='ocrx_word' id='word_1_371' title='bbox 1284 2969 1641 3024; x_wconf 87' lang='lat' dir='ltr'><strong>Pertinacem</strong></span> <span class='ocrx_word' id='word_1_372' title='bbox 1675 2985 1736 3024; x_wconf 89' lang='lat' dir='ltr'><strong>se</strong></span> <span class='ocrx_word' id='word_1_373' title='bbox 1775 2968 2070 3042; x_wconf 86' lang='lat' dir='ltr'><strong>cognomi-</strong></span> <span class='ocrx_word' id='word_1_374' title='bbox 2179 2973 2482 3027; x_wconf 83' lang='lat' dir='ltr'><strong>ordinatur</strong></span> <span class='ocrx_word' id='word_1_375' title='bbox 2509 2971 2731 3026; x_wconf 86' lang='lat' dir='ltr'><strong>vivente</strong></span> <span class='ocrx_word' id='word_1_376' title='bbox 2764 2971 3056 3038; x_wconf 87' lang='lat' dir='ltr'><strong>Narcisso,</strong></span> <span class='ocrx_word' id='word_1_377' title='bbox 3103 2971 3215 3026; x_wconf 90' lang='lat' dir='ltr'><strong>Deo</strong></span> <span class='ocrx_word' id='word_1_378' title='bbox 3267 2988 3368 3043; x_wconf 86' lang='lat' dir='ltr'><strong>per</strong></span> <span class='ocrx_word' id='word_1_379' title='bbox 3395 2971 3825 3042; x_wconf 85' lang='lat' dir='ltr'><strong>visumjuben-</strong></span> 
     </span>
    </p>
   </div>
   <div class='ocr_carea' id='block_1_36' title="bbox 431 3057 2804 3134">
    <p class='ocr_par' dir='ltr' id='par_1_36' title="bbox 431 3057 2804 3134">
     <span class='ocr_line' id='line_1_36' title="bbox 431 3057 2804 3134; baseline -0.003 -15"><span class='ocrx_word' id='word_1_380' title='bbox 431 3063 558 3119; x_wconf 89' lang='lat' dir='ltr'><strong>nari</strong></span> <span class='ocrx_word' id='word_1_381' title='bbox 582 3062 783 3134; x_wconf 87' lang='lat' dir='ltr'><strong>jussit.</strong></span> <span class='ocrx_word' id='word_1_382' title='bbox 817 3062 941 3115; x_wconf 81' lang='lat' dir='ltr'><strong>Eas.</strong></span> <span class='ocrx_word' id='word_1_383' title='bbox 975 3061 1028 3113; x_wconf 88' lang='lat' dir='ltr'><strong>h.</strong></span> <span class='ocrx_word' id='word_1_384' title='bbox 1061 3075 1114 3114; x_wconf 88' lang='lat' dir='ltr'><strong>a.</strong></span> <span class='ocrx_word' id='word_1_385' title='bbox 1167 3059 1228 3112; x_wconf 87' lang='lat' dir='ltr'><strong>In</strong></span> <span class='ocrx_word' id='word_1_386' title='bbox 1268 3074 1444 3128; x_wconf 86' lang='lat' dir='ltr'><strong>marg.</strong></span> <span class='ocrx_word' id='word_1_387' title='bbox 1480 3057 1725 3113; x_wconf 82' lang='lat' dir='ltr'><strong>Severus</strong></span> <span class='ocrx_word' id='word_1_388' title='bbox 1757 3057 1898 3112; x_wconf 82' lang='lat' dir='ltr'><strong>XVII</strong></span> <span class='ocrx_word' id='word_1_389' title='bbox 1933 3073 2069 3112; x_wconf 90' lang='lat' dir='ltr'><strong>ann.</strong></span> <span class='ocrx_word' id='word_1_390' title='bbox 2181 3065 2236 3114; x_wconf 92' lang='lat' dir='ltr'><strong>te</strong></span> <span class='ocrx_word' id='word_1_391' title='bbox 2266 3058 2400 3128; x_wconf 80' lang='lat'><strong>(32).</strong></span> <span class='ocrx_word' id='word_1_392' title='bbox 2436 3059 2557 3113; x_wconf 87' lang='lat' dir='ltr'><strong>Eus.</strong></span> <span class='ocrx_word' id='word_1_393' title='bbox 2592 3075 2645 3112; x_wconf 88' lang='lat' dir='ltr'><strong>a.</strong></span> <span class='ocrx_word' id='word_1_394' title='bbox 2679 3059 2804 3113; x_wconf 85' lang='lat'><strong>213.</strong></span> 
     </span>
    </p>
   </div>
   <div class='ocr_carea' id='block_1_37' title="bbox 429 3145 3821 3219">
    <p class='ocr_par' dir='ltr' id='par_1_37' title="bbox 429 3145 3821 3219">
     <span class='ocr_line' id='line_1_37' title="bbox 429 3145 3821 3219; baseline -0.001 -12"><span class='ocrx_word' id='word_1_395' title='bbox 429 3169 565 3208; x_wconf 84' lang='lat' dir='ltr'><strong>xvu.</strong></span> <span class='ocrx_word' id='word_1_396' title='bbox 2251 3147 2356 3200; x_wconf 85' lang='lat'><strong>213</strong></span> <span class='ocrx_word' id='word_1_397' title='bbox 2402 3147 2729 3202; x_wconf 83' lang='lat' dir='ltr'><strong>Antoninus</strong></span> <span class='ocrx_word' id='word_1_398' title='bbox 2760 3145 3056 3202; x_wconf 86' lang='lat' dir='ltr'><strong>Caracalla</strong></span> <span class='ocrx_word' id='word_1_399' title='bbox 3103 3151 3335 3219; x_wconf 90' lang='lat' dir='ltr'><strong>propter</strong></span> <span class='ocrx_word' id='word_1_400' title='bbox 3386 3163 3573 3219; x_wconf 89' lang='lat' dir='ltr'><strong>genus</strong></span> <span class='ocrx_word' id='word_1_401' title='bbox 3623 3147 3821 3215; x_wconf 83' lang='lat' dir='ltr'><strong>vestis,</strong></span> 
     </span>
    </p>
   </div>
   <div class='ocr_carea' id='block_1_38' title="bbox 501 3221 3818 3310">
    <p class='ocr_par' dir='ltr' id='par_1_38' title="bbox 501 3221 3818 3310">
     <span class='ocr_line' id='line_1_38' title="bbox 501 3221 3818 3310; baseline -0.002 -14"><span class='ocrx_word' id='word_1_402' title='bbox 501 3241 604 3296; x_wconf 88' lang='lat'><strong>196</strong></span> <span class='ocrx_word' id='word_1_403' title='bbox 628 3239 744 3295; x_wconf 84' lang='lat' dir='ltr'><strong>Hoc</strong></span> <span class='ocrx_word' id='word_1_404' title='bbox 766 3243 1027 3310; x_wconf 87' lang='lat' dir='ltr'><strong>tempore</strong></span> <span class='ocrx_word' id='word_1_405' title='bbox 1049 3235 1378 3291; x_wconf 76' lang='lat' dir='ltr'><strong>Narcissus.</strong></span> <span class='ocrx_word' id='word_1_406' title='bbox 1403 3233 1932 3306; x_wconf 85' lang='lat' dir='ltr'><strong>Hierosolymorum</strong></span> <span class='ocrx_word' id='word_1_407' title='bbox 1956 3234 2071 3306; x_wconf 89' lang='lat' dir='ltr'><strong>epi-</strong></span> <span class='ocrx_word' id='word_1_408' title='bbox 2100 3221 2143 3287; x_wconf 87' lang='lat' dir='ltr'>C</span> <span class='ocrx_word' id='word_1_409' title='bbox 2181 3236 2334 3307; x_wconf 90' lang='lat' dir='ltr'><strong>quod</strong></span> <span class='ocrx_word' id='word_1_410' title='bbox 2367 3235 2563 3290; x_wconf 67' lang='lat' dir='ltr'><strong>Romae</strong></span> <span class='ocrx_word' id='word_1_411' title='bbox 2591 3236 2888 3306; x_wconf 90' lang='lat' dir='ltr'><strong>erogabat,</strong></span> <span class='ocrx_word' id='word_1_412' title='bbox 2931 3236 3381 3308; x_wconf 88' lang='lat' dir='ltr'><strong>cognominatur</strong></span> <span class='ocrx_word' id='word_1_413' title='bbox 3410 3237 3544 3307; x_wconf 90' lang='lat'><strong>(33).</strong></span> <span class='ocrx_word' id='word_1_414' title='bbox 3594 3237 3718 3292; x_wconf 89' lang='lat' dir='ltr'><strong>Eus.</strong></span> <span class='ocrx_word' id='word_1_415' title='bbox 3762 3253 3818 3290; x_wconf 90' lang='lat' dir='ltr'><strong>a.</strong></span> 
     </span>
    </p>
   </div>
   <div class='ocr_carea' id='block_1_39' title="bbox 429 3323 3043 3401">
    <p class='ocr_par' dir='ltr' id='par_1_39' title="bbox 429 3323 3043 3401">
     <span class='ocr_line' id='line_1_39' title="bbox 429 3323 3043 3401; baseline -0.003 -15"><span class='ocrx_word' id='word_1_416' title='bbox 429 3346 665 3401; x_wconf 84' lang='lat' dir='ltr'><strong>scopus,</strong></span> <span class='ocrx_word' id='word_1_417' title='bbox 695 3333 755 3383; x_wconf 88' lang='lat' dir='ltr'><strong>et</strong></span> <span class='ocrx_word' id='word_1_418' title='bbox 781 3324 1139 3394; x_wconf 87' lang='lat' dir='ltr'><strong>Theophilus</strong></span> <span class='ocrx_word' id='word_1_419' title='bbox 1169 3323 1541 3378; x_wconf 64' lang='lat' dir='ltr'><strong>Caesariensis</strong></span> <span class='ocrx_word' id='word_1_420' title='bbox 1561 3323 1908 3394; x_wconf 86' lang='lat' dir='ltr'><strong>Polycarpus</strong></span> <span class='ocrx_word' id='word_1_421' title='bbox 1937 3323 2074 3394; x_wconf 88' lang='lat'><strong>(31.)</strong></span> <span class='ocrx_word' id='word_1_422' title='bbox 2182 3328 2284 3380; x_wconf 71' lang='grc'><strong>214</strong></span> <span class='ocrx_word' id='word_1_423' title='bbox 2312 3342 2326 3390; x_wconf 89' lang='grc'>;</span> <span class='ocrx_word' id='word_1_424' title='bbox 2359 3324 2506 3379; x_wconf 73' lang='lat' dir='ltr'><strong>Sext.</strong></span> <span class='ocrx_word' id='word_1_425' title='bbox 2540 3326 2673 3379; x_wconf 86' lang='lat' dir='ltr'><strong>Aur.</strong></span> <span class='ocrx_word' id='word_1_426' title='bbox 2709 3324 2838 3379; x_wconf 83' lang='lat' dir='ltr'><strong>Vict.</strong></span> <span class='ocrx_word' id='word_1_427' title='bbox 2870 3341 2922 3378; x_wconf 91' lang='lat' dir='ltr'><strong>a.</strong></span> <span class='ocrx_word' id='word_1_428' title='bbox 2952 3341 3043 3397; x_wconf 81' lang='lat' dir='ltr'><strong>pr.</strong></span> 
     </span>
    </p>
   </div>
   <div class='ocr_carea' id='block_1_40' title="bbox 1475 3419 2784 3476">
    <p class='ocr_par' dir='ltr' id='par_1_40' title="bbox 1475 3419 2784 3476">
     <span class='ocr_line' id='line_1_40' title="bbox 1475 3419 2784 3476; baseline 0.001 -1"><span class='ocrx_word' id='word_1_429' title='bbox 1475 3419 1945 3475; x_wconf 82' lang='lat' dir='ltr'><strong>COMPENDIUM</strong></span> <span class='ocrx_word' id='word_1_430' title='bbox 1987 3420 2077 3476; x_wconf 81' lang='lat' dir='ltr'><strong>EX</strong></span> <span class='ocrx_word' id='word_1_431' title='bbox 2117 3421 2370 3476; x_wconf 87' lang='lat' dir='ltr'><strong>CODlCE</strong></span> <span class='ocrx_word' id='word_1_432' title='bbox 2409 3420 2784 3476; x_wconf 83' lang='lat' dir='ltr'><strong>BERNOLDI.</strong></span> 
     </span>
    </p>
   </div>
   <div class='ocr_carea' id='block_1_41' title="bbox 502 3517 3342 3592">
    <p class='ocr_par' dir='ltr' id='par_1_41' title="bbox 502 3517 3342 3592">
     <span class='ocr_line' id='line_1_41' title="bbox 502 3517 3342 3592; baseline -0.001 -14"><span class='ocrx_word' id='word_1_433' title='bbox 502 3523 609 3578; x_wconf 72' lang='lat'><strong>181</strong></span> <span class='ocrx_word' id='word_1_434' title='bbox 639 3523 743 3577; x_wconf 85' lang='lat' dir='ltr'><strong>Hoc</strong></span> <span class='ocrx_word' id='word_1_435' title='bbox 763 3528 998 3591; x_wconf 87' lang='lat' dir='ltr'><strong>tempore</strong></span> <span class='ocrx_word' id='word_1_436' title='bbox 1028 3519 1363 3584; x_wconf 85' lang='lat' dir='ltr'><strong>Panthenus,</strong></span> <span class='ocrx_word' id='word_1_437' title='bbox 1397 3521 1481 3571; x_wconf 90' lang='lat' dir='ltr'><strong>ut.</strong></span> <span class='ocrx_word' id='word_1_438' title='bbox 1514 3523 1582 3572; x_wconf 83' lang='lat' dir='ltr'><strong>A.</strong></span> <span class='ocrx_word' id='word_1_439' title='bbox 1617 3534 1711 3572; x_wconf 90' lang='lat' dir='ltr'><strong>an.</strong></span> <span class='ocrx_word' id='word_1_440' title='bbox 1742 3518 1866 3572; x_wconf 87' lang='grc'><strong>482.</strong></span> <span class='ocrx_word' id='word_1_441' title='bbox 2254 3518 2357 3573; x_wconf 88' lang='grc'><strong>499</strong></span> <span class='ocrx_word' id='word_1_442' title='bbox 2386 3517 2695 3584; x_wconf 70' lang='lat' dir='ltr'><strong>Iudaicum,</strong></span> <span class='ocrx_word' id='word_1_443' title='bbox 2728 3522 2866 3585; x_wconf 89' lang='lat' dir='ltr'><strong>etc.,</strong></span> <span class='ocrx_word' id='word_1_444' title='bbox 2896 3521 2962 3574; x_wconf 89' lang='lat' dir='ltr'><strong>ut</strong></span> <span class='ocrx_word' id='word_1_445' title='bbox 2993 3520 3132 3592; x_wconf 83' lang='lat' dir='ltr'><strong>Aug.</strong></span> <span class='ocrx_word' id='word_1_446' title='bbox 3169 3535 3221 3575; x_wconf 91' lang='lat' dir='ltr'><strong>a.</strong></span> <span class='ocrx_word' id='word_1_447' title='bbox 3254 3536 3342 3591; x_wconf 87' lang='lat' dir='ltr'><strong>pr.</strong></span> 
     </span>
    </p>
   </div>
   <div class='ocr_carea' id='block_1_42' title="bbox 505 3606 3550 3680">
    <p class='ocr_par' dir='ltr' id='par_1_42' title="bbox 505 3606 3550 3680">
     <span class='ocr_line' id='line_1_42' title="bbox 505 3606 3550 3680; baseline -0.001 -15"><span class='ocrx_word' id='word_1_448' title='bbox 505 3611 606 3666; x_wconf 85' lang='lat'><strong>186</strong></span> <span class='ocrx_word' id='word_1_449' title='bbox 635 3608 1064 3675; x_wconf 67' lang='lat' dir='ltr'><strong>Commodianw,</strong></span> <span class='ocrx_word' id='word_1_450' title='bbox 1097 3613 1232 3673; x_wconf 88' lang='lat' dir='ltr'><strong>etc.,</strong></span> <span class='ocrx_word' id='word_1_451' title='bbox 1267 3611 1350 3661; x_wconf 92' lang='lat' dir='ltr'><strong>ut.</strong></span> <span class='ocrx_word' id='word_1_452' title='bbox 1384 3608 1429 3660; x_wconf 89' lang='lat' dir='ltr'><strong>A</strong></span> <span class='ocrx_word' id='word_1_453' title='bbox 1461 3622 1556 3660; x_wconf 89' lang='lat' dir='ltr'><strong>an.</strong></span> <span class='ocrx_word' id='word_1_454' title='bbox 1591 3607 1714 3660; x_wconf 91' lang='lat'><strong>183.</strong></span> <span class='ocrx_word' id='word_1_455' title='bbox 2252 3609 2358 3660; x_wconf 88' lang='lat'><strong>200</strong></span> <span class='ocrx_word' id='word_1_456' title='bbox 2386 3606 2616 3660; x_wconf 83' lang='lat' dir='ltr'><strong>Severus</strong></span> <span class='ocrx_word' id='word_1_457' title='bbox 2645 3607 2898 3673; x_wconf 84' lang='lat' dir='ltr'><strong>Parthos,</strong></span> <span class='ocrx_word' id='word_1_458' title='bbox 2933 3611 3068 3674; x_wconf 90' lang='lat' dir='ltr'><strong>etc.,</strong></span> <span class='ocrx_word' id='word_1_459' title='bbox 3102 3613 3166 3663; x_wconf 91' lang='lat' dir='ltr'><strong>ut</strong></span> <span class='ocrx_word' id='word_1_460' title='bbox 3194 3613 3344 3680; x_wconf 86' lang='lat' dir='ltr'><strong>Aug.</strong></span> <span class='ocrx_word' id='word_1_461' title='bbox 3376 3624 3428 3663; x_wconf 90' lang='lat' dir='ltr'><strong>a.</strong></span> <span class='ocrx_word' id='word_1_462' title='bbox 3462 3624 3550 3679; x_wconf 87' lang='lat' dir='ltr'><strong>pr.</strong></span> 
     </span>
    </p>
   </div>
   <div class='ocr_carea' id='block_1_43' title="bbox 504 3693 3831 3769">
    <p class='ocr_par' dir='ltr' id='par_1_43' title="bbox 504 3693 3831 3769">
     <span class='ocr_line' id='line_1_43' title="bbox 504 3693 3831 3769; baseline -0.001 -16"><span class='ocrx_word' id='word_1_463' title='bbox 504 3699 607 3754; x_wconf 91' lang='lat'><strong>187</strong></span> <span class='ocrx_word' id='word_1_464' title='bbox 639 3699 913 3769; x_wconf 87' lang='lat' dir='ltr'><strong>Origenes,</strong></span> <span class='ocrx_word' id='word_1_465' title='bbox 943 3700 1076 3760; x_wconf 89' lang='lat' dir='ltr'><strong>etc.,</strong></span> <span class='ocrx_word' id='word_1_466' title='bbox 1109 3700 1191 3751; x_wconf 89' lang='lat' dir='ltr'><strong>ut.</strong></span> <span class='ocrx_word' id='word_1_467' title='bbox 1225 3697 1290 3749; x_wconf 91' lang='lat' dir='ltr'><strong>A.</strong></span> <span class='ocrx_word' id='word_1_468' title='bbox 1330 3709 1423 3750; x_wconf 91' lang='lat' dir='ltr'><strong>an.</strong></span> <span class='ocrx_word' id='word_1_469' title='bbox 1458 3693 1582 3749; x_wconf 88' lang='lat'><strong>185.</strong></span> <span class='ocrx_word' id='word_1_470' title='bbox 2254 3697 2360 3746; x_wconf 85' lang='grc'>202</span> <span class='ocrx_word' id='word_1_471' title='bbox 2393 3694 2639 3751; x_wconf 73' lang='lat' dir='ltr'><strong>Ther-mae</strong></span> <span class='ocrx_word' id='word_1_472' title='bbox 2675 3695 3008 3762; x_wconf 75' lang='lat' dir='ltr'><strong>Severianae,</strong></span> <span class='ocrx_word' id='word_1_473' title='bbox 3056 3700 3188 3762; x_wconf 88' lang='lat' dir='ltr'><strong>etc.,</strong></span> <span class='ocrx_word' id='word_1_474' title='bbox 3240 3701 3306 3750; x_wconf 92' lang='lat' dir='ltr'><strong>ut</strong></span> <span class='ocrx_word' id='word_1_475' title='bbox 3352 3698 3500 3767; x_wconf 88' lang='lat' dir='ltr'><strong>Aug.</strong></span> <span class='ocrx_word' id='word_1_476' title='bbox 3535 3713 3587 3751; x_wconf 93' lang='lat' dir='ltr'><strong>a.</strong></span> <span class='ocrx_word' id='word_1_477' title='bbox 3641 3711 3728 3767; x_wconf 90' lang='lat' dir='ltr'><strong>pr.</strong></span> <span class='ocrx_word' id='word_1_478' title='bbox 3763 3725 3831 3736; x_wconf 89' lang='lat'><strong><em>—</em></strong></span> 
     </span>
    </p>
   </div>
   <div class='ocr_carea' id='block_1_44' title="bbox 501 3783 3508 3858">
    <p class='ocr_par' dir='ltr' id='par_1_44' title="bbox 501 3783 3508 3858">
     <span class='ocr_line' id='line_1_44' title="bbox 501 3783 3508 3858; baseline -0.001 -15"><span class='ocrx_word' id='word_1_479' title='bbox 501 3788 607 3843; x_wconf 90' lang='lat'><strong>188</strong></span> <span class='ocrx_word' id='word_1_480' title='bbox 637 3788 743 3843; x_wconf 83' lang='lat' dir='ltr'><strong>Hoc</strong></span> <span class='ocrx_word' id='word_1_481' title='bbox 769 3791 1008 3858; x_wconf 83' lang='lat' dir='ltr'><strong>tempore</strong></span> <span class='ocrx_word' id='word_1_482' title='bbox 1035 3786 1337 3851; x_wconf 78' lang='lat' dir='ltr'><strong>Montanus,</strong></span> <span class='ocrx_word' id='word_1_483' title='bbox 1369 3787 1505 3849; x_wconf 89' lang='lat' dir='ltr'><strong>etc.,</strong></span> <span class='ocrx_word' id='word_1_484' title='bbox 1540 3787 1621 3837; x_wconf 93' lang='lat' dir='ltr'><strong>ut.</strong></span> <span class='ocrx_word' id='word_1_485' title='bbox 1651 3786 1714 3838; x_wconf 89' lang='lat' dir='ltr'><strong>A.</strong></span> <span class='ocrx_word' id='word_1_486' title='bbox 1749 3800 1841 3837; x_wconf 91' lang='lat' dir='ltr'><strong>an.</strong></span> <span class='ocrx_word' id='word_1_487' title='bbox 1879 3783 2002 3838; x_wconf 73' lang='lat'><strong>136.</strong></span> <span class='ocrx_word' id='word_1_488' title='bbox 2190 3785 2362 3838; x_wconf 83' lang='lat' dir='ltr'><strong>l&#39;ictor</strong></span> <span class='ocrx_word' id='word_1_489' title='bbox 2393 3799 2534 3854; x_wconf 89' lang='lat' dir='ltr'><strong>papa</strong></span> <span class='ocrx_word' id='word_1_490' title='bbox 2561 3785 2960 3855; x_wconf 76' lang='lat' dir='ltr'><strong>martyrimtus</strong></span> <span class='ocrx_word' id='word_1_491' title='bbox 2984 3794 3062 3839; x_wconf 90' lang='lat' dir='ltr'><strong>est</strong></span> <span class='ocrx_word' id='word_1_492' title='bbox 3093 3801 3173 3839; x_wconf 83' lang='lat' dir='ltr'><strong>xu</strong></span> <span class='ocrx_word' id='word_1_493' title='bbox 3207 3785 3324 3840; x_wconf 86' lang='lat' dir='ltr'><strong>Kal.</strong></span> <span class='ocrx_word' id='word_1_494' title='bbox 3355 3785 3508 3839; x_wconf 77' lang='lat' dir='ltr'><strong>Maii.</strong></span> 
     </span>
    </p>
   </div>
   <div class='ocr_carea' id='block_1_45' title="bbox 504 3871 3836 3946">
    <p class='ocr_par' dir='ltr' id='par_1_45' title="bbox 504 3871 3836 3946">
     <span class='ocr_line' id='line_1_45' title="bbox 504 3871 3836 3946; baseline -0.001 -15"><span class='ocrx_word' id='word_1_495' title='bbox 504 3877 608 3932; x_wconf 91' lang='lat'><strong>189</strong></span> <span class='ocrx_word' id='word_1_496' title='bbox 636 3878 874 3932; x_wconf 79' lang='lat' dir='ltr'><strong>Irenaeus</strong></span> <span class='ocrx_word' id='word_1_497' title='bbox 905 3873 1278 3946; x_wconf 75' lang='lat' dir='ltr'><strong>Lugdunensis</strong></span> <span class='ocrx_word' id='word_1_498' title='bbox 1317 3873 1598 3944; x_wconf 83' lang='lat' dir='ltr'><strong>episcOpus</strong></span> <span class='ocrx_word' id='word_1_499' title='bbox 1626 3880 1677 3926; x_wconf 89' lang='lat' dir='ltr'><strong>et</strong></span> <span class='ocrx_word' id='word_1_500' title='bbox 1707 3873 1813 3926; x_wconf 88' lang='lat' dir='ltr'><strong>alii</strong></span> <span class='ocrx_word' id='word_1_501' title='bbox 1835 3871 2075 3926; x_wconf 86' lang='lat' dir='ltr'><strong>doctores</strong></span> <span class='ocrx_word' id='word_1_502' title='bbox 2253 3872 2360 3925; x_wconf 90' lang='lat'><strong>203</strong></span> <span class='ocrx_word' id='word_1_503' title='bbox 2395 3872 2735 3942; x_wconf 86' lang='lat' dir='ltr'><strong>Zephyrinus</strong></span> <span class='ocrx_word' id='word_1_504' title='bbox 2772 3887 2918 3943; x_wconf 87' lang='lat' dir='ltr'><strong>papa</strong></span> <span class='ocrx_word' id='word_1_505' title='bbox 2966 3873 3094 3938; x_wconf 80' lang='lat' dir='ltr'><strong>XIV,</strong></span> <span class='ocrx_word' id='word_1_506' title='bbox 3142 3873 3278 3928; x_wconf 85' lang='lat' dir='ltr'><strong>sedit</strong></span> <span class='ocrx_word' id='word_1_507' title='bbox 3327 3875 3495 3928; x_wconf 86' lang='lat' dir='ltr'><strong>annis</strong></span> <span class='ocrx_word' id='word_1_508' title='bbox 3522 3889 3702 3939; x_wconf 81' lang='lat' dir='ltr'><strong>xvm;</strong></span> <span class='ocrx_word' id='word_1_509' title='bbox 3735 3873 3836 3944; x_wconf 91' lang='lat' dir='ltr'><strong>qui</strong></span> 
     </span>
    </p>
   </div>
   <div class='ocr_carea' id='block_1_46' title="bbox 429 3960 2863 4032">
    <p class='ocr_par' dir='ltr' id='par_1_46' title="bbox 429 3960 2863 4032">
     <span class='ocr_line' id='line_1_46' title="bbox 429 3960 2863 4032; baseline -0.002 -12"><span class='ocrx_word' id='word_1_510' title='bbox 429 3964 765 4020; x_wconf 73' lang='lat' dir='ltr'><strong>claruerunt.</strong></span> <span class='ocrx_word' id='word_1_511' title='bbox 2185 3960 2426 4016; x_wconf 77' lang='lat' dir='ltr'><strong>discessit</strong></span> <span class='ocrx_word' id='word_1_512' title='bbox 2456 3978 2534 4014; x_wconf 82' lang='lat' dir='ltr'><strong>vn</strong></span> <span class='ocrx_word' id='word_1_513' title='bbox 2569 3962 2686 4016; x_wconf 86' lang='lat' dir='ltr'><strong>Kal.</strong></span> <span class='ocrx_word' id='word_1_514' title='bbox 2721 3961 2863 4032; x_wconf 85' lang='lat' dir='ltr'><strong>Sept.</strong></span> 
     </span>
    </p>
   </div>
   <div class='ocr_carea' id='block_1_47' title="bbox 501 4050 3833 4124">
    <p class='ocr_par' dir='ltr' id='par_1_47' title="bbox 501 4050 3833 4124">
     <span class='ocr_line' id='line_1_47' title="bbox 501 4050 3833 4124; baseline -0 -17"><span class='ocrx_word' id='word_1_515' title='bbox 501 4053 606 4107; x_wconf 91' lang='lat'><strong>190</strong></span> <span class='ocrx_word' id='word_1_516' title='bbox 633 4053 987 4124; x_wconf 78' lang='lat' dir='ltr'><strong>Capitolium,</strong></span> <span class='ocrx_word' id='word_1_517' title='bbox 1021 4054 1104 4106; x_wconf 89' lang='lat' dir='ltr'><strong>ut.</strong></span> <span class='ocrx_word' id='word_1_518' title='bbox 1137 4053 1201 4104; x_wconf 84' lang='lat' dir='ltr'><strong>A.</strong></span> <span class='ocrx_word' id='word_1_519' title='bbox 1236 4066 1330 4104; x_wconf 90' lang='lat' dir='ltr'><strong>an.</strong></span> <span class='ocrx_word' id='word_1_520' title='bbox 1365 4050 1488 4103; x_wconf 92' lang='lat'><strong>188.</strong></span> <span class='ocrx_word' id='word_1_521' title='bbox 2257 4051 2361 4103; x_wconf 84' lang='grc'><strong>204</strong></span> <span class='ocrx_word' id='word_1_522' title='bbox 2391 4050 2619 4105; x_wconf 79' lang='lat' dir='ltr'><strong>Severus</strong></span> <span class='ocrx_word' id='word_1_523' title='bbox 2660 4051 2852 4121; x_wconf 87' lang='lat' dir='ltr'><strong>quinta</strong></span> <span class='ocrx_word' id='word_1_524' title='bbox 2894 4053 3289 4122; x_wconf 83' lang='lat' dir='ltr'><strong>persecutione,</strong></span> <span class='ocrx_word' id='word_1_525' title='bbox 3336 4056 3471 4117; x_wconf 85' lang='lat' dir='ltr'><strong>etc.,</strong></span> <span class='ocrx_word' id='word_1_526' title='bbox 3503 4055 3566 4107; x_wconf 90' lang='lat' dir='ltr'><strong>ut</strong></span> <span class='ocrx_word' id='word_1_527' title='bbox 3598 4055 3744 4124; x_wconf 82' lang='lat' dir='ltr'><strong>Aug.</strong></span> <span class='ocrx_word' id='word_1_528' title='bbox 3779 4067 3833 4106; x_wconf 86' lang='lat' dir='ltr'><strong>a.</strong></span> 
     </span>
    </p>
   </div>
   <div class='ocr_carea' id='block_1_48' title="bbox 507 4136 2276 4210">
    <p class='ocr_par' dir='ltr' id='par_1_48' title="bbox 507 4136 2276 4210">
     <span class='ocr_line' id='line_1_48' title="bbox 507 4136 2276 4210; baseline 0 -17"><span class='ocrx_word' id='word_1_529' title='bbox 507 4141 598 4196; x_wconf 89' lang='grc'><strong>191</strong></span> <span class='ocrx_word' id='word_1_530' title='bbox 640 4140 958 4197; x_wconf 85' lang='lat' dir='ltr'><strong>Commodus</strong></span> <span class='ocrx_word' id='word_1_531' title='bbox 993 4139 1211 4204; x_wconf 84' lang='lat' dir='ltr'><strong>Colossi,</strong></span> <span class='ocrx_word' id='word_1_532' title='bbox 1242 4141 1376 4204; x_wconf 87' lang='lat' dir='ltr'><strong>etc.,</strong></span> <span class='ocrx_word' id='word_1_533' title='bbox 1428 4141 1494 4191; x_wconf 92' lang='lat' dir='ltr'><strong>ut</strong></span> <span class='ocrx_word' id='word_1_534' title='bbox 1526 4138 1589 4191; x_wconf 86' lang='lat' dir='ltr'><strong>A.</strong></span> <span class='ocrx_word' id='word_1_535' title='bbox 1624 4154 1676 4192; x_wconf 91' lang='lat' dir='ltr'><strong>a.</strong></span> <span class='ocrx_word' id='word_1_536' title='bbox 1711 4136 1832 4192; x_wconf 90' lang='lat'><strong>189.</strong></span> <span class='ocrx_word' id='word_1_537' title='bbox 1887 4167 1952 4177; x_wconf 92' lang='lat'><strong><em>—</em></strong></span> <span class='ocrx_word' id='word_1_538' title='bbox 1994 4139 2076 4192; x_wconf 83' lang='lat' dir='ltr'><strong>Vi-</strong></span> <span class='ocrx_word' id='word_1_539' title='bbox 2190 4154 2276 4210; x_wconf 94' lang='lat' dir='ltr'><strong>pr.</strong></span> 
     </span>
    </p>
   </div>
   <div class='ocr_carea' id='block_1_49' title="bbox 432 4225 3323 4332">
    <p class='ocr_par' dir='ltr' id='par_1_49' title="bbox 432 4225 3323 4332">
     <span class='ocr_line' id='line_1_49' title="bbox 432 4225 3323 4332; baseline 0 -49"><span class='ocrx_word' id='word_1_540' title='bbox 432 4233 548 4332; x_wconf 71' lang='lat' dir='ltr'><strong>etor</strong></span> <span class='ocrx_word' id='word_1_541' title='bbox 743 4231 861 4330; x_wconf 69' lang='lat' dir='ltr'><strong>Xlll</strong></span> <span class='ocrx_word' id='word_1_542' title='bbox 886 4229 1024 4284; x_wconf 89' lang='lat' dir='ltr'><strong>sedit</strong></span> <span class='ocrx_word' id='word_1_543' title='bbox 1070 4227 1234 4327; x_wconf 75' lang='lat' dir='ltr'><strong>annis</strong></span> <span class='ocrx_word' id='word_1_544' title='bbox 1261 4241 1337 4280; x_wconf 73' lang='grc' dir='ltr'><strong>χι.</strong></span> <span class='ocrx_word' id='word_1_545' title='bbox 1370 4255 1440 4266; x_wconf 88' lang='grc'><strong>--</strong></span> <span class='ocrx_word' id='word_1_546' title='bbox 1489 4225 1838 4281; x_wconf 70' lang='lat' dir='ltr'><strong>Alexandriae</strong></span> <span class='ocrx_word' id='word_1_547' title='bbox 1887 4227 2076 4326; x_wconf 81' lang='lat' dir='ltr'><strong>Deme-</strong></span> <span class='ocrx_word' id='word_1_548' title='bbox 2119 4268 2160 4332; x_wconf 82' lang='lat' dir='ltr'>D</span> <span class='ocrx_word' id='word_1_549' title='bbox 2395 4227 2683 4332; x_wconf 49' lang='lat' dir='ltr'><strong>ferp‘etua,</strong></span> <span class='ocrx_word' id='word_1_550' title='bbox 2714 4229 2848 4332; x_wconf 51' lang='lat' dir='ltr'><strong>etc:</strong></span> <span class='ocrx_word' id='word_1_551' title='bbox 2882 4230 2947 4282; x_wconf 91' lang='lat' dir='ltr'><strong>ut</strong></span> <span class='ocrx_word' id='word_1_552' title='bbox 2969 4228 3116 4332; x_wconf 82' lang='lat' dir='ltr'><strong>Aug.</strong></span> <span class='ocrx_word' id='word_1_553' title='bbox 3149 4245 3201 4283; x_wconf 91' lang='lat' dir='ltr'><strong>a.</strong></span> <span class='ocrx_word' id='word_1_554' title='bbox 3235 4245 3323 4332; x_wconf 82' lang='lat' dir='ltr'><strong>pr.</strong></span> 
     </span>
    </p>
   </div>
   <div class='ocr_carea' id='block_1_50' title="bbox 440 4315 3832 4390">
    <p class='ocr_par' dir='ltr' id='par_1_50' title="bbox 440 4315 3832 4390">
     <span class='ocr_line' id='line_1_50' title="bbox 440 4315 3832 4390; baseline 0 -18"><span class='ocrx_word' id='word_1_555' title='bbox 440 4320 582 4374; x_wconf 86' lang='lat' dir='ltr'><strong>trius</strong></span> <span class='ocrx_word' id='word_1_556' title='bbox 606 4321 671 4374; x_wconf 78' lang='lat' dir='ltr'><strong><em>XI</em></strong></span> <span class='ocrx_word' id='word_1_557' title='bbox 696 4321 976 4390; x_wconf 86' lang='lat' dir='ltr'><strong>episcopus</strong></span> <span class='ocrx_word' id='word_1_558' title='bbox 1005 4317 1168 4371; x_wconf 87' lang='lat' dir='ltr'><strong>annis</strong></span> <span class='ocrx_word' id='word_1_559' title='bbox 1196 4330 1356 4369; x_wconf 78' lang='lat' dir='ltr'><strong>mu.</strong></span> <span class='ocrx_word' id='word_1_560' title='bbox 1896 4324 1898 4326; x_wconf 77' lang='lat'><strong>&#39;</strong></span> <span class='ocrx_word' id='word_1_561' title='bbox 2121 4315 2158 4332; x_wconf 74' lang='grc' dir='ltr'><strong>ν</strong></span> <span class='ocrx_word' id='word_1_562' title='bbox 2260 4317 2363 4368; x_wconf 85' lang='grc'>207</span> <span class='ocrx_word' id='word_1_563' title='bbox 2393 4317 2498 4371; x_wconf 81' lang='lat' dir='ltr'><strong>Hoc</strong></span> <span class='ocrx_word' id='word_1_564' title='bbox 2523 4319 2762 4387; x_wconf 85' lang='lat' dir='ltr'><strong>tempore</strong></span> <span class='ocrx_word' id='word_1_565' title='bbox 2803 4315 3179 4388; x_wconf 82' lang='lat' dir='ltr'><strong>Symmachus,</strong></span> <span class='ocrx_word' id='word_1_566' title='bbox 3211 4321 3346 4387; x_wconf 90' lang='lat' dir='ltr'><strong>etc.,</strong></span> <span class='ocrx_word' id='word_1_567' title='bbox 3378 4321 3444 4374; x_wconf 91' lang='lat' dir='ltr'><strong>ut</strong></span> <span class='ocrx_word' id='word_1_568' title='bbox 3474 4322 3621 4390; x_wconf 86' lang='lat' dir='ltr'><strong>Aug.</strong></span> <span class='ocrx_word' id='word_1_569' title='bbox 3655 4335 3708 4372; x_wconf 90' lang='lat' dir='ltr'><strong>a.</strong></span> <span class='ocrx_word' id='word_1_570' title='bbox 3743 4333 3832 4390; x_wconf 90' lang='lat' dir='ltr'><strong>pr.</strong></span> 
     </span>
    </p>
   </div>
   <div class='ocr_carea' id='block_1_51' title="bbox 509 4403 3530 4478">
    <p class='ocr_par' dir='ltr' id='par_1_51' title="bbox 509 4403 3530 4478">
     <span class='ocr_line' id='line_1_51' title="bbox 509 4403 3530 4478; baseline -0 -17"><span class='ocrx_word' id='word_1_571' title='bbox 509 4408 613 4462; x_wconf 87' lang='lat'><strong>193</strong></span> <span class='ocrx_word' id='word_1_572' title='bbox 640 4407 836 4477; x_wconf 79' lang='lat' dir='ltr'><strong>Magna</strong></span> <span class='ocrx_word' id='word_1_573' title='bbox 885 4407 1112 4478; x_wconf 63' lang='lat' dir='ltr'><strong>quaestio</strong></span> <span class='ocrx_word' id='word_1_574' title='bbox 1155 4405 1221 4460; x_wconf 87' lang='lat' dir='ltr'><strong>de</strong></span> <span class='ocrx_word' id='word_1_575' title='bbox 1268 4403 1501 4474; x_wconf 85' lang='lat' dir='ltr'><strong>pascha,</strong></span> <span class='ocrx_word' id='word_1_576' title='bbox 1551 4407 1682 4466; x_wconf 87' lang='lat' dir='ltr'><strong>etc.,</strong></span> <span class='ocrx_word' id='word_1_577' title='bbox 1739 4408 1800 4457; x_wconf 90' lang='lat' dir='ltr'><strong>ut</strong></span> <span class='ocrx_word' id='word_1_578' title='bbox 1845 4406 1991 4475; x_wconf 87' lang='lat' dir='ltr'><strong>Aug.</strong></span> <span class='ocrx_word' id='word_1_579' title='bbox 2026 4420 2079 4458; x_wconf 93' lang='lat' dir='ltr'><strong>a.</strong></span> <span class='ocrx_word' id='word_1_580' title='bbox 2262 4405 2368 4458; x_wconf 82' lang='lat'><strong>208</strong></span> <span class='ocrx_word' id='word_1_581' title='bbox 2397 4404 2628 4458; x_wconf 83' lang='lat' dir='ltr'><strong>Severus</strong></span> <span class='ocrx_word' id='word_1_582' title='bbox 2654 4405 2884 4468; x_wconf 85' lang='lat' dir='ltr'><strong>vallum,</strong></span> <span class='ocrx_word' id='word_1_583' title='bbox 2915 4408 3050 4471; x_wconf 90' lang='lat' dir='ltr'><strong>etc.,</strong></span> <span class='ocrx_word' id='word_1_584' title='bbox 3085 4409 3152 4460; x_wconf 88' lang='lat' dir='ltr'><strong>ut</strong></span> <span class='ocrx_word' id='word_1_585' title='bbox 3177 4407 3324 4478; x_wconf 86' lang='lat' dir='ltr'><strong>Aug.</strong></span> <span class='ocrx_word' id='word_1_586' title='bbox 3357 4423 3410 4462; x_wconf 91' lang='lat' dir='ltr'><strong>a.</strong></span> <span class='ocrx_word' id='word_1_587' title='bbox 3443 4423 3530 4478; x_wconf 91' lang='lat' dir='ltr'><strong>pr.</strong></span> 
     </span>
    </p>
   </div>
   <div class='ocr_carea' id='block_1_52' title="bbox 443 4493 3584 4567">
    <p class='ocr_par' dir='ltr' id='par_1_52' title="bbox 443 4493 3584 4567">
     <span class='ocr_line' id='line_1_52' title="bbox 443 4493 3584 4567; baseline 0 -17"><span class='ocrx_word' id='word_1_588' title='bbox 443 4496 569 4554; x_wconf 85' lang='lat'><strong>191.</strong></span> <span class='ocrx_word' id='word_1_589' title='bbox 2260 4493 2369 4546; x_wconf 93' lang='grc'>210</span> <span class='ocrx_word' id='word_1_590' title='bbox 2400 4493 2780 4559; x_wconf 86' lang='lat' dir='ltr'><strong>Tertullianus,</strong></span> <span class='ocrx_word' id='word_1_591' title='bbox 2812 4496 2946 4558; x_wconf 86' lang='lat' dir='ltr'><strong>etc.,</strong></span> <span class='ocrx_word' id='word_1_592' title='bbox 2981 4498 3046 4548; x_wconf 91' lang='lat' dir='ltr'><strong>ut</strong></span> <span class='ocrx_word' id='word_1_593' title='bbox 3073 4495 3220 4566; x_wconf 88' lang='lat' dir='ltr'><strong>Aug.</strong></span> <span class='ocrx_word' id='word_1_594' title='bbox 3253 4511 3304 4550; x_wconf 84' lang='grc' dir='ltr'><strong>ι.</strong></span> <span class='ocrx_word' id='word_1_595' title='bbox 3341 4513 3427 4567; x_wconf 90' lang='lat' dir='ltr'><strong>pr.</strong></span> <span class='ocrx_word' id='word_1_596' title='bbox 3458 4495 3584 4550; x_wconf 90' lang='lat'><strong>208.</strong></span> 
     </span>
    </p>
   </div>
   <div class='ocr_carea' id='block_1_53' title="bbox 514 4579 3842 4650">
    <p class='ocr_par' dir='ltr' id='par_1_53' title="bbox 514 4579 3842 4650">
     <span class='ocr_line' id='line_1_53' title="bbox 514 4579 3842 4650; baseline -0.001 -11"><span class='ocrx_word' id='word_1_597' title='bbox 514 4583 621 4642; x_wconf 73' lang='grc'><strong>494</strong></span> <span class='ocrx_word' id='word_1_598' title='bbox 642 4584 960 4642; x_wconf 82' lang='lat' dir='ltr'><strong>Commodus</strong></span> <span class='ocrx_word' id='word_1_599' title='bbox 988 4583 1220 4644; x_wconf 78' lang='lat' dir='ltr'><strong>cunctis,</strong></span> <span class='ocrx_word' id='word_1_600' title='bbox 1252 4585 1384 4646; x_wconf 83' lang='lat' dir='ltr'><strong>etc.,</strong></span> <span class='ocrx_word' id='word_1_601' title='bbox 1418 4584 1482 4634; x_wconf 91' lang='lat' dir='ltr'><strong>ut</strong></span> <span class='ocrx_word' id='word_1_602' title='bbox 1514 4579 1571 4634; x_wconf 90' lang='lat' dir='ltr'><strong>in</strong></span> <span class='ocrx_word' id='word_1_603' title='bbox 1603 4581 1749 4650; x_wconf 89' lang='lat' dir='ltr'><strong>Aug.</strong></span> <span class='ocrx_word' id='word_1_604' title='bbox 1785 4596 1836 4634; x_wconf 91' lang='lat' dir='ltr'><strong>a.</strong></span> <span class='ocrx_word' id='word_1_605' title='bbox 1871 4581 1992 4635; x_wconf 79' lang='lat'><strong>192.</strong></span> <span class='ocrx_word' id='word_1_606' title='bbox 2017 4613 2083 4620; x_wconf 98' lang='lat'><strong>—</strong></span> <span class='ocrx_word' id='word_1_607' title='bbox 2261 4581 2357 4636; x_wconf 89' lang='lat'><strong>211</strong></span> <span class='ocrx_word' id='word_1_608' title='bbox 2395 4580 2619 4636; x_wconf 86' lang='lat' dir='ltr'><strong>Severus</strong></span> <span class='ocrx_word' id='word_1_609' title='bbox 2650 4583 2707 4635; x_wconf 92' lang='lat' dir='ltr'><strong>in</strong></span> <span class='ocrx_word' id='word_1_610' title='bbox 2737 4582 3026 4635; x_wconf 83' lang='lat' dir='ltr'><strong>Britannia</strong></span> <span class='ocrx_word' id='word_1_611' title='bbox 3054 4585 3313 4638; x_wconf 85' lang='lat' dir='ltr'><strong>moritur.</strong></span> <span class='ocrx_word' id='word_1_612' title='bbox 3336 4585 3644 4638; x_wconf 82' lang='lat' dir='ltr'><strong>Antoninus</strong></span> <span class='ocrx_word' id='word_1_613' title='bbox 3673 4582 3842 4637; x_wconf 84' lang='lat' dir='ltr'><strong>Cara-</strong></span> 
     </span>
    </p>
   </div>
   <div class='ocr_carea' id='block_1_54' title="bbox 438 4669 2980 4741">
    <p class='ocr_par' dir='ltr' id='par_1_54' title="bbox 438 4669 2980 4741">
     <span class='ocr_line' id='line_1_54' title="bbox 438 4669 2980 4741; baseline -0.006 -4"><span class='ocrx_word' id='word_1_614' title='bbox 438 4682 616 4737; x_wconf 61' lang='lat' dir='ltr'><strong>zEtius</strong></span> <span class='ocrx_word' id='word_1_615' title='bbox 666 4679 933 4733; x_wconf 76' lang='lat' dir='ltr'><strong>Pertinax</strong></span> <span class='ocrx_word' id='word_1_616' title='bbox 980 4673 1087 4726; x_wconf 83' lang='lat' dir='ltr'><strong>XVI</strong></span> <span class='ocrx_word' id='word_1_617' title='bbox 1133 4687 1343 4725; x_wconf 78' lang='lat' dir='ltr'><strong>menses</strong></span> <span class='ocrx_word' id='word_1_618' title='bbox 1388 4686 1464 4724; x_wconf 75' lang='grc' dir='ltr'><strong>γι.</strong></span> <span class='ocrx_word' id='word_1_619' title='bbox 1505 4670 1657 4722; x_wconf 83' lang='lat' dir='ltr'><strong>Hunc</strong></span> <span class='ocrx_word' id='word_1_620' title='bbox 1701 4669 1956 4723; x_wconf 84' lang='lat' dir='ltr'><strong>Julianus</strong></span> <span class='ocrx_word' id='word_1_621' title='bbox 1989 4671 2085 4741; x_wconf 88' lang='lat' dir='ltr'><strong>ju-</strong></span> <span class='ocrx_word' id='word_1_622' title='bbox 2191 4671 2335 4725; x_wconf 89' lang='lat' dir='ltr'><strong>calta</strong></span> <span class='ocrx_word' id='word_1_623' title='bbox 2365 4671 2540 4733; x_wconf 81' lang='lat' dir='ltr'><strong>XVIII,</strong></span> <span class='ocrx_word' id='word_1_624' title='bbox 2564 4670 2730 4724; x_wconf 84' lang='lat' dir='ltr'><strong>annis</strong></span> <span class='ocrx_word' id='word_1_625' title='bbox 2760 4673 2980 4739; x_wconf 86' lang='lat' dir='ltr'><strong>septem.</strong></span> 
     </span>
    </p>
   </div>
   <div class='ocr_carea' id='block_1_55' title="bbox 439 4758 3839 4840">
    <p class='ocr_par' dir='ltr' id='par_1_55' title="bbox 439 4758 3839 4840">
     <span class='ocr_line' id='line_1_55' title="bbox 439 4758 3839 4840; baseline -0.004 -15"><span class='ocrx_word' id='word_1_626' title='bbox 439 4769 728 4840; x_wconf 85' lang='lat' dir='ltr'><strong>risperitus</strong></span> <span class='ocrx_word' id='word_1_627' title='bbox 759 4764 1004 4820; x_wconf 79' lang='lat' dir='ltr'><strong>occidens</strong></span> <span class='ocrx_word' id='word_1_628' title='bbox 1052 4760 1300 4830; x_wconf 83' lang='lat' dir='ltr'><strong>regnavit</strong></span> <span class='ocrx_word' id='word_1_629' title='bbox 1338 4772 1549 4811; x_wconf 83' lang='lat' dir='ltr'><strong>menses</strong></span> <span class='ocrx_word' id='word_1_630' title='bbox 1578 4765 1799 4827; x_wconf 82' lang='lat' dir='ltr'><strong>septem.</strong></span> <span class='ocrx_word' id='word_1_631' title='bbox 1835 4788 1899 4799; x_wconf 88' lang='lat'><strong><em>—</em></strong></span> <span class='ocrx_word' id='word_1_632' title='bbox 1928 4760 2084 4814; x_wconf 83' lang='lat' dir='ltr'><strong>Seve-</strong></span> <span class='ocrx_word' id='word_1_633' title='bbox 2263 4760 2370 4811; x_wconf 89' lang='grc'><strong>212</strong></span> <span class='ocrx_word' id='word_1_634' title='bbox 2399 4758 2704 4813; x_wconf 66' lang='lat' dir='ltr'><strong>Antiochiae</strong></span> <span class='ocrx_word' id='word_1_635' title='bbox 2732 4773 2908 4812; x_wconf 86' lang='lat' dir='ltr'><strong>nonus</strong></span> <span class='ocrx_word' id='word_1_636' title='bbox 2937 4761 3216 4829; x_wconf 84' lang='lat' dir='ltr'><strong>episcopus</strong></span> <span class='ocrx_word' id='word_1_637' title='bbox 3245 4759 3582 4831; x_wconf 80' lang='lat' dir='ltr'><strong>Asclepiades</strong></span> <span class='ocrx_word' id='word_1_638' title='bbox 3611 4758 3839 4814; x_wconf 87' lang='lat' dir='ltr'><strong>ordina-</strong></span> 
     </span>
    </p>
   </div>
   <div class='ocr_carea' id='block_1_56' title="bbox 438 4847 2304 4920">
    <p class='ocr_par' dir='ltr' id='par_1_56' title="bbox 438 4847 2304 4920">
     <span class='ocr_line' id='line_1_56' title="bbox 438 4847 2304 4920; baseline -0.006 -9"><span class='ocrx_word' id='word_1_639' title='bbox 438 4873 534 4911; x_wconf 85' lang='lat' dir='ltr'><strong>rus</strong></span> <span class='ocrx_word' id='word_1_640' title='bbox 596 4855 746 4915; x_wconf 76' lang='lat' dir='ltr'><strong>XV&quot;,</strong></span> <span class='ocrx_word' id='word_1_641' title='bbox 812 4866 1006 4920; x_wconf 80' lang='lat' dir='ltr'><strong>genere</strong></span> <span class='ocrx_word' id='word_1_642' title='bbox 1054 4853 1203 4918; x_wconf 71' lang='lat' dir='ltr'><strong>Afer,</strong></span> <span class='ocrx_word' id='word_1_643' title='bbox 1254 4847 1419 4899; x_wconf 79' lang='lat' dir='ltr'><strong>annis</strong></span> <span class='ocrx_word' id='word_1_644' title='bbox 1465 4862 1600 4900; x_wconf 84' lang='lat' dir='ltr'><strong>xvn.</strong></span> <span class='ocrx_word' id='word_1_645' title='bbox 1654 4847 1750 4899; x_wconf 82' lang='lat' dir='ltr'><strong>llic</strong></span> <span class='ocrx_word' id='word_1_646' title='bbox 1799 4847 2087 4902; x_wconf 77' lang='lat' dir='ltr'><strong>lulianum</strong></span> <span class='ocrx_word' id='word_1_647' title='bbox 2195 4851 2304 4900; x_wconf 86' lang='lat' dir='ltr'><strong>tur.</strong></span> 
     </span>
    </p>
   </div>
   <div class='ocr_carea' id='block_1_57' title="bbox 401 4933 3844 5009">
    <p class='ocr_par' dir='ltr' id='par_1_57' title="bbox 401 4933 3844 5009">
     <span class='ocr_line' id='line_1_57' title="bbox 401 4933 3844 5009; baseline -0.003 -9"><span class='ocrx_word' id='word_1_648' title='bbox 401 4987 408 4992; x_wconf 76' lang='lat'><strong>.</strong></span> <span class='ocrx_word' id='word_1_649' title='bbox 439 4945 600 5001; x_wconf 73' lang='lat' dir='ltr'><strong>Civili</strong></span> <span class='ocrx_word' id='word_1_650' title='bbox 630 4941 768 4997; x_wconf 78' lang='lat' dir='ltr'><strong>bello</strong></span> <span class='ocrx_word' id='word_1_651' title='bbox 793 4941 942 5003; x_wconf 85' lang='lat' dir='ltr'><strong>vicit,</strong></span> <span class='ocrx_word' id='word_1_652' title='bbox 965 4942 1015 4992; x_wconf 88' lang='lat' dir='ltr'><strong>et</strong></span> <span class='ocrx_word' id='word_1_653' title='bbox 1044 4952 1099 4990; x_wconf 86' lang='lat' dir='ltr'><strong>se</strong></span> <span class='ocrx_word' id='word_1_654' title='bbox 1128 4937 1467 4988; x_wconf 74' lang='lat' dir='ltr'><strong>Pertinaeem</strong></span> <span class='ocrx_word' id='word_1_655' title='bbox 1497 4934 1809 5004; x_wconf 82' lang='lat' dir='ltr'><strong>appellavit.</strong></span> <span class='ocrx_word' id='word_1_656' title='bbox 2265 4935 2370 4990; x_wconf 81' lang='grc'><strong>243</strong></span> <span class='ocrx_word' id='word_1_657' title='bbox 2403 4936 2510 4988; x_wconf 81' lang='lat' dir='ltr'><strong>Hoc</strong></span> <span class='ocrx_word' id='word_1_658' title='bbox 2539 4939 2774 5005; x_wconf 87' lang='lat' dir='ltr'><strong>tempore</strong></span> <span class='ocrx_word' id='word_1_659' title='bbox 2802 4935 3112 4992; x_wconf 76' lang='lat' dir='ltr'><strong>Alexander</strong></span> <span class='ocrx_word' id='word_1_660' title='bbox 3151 4939 3435 5009; x_wconf 84' lang='lat' dir='ltr'><strong>episcopus</strong></span> <span class='ocrx_word' id='word_1_661' title='bbox 3483 4933 3844 5007; x_wconf 53' lang='lat' dir='ltr'><strong>Cappadociae</strong></span> 
     </span>
    </p>
   </div>
   <div class='ocr_carea' id='block_1_58' title="bbox 515 5022 3840 5098">
    <p class='ocr_par' dir='ltr' id='par_1_58' title="bbox 515 5022 3840 5098">
     <span class='ocr_line' id='line_1_58' title="bbox 515 5022 3840 5098; baseline -0.002 -12"><span class='ocrx_word' id='word_1_662' title='bbox 515 5032 615 5087; x_wconf 85' lang='lat'><strong>197</strong></span> <span class='ocrx_word' id='word_1_663' title='bbox 642 5030 748 5084; x_wconf 84' lang='lat' dir='ltr'><strong>Hoc</strong></span> <span class='ocrx_word' id='word_1_664' title='bbox 778 5032 1013 5098; x_wconf 85' lang='lat' dir='ltr'><strong>tempore</strong></span> <span class='ocrx_word' id='word_1_665' title='bbox 1041 5023 1334 5079; x_wconf 85' lang='lat' dir='ltr'><strong>Narcissus</strong></span> <span class='ocrx_word' id='word_1_666' title='bbox 1363 5022 1920 5092; x_wconf 81' lang='lat' dir='ltr'><strong>Hierosolymitanus,</strong></span> <span class='ocrx_word' id='word_1_667' title='bbox 1951 5025 2084 5094; x_wconf 86' lang='lat' dir='ltr'><strong>etc.,</strong></span> <span class='ocrx_word' id='word_1_668' title='bbox 2194 5042 2229 5079; x_wconf 90' lang='lat' dir='ltr'><strong>a</strong></span> <span class='ocrx_word' id='word_1_669' title='bbox 2284 5024 2534 5079; x_wconf 87' lang='lat' dir='ltr'><strong>Narcisso</strong></span> <span class='ocrx_word' id='word_1_670' title='bbox 2594 5023 3086 5092; x_wconf 81' lang='lat' dir='ltr'><strong>Hierosolymitano</strong></span> <span class='ocrx_word' id='word_1_671' title='bbox 3150 5029 3396 5098; x_wconf 85' lang='lat' dir='ltr'><strong>episcopo</strong></span> <span class='ocrx_word' id='word_1_672' title='bbox 3455 5025 3840 5080; x_wconf 83' lang='lat' dir='ltr'><strong>constituitur.</strong></span> 
     </span>
    </p>
   </div>
   <div class='ocr_carea' id='block_1_59' title="bbox 447 5111 2755 5191">
    <p class='ocr_par' dir='ltr' id='par_1_59' title="bbox 447 5111 2755 5191">
     <span class='ocr_line' id='line_1_59' title="bbox 447 5111 2755 5191; baseline -0.005 -14"><span class='ocrx_word' id='word_1_673' title='bbox 447 5124 516 5178; x_wconf 92' lang='lat' dir='ltr'><strong>ut</strong></span> <span class='ocrx_word' id='word_1_674' title='bbox 545 5123 698 5191; x_wconf 84' lang='lat' dir='ltr'><strong>Aug.</strong></span> <span class='ocrx_word' id='word_1_675' title='bbox 732 5133 765 5172; x_wconf 92' lang='lat' dir='ltr'><strong>a</strong></span> <span class='ocrx_word' id='word_1_676' title='bbox 794 5133 880 5189; x_wconf 87' lang='lat' dir='ltr'><strong>pr.</strong></span> <span class='ocrx_word' id='word_1_677' title='bbox 2196 5112 2326 5166; x_wconf 81' lang='lat' dir='ltr'><strong>Vid.</strong></span> <span class='ocrx_word' id='word_1_678' title='bbox 2360 5113 2507 5182; x_wconf 89' lang='lat' dir='ltr'><strong>Aug.</strong></span> <span class='ocrx_word' id='word_1_679' title='bbox 2541 5127 2594 5166; x_wconf 92' lang='lat' dir='ltr'><strong>a.</strong></span> <span class='ocrx_word' id='word_1_680' title='bbox 2627 5111 2688 5167; x_wconf 88' lang='lat'><strong>21</strong></span> <span class='ocrx_word' id='word_1_681' title='bbox 2704 5111 2755 5169; x_wconf 76' lang='grc'><strong>2.</strong></span> 
     </span>
    </p>
   </div>
   <div class='ocr_carea' id='block_1_60' title="bbox 2020 5210 2252 5268">
    <p class='ocr_par' dir='ltr' id='par_1_60' title="bbox 2020 5210 2252 5268">
     <span class='ocr_line' id='line_1_60' title="bbox 2020 5210 2252 5268; baseline -0.004 -2"><span class='ocrx_word' id='word_1_682' title='bbox 2020 5210 2252 5268; x_wconf 68' lang='grc' dir='ltr'><strong>ΝΟΤίΕ.</strong></span> 
     </span>
    </p>
   </div>
   <div class='ocr_carea' id='block_1_61' title="bbox 482 5305 3845 5401">
    <p class='ocr_par' dir='ltr' id='par_1_61' title="bbox 501 5305 3845 5401">
     <span class='ocr_line' id='line_1_61' title="bbox 501 5305 3845 5401; baseline -0.003 -28"><span class='ocrx_word' id='word_1_683' title='bbox 501 5319 628 5401; x_wconf 38' lang='grc'><strong>,(30)</strong></span> <span class='ocrx_word' id='word_1_684' title='bbox 658 5317 780 5372; x_wconf 86' lang='grc' dir='ltr'><strong>Νοη</strong></span> <span class='ocrx_word' id='word_1_685' title='bbox 818 5329 934 5396; x_wconf 81' lang='lat' dir='ltr'><strong>una</strong></span> <span class='ocrx_word' id='word_1_686' title='bbox 964 5314 1051 5401; x_wconf 72' lang='lat' dir='ltr'><strong>est</strong></span> <span class='ocrx_word' id='word_1_687' title='bbox 1079 5307 1342 5401; x_wconf 75' lang='lat' dir='ltr'><strong>omnium</strong></span> <span class='ocrx_word' id='word_1_688' title='bbox 1370 5305 1445 5401; x_wconf 62' lang='lat' dir='ltr'><strong>de</strong></span> <span class='ocrx_word' id='word_1_689' title='bbox 1469 5309 1728 5401; x_wconf 65' lang='lat' dir='ltr'><strong>tempore</strong></span> <span class='ocrx_word' id='word_1_690' title='bbox 1748 5306 1924 5401; x_wconf 45' lang='lat' dir='ltr'><strong>hujjus</strong></span> <span class='ocrx_word' id='word_1_691' title='bbox 1954 5325 2088 5365; x_wconf 91' lang='lat' dir='ltr'><strong>con-</strong></span> <span class='ocrx_word' id='word_1_692' title='bbox 2199 5306 2580 5401; x_wconf 35' lang='lat' dir='ltr'><strong>docijaczannjo</strong></span> <span class='ocrx_word' id='word_1_693' title='bbox 2608 5308 3583 5401; x_wconf 37' lang='lat' dir='ltr'><strong>212.JNaEciquierosq‘lymitanp</strong></span> <span class='ocrx_word' id='word_1_694' title='bbox 3613 5321 3845 5401; x_wconf 47' lang='lat' dir='ltr'><strong>suc‘c&#39;es-</strong></span> 
     </span>
    </p>
   </div>
   <div class='ocr_carea' id='block_1_62' title="bbox 445 5378 3848 5450">
    <p class='ocr_par' dir='ltr' id='par_1_62' title="bbox 445 5378 3848 5450">
     <span class='ocr_line' id='line_1_62' title="bbox 445 5378 3848 5450; baseline -0.003 -6"><span class='ocrx_word' id='word_1_695' title='bbox 445 5378 563 5446; x_wconf 84' lang='lat' dir='ltr'><strong>cilii</strong></span> <span class='ocrx_word' id='word_1_696' title='bbox 598 5378 836 5443; x_wconf 64' lang='lat' dir='ltr'><strong>Romani</strong></span> <span class='ocrx_word' id='word_1_697' title='bbox 889 5380 1194 5445; x_wconf 90' lang='lat' dir='ltr'><strong>sententia,</strong></span> <span class='ocrx_word' id='word_1_698' title='bbox 1245 5378 1400 5450; x_wconf 91' lang='lat' dir='ltr'><strong>quod</strong></span> <span class='ocrx_word' id='word_1_699' title='bbox 1452 5378 1715 5450; x_wconf 89' lang='lat' dir='ltr'><strong>plerique</strong></span> <span class='ocrx_word' id='word_1_700' title='bbox 1764 5378 1839 5434; x_wconf 84' lang='lat' dir='ltr'><strong>ad</strong></span> <span class='ocrx_word' id='word_1_701' title='bbox 1866 5397 2087 5436; x_wconf 89' lang='lat' dir='ltr'><strong>annum</strong></span> <span class='ocrx_word' id='word_1_702' title='bbox 2199 5395 2297 5434; x_wconf 89' lang='lat' dir='ltr'><strong>sor</strong></span> <span class='ocrx_word' id='word_1_703' title='bbox 2316 5379 2506 5440; x_wconf 82' lang='lat' dir='ltr'><strong>datus,</strong></span> <span class='ocrx_word' id='word_1_704' title='bbox 2531 5378 2602 5433; x_wconf 93' lang='lat' dir='ltr'><strong>de</strong></span> <span class='ocrx_word' id='word_1_705' title='bbox 2623 5381 2777 5450; x_wconf 90' lang='lat' dir='ltr'><strong>quod</strong></span> <span class='ocrx_word' id='word_1_706' title='bbox 2804 5381 2917 5438; x_wconf 90' lang='lat' dir='ltr'><strong>vid.</strong></span> <span class='ocrx_word' id='word_1_707' title='bbox 2949 5381 3212 5438; x_wconf 90' lang='lat' dir='ltr'><strong>Bolland.</strong></span> <span class='ocrx_word' id='word_1_708' title='bbox 3237 5381 3307 5437; x_wconf 89' lang='lat'><strong>18</strong></span> <span class='ocrx_word' id='word_1_709' title='bbox 3326 5378 3584 5450; x_wconf 89' lang='lat' dir='ltr'><strong>Mart.,t.</strong></span> <span class='ocrx_word' id='word_1_710' title='bbox 3619 5378 3848 5436; x_wconf 82' lang='lat' dir='ltr'><strong>ILNar-</strong></span> 
     </span>
    </p>
   </div>
   <div class='ocr_carea' id='block_1_63' title="bbox 449 5449 3048 5528">
    <p class='ocr_par' dir='ltr' id='par_1_63' title="bbox 449 5449 3048 5528">
     <span class='ocr_line' id='line_1_63' title="bbox 449 5449 3048 5528; baseline -0.004 -12"><span class='ocrx_word' id='word_1_711' title='bbox 449 5459 571 5520; x_wconf 88' lang='grc'><strong>196.</strong></span> <span class='ocrx_word' id='word_1_712' title='bbox 604 5465 704 5513; x_wconf 89' lang='lat' dir='ltr'><strong>aut</strong></span> <span class='ocrx_word' id='word_1_713' title='bbox 733 5461 1075 5528; x_wconf 72' lang='lat' dir='ltr'><strong>sequentem</strong></span> <span class='ocrx_word' id='word_1_714' title='bbox 1109 5449 1419 5528; x_wconf 76' lang='lat' dir='ltr'><strong>reponunt.</strong></span> <span class='ocrx_word' id='word_1_715' title='bbox 1456 5449 1633 5528; x_wconf 32' lang='lat' dir='ltr'><strong>Pag._’</strong></span> <span class='ocrx_word' id='word_1_716' title='bbox 1733 5520 1768 5528; x_wconf 40' lang='grc' dir='ltr'><strong><em>κ</em></strong></span> <span class='ocrx_word' id='word_1_717' title='bbox 1814 5519 1824 5528; x_wconf 86' lang='lat'><strong>_</strong></span> <span class='ocrx_word' id='word_1_718' title='bbox 1978 5526 1984 5528; x_wconf 87' lang='lat'>_</span> <span class='ocrx_word' id='word_1_719' title='bbox 2196 5449 2388 5528; x_wconf 68' lang='lat' dir='ltr'><strong>Cissus</strong></span> <span class='ocrx_word' id='word_1_720' title='bbox 2420 5465 2554 5528; x_wconf 72' lang='lat' dir='ltr'><strong>vero</strong></span> <span class='ocrx_word' id='word_1_721' title='bbox 2585 5449 2796 5528; x_wconf 72' lang='lat' dir='ltr'><strong>colitur</strong></span> <span class='ocrx_word' id='word_1_722' title='bbox 2815 5451 2896 5528; x_wconf 78' lang='grc'><strong>’29</strong></span> <span class='ocrx_word' id='word_1_723' title='bbox 2925 5451 3048 5508; x_wconf 90' lang='lat' dir='ltr'><strong>Oct.</strong></span> 
     </span>
    </p>
   </div>
   <div class='ocr_carea' id='block_1_64' title="bbox 518 5519 3850 5600">
    <p class='ocr_par' dir='ltr' id='par_1_64' title="bbox 518 5519 3850 5600">
     <span class='ocr_line' id='line_1_64' title="bbox 518 5519 3850 5600; baseline -0.001 -17"><span class='ocrx_word' id='word_1_724' title='bbox 518 5529 634 5600; x_wconf 91' lang='grc'><strong>(31)</strong></span> <span class='ocrx_word' id='word_1_725' title='bbox 681 5519 831 5583; x_wconf 58' lang='grc' dir='ltr'><strong>ΕιιεῘ</strong></span> <span class='ocrx_word' id='word_1_726' title='bbox 861 5528 994 5583; x_wconf 81' lang='lat' dir='ltr'><strong>Chr.</strong></span> <span class='ocrx_word' id='word_1_727' title='bbox 1040 5519 1419 5596; x_wconf 79' lang='lat' dir='ltr'><strong>Polycarpum</strong></span> <span class='ocrx_word' id='word_1_728' title='bbox 1469 5520 1680 5578; x_wconf 87' lang='lat' dir='ltr'><strong>melius</strong></span> <span class='ocrx_word' id='word_1_729' title='bbox 1731 5519 2089 5594; x_wconf 90' lang='lat' dir='ltr'><strong>Polycratem</strong></span> <span class='ocrx_word' id='word_1_730' title='bbox 2271 5521 2385 5594; x_wconf 78' lang='lat'><strong>(33)</strong></span> <span class='ocrx_word' id='word_1_731' title='bbox 2433 5520 2731 5600; x_wconf 60' lang='lat' dir='ltr'><strong>paracalla</strong></span> <span class='ocrx_word' id='word_1_732' title='bbox 2773 5521 3100 5600; x_wconf 60' lang='lat' dir='ltr'><strong>indumenti</strong></span> <span class='ocrx_word' id='word_1_733' title='bbox 3152 5539 3339 5600; x_wconf 77' lang='lat' dir='ltr'><strong>genus</strong></span> <span class='ocrx_word' id='word_1_734' title='bbox 3382 5525 3532 5600; x_wconf 80' lang='lat' dir='ltr'><strong>erat,</strong></span> <span class='ocrx_word' id='word_1_735' title='bbox 3566 5520 3850 5600; x_wconf 76' lang='lat' dir='ltr'><strong>_ad_talos</strong></span> 
     </span>
    </p>
   </div>
   <div class='ocr_carea' id='block_1_65' title="bbox 445 5592 3780 5668">
    <p class='ocr_par' dir='ltr' id='par_1_65' title="bbox 445 5592 3780 5668">
     <span class='ocr_line' id='line_1_65' title="bbox 445 5592 3780 5668; baseline -0.002 -11"><span class='ocrx_word' id='word_1_736' title='bbox 445 5592 636 5660; x_wconf 79' lang='lat' dir='ltr'><strong>vocat.</strong></span> <span class='ocrx_word' id='word_1_737' title='bbox 716 5667 721 5668; x_wconf 79' lang='lat'><strong>7</strong></span> <span class='ocrx_word' id='word_1_738' title='bbox 902 5667 907 5668; x_wconf 78' lang='lat'><strong>7</strong></span> <span class='ocrx_word' id='word_1_739' title='bbox 1015 5667 1023 5668; x_wconf 85' lang='lat'><strong>7</strong></span> <span class='ocrx_word' id='word_1_740' title='bbox 1060 5666 1067 5668; x_wconf 96' lang='lat'>_</span> <span class='ocrx_word' id='word_1_741' title='bbox 1143 5592 1159 5596; x_wconf 64' lang='grc'>⁷</span> <span class='ocrx_word' id='word_1_742' title='bbox 1280 5592 1297 5595; x_wconf 64' lang='grc'>⁷</span> <span class='ocrx_word' id='word_1_743' title='bbox 1345 5663 1364 5668; x_wconf 87' lang='lat'><em>_</em></span> <span class='ocrx_word' id='word_1_744' title='bbox 1508 5664 1516 5668; x_wconf 67' lang='lat'><strong>7</strong></span> <span class='ocrx_word' id='word_1_745' title='bbox 1624 5660 1633 5668; x_wconf 89' lang='lat'>_</span> <span class='ocrx_word' id='word_1_746' title='bbox 1839 5592 1847 5594; x_wconf 59' lang='grc'><strong><em>⁷</em></strong></span> <span class='ocrx_word' id='word_1_747' title='bbox 1887 5664 1912 5668; x_wconf 30' lang='grc' dir='ltr'><strong>Α</strong></span> <span class='ocrx_word' id='word_1_748' title='bbox 2200 5592 2387 5668; x_wconf 87' lang='lat' dir='ltr'><strong>usque</strong></span> <span class='ocrx_word' id='word_1_749' title='bbox 2417 5592 2766 5651; x_wconf 83' lang='lat' dir='ltr'><strong>demissum.</strong></span> <span class='ocrx_word' id='word_1_750' title='bbox 2801 5594 2930 5651; x_wconf 88' lang='lat' dir='ltr'><strong>Vid.</strong></span> <span class='ocrx_word' id='word_1_751' title='bbox 2965 5593 3120 5655; x_wconf 81' lang='lat' dir='ltr'><strong>Sext.</strong></span> <span class='ocrx_word' id='word_1_752' title='bbox 3151 5592 3344 5651; x_wconf 76' lang='lat' dir='ltr'><strong>Aurel.</strong></span> <span class='ocrx_word' id='word_1_753' title='bbox 3378 5594 3439 5651; x_wconf 90' lang='lat' dir='ltr'><strong>in</strong></span> <span class='ocrx_word' id='word_1_754' title='bbox 3468 5592 3780 5652; x_wconf 84' lang='lat' dir='ltr'><strong>Antonino.</strong></span> 
     </span>
    </p>
   </div>
   <div class='ocr_carea' id='block_1_66' title="bbox 519 5660 2094 5750">
    <p class='ocr_par' dir='ltr' id='par_1_66' title="bbox 519 5660 2094 5750">
     <span class='ocr_line' id='line_1_66' title="bbox 519 5660 2094 5750; baseline -0.005 -19"><span class='ocrx_word' id='word_1_755' title='bbox 519 5670 633 5750; x_wconf 88' lang='lat'><strong>(32)</strong></span> <span class='ocrx_word' id='word_1_756' title='bbox 663 5667 985 5728; x_wconf 79' lang='lat' dir='ltr'><strong>Alexander</strong></span> <span class='ocrx_word' id='word_1_757' title='bbox 1012 5666 1108 5726; x_wconf 82' lang='lat' dir='ltr'><strong>hic</strong></span> <span class='ocrx_word' id='word_1_758' title='bbox 1137 5669 1308 5724; x_wconf 85' lang='lat' dir='ltr'><strong>antea</strong></span> <span class='ocrx_word' id='word_1_759' title='bbox 1337 5663 1526 5722; x_wconf 78' lang='lat' dir='ltr'><strong>fuerat</strong></span> <span class='ocrx_word' id='word_1_760' title='bbox 1544 5660 1856 5738; x_wconf 83' lang='lat' dir='ltr'><strong>episcopus</strong></span> <span class='ocrx_word' id='word_1_761' title='bbox 1875 5664 2094 5737; x_wconf 76' lang='lat' dir='ltr'><strong>Cappa-</strong></span> 
     </span>
    </p>
   </div>
  </div>
