4096 6194
280 225 341 286 69
761 210 766 214 ’
1258 238 1267 242 ’
1458 220 1556 281 CH
1566 218 1897 282 RONICON

2003 246 2047 268 —
2071 218 2258 279 SEO.
2303 222 2378 280 II.
2732 214 2739 215 ί
3541 237 3620 296 70

1587 352 1822 411 CODEX
1858 352 2253 410 AUGIENSIS.

330 451 420 540 21A
443 448 769 540 Antonianas
798 448 1042 506 thermm
1069 450 1236 506 dictaa
1284 453 1424 507 sunt
1460 450 1766 507 Caracallae
1795 466 1864 507 ex
1892 452 1944 518 Α
1977 450 2150 524 lytus,
2182 455 2238 506 et
2268 452 2528 525 Beryllus
2556 454 2866 527 episcopus
2900 456 3215 517 Bostrenus
3244 462 3383 520 clari
3433 467 3615 540 serip-

276 539 473 596 nomine
496 536 786 595 Antonini.
1973 543 2129 595 tores
2158 540 2466 596 habentur.
2500 543 2625 599 Eus.
2658 543 2713 597 h.
2740 561 2794 599 a.
2829 543 2964 617 (34).

330 629 423 685 215
442 626 755 683 Antoninus
787 626 983 684 Romx
1010 627 1271 685 thermas
1300 628 1394 686 sui
1422 630 1682 686 nominis
1726 628 1864 686 ssdi-
2177 627 2494 717 Antiochiae
2525 630 2833 689 ordinatur
2858 632 3168 708 episcopus
3195 637 3621 717 Zehennus(35)

274 717 448 774 ﬂcavit.
476 720 597 775 Bas.
627 732 681 772 ι.
712 717 841 773 216.
1972 715 2062 770 ΧΙ.
2098 717 2205 770 Eus
2237 715 2290 772 h.
2324 733 2377 772 a.
3580 784 3583 785 ν

325 807 415 861 216
452 803 769 861 Antoninus
815 803 1188 878 impatientia
1231 805 1499 864 lidibinis
1526 821 1865 863 'novercam
2043 804 2154 858 230
2198 804 2505 863 Mammaea
2535 811 2721 864 mater
2749 808 3059 869 Alexandri
3117 812 3417 887 Originem
3474 818 3622 875 cele-

273 908 413 950 suam
439 891 643 948 Juliam
675 892 842 948 duxit
869 910 1132 950 uxorem.
1164 896 1290 951 Eus.
1323 912 1381 951 a.
1412 896 1540 951 217.
1972 890 2293 947 berrimum
2326 893 2725 960 doctoremad
2759 914 2822 955 se
2850 900 2952 956 18
2977 906 3215 959 vocatus
3248 902 3622 964 audivit.Eus.

322 984 410 1036 217
435 980 755 1038 Antoninus
784 982 1138 1040 interﬁcitur
1157 999 1311 1040 anno
1342 983 1473 1043 vita
1503 984 1701 1040 XLIII.
1733 986 1863 1041 επις.
1975 980 2101 1035 hist.
2137 1011 2203 1021 —
2228 980 2586 1038 Alexandria:
2618 985 2890 1042 Heraclas
2937 988 3250 1063 episcopus
3297 993 3469 1052 annis
3504 997 3623 1053 x'vr.

270 1072 312 1128 lt.
332 1088 379 1127 ι.
1976 1070 2115 1123 Eus.
2149 1086 2204 1124 a.
2234 1085 2352 1140 seq.

320 1160 409 1215 2I8
434 1160 511 1231 (In
545 1175 728 1231 marg.
781 1159 1080 1218 Macrinus
1126 1178 1265 1217 ann.
1298 1162 1365 1233 ι.)
1396 1162 1592 1217 Romae
1636 1160 1864 1232 ampbi-
2043 1157 2143 1212 231
2179 1157 2504 1215 Alexander
2533 1160 2594 1215 in
2625 1165 2870 1218 matrem
2903 1164 3267 1225 Mammxam
3292 1169 3461 1228 unice
3493 1171 3628 1245 pius

269 1248 514 1304 theatrum
544 1246 873 1304 incensum.
907 1250 1033 1305 Eus.
1084 1281 1154 1290 —
1199 1248 1518 1305 Antiochia
1557 1249 1868 1322 episcopus
1974 1245 2108 1309 fuit.
2138 1250 2195 1301 et
2226 1247 2297 1300 0b
2327 1246 2384 1301 id
2417 1247 3010 1311 omnibusamabilis.
3040 1256 3170 1311 Eus.
3202 1273 3254 1312 a.
3286 1274 3396 1331 seq.

267 1336 596 1393 constituitur
643 1336 908 1394 Philetus
954 1339 1019 1395 X.
1079 1338 1208 1393 Eus.
1241 1337 1296 1395 Ιι.
1333 1354 1399 1399 α;
1428 1338 1504 1394 al.
1536 1355 1591 1395 a.
1635 1353 1745 1410 seq.
1805 1368 1866 1379 —
2044 1335 2152 1389 232
2181 1333 2459 1407 Origenes
2488 1336 2561 1391 de
2618 1336 2967 1395 Alexandria
2995 1342 3066 1396 ad
3098 1344 3419 1403 Ctesaream
3449 1348 3628 1406 Palm-

266 1424 513 1481 Macrinus
537 1440 682 1482 cum
710 1424 831 1483 ﬁlio
860 1426 1223 1482 Diadumene
1252 1426 1540 1483 occiditur
1567 1427 1627 1483 in
1659 1426 1870 1483 Arche-
1976 1423 2141 1479 stinx
2172 1423 2404 1478 transit.
2438 1425 2566 1481 Eus.
2599 1442 2634 1480 a
2661 1442 2773 1497 seq.

267 1514 401 1570 Iside.
429 1516 550 1569 Sus.
580 1513 642 1568 h.
674 1532 731 1569 a.
2045 1512 2153 1566 233
2183 1511 2501 1569 Pontianus
2530 1530 2681 1587 papa
2731 1515 2880 1573 XVII
2928 1519 3083 1575 sedit
3112 1521 3284 1578 annis
3311 1540 3366 1580 ν.
3410 1524 3539 1581 Eus.
3572 1544 3625 1582 a.

318 1604 395 1657 17
422 1601 526 1657 219
570 1602 663 1673 (In
709 1618 888 1672 marg.
921 1602 1195 1660 Aurelius
1221 1603 1553 1660 Antoninus
1595 1621 1734 1660 ann.
1767 1604 1869 1676 ιν.)
1977 1616 2117 1673 seq.;
2146 1601 2218 1655 al.
2258 1617 2311 1655 a.
2345 1602 2474 1656 230.

266 1689 494 1747 Amulius
518 1691 861 1747 Antoninus
876 1691 1023 1747 adeo
1042 1691 1340 1764 impudice
1360 1692 1421 1748 in
1442 1691 1687 1765 imperio
1707 1693 1867 1762 vixit,
2045 1690 2150 1745 234
2181 1688 2507 1746 Alexander
2536 1690 2733 1748 Romae.
2766 1694 3098 1752 favorabilis
3127 1698 3253 1755 fuit.

267 1784 315 1834 nt
346 1777 557 1834 nullum
605 1795 798 1852 genus
839 1780 1219 1837 obscenitatis
1249 1780 1534 1839 omiserit.
1566 1783 1696 1838 Eus.
1725 1781 1779 1837 h.
1810 1799 1865 1838 a.
1902 1816 1948 1861 η
2048 1778 2155 1832 235
2185 1776 2510 1834 Alexander
2535 1780 2792 1836 tumultu
2824 1783 3063 1840 militari
3097 1786 3448 1861 Mogontiaci
3478 1792 3629 1849 occi-

265 1866 488 1924 Callistus
517 1884 675 1941 papa
702 1867 797 1923 XV
828 1868 1001 1924 annis
1027 1886 1084 1925 ν.
1116 1870 1252 1925 Eus.
1284 1886 1338 1924 a.
1368 1871 1505 1938 220;
1538 1871 1620 1927 al.
1660 1870 1718 1925 ἡ.
1749 1887 1807 1927 a.
1900 1866 1948 1882 ”
1978 1866 2156 1922 ditur.
2189 1868 2318 1923 Eus.
2353 1866 2409 1921 Ιι.
2441 1884 2523 1931 α.;
2550 1870 2712 1926 Paul.
2748 1870 2901 1928 Oros.

314 1955 770 2030 mHippplytus
794 1956 1107 2030 episcopus
1135 1956 1332 2014 clarus
1360 1958 1631 2015 habetur.
1661 1959 1826 2017 Beda.
2046 1956 2155 2011 236
2183 1956 2276 2026 (In
2302 1972 2480 2027 marg.
2530 1956 2884 2016 Maximinus
2926 1961 3074 2018 XXII
3103 1981 3242 2021 ann.
3295 1968 3404 2039 ur.)
3452 1968 3630 2025 Maxi-

316 2046 397 2099 22l
428 2043 489 2100 In
515 2044 825 2100 Palestina
854 2044 1172 2117 Nicopolis,
1199 2062 1327 2118 qua
1377 2046 1543 2119 prius
1593 2048 1873 2109 Emmaus
1983 2044 2181 2100 minus
2226 2044 2612 2113 Christianos,
2644 2051 2702 2102 et
2749 2049 3002 2105 maxime
3049 2055 3304 2109 rectores
3349 2054 3633 2123 ecclesia;

263 2132 555 2201 vocabatur,
580 2133 825 2190 condita
843 2137 955 2191 est.
980 2134 1107 2189 Eus.
1139 2152 1193 2190 a.
1226 2149 1337 2207 seq.
1981 2138 2180 2191 sextus
2210 2137 2344 2206 post
2370 2134 2655 2191 Neronem
2687 2137 3076 2210 persequitur.
3107 2141 3236 2199 Eus.
3263 2159 3299 2199 a
3325 2159 3436 2217 seq.

319 2222 411 2278 222
435 2222 704 2280 Aurelius
736 2223 998 2280 tumultu
1037 2221 1275 2281 militari
1326 2219 1540 2283 Romm‘
1568 2225 1872 2283 occiditur.
2053 2223 2158 2277 237
2186 2222 2541 2280 Maximinus
2572 2224 2877 2281 adversum
2909 2228 3231 2288 Germanos
3258 2231 3480 2290 bellum
3510 2233 3634 2292 feli-

268 2312 378 2365 Eus.
400 2310 449 2365 Il.
478 2327 525 2366 a.
1983 2312 2126 2368 citer
2155 2311 2360 2384 gessit.
3378 2372 3379 2375 η

332 2398 425 2454 223
448 2401 524 2469 (In
552 2416 737 2470 marg.
770 2399 1096 2458 Alexander
1123 2399 1246 2457 XXI
1274 2417 1413 2457 ann.
1445 2418 1572 2459 xm.
1605 2401 1873 2474 (Alexan-
2051 2401 2159 2456 238
2198 2400 2553 2461 Maximinus
2602 2402 2923 2478 Aquilegiaa
2953 2424 2987 2463 a
3021 2407 3277 2481 Pupieno
3324 2410 3629 2471 occiditur.

273 2487 363 2543 der
384 2492 600 2545 Xerxem
631 2504 837 2562 regem
867 2489 1176 2547 Persarum
1206 2488 1497 2547 vicit.Eus.
1525 2491 1582 2546 h.
1613 2508 1666 2547 a.
1983 2489 2111 2544 Eas.
2136 2490 2190 2543 h.
2226 2506 2275 2544 a.
3604 2564 3612 2570 λ

324 2577 411 2632 226
455 2577 551 2633 Hic
593 2577 876 2634 militaris
933 2578 1254 2651 disciplinas
1309 2594 1545 2636 severus
1589 2584 1879 2638 corrector
2051 2578 2159 2634 239
2190 2578 2275 2648 (In
2308 2594 2488 2650 marg.
2517 2577 2851 2639 Gordianus
2905 2581 3082 2640 XXIII
3130 2584 3303 2642 annis
3339 2590 3489 2657 sex.)
3515 2588 3631 2644 An-

263 2666 371 2720 fuit,
398 2667 510 2723 ενι,
542 2667 597 2723 Ιι,
632 2685 691 2723 α,
1982 2671 2143 2724 terus
2174 2666 2349 2722 XVIII
2381 2683 2532 2740 papa
2558 2667 2708 2724 sedit
2739 2684 3003 2727 mensem
3034 2688 3249 2742 unum;
3283 2679 3415 2746 post
3454 2692 3634 2748 quem
3751 2670 3771 2688 ’

318 2756 408 2811 225
434 2755 702 2812 Urbanus
733 2772 884 2829 papa
913 2755 1037 2812 XVI
1083 2758 1236 2813 sedit
1263 2757 1435 2814 annis
1467 2775 1544 2814 1x.
1580 2757 1680 2814 Hic
1720 2759 1875 2816 mul-
1984 2754 2275 2811 Fabianus
2306 2754 2425 2810 XIX
2454 2754 2626 2811 annis
2654 2773 2815 2811 xxm.
2849 2759 2975 2814 Eus.
3007 2760 3062 2814 h.
3095 2777 3176 2828 (1.,-
3204 2762 3279 2817 al.
3311 2780 3365 2818 a.
3398 2764 3522 2819 236.

262 2843 622 2911 tosnobilium
654 2845 731 2902 ad
765 2846 938 2901 {idem
973 2845 1184 2903 Christi
1215 2846 1515 2904 convertit.
1550 2848 1675 2903 Eas.
1698 2848 1754 2903 h.
1795 2865 1875 2911 a.;
2052 2845 2159 2898 240
2190 2842 2485 2915 Pupienus
2512 2849 2571 2899 et
2598 2843 2871 2912 Albinus,
2895 2848 2995 2919 qui
3034 2848 3346 2923 imperium
3379 2851 3635 2926 arripue-

265 2931 323 2987 al.
348 2950 397 2987 a.
422 2934 543 2989 223.
1164 2950 1167 2953 λ
1984 2938 2133 2999 rant,
2169 2933 2227 2988 in
2260 2931 2475 3005 palatio
2505 2949 2539 2988 a
2568 2933 2861 2990 Gordiano
2893 2936 3068 2993 occisi
3101 2942 3258 2995 sunt.
3289 2941 3419 2997 Eus.
3451 2946 3506 2998 Ιι.
3540 2959 3595 2999 a.

313 3012 709 3096 226'Ulpianus
720 3022 1186 3094 jurisconsultus
1203 3023 1454 3098 insignis
1470 3023 1871 3082 habetur.Eus.
2051 3024 2151 3078 241
2186 3021 2302 3077 Hoc
2325 3024 2587 3094 tempore
2604 3022 2797 3081 Julius
2822 3025 3129 3083 Africanus
3150 3027 3635 3107 chronographus

266 3107 309 3163 it.
329 3126 374 3165 α.
1986 3111 2180 3167 clarus
2210 3110 2480 3166 habetur.

318 3200 406 3253 227
429 3198 698 3257 Ther-mm
730 3201 1131 3257 Alexandrinas
1160 3201 1354 3257 Romae
1395 3200 1709 3259 adificatas.
1743 3204 1870 3260 Eus.
1904 3179 1949 3248 α
2055 3202 2162 3255 242
2190 3199 2292 3256 His
2316 3199 2682 3271 temporibus
2710 3200 2989 3272 Origenes
3019 3202 3387 3264 Theodowm
3416 3206 3529 3279 (36)
3578 3213 3636 3264 et

269 3286 312 3341 1ι.
335 3304 381 3342 a.
1844 3295 1851 3301 ‘
1988 3288 2431 3344 Athenodorum
2464 3287 2692 3357 fratres,
2722 3295 2922 3361 postea
2949 3290 3253 3364 episcopos
3285 3293 3529 3362 nobiles,
3554 3296 3637 3352 di-

318 3375 410 3430 228
433 3376 725 3433 Geminus
778 3379 1079 3451 presbyter
1131 3377 1548 3448 Antiochenus,
1578 3382 1638 3436 et
1663 3378 1878 3453 Hippo-
1987 3380 2121 3436 vina
2148 3376 2361 3433 imbuit
2389 3375 2780 3449 philosophia.
2816 3382 2945 3435 Eus.
2979 3378 3108 3436 hist.

1244 3493 1743 3551 .COMPENDIUM
1782 3497 1873 3553 EX
1913 3494 2171 3552 CODICE
2208 3492 2591 3551 BERNOLDI.

314 3590 407 3647 2H
431 3593 746 3649 Antoninus
766 3593 1078 3659 (Iaracalla,
1107 3596 1241 3661 etc.,
1275 3598 1342 3649 ut
1369 3596 1520 3665 Aug.
1553 3610 1607 3649 a.
1640 3610 1729 3666 pr.
1983 3594 2099 3662 (37)
2127 3592 2271 3649 Julii
2296 3590 2453 3647 obiit.
2556 3638 2559 3643 ,

313 3680 405 3734 216
427 3682 744 3737 Antoninus
770 3683 980 3749 Rom,
1008 3686 1142 3749 etc.,
1177 3686 1242 3737 ut
1270 3686 1423 3754 Aug.
1457 3698 1511 3737 a.
1544 3699 1634 3754 pr.
2054 3683 2159 3736 227
2187 3681 2511 3736 Neronianae
2537 3679 2763 3737 thermx
2792 3682 3188 3740 Alexandrinae
3209 3688 3490 3740 vocantur.

311 3769 403 3823 217
435 3770 748 3826 Antoninus
778 3771 1145 3842 impatientia,
1175 3774 1313 3841 etc.,
1345 3773 1411 3837 ut
1428 3774 1579 3843 Aug.
1612 3787 1667 3827 a.
1702 3788 1792 3843 pr.
2052 3771 2162 3826 232
2191 3771 2495 3826 Pontianus
2533 3786 2679 3841 papa
2721 3770 2858 3826 XVII
2899 3770 3040 3827 sedit
3083 3773 3253 3826 annis
3292 3788 3411 3838 sex,
3439 3789 3636 3843 passus

311 3857 404 3910 218
428 3858 742 3913 Antoninus
797 3857 1144 3927 interﬁcitur,
1192 3873 1339 3919 anno
1383 3859 1518 3914 vitm
1569 3859 1749 3916 XLIII.
1806 3890 1876 3900 -
1985 3861 2062 3915 est
2087 3858 2187 3914 sub
2216 3858 2515 3913 Maximino
2544 3858 2872 3928 imperatore
2897 3874 2977 3913 χιι
3006 3858 3132 3913 Kal.
3169 3862 3297 3914 Dec.

260 3943 438 4014 Opilius
463 3945 751 4001 [acrinus
772 3945 898 4011 XIX,
918 3962 1131 4002 annum
1155 3962 1333 4002 unum
1354 3948 1623 4015 regnavit.
2055 3948 2163 4003 233
2191 3945 2542 4002 Alexandrix
2569 3944 2834 4001 Hcraclus
2860 3946 2953 4001 XII
2973 3948 3367 4018 episcopus,vir
3393 3949 3636 4019 sapiens,

312 4033 405 4088 219
428 4032 707 4090 lacrinus
751 4050 876 4089 cum
919 4034 1038 4105 ﬁlio
1084 4033 1418 4090 Diadumene
1472 4034 1756 4091 occiditur.
1808 4067 1878 4077 —-
1984 4035 2123 4092 sedit
2152 4051 2275 4089 xm.

260 4123 325 4174 At.
352 4122 599 4178 Aurelius
627 4124 940 4178 Antoninus
969 4124 1069 4190 XX,
1102 4122 1271 4177 annis
1301 4130 1554 4194 quatuor.
2054 4124 2162 4178 235
2190 4122 2353 4178 addit
2398 4138 2412 4177 :
2462 4121 2796 4178 Maximinus
2851 4124 3000 4191 XXII,
3058 4125 3223 4180 annis
3280 4125 3478 4181 tribus.
3533 4125 3638 4180 Hic

314 4210 409 4264 22)
427 4210 692 4267 Callistus
713 4227 861 4283 papa
888 4212 974 4267 XV
996 4210 1136 4267 sedit
1151 4211 1317 4267 annis
1344 4228 1401 4267 v.
1434 4216 1637 4268 Passus
1664 4217 1744 4270 est
1772 4213 1876 4270 sub
1989 4212 2349 4279 Christianos,
2379 4215 2433 4267 et
2454 4212 2700 4266 maxime
2747 4215 2983 4268 rectores
3028 4213 3298 4279 Ecclesiae,
3329 4222 3483 4268 sexto
3515 4220 3636 4284 post

259 4294 539 4355 Alexandro
568 4301 920 4372 imperatore,
945 4299 1183 4356 secunda
1204 4298 1331 4356 Idus
1362 4299 1618 4358 Octobris.
1912 4353 1953 4372 η
1986 4303 2254 4359 Neronem
2272 4301 2645 4372 persequitur.

315 4385 401 4440 22:
436 4353 1618 4462 satis...sanguinantem
1909 4353 1957 4418 Ι)
1986 4353 3062 4462 Ᾰιὲἑεάώέῖιιίενοεοιυηιονωη
3107 4392 3385 4462 episcopus
3430 4391 3635 4452 xxxv.-

314 4474 409 4529 222
433 4475 497 4531 In
521 4476 835 4543 Palestina,
866 4481 956 4532 etc
985 4517 1001 4543 ,
1032 4482 1099 4532 ut
1123 4483 1274 4551 Aug.
1311 4494 1364 4534 a.
1398 4494 1486 4549 pr.
1990 4479 2064 4535 al.
2099 4496 2150 4534 a.
2183 4479 2311 4534 212.

314 4562 411 4617 223
432 4565 693 4639 Aurelius
721 4566 965 4621 tumultu
991 4566 1231 4623 militari
1275 4568 1456 4623 Romae
1497 4565 1778 4623 occiditur.
1810 4596 1880 4606 —
2059 4567 2162 4623 237
2218 4567 2522 4622 Pontianus
2575 4582 2722 4638 papa
2774 4570 2829 4622 et
2883 4582 3156 4622 successor
3219 4568 3337 4635 ejus
3401 4567 3640 4629 Anterus

261 4648 487 4706 Aurelius
528 4652 850 4709 Alacander
893 4654 1001 4710 XXI
1042 4656 1208 4710 annis
1238 4670 1362 4710 xm.
1393 4654 1492 4710 Hic
1539 4655 1601 4710 in
1645 4658 1880 4711 matrem
1987 4655 2197 4713 XXVIII
2218 4671 2365 4725 papa
2393 4663 2510 4725 post
2532 4656 2778 4726 primum
2806 4670 3045 4709 mensem
3081 4653 3431 4723 pontiﬁcatus
3476 4670 3635 4710 mar-

264 4753 397 4792 suam
416 4744 578 4797 unice
599 4744 733 4814 pius
762 4744 897 4814 fuit,
924 4752 975 4799 et
992 4745 1224 4808 cunctis,
1253 4741 1470 4799 chorus.
1988 4746 2322 4816 tyrimntur,
2354 4744 2513 4798 tertio
2542 4743 2722 4798 Nonas
2750 4743 3027 4797 Januarii.
3060 4740 3173 4812 (38)
3206 4742 3319 4796 Eus
3346 4757 3401 4796 a.
3432 4742 3559 4796 239.

315 4827 407 4881 224
434 4829 753 4886 Alexander
778 4832 984 4887 Xerxen
1015 4847 1199 4902 regem
1226 4831 1521 4887 Persarum
1544 4833 1698 4887 vicit.
2056 4834 2162 4887 238
2206 4831 2478 4885 Fabianus
2520 4846 2667 4900 papa
2711 4829 2822 4883 XIX
2872 4828 3013 4884 sedit
3069 4831 3235 4884 annis
3282 4844 3393 4886 XIV.
3444 4832 3634 4886 Maxi-

316 4916 691 4974 ﬂSUrbanus
716 4936 863 4992 papa
891 4921 1001 4976 XVI
1024 4919 1161 4975 sedit
1206 4922 1371 4974 annis
1414 4936 1535 4975 νιιι.
1586 4922 1687 4977 Hic
1732 4922 1875 4976 mul-
1985 4924 2172 4976 minus
2224 4920 2495 4990 Aquileiae
2549 4918 2831 4973 occiditur.
2896 4918 3204 4974 Gordianus
3260 4919 3416 4975 XXIII
3471 4922 3637 4977 annis

268 5009 331 5056 tos
352 5005 615 5063 nobilium
641 5008 719 5065 ad
744 5007 908 5079 ﬁdem
955 5008 1169 5065 Christi
1213 5009 1506 5071 convertit;
1535 5016 1717 5065 octavo
1753 5010 1875 5065 Kal.
1987 5026 2104 5065 sex.

1821 5125 2054 5182 NOTAE.

585 5218 833 5306 Eusebio
860 5193 1246 5306 Gemipianus
1274 5219 1506 5306 dicitur.
1990 5222 2173 5306 "(37)
2202 5223 2311 5278 Pro
2339 5220 2482 5278 Julii
2513 5220 2827 5295 legendum
2876 5223 3040 5280 Junii
3066 5242 3080 5293 ;
3127 5223 3340 5280 colitur
3380 5219 3533 5275 enim
3562 5221 3636 5275 25
3662 5294 3673 5299 ‘

326 5286 426 5428 I35;
452 5288 602 5365 Aliis
627 5291 878 5376 Zibenus
907 5293 1123 5376 dicitur
1150 5294 1224 5350 ad
1254 5308 1351 5348 an.
1383 5293 1510 5348 230.
1753 5365 1764 5377 .
1990 5286 2165 5351 Mdii.’
2348 5326 2365 5375 ο.
2569 5286 2601 5295 ”
2662 5364 2674 5375 ⁸
3067 5286 3077 5293 ’
3630 5372 3633 5377 _

328 5354 407 5427 {36
450 5360 739 5420 Murenae
764 5364 947 5425 codex
975 5365 1138 5422 addit
1162 5367 1512 5428 cognomento
1540 5362 1879 5428 Grcam-ium.
2060 5366 2172 5428 (38)
2203 5365 2524 5421 Pontianus
2552 5363 2705 5421 sedit
2732 5366 2806 5422 ab
2835 5383 2887 5423 a.
2917 5367 3026 5422 230
3055 5379 3240 5428 usque
3266 5362 3392 5428 235,
3425 5365 3485 5420 et
3513 5367 3633 5420 An-

328 5354 425 5428 {36)
450 5360 739 5438 Murensis
764 5364 947 5438 codex
975 5364 1138 5422 addit
1162 5367 1512 5438 cognomento
1540 5362 1879 5438 Gregorium.
2060 5366 2172 5438 (38)
2203 5365 2524 5421 Pontianus
2552 5363 2705 5421 sedit
2732 5366 2806 5422 ab
2835 5383 2887 5423 a.
2917 5367 3026 5422 230
3055 5379 3240 5436 usque
3266 5362 3392 5432 235,
3425 5365 3485 5420 et
3513 5367 3633 5420 An-'

275 5434 765 5560 Wet!“
810 5435 1035 5496 scilicet
1079 5434 1284 5513 postea
1334 5434 1696 5511 episcOpum.
1744 5435 1878 5495 Vid.

1744 5435 1878 5495 Vid.
1989 5434 2161 5498 tarus
2184 5452 2301 5496 uno
2331 5451 2553 5495 mense.
3148 5434 3161 5436 θ
3348 5478 3352 5483 .
