4124 6188
411 269 481 351 π
1161 297 1172 311 -
1217 281 1630 347 ιιιιιιιιΑΝΝι
1677 244 2118 346 comma:
2166 277 2582 346 AUGIENSIS
2627 279 3014 348 MONACHI.
3734 261 3813 341 ἰιι

1791 443 2030 500 CODEX
2068 440 2464 500 AUGIENSIS.

429 593 432 596 .
482 549 583 604 Io
611 547 717 602 243
747 544 1094 610 Gordianus,
1125 542 1260 604 cum
1302 538 1485 598 victor
1530 540 1761 597 Parthis
1808 543 2054 595 reverte-
2083 541 2138 607 Α
2167 539 2462 596 cutionem
2495 545 2702 598 movet.
2737 573 2803 581 —
2837 541 3124 598 Antonius
3157 541 3213 596 in
3246 531 3484 614 Egypto
3517 531 3816 596 nascitur.

409 640 592 704 retur,
623 635 779 691 haud
806 632 980 708 longe
1011 650 1046 689 a
1075 628 1338 690 Romano
1369 631 1490 688 solo
1531 621 1896 685 interficitur.
1928 629 2054 684 Eas.

407 741 823 870 “gizMilites
853 808 1142 868 Gordiano
1171 803 1468 865 tumulum
1499 806 1805 872 nidiﬁcant,
1838 809 1894 862 et
1923 821 2058 862 ossa

405 903 536 974 ejus
563 901 808 958 Romam
840 897 1159 972 reportant.
1191 900 1320 953 Eus.
1353 895 1407 952 h.
1437 911 1492 952 a.
1520 896 1604 968 (In
1631 909 1810 964 marg.
1835 893 2056 967 Philip-

405 1007 538 1065 pus,
569 986 705 1047 cum
737 988 856 1044 tilio
886 1004 1024 1043 ann.
1055 986 1183 1056 vn.)

475 1080 582 1135 245
638 1077 940 1147 Philippus
1005 1074 1234 1146 primus
1295 1073 1560 1129 omnium
1632 1073 2053 1144 imperatorum

402 1163 774 1225 Christianus
802 1164 930 1218 fuit.
961 1163 1068 1218 Hic
1098 1161 1285 1218 filium
1319 1178 1494 1218 suum
1536 1161 1872 1232 Philippum
1915 1177 2053 1216 con-

401 1259 618 1311 sortem
653 1254 814 1326 regni
848 1252 1000 1308 fecit.
1034 1246 1162 1307 Eus.
1195 1251 1250 1306 h.
1283 1269 1336 1306 a.

468 1341 578 1398 246
607 1340 1012 1414 Regnantibus
1045 1335 1330 1412 Philippis
1352 1333 1704 1396 millesimus
1735 1349 1923 1395 annus
1947 1338 2053 1395 Ro-

401 1449 588 1488 manis
621 1431 785 1486 urbis
815 1428 1080 1500 expletus
1112 1433 1220 1483 est.
1254 1429 1380 1484 Eus.
1415 1429 1468 1484 h.
1497 1443 1551 1482 a.

471 1521 576 1576 247
605 1515 959 1575 Millesimus
1005 1533 1198 1572 annus
1247 1535 1282 1572 a
1333 1516 1664 1572 Christiano
1699 1516 2052 1588 imperatore

407 1607 587 1664 variis
617 1605 773 1663 ludis
805 1604 1130 1660 celebratus
1158 1609 1265 1660 est.
1298 1606 1423 1659 Eus.
1459 1605 1512 1660 ὴ.
1536 1622 1590 1660 a.

470 1696 577 1752 248
609 1692 932 1752 Theatrum
963 1692 1219 1766 Pompeii
1253 1692 1448 1749 Romae
1481 1692 1808 1749 incensum.
1841 1689 2048 1748 Iz’us.a.

399 1787 524 1842 246.

469 1873 581 1972 249
605 1872 912 1944 Philippus
944 1871 1146 1972 urbem
1168 1870 1542 1972 nominissui
1566 1869 1637 1972 i1:
1646 1859 1891 1970 'I':hracia
1919 1885 2051 1972 con-

397 1960 629 2020 struxit.
662 1966 792 2017 Eas.
818 1976 870 2014 a.
901 1959 1173 2030 pr.—l]is
1201 1955 1567 2030 temporibus
1596 1957 1873 2030 Origenes
1896 1958 2046 2013 mul-

395 2056 457 2108 ta
483 2049 739 2122 scripsit.

464 2134 960 2196 250Alexandr'iae
1009 2134 1322 2207 Dionysius
1370 2135 1492 2190 Xlll
1541 2134 1851 2207 episcopus
1895 2135 2048 2192 sedit

397 2228 570 2286 annis
597 2243 732 2283 xvn.
767 2228 898 2280 Eus.
929 2242 984 2278 a.
1015 2240 1104 2295 pr.

463 2317 562 2372 25l
601 2313 908 2385 Philippus
939 2312 1134 2368 senior
1162 2312 1421 2368 Veronae.
1448 2312 1642 2368 Roma
1673 2328 1805 2368 vero
1845 2306 2049 2386 junior

394 2403 698 2462 occiditur.
730 2404 857 2456 Eus.
891 2401 945 2455 h.
977 2418 1031 2455 a.
1063 2401 1147 2472 (In
1175 2417 1353 2472 marg.
1389 2399 1599 2456 Decius
1628 2393 1822 2468 anni,
1856 2418 2041 2456 mens.

397 2511 492 2560 Ill;
525 2493 602 2548 al.
633 2508 692 2547 a.
723 2490 880 2557 249.)

467 2581 568 2638 20
595 2581 702 2635 252
731 2578 962 2645 Decius,
992 2577 1127 2634 cum
1158 2578 1459 2652 Philippos
1490 2583 1712 2651 patrem
1752 2581 1810 2633 et
1856 2577 2043 2633 lilium

268 2661 285 2676 ’
393 2668 882 2736 i=nterl‘ecisset,ob
911 2683 1114 2723 eorum
1145 2667 1346 2722 odium
1379 2665 1437 2722 in
1469 2667 1832 2724 Christianos
1854 2682 2044 2738 perse-

2165 627 2377 685 Decius
2405 643 2538 685 cum
2579 627 2696 685 tilio
2743 625 3048 686 occiditur.
3081 632 3209 684 Eus.
3243 630 3297 684 h.
3331 647 3384 684 ιι.
3421 658 3490 670 -
3521 623 3816 684 Fabianus

2166 716 2597 789 martyrizatur,
2628 734 2731 790 pro
2757 734 2873 789 quo
2903 717 3204 773 Cornelius
3251 731 3404 790 papa
3449 713 3603 772 sedit
3644 707 3816 771 annis

2166 820 2228 861 ιιι
2255 806 2388 878 (41),
2423 805 2524 879 qui
2554 803 2611 862 et
2639 801 2764 879 ipse
2793 801 3071 878 martyrio
3119 797 3450 862 coronatur.
3484 807 3612 862 Eus.
3653 805 3708 860 h.
3738 822 3816 872 a;

2164 895 2241 950 al.
2275 911 2328 950 a.
2357 912 2446 966 pr.
2750 933 2758 940 -
2839 933 2841 936 -

2234 979 2341 1038 253
2384 983 2466 1052 (In
2517 978 2698 1053 marg.
2751 983 2951 1040 Gallus
3004 977 3138 1039 cum
3187 975 3503 1040 Volusiano
3551 979 3688 1038 ann.
3747 1001 3809 1050 ιι,

2163 1088 2351 1128 mens.
2386 1072 2494 1143 ιιι.)
2525 1072 2803 1145 Origenes
2832 1089 2986 1129 anno
3017 1072 3205 1128 aatatis
3236 1090 3363 1141 Lxx,
3396 1072 3660 1128 moritur.
3693 1071 3813 1128 No-

2160 1155 2329 1216 vatus
2384 1157 2684 1232 presbyter
2739 1165 2941 1216 auctor
2996 1159 3282 1218 haereseos
3331 1160 3521 1218 exstit.
3559 1155 3812 1216 Maxima

2162 1243 2496 1322 pestilentia
2523 1249 2673 1305 facta
2703 1242 2811 1306 est.
2838 1252 2965 1305 Eus.
2989 1249 3044 1305 h.
3075 1267 3130 1304 a.
3167 1287 3170 1290 ι

2230 1338 2338 1392 254
2392 1334 2605 1392 Lucius
2635 1331 2786 1410 papa
2813 1334 2952 1406 XXI,
2972 1338 3275 1394 mensibus
3304 1332 3436 1407 νιιις
3471 1332 3605 1411 post
3633 1334 3807 1410 q'uem

2161 1425 2497 1498 Stephanus
2538 1420 2710 1482 annis
2752 1443 2812 1481 ιι.
2843 1425 3045 1483 Gallus
3094 1443 3228 1483 cum
3276 1427 3395 1484 ﬁlio
3437 1419 3805 1483 interimitur.

2160 1516 2286 1570 Eus.
2323 1515 2380 1571 h.
2413 1531 2466 1570 a.

2197 1629 2200 1633 -
2229 1605 2336 1658 255
2365 1606 2450 1675 (In
2478 1597 2654 1676 marg.
2687 1596 3032 1660 Valerianu
3079 1607 3137 1661 et
3179 1596 3478 1662 Gallienus
3524 1601 3660 1660 ann.
3690 1597 3808 1677 iv.)

2159 1687 2506 1752 valerianus
2531 1697 2794 1748 octavam
2828 1684 3292 1765 persecutionem
3342 1693 3402 1749 in
3446 1683 3807 1750 Christianos

2159 1778 2432 1836 exercuit.
2468 1781 2591 1836 Eus.
2623 1797 2676 1836 a.
2709 1781 2836 1836 257.
3413 1829 3419 1836 .

2229 1870 2332 1924 257
2370 1865 2696 1942 Cyprianus
2753 1865 2954 1926 doctbr
3008 1861 3280 1937 eximius,
3329 1860 3806 1944 Carthaginensis

2157 1953 2486 2030 episcopus,
2521 1951 2798 2031 martyrio
2829 1955 3160 2016 Coronatur.
3215 1961 3340 2016 Eus.
3381 1955 3436 2015 ιι.
3471 1977 3537 2022 α;
3575 1950 3682 2016 alii
3708 1955 3802 2017 an.

2153 2061 2263 2118 seq.

2224 2137 2333 2189 258
2358 2134 2704 2191 Valerianus
2733 2151 2768 2192 a
2795 2137 3014 2208 Sapore
3035 2131 3351 2193 Persarum
3393 2149 3525 2210 rege
3553 2129 3799 2211 capitur.

2154 2228 2291 2279 Eus.
2325 2223 2379 2279 h.
2413 2241 2466 2278 a.
2502 2225 2596 2280 21
2633 2223 2834 2281 Xistus
2865 2217 3013 2298 papa
3042 2225 3191 2282 sedit
3237 2222 3410 2282 annis
3432 2216 3535 2284 vn.
3584 2225 3712 2284 Eus.
3744 2245 3798 2283 a.

2153 2313 2280 2367 256.
2315 2312 2479 2367 annis
2509 2329 2630 2370 vm.

2223 2402 2332 2456 259
2354 2400 2661 2457 Valeriano
2691 2401 2747 2456 in
2781 2393 2986 2458 Persas
3015 2404 3212 2470 ducto,
3245 2407 3303 2458 et
3342 2404 3528 2460 oculis
3557 2396 3801 2478 privato,

2153 2489 2451 2546 Gallienus
2479 2485 2681 2562 pacem
2713 2481 2902 2546 reddit
2928 2492 3165 2547 nostris.
3196 2493 3324 2547 Eus.
3357 2510 3408 2547 α.
3441 2506 3550 2565 seq.

2173 2617 2178 2626 ι
2220 2579 2320 2634 261
2355 2577 2655 2635 Gallienus
2710 2579 2769 2634 in
2821 2595 3057 2636 omnem
3104 2572 3402 2637 lasciviam
3441 2573 3799 2638 dissolvitur.

2153 2667 2281 2722 Eus.
2310 2666 2364 2720 h.
2397 2684 2450 2722 a.

1433 2787 1908 2849 COMPENDIUM
1949 2787 2041 2846 EX
2079 2775 2332 2846 comes
2372 2789 2752 2846 BERNOLDL

461 2890 568 2948 244
602 2875 904 2949 Gordianus
951 2907 1075 2945 cum
1121 2884 1309 2957 victor,
1343 2877 1454 2945 etc.
1502 2894 1566 2966 ut
1607 2893 1754 2961 Aug.
1790 2907 1824 2945 a
1852 2906 1939 2962 pr.
1974 2919 2042 2929 —

393 2971 681 3062 Philippus
732 2975 882 3034 XXIV
933 2995 1057 3034 cum
1100 2977 1217 3066 ﬁlio
1284 2979 1540 3066 Philippo
1597 2979 1764 3062 annis
1817 2981 2036 3050 septem.

395 3069 490 3125 Hic
531 3067 745 3141 primus
789 3069 1035 3124 omnium
1082 3067 1480 3138 imperatorum
1533 3067 1877 3124 Christianus
1903 3067 2034 3138 fuit.

2151 2885 2254 2959 quo
2313 2881 2598 2943 Cornelius
2640 2906 2785 2959 papa
2836 2885 2924 2943 XX
2976 2889 3111 2945 sedit
3158 2892 3324 2945 annis
3371 2877 3561 2974 tribus.
3609 2869 3802 2962 Decius

2147 2993 2267 3031 cum
2323 2977 2439 3064 ﬁlio
2490 2993 2586 3058 suo
2643 2979 2702 3060 in
2760 2977 2985 3034 Thracia
3032 2996 3065 3033 a
3109 2979 3296 3036 Gothis
3352 2977 3798 3064 occidimuﬂal-

2147 3066 2234 3120 lus
2283 3063 2432 3122 XXVI
2475 3082 2599 3120 cum
2652 3065 2942 3123 Volusiano
2989 3069 3106 3139 ﬁlio
3155 3069 3319 3123 annis
3375 3061 3602 3135 duobus,
3643 3083 3797 3124 men-

391 3159 540 3234 Nota
571 3156 836 3213 Bernoldi
894 3157 949 3210 in
1003 3157 1266 3227 margine
1314 3157 1632 3228 superiore.
1677 3149 1750 3210 De
1780 3153 1878 3210 hoc
1908 3149 2039 3209 Phi-
2075 3157 2119 3224 C
2155 3155 2299 3210 sibus
2330 3172 2413 3210 ιιι.
2449 3171 2502 3209 a.
2533 3156 2659 3210 251.

392 3245 538 3326 lippo
569 3246 767 3317 legitur
784 3247 847 3326 in
877 3239 1058 3301 eccles.
1089 3235 1232 3326 Hist.
1267 3244 1406 3318 quod
1437 3246 1494 3300 in
1528 3247 1645 3316 ipsa
1683 3244 1773 3300 die
1817 3241 2042 3300 Pascha?

390 3323 516 3390 cum
541 3323 940 3390 communicare
968 3323 1145 3410 vellet,
1176 3328 1244 3402 ab
1265 3328 1513 3406 cpiscOpo
1543 3334 1646 3387 loci
1674 3349 1779 3387 non
1806 3333 2038 3403 permit-

393 3430 617 3489 teretur,
649 3437 819 3494 usque
846 3417 978 3476 dum
1002 3413 1295 3492 praemissa
1334 3409 1666 3492 confessione
1699 3415 2039 3493 peccatorum

394 3514 537 3567 inter
564 3512 886 3581 pwnitentes
915 3510 1256 3580 satisfaceret
1283 3509 1419 3579 (39).

461 3600 568 3654 245
599 3598 884 3669 Philippus
911 3597 1232 3669 Philippum
1261 3597 1442 3666 ﬁlium
1461 3591 1623 3652 suum
1646 3607 1940 3652 consortem.
1963 3613 2038 3652 rc-

391 3689 490 3758 gni
516 3689 610 3742 sui
638 3688 786 3753 fecit.

459 3775 566 3830 247
617 3764 975 3832 Alexandriae
1020 3761 1138 3829 XIII
1191 3763 1486 3846 Dionysius
1532 3764 1806 3845 episctipus
1861 3775 2040 3830 clarus

389 3865 572 3921 doctor
599 3864 738 3920 sedit
766 3867 928 3920 annis
957 3852 1074 3933 xix,
1109 3865 1208 3934 qui
1251 3859 1354 3919 suo
1396 3853 1631 3935 tempore
1669 3853 2040 3919 Sabellianam

391 3944 646 4011 mesim
677 3953 822 4025 apud
862 3949 1259 4009 Ptolemaidam
1290 3955 1484 4009 asserit
1511 3956 1777 4009 exortam.
1812 3953 1950 4009 Eus.
1983 3970 2034 4007 a.

389 4043 514 4097 249.

461 4130 567 4184 248
594 4127 916 4185 Mille'simus
945 4146 1128 4185 annus
1155 4130 1224 4186 ab
1252 4117 1386 4186 urbe
1413 4119 1632 4186 condita
1676 4131 1864 4202 festive
1902 4129 2039 4185 cele-

289 4285 295 4292 .
395 4213 604 4274 bratur.

460 4305 568 4361 249
599 4307 853 4376 Origenes
878 4305 1167 4378 presbyter
1206 4306 1296 4361 his
1327 4305 1659 4378 temperibus
1705 4314 1856 4361 tanta
1903 4308 2040 4361 scri-

389 4385 516 4467 psit,
549 4383 608 4450 ut
639 4397 1008 4466 Hieronymus
1037 4395 1271 4466 quodam
1302 4396 1412 4452 loco
1443 4396 1550 4467 (40)
1583 4398 1823 4468 quinque
1857 4395 2040 4451 millia

393 4483 667 4539 librorum
694 4484 813 4556 ejus
841 4500 896 4540 se
926 4484 1122 4554 legisse
1149 4484 1313 4540 dicat.

461 4569 562 4628 251
600 4573 894 4644 Philippus
937 4573 1130 4629 Senior
1181 4574 1416 4636 Veronae.
1447 4573 1652 4631 Junior
1693 4588 1818 4627 vero
1865 4573 2040 4628 Romae

344 4651 346 4654 ’
389 4662 675 4718 occiditur.
717 4663 913 4718 Decius
961 4663 1105 4730 XXV,
1147 4679 1298 4718 anno
1346 4677 1476 4730 uno,
1528 4662 1801 4717 mensibus
1847 4663 2039 4718 tribus.

392 4749 775 4821 Isteseptimus
805 4752 865 4805 in
899 4736 1243 4806 Christianos
1287 4751 1719 4822 persecutionem
1765 4744 2040 4806 excitavit.

2217 3244 2324 3298 253
2356 3243 2587 3313 Origene
2614 3237 2760 3300 anno
2787 3239 2994 3312 aetatis,
3026 3249 3160 3310 etc.,
3207 3248 3319 3317 (42)
3369 3235 3436 3302 ut
3483 3225 3631 3319 Aug.
3681 3250 3792 3305 Νο-

2149 3340 2302 3411 uatus
2328 3334 2615 3414 presbyter
2643 3335 2902 3414 Romanae
2927 3333 3177 3414 Ecclesia
3207 3336 3318 3406 (43)
3349 3335 3587 3414 heresis,
3616 3323 3795 3414 Noua-

2145 3409 2426 3476 tianorum
2455 3406 2645 3496 auctor
2668 3439 2686 3476 :
2717 3425 2812 3493 qui
2834 3413 2890 3478 se
2917 3409 3178 3478 catharos
3207 3406 3485 3496 dixerunt,
3529 3406 3589 3479 in
3637 3411 3793 3479 mar-

2147 3511 2280 3581 gine
2311 3511 2447 3564 nota
2475 3499 2746 3564 Bernoldi
2780 3527 2792 3565 :
2827 3510 3119 3566 Novatiani
3147 3513 3207 3566 in
3233 3514 3468 3568 crimine
3499 3514 3666 3584 lapsis
3706 3528 3793 3568 ve-

2147 3602 2303 3653 niam
2330 3598 2686 3669 denegant,et
2715 3600 2766 3652 si
2791 3593 2960 3667 digne
2972 3602 3295 3671 pceniteant.

2215 3688 2320 3742 254
2353 3687 2544 3742 Gallus
2565 3691 2617 3742 et
2654 3683 2974 3743 Volusianus
3002 3677 3276 3760 interfecti
3292 3674 3422 3745 sunt
3441 3675 3790 3747 Interamna.

2155 3777 2482 3832 Valerianus
2511 3773 2684 3830 XXVII
2716 3792 2842 3832 eum
2895 3764 3144 3833 Gallieno
3173 3780 3338 3833 annis
3384 3796 3476 3837 xv.
3510 3765 3613 3835 Iste
3657 3767 3798 3836 octa-

2149 3879 2244 3918 vus
2263 3857 2688 3942 persecutionem
2714 3865 2777 3918 in
2808 3863 3148 3920 Christianos
3178 3865 3439 3922 exercuit.
3517 3938 3546 3944 η
3768 3937 3774 3942 υ

2216 3953 2324 4007 255
2351 3952 2633 4009 Cornelius
2660 3959 3045 4034 papalmartyr
3070 3956 3308 4025 efﬁcitur
3331 3963 3470 4010 xvm
3521 3953 3644 4032 Κ
3677 3947 3792 4034 Oct.

2146 4042 2347 4097 Lucius
2390 4057 2536 4114 papa
2577 4041 2692 4096 XXI
2728 4029 2870 4098 sedit
2913 4029 3120 4099 menses
3174 4059 3296 4110 vm,
3327 4042 3516 4116 passus
3547 4029 3604 4099 Iv
3655 4029 3798 4102 Non.

2147 4130 2353 4184 Martii.

2217 4219 2324 4274 256
2353 4207 2833 4291 Stephanus'popa
2861 4217 2994 4298 XXII
3014 4219 3153 4275 sedit
3178 4221 3341 4276 annis
3377 4202 3610 4291 duobus,
3643 4219 3796 4278 Mar-

2149 4308 2293 4377 tyrio
2321 4310 2609 4362 coronatus
2636 4311 2714 4363 est
2743 4325 2799 4362 ιν
2827 4313 2967 4365 Νοη.
3000 4310 3253 4378 Augusti.
3401 4379 3406 4388 ι
3525 4379 3527 4382 ι
3570 4379 3578 4388 ἱ

2218 4395 2324 4451 258
2352 4395 2541 4450 Sixtus
2586 4413 2732 4468 papa
2778 4397 2934 4452 XXIII
2977 4398 3118 4454 sedit
3163 4397 3328 4454 annis
3373 4379 3649 4470 undecim,
3701 4399 3800 4470 qui

2152 4500 2251 4556 pro
2283 4483 2491 4563 Christo
2517 4484 2813 4541 decollatus
2857 4495 2938 4562 est
2982 4503 3083 4541 vm
3129 4487 3254 4543 Idus
3299 4481 3438 4562 Aug.
3465 4517 3532 4529 —
3563 4477 3805 4564 Valeria-

2154 4589 2255 4628 nus
2282 4559 2548 4628 commota
2574 4559 2966 4644 persecutione,
2999 4592 3034 4629 τι
3083 4579 3290 4654 Sapore
3336 4559 3460 4645 rege
3504 4559 3801 4654 Persarum

2151 4653 2340 4733 captus
2367 4666 2419 4718 et
2447 4662 2618 4718 oculis
2644 4663 2909 4733 privatus,
2943 4664 3000 4718 in
3031 4651 3292 4720 servitute
3319 4657 3628 4740 miserabili
3667 4651 3800 4720 conv-

2151 4753 2400 4818 senescit,
2433 4754 2485 4805 et
2512 4750 2794 4806 Gallienus
2826 4753 3048 4806 territus
3073 4768 3262 4824 pacem
3306 4751 3637 4808 Christianis
3675 4751 3798 4807 red-

463 4831 571 4893 252
625 4839 898 4895 Fabianus
954 4857 1056 4895 xm
1115 4840 1233 4896 Kal.
1294 4840 1415 4894 Feb.
1471 4839 1889 4908 martyrimtur,
1945 4855 2046 4910 pro
2153 4837 2311 4894 didit.

1974 4963 2204 5018 NOTAE.

395 5132 430 5186 Β
465 5059 580 5185 (ξο)
609 5060 895 5118 Eusebius
926 5062 1073 5117 duos
1121 5064 1349 5116 tantum
1395 5075 1577 5115 annos
1619 5057 1884 5114 Cornelio
1932 5059 2038 5114 tri-

438 5147 494 5186 ui
529 5175 542 5186 .

438 5130 542 5186 uit.

460 5203 578 5327 (40)
610 5203 844 5286 Factum
878 5203 934 5256 id
960 5219 1004 5284 ιι
1023 5203 1082 5264 S,
1113 5199 1329 5273 Babyla
1357 5200 1630 5272 episcopo
1675 5198 2036 5258 An-tiocheno

482 5277 570 5327 ert
597 5274 909 5327 Eusebius.
938 5257 1086 5327 liuet.
1117 5272 1256 5327 eccl.
1289 5270 1327 5325 l.
1356 5288 1497 5327 v1.c.
1529 5287 1606 5327 v1.
1639 5286 1689 5325 c.
1716 5273 1929 5327 27zuuo
1949 5274 2035 5327 ta-

394 5270 570 5328 refert
597 5273 909 5338 Eusebius,
938 5270 1086 5328 Hist.
1117 5270 1256 5328 eccl'.
1289 5270 1327 5325 l.
1356 5270 1497 5335 vi,c.
1529 5270 1606 5338 vi,
1639 5286 1689 5325 c.
1716 5273 1929 5336 27;qu‘o
1949 5274 2035 5327 ta-

395 5359 529 5407 men
560 5344 894 5400 testimonio
926 5360 1040 5400 non
1072 5344 1359 5413 obstante,
1383 5342 1596 5413 Pagius
1624 5341 1918 5413 incritica
1937 5343 2039 5399 Ba-

397 5413 566 5474 ronii.
599 5415 798 5478 adan.
834 5415 979 5480 244.,
1013 5431 1071 5470 n.
1108 5415 1200 5480 IV,
1256 5411 1588 5485 Philippum
1639 5411 2035 5470 Christianum

399 5485 581 5541 fuisse
609 5491 780 5553 negat
809 5503 942 5540 cum
975 5486 1107 5542 aliis
1136 5483 1404 5553 eruditis.

469 5555 583 5632 (41)
613 5552 777 5613 Forte
805 5555 864 5614 in
889 5557 1141 5631 epistota
1169 5557 1241 5616 ad
1271 5552 1534 5626 Paulam,
1566 5552 1625 5610 in
1652 5569 1768 5628 qua
1797 5570 1860 5612 se
1897 5571 2032 5629 ope-

2149 5058 2577 5132 rumiprigenis
2608 5058 2934 5131 catalogum
2984 5061 3238 5117 texuisse
3266 5064 3516 5117 testatur
3551 5076 3680 5132 cap.
3725 5060 3796 5114 54

2147 5132 2217 5186 de
2262 5129 2655 5201 Viris'illustr.
2690 5129 2822 5201 quae
2847 5131 3376 5188 tamenintercidit.

2217 5201 2328 5272 (42)
2359 5199 2854 5283 Murensisgaddit-
2872 5205 2967 5283 et
2996 5204 3057 5264 in
3081 5204 3224 5283 fgro
3247 5203 3528 5275 sepelitur,
3563 5205 3795 5259 notam-

2147 5288 2258 5344 que
2285 5271 2670 5344 marginalcm
2705 5273 2886 5334 textui
2918 5271 3141 5336 inserit:
3198 5343 3201 5344 ν
3301 5271 3338 5332 ἶ.
3377 5315 3404 5333 ,ι
3437 5315 3442 5320 ι
3516 5271 3548 5330 ..
3615 5323 3620 5344 ,

2217 5342 2602 5417 (4_3)Nov._atus
2640 5347 2794 5417 erat,
2832 5344 3136 5417 presbyter
3179 5343 3657 5417 Carthaginsnsis
3695 5343 3794 5399 Ec-

2143 5412 2352 5498 clesia,
2367 5414 2475 5498 qui
2500 5412 2983 5498 cum_.Novatiano
3011 5412 3275 5474 Romano
3295 5412 3634 5490 presbytero
3655 5429 3795 5488 prae-

2143 5486 2358 5542 dictam
2396 5485 2641 5543 hmresin
2672 5485 2962 5543 conﬂavit.
