4124 6188
279 313 361 369 73
806 344 809 349 ι
1511 316 1989 380 CHRONICON.
2018 345 2100 365 --
2131 319 2318 380 SiECa.
2361 320 2467 382 III.

2396 196 2432 218 Δ

3612 327 3697 391 ἠ

348 534 462 589 262
488 533 764 591 Germani
788 534 1038 604 Italiam,
1060 535 1370 594 Alamanni
1395 536 1614 595 Gallias
1630 447 1925 595 θῗὲῗὲἔω

2069 451 2332 507 iIENSlS.

2069 557 2164 612 [no
2188 528 2447 613 regnavit
2465 543 2700 598 Tacitus
2715 544 3017 599 mensibus
3031 559 3107 598 v1.
3127 544 3248 607 Quo
3268 545 3420 614 apud
3440 546 3687 605 Pontum

274 631 665 704 populantur.
697 635 826 688 Eas.
854 634 908 689 h.
940 649 1014 695 a;
1044 635 1267 708 Eutrop.
1299 652 1351 690 a.
1385 636 1511 692 264.

342 721 843 789 263Macedonia,
901 722 1143 788 Graecia,
1205 723 1445 791 Pontus,
1504 723 1645 781 Asia
1701 726 1759 780 et
1805 723 1928 781 alia:

265 808 586 881 provincia
617 809 1050 884 depopulantur
1078 827 1182 883 per
1211 811 1451 868 Gothos.
1484 813 1612 869 Eas.
1646 830 1681 868 a
1703 830 1795 886 pr.

340 898 456 953 265
477 897 798 972 Dionysius
842 915 995 973 papa
1040 899 1193 956 sedit
1240 901 1413 958 annis
1440 919 1516 957 ix.
1546 904 1675 958 Eas.
1706 918 1760 957 (ι.
1792 917 1928 972 seq.,

269 986 349 1041 al.
382 1003 439 1041 a.
464 987 594 1043 259.

338 1075 449 1131 266
478 1074 599 1132 Hoc
647 1079 912 1150 tempore
951 1077 1313 1146 Theodorus,
1372 1077 1474 1150 qui
1504 1083 1561 1134 et
1589 1079 1926 1151 Gregorius,

264 1164 655 1222 Neocasareaa
679 1167 999 1239 episcopus
1018 1166 1341 1223 virtutibus
1372 1167 1603 1224 claruit.

332 1254 453 1397 267,"
468 1253 892 1327 Hierosolymis
907 1255 1256 1328 Hymenaeus
1272 1255 1584 1330 episcopus
1597 1256 1925 1314 ordinatur.

332 1359 391 1397 is.
460 1384 474 1397 .
509 1359 568 1397 a.

261 1344 391 1398 Eas.
416 1344 474 1397 Ιι.
509 1359 568 1398 a.

334 1440 444 1499 269
472 1439 781 1498 Gallienus
809 1441 1124 1498 Mediolani
1153 1442 1457 1498 occiditur.
1490 1443 1615 1497 Eus.
1644 1442 1697 1499 h.
1730 1460 1789 1500 a.

334 1530 442 1585 270
470 1530 557 1599 (In
608 1546 788 1600 marg.
820 1529 1100 1586 Claudius
1150 1547 1287 1587 ann.
1321 1548 1360 1598 ι,
1396 1547 1583 1588 mens.
1618 1530 1719 1602 Ix).
1753 1530 1923 1587 Clau-

264 1619 399 1674 dius
428 1618 655 1675 Gothos
676 1618 803 1689 jam
834 1635 941 1692 per
996 1636 1183 1676 annos
1229 1636 1305 1676 xv
1331 1619 1626 1692 Illyricum
1654 1620 1922 1676 Macedo-

264 1707 545 1779 niamque
594 1710 892 1764 vastantes
953 1712 1193 1780 superat
1238 1710 1367 1763 Eus.
1400 1725 1435 1763 a
1461 1724 1570 1779 seq.
1603 1740 1672 1749 ——-
1703 1707 1922 1763 Paulus

264 1800 687 1853 Samosatenus
748 1796 1067 1853 Antiochia
1112 1797 1425 1869 episcopus
1454 1797 1761 1853 haereticus
1793 1812 1922 1853 esse

2045 629 2569 699 occiso,li‘lorianus
2588 631 2851 705 regnavit
2873 631 2996 689 dies
3018 648 3286 697 Lxxxvm,
3308 635 3365 687 et
3385 633 3687 693 occiditur.

2043 718 2169 774 Eus.
2201 736 2255 775 a.
2286 736 2395 791 seq.

2112 810 2218 863 276
2251 808 2403 864 Felix
2423 825 2576 883 papa
2596 810 2919 876 XXV,sedit
2939 809 3110 867 annis
3131 827 3183 866 v.
3209 811 3332 865 Eus.
3358 826 3411 879 a,
3443 826 3577 883 seq.,
3610 813 3686 869 al.

2040 912 2094 951 a.
2127 896 2252 951 269.

2109 987 2215 1039 277
2236 986 2320 1057 (In
2348 1003 2528 1056 marg.
2560 987 2784 1044 Probus
2831 1005 2967 1044 ann.
3012 1004 3089 1055 v1,
3116 1005 3301 1044 mens.
3334 989 3433 1061 Iv.)
3470 990 3687 1047 Prohu’s

2041 1072 2257 1130 Gallias
2280 1091 2313 1130 a
2333 1075 2599 1132 barbaris
2620 1075 3389 1148 occupatasingentivirtute
3409 1078 3684 1136 restituit.

2036 1163 2261 1235 Eutrop.

2107 1253 2213 1308 278
2242 1253 2545 1311 Anatolius
2570 1253 2847 1310 Laodiciaa
2869 1255 3178 1326 episcopus
3201 1255 3395 1311 clarus
3415 1256 3681 1314 habetur.

2035 1346 2165 1398 Eas.
2195 1359 2248 1396 a.
2281 1358 2391 1414 seq.

2106 1430 2213 1485 279
2242 1431 2442 1487 Manes
2471 1431 2732 1503 quidam,
2766 1447 2977 1505 genere
3022 1432 3217 1501 Persa,
3260 1433 3529 1490 insanam
3561 1434 3684 1489 Ma-

2036 1519 2389 1574 nichaeorum
2409 1519 2677 1575 haeresim
2706 1521 2922 1577 condit.
2958 1526 3087 1577 Eas.
3119 1539 3172 1577 a.
3204 1538 3291 1592 pr.

2106 1609 2205 1665 23
2236 1609 2342 1663 280
2371 1609 2689 1665 Antiochiae
2712 1610 3028 1681 episcopus
3058 1610 3441 1666 constituitur
3470 1609 3684 1677 Quiril-

2033 1695 2126 1753 lus
2157 1696 2353 1752 XVIII.
2387 1697 2513 1752 Eas.
2547 1702 2602 1753 ἡ.
2626 1714 2681 1752 a.
2713 1702 2867 1754 vocat
2898 1698 3193 1771 Cyrillum.

2102 1785 2633 1856 281Eutyehianus
2690 1803 2840 1857 papa
2897 1787 3049 1841 sedit
3102 1803 3333 1843 menses
3396 1805 3494 1844 vm
3547 1789 3680 1860 (44).

266 1885 655 1940 convincitur.
698 1886 825 1941 Eus.
859 1903 913 1942 α,
947 1887 1073 1941 267,
1108 1886 1209 1943 22
1254 1885 1534 1941 Claudius
1552 1886 1768 1941 Sirmio
1792 1901 1921 1941 mo-
1959 1910 2007 1974 B
2035 1873 2139 1930 Cui
2170 1873 2455 1974 successit
2484 1874 2664 1930 Gaius
2696 1891 2844 1945 papa
2873 1875 3044 1929 annis
3074 1892 3187 1929 xvx.
3221 1877 3348 1931 Eus.
3380 1878 3435 1931 h.
3470 1894 3523 1931 a.

268 1974 436 2038 ritur,
470 1990 575 2046 pro
625 1990 741 2045 quo
797 1975 975 2031 frater
997 1976 1126 2046 ejus
1149 1973 1467 2040 Quintilius
1515 1974 1775 2047 regnavit
1796 1974 1920 2030 dies

263 2088 399 2139 xm,
436 2076 497 2127 et
524 2070 806 2143 Aquileia:
836 2071 1141 2128 occiditur.
1174 2074 1303 2127 Eas.
1335 2088 1391 2126 a.
1423 2088 1536 2143 seq.

329 2162 459 2215 271.
492 2160 581 2231 (In
608 2177 792 2229 marg.
826 2159 1175 2217 Aurelianus
1205 2177 1343 2217 ann.
1376 2177 1429 2227 v,
1463 2177 1648 2217 mens.
1681 2161 1783 2231 vx.)
1808 2162 1921 2214 Au-

263 2249 521 2305 relianus
537 2248 790 2321 publica
832 2249 912 2304 rei
934 2248 1117 2317 utilis,
1152 2249 1342 2321 primo
1362 2248 1620 2306 clemens
1641 2247 1921 2305 Christia-

266 2338 373 2405 nis,
405 2342 616 2410 postea
645 2341 984 2409 persecutor
1012 2338 1143 2392 fuit.
1182 2339 1391 2394 Trebel.
1422 2354 1475 2394 a.
1508 2354 1594 2410 pr.

329 2425 717 2482 2722enobia
769 2426 973 2499 regina
1017 2425 1271 2483 Orientis
1314 2426 1584 2482 vincitur.
1630 2423 1919 2481 Eusebius

271 2515 644 2571 Laodicensis
672 2513 981 2588 episcopus
1000 2513 1253 2587 insignis
1274 2515 1539 2571 habetur.
1568 2517 1701 2571 ’Eus.
1725 2531 1779 2569 a.
1805 2529 1913 2584 seq.

331 2605 439 2661 273
472 2603 858 2660 Aurelianum
918 2604 1114 2661 Romae
1156 2603 1623 2675 triumphantem
1653 2602 1918 2659 Tetricus

265 2698 323 2751 et
344 2692 605 2750 Zenobia
630 2692 843 2765 captivi
874 2695 1318 2765 praecesserunt.
1350 2693 1481 2749 Eus.
1514 2708 1567 2747 a.
1598 2707 1710 2763 seq.

331 2784 438 2838 274
472 2783 800 2854 Imperator
846 2781 956 2837 soli
1003 2780 1288 2853 templum
1338 2780 1604 2849 aedificat,
1635 2784 1698 2836 et
1725 2794 1918 2836 nonus

263 2870 632 2933 miristianos
661 2869 1054 2943 persequitur.
1085 2872 1218 2926 Eas.
1258 2887 1312 2927 a.
1336 2886 1448 2942 seq.

328 2962 437 3015 275
467 2959 555 3031 (In
584 2976 763 3031 marg.
795 2959 1033 3015 Tacitus
1081 2975 1270 3015 mens.
1312 2959 1414 3031 VI.)
1444 2956 1793 3013 Aurelianus
1822 2954 1915 3010 di-

2104 1965 2211 2017 282
2234 1962 2454 2018 Probus
2487 1963 2639 2033 apud
2670 1962 2950 2017 Sirmium
2982 1962 3237 2017 tumultu
3261 1963 3498 2019 militari
3531 1964 3679 2018 oeci-

2029 2050 2208 2107 ditur.
2233 2050 2590 2107 Alexandriae
2610 2051 2920 2123 episcopus
2942 2050 3208 2107 Theonas
3227 2052 3397 2107 annis
3414 2069 3527 2107 xu.
3549 2054 3680 2109 Eus.

2030 2141 2084 2195 h.
2117 2158 2171 2195 a.

2098 2230 2205 2283 283
2234 2229 2318 2297 (In
2348 2244 2523 2296 marg.
2579 2228 2762 2283 Carus
2793 2243 2927 2281 cum
2972 2226 3111 2282 liliis
3141 2226 3347 2281 Carino
3378 2229 3434 2282 et
3462 2226 3678 2282 Nume-

2029 2318 2192 2373 riano
2214 2334 2351 2372 ann.
2378 2317 2464 2388 ιι.)
2489 2316 2692 2384 Carus,
2715 2316 2898 2371 victor
2918 2315 2987 2371 de
3010 2314 3265 2381 Parthis,
3288 2331 3465 2386 super
3485 2316 3677 2387 Tigri-

2029 2408 2162 2463 dem
2193 2405 2439 2461 fulmine
2469 2406 2619 2460 ictus
2650 2404 2890 2461 interiit.
2920 2406 3048 2460 Eus.
3082 2403 3138 2459 h.
3171 2420 3224 2459 α.

2099 2497 2204 2551 284
2231 2493 2624 2550 Numerianus
2654 2492 2886 2548 insidiis
2912 2492 3052 2564 Apri
3084 2491 3271 2548 soceri
3323 2492 3415 2549 sui
3445 2492 3673 2550 occisus

2027 2590 2136 2642 est.
2173 2586 2296 2640 Eus.
2330 2583 2386 2639 h.
2419 2600 2473 2639 α.
2508 2614 2573 2623 -—
2606 2582 2874 2646 Carinus,
2908 2582 3064 2653 apud
3097 2581 3365 2654 Mergum
3398 2600 3432 2636 α
3459 2581 3676 2637 Diocle-

2026 2675 2186 2729 tiano
2214 2671 2409 2745 proelio
2426 2669 3011 2736 victus,interlicitur.
3034 2671 3164 2725 Eus.
3199 2686 3251 2724 a.
3287 2685 3395 2740 seq.
3424 2701 3492 2709 —
3524 2669 3678 2726 Huc-

2029 2778 2218 2833 usque
2246 2762 2318 2817 ab
2349 2759 2748 2816 incarnatione
2779 2757 3009 2814 Domini
3039 2761 3437 2830 supputantur
3466 2773 3676 2813 secun-

2026 2853 2167 2907 dum
2191 2849 2533 2924 Dionysium
2555 2848 2693 2903 anni
2723 2864 3013 2903 cccxxxw.

2094 2943 2202 2998 285
2256 2940 2342 3012 (In
2381 2956 2560 3008 marg.
2619 2937 3016 2994 Diocletianus
3058 2955 3194 2993 ann.
3249 2936 3367 3010 xx.)
3418 2938 3504 2992 Ah
3563 2935 3673 2992 hoc

260 3050 393 3105 vino
418 3026 672 3104 fulmine
700 3026 960 3115 territus,
994 3046 1340 3104 interﬁcitur
1368 3026 1406 3102 εξ
1459 3045 1767 3113 militibus,
1808 3060 1914 3116 pro
2025 3050 2177 3092 anno
2210 3028 2391 3085 Graeci
2422 3027 2729 3100 paschales
2757 3026 3006 3082 circulos
3038 3026 3392 3082 inchoabant
3424 3026 3562 3097 (/45).

1304 3140 1778 3201 COMPENDIUM
1818 3143 1916 3197 EX
1962 3130 2215 3193 CODICE
2254 3124 2634 3183 BERNOLDI.

334 3237 444 3292 265
475 3233 826 3292 Alexandria
883 3235 1154 3290 Maximus
1183 3233 1295 3290 XIV
1339 3235 1619 3307 episcopus
1659 3231 1798 3289 sedit
1821 3248 1923 3287 an-
1955 3229 1997 3295 C
2101 3221 2209 3275 276
2238 3216 2569 3307 Aurelianus
2594 3212 2780 3307 divino
2806 3212 3066 3307 fulmine.
3093 3211 3674 3307 territus,“inter_By.-

260 3327 355 3380 nis
382 3342 544 3392 svm,
579 3323 656 3378 al.
690 3341 744 3379 a.
777 3324 905 3378 264.

333 3414 442 3468 268
473 3413 774 3484 Dionysius
796 3426 952 3483 papa
998 3409 1158 3467 XXIV
1198 3409 1334 3466 sedit
1369 3410 1532 3466 annis
1562 3427 1639 3464 ιχ.
1670 3405 1926 3464 Discessit

263 3517 324 3558 vr
354 3502 452 3557 Kal
478 3503 607 3557 Jan.
640 3501 816 3557 Paulo
845 3499 1190 3557 Samosateno
1209 3499 1467 3555 haeretica
1484 3498 1744 3571 deposito,
1770 3498 1927 3552 Dom-

266 3607 376 3646 nus
405 3591 519 3647 XVI
567 3590 876 3646 Antiochi?
930 3590 1210 3662 episcopus
1252 3588 1565 3655 ordinatur,
1598 3585 1673 3642 al.
1711 3602 1762 3641 a.
1794 3585 1922 3652 270,

266 3680 405 3736 Eus.
442 3696 500 3746 a,
528 3680 658 3735 267.

334 3769 446 3825 269
485 3766 700 3825 Addit:
748 3766 1018 3824 Claudius
1060 3766 1277 3836 XXVIII,
1329 3780 1475 3821 anno
1526 3779 1657 3831 uno,
1711 3761 1925 3818 mensi-

270 3856 366 3914 bus
395 3874 476 3914 1x.
506 3858 610 3913 Iste
640 3855 850 3924 Gothos,
880 3860 1014 3925 etc.,
1045 3859 1111 3911 ut
1128 3859 1208 3931 Α.
1243 3872 1338 3911 an.
1372 3869 1494 3925 seq.

334 3946 450 4004 270
503 3940 709 4001 Paulus
763 3946 830 4001 de
874 3945 1161 4001 Samosata
1211 3941 1589 4000 dntiochenus
1644 3942 1924 4013 episcopus

271 4035 570 4093 hereticus
585 4048 697 4091 esse
712 4050 805 4091 con
814 4036 1081 4090 vincitur.
1101 4033 1250 4089 Nota
1264 4029 1602 4105 marginalia
1620 4027 1890 4086 Bernoldi
1911 4046 1924 4085 :

272 4125 373 4179 Hic
401 4121 703 4178 Antiochiae
731 4124 1006 4193 episcopus
1032 4122 1369 4193 feminarum
1395 4120 1664 4175 consortio
1693 4117 1930 4174 delecta-

274 4212 461 4281 batur,
494 4209 636 4284 quod
663 4217 716 4266 et
741 4209 959 4266 clericis
986 4211 1100 4265 suis
1129 4208 1409 4275 concessit,
1440 4222 1512 4261 ne
1542 4206 1650 4261 sibi
1678 4206 1775 4262 hoc
1819 4206 1929 4261 cri-

272 4317 398 4357 men
426 4302 646 4372 possent
676 4299 969 4370 imputare,
1005 4299 1204 4371 quippe
1226 4297 1440 4353 astricti
1467 4294 1652 4351 eodem
1676 4294 1928 4350 crimine.

275 4391 386 4445 Hic
413 4389 601 4445 etiam
631 4386 909 4445 Christum
936 4387 1213 4443 hominem
1239 4386 1544 4442 communis
1571 4391 1792 4439 natura:
1819 4398 1932 4438 esse

275 4480 531 4534 asseruit.
565 4477 661 4532 Hic
708 4492 833 4535 cum
860 4476 1153 4532 damnatus
1202 4475 1373 4532 nollet
1402 4474 1470 4529 ab
1499 4472 1724 4529 ecclesia
1752 4470 1931 4526 disce-

275 4565 426 4633 dere,
457 4564 530 4620 ad
546 4565 829 4620 cumulum
854 4566 945 4620 sui
967 4564 1241 4621 dedecoris
1258 4562 1486 4636 publica
1505 4576 1677 4615 manu
1697 4559 1929 4631 expelli-

278 4662 371 4709 tur
395 4655 464 4710 ab
520 4652 769 4722 ecclesia,
800 4660 862 4709 ut
891 4661 1085 4709 narrat
1113 4651 1485 4707 ecclesiastica
1519 4649 1762 4704 Historia
1793 4647 1928 4719 (46).

344 4742 443 4803 271
486 4728 771 4796 Claudius
804 4741 1007 4797 Sirmio
1061 4741 1319 4807 moritur,
1389 4754 1487 4810 pro
1573 4751 1679 4809 quo
1753 4738 1933 4807 frater

280 4830 585 4899 Quintillus
617 4831 866 4901 regnavit
895 4829 1010 4886 dies
1038 4845 1179 4899 xvn,
1231 4832 1279 4883 et
1328 4826 1596 4897 Aquileia:
1645 4823 1929 4880 occiditur.

282 4920 616 4973 Aurelianus
672 4919 820 4972 XXIX
873 4918 1038 4973 annis
1067 4918 1329 4988 quinque,
1384 4914 1661 4970 mensibus
1689 4929 1805 4969 sex.
1837 4913 1935 4968 IIic

284 5007 599 5079 reipublicae
639 5007 817 5072 utilis,
845 5007 1046 5078 primo,
1081 5010 1218 5071 etc.,
1248 5008 1314 5060 ut
1344 5011 1491 5077 Aug.

348 5092 457 5149 273
486 5095 721 5151 Zenobio
748 5097 943 5167 regina
982 5095 1223 5151 Orientis
1245 5095 1506 5149 vincitur.

349 5183 457 5237 274
488 5182 854 5238 Aurelianum
884 5182 1084 5250 Romae,
1114 5186 1247 5249 etc.,
1282 5184 1348 5235 ut
1376 5185 1525 5252 Aug.
1559 5194 1611 5234 a.
1647 5195 1734 5251 pr.

348 5271 456 5327 275
493 5271 824 5328 Aurelianus
881 5271 1146 5344 templum
1185 5271 1290 5325 soli
1334 5268 1593 5340 aediﬁcat,
1636 5272 1687 5324 et
1731 5283 1937 5323 nonam

274 5362 711 5432 persecutionem
732 5361 791 5417 in
822 5360 1163 5417 Christianos
1191 5360 1408 5416 excitat.

2030 3310 2280 3368 nantium
2332 3308 2382 3360 et
2440 3302 2756 3358 Heracleam
2785 3317 2819 3355 a
2873 3299 3142 3354 militibus
3194 3299 3477 3369 occiditur.
3522 3299 3676 3353 Taci-

2032 3404 2119 3456 tus
2174 3396 2293 3452 XXX
2338 3392 2622 3449 mensibus
2678 3406 2752 3444 v1.
2813 3388 2925 3456 Quo
2986 3386 3132 3458 apud
3186 3390 3417 3442 Pontum
3485 3386 3676 3456 occiso,

2032 3488 2323 3544 Florianus
2368 3479 2620 3550 regnavit
2662 3477 2778 3533 dies
2825 3493 3089 3546 Lxxxvui,
3120 3480 3172 3531 et
3218 3476 3373 3547 apud
3419 3475 3680 3529 Tharsum

2034 3575 2323 3635 occiditur.

2102 3666 2208 3721 277
2238 3662 2402 3720 Felix
2425 3674 2571 3731 papa
2618 3657 2744 3713 XXV
2781 3656 2917 3712 sedit
2939 3657 3103 3711 annis
3150 3656 3387 3727 quinque
3413 3646 3433 3713 ,⁵
3462 3655 3677 3724 marty-

2033 3756 2116 3811 rio
2162 3758 2453 3809 coronatus
2495 3754 2574 3803 est
2632 3762 2695 3801 ιιι
2744 3746 2863 3800 Kal.
2913 3746 3087 3801 Junii.
3137 3775 3202 3784 ——
3260 3744 3468 3797 Probus
3531 3741 3683 3797 XXXI

2034 3844 2200 3900 annis
2220 3856 2337 3907 sex,
2369 3836 2648 3894 mensibus
2679 3841 2929 3906 quatuor.

2106 3933 2213 3987 278
2270 3926 2467 3986 Galliae
2511 3942 2546 3980 a
2577 3922 2826 3979 barbaris
2869 3924 3100 3977 vastata?
3140 3935 3175 3975 a
3218 3918 3395 3975 Probo
3447 3919 3715 3973 Romano.

2038 4021 2404 4078 restituuntur
2433 4014 2684 4086 imperio.

2107 4110 2213 4164 279
2242 4105 2547 4171 Anatolius,
2580 4104 2712 4169 etc.,
2747 4103 2810 4155 ut
2842 4105 2907 4155 A.
2933 4117 2985 4155 a.
3021 4116 3108 4173 pr.

2108 4198 2213 4254 280
2237 4195 2415 4251 Manes
2444 4191 2739 4263 quidam...
2768 4188 3032 4260 condidit,
3078 4191 3146 4245 ut
3172 4189 3319 4260 Aug.
3363 4203 3415 4242 a.
3448 4202 3538 4258 pr.

2106 4287 2206 4342 281
2243 4281 2562 4347 Antiochiae,
2594 4283 2678 4335 ut.
2714 4280 2777 4334 A.
2812 4295 2907 4333 an.
2939 4295 3026 4349 pr.

2109 4377 2218 4432 282
2242 4371 2612 4444 Eutychianus
2669 4383 2816 4439 papa
2880 4367 3033 4423 XXVI
3098 4365 3237 4422 sedit
3306 4362 3580 4420 mensibus
3626 4361 3684 4429 si,

2034 4480 2228 4533 passus
2280 4476 2380 4534 pro
2440 4459 2650 4514 Christo
2706 4472 2808 4511 VIII
2849 4454 2976 4510 Kal.
3034 4456 3172 4525 Aug.
3223 4454 3354 4509 Vid.
3416 4457 3537 4508 not.
3587 4468 3685 4506 an.

2084 4569 2210 4609 rane.

2040 4572 2215 4698 mg;
2247 4640 2413 4697 Gaius
2460 4653 2603 4709 papa
2624 4634 2816 4700 XXVII,
2865 4633 3004 4690 sedit
3022 4632 3184 4687 annis
3213 4647 3304 4685 xv.
3330 4626 3685 4684 Alemandriz

2046 4732 2282 4789 Theonas
2333 4729 2616 4800 episcopus
2648 4724 2746 4793 XV,
2802 4724 2964 4777 annis
3011 4737 3167 4775 xvm.
3204 4750 3270 4759 —-—
3300 4717 3508 4774 Probus
3535 4712 3686 4787 apud
3738 4736 3759 4787 ς

2041 4821 2305 4877 Sirmium
2334 4816 2573 4872 tumultu
2614 4813 2860 4867 militum
2908 4809 3191 4864 occiditur.
3226 4838 3300 4848 —-—
3332 4822 3494 4863 carus
3520 4804 3693 4860 XXXII

2039 4928 2164 4967 cum
2193 4909 2326 4981 [iliis
2360 4905 2557 4959 Carino
2585 4910 2636 4956 et
2665 4900 3002 4955 Numeriano
3022 4900 3185 4954 annis
3215 4898 3442 4954 duobus.

2109 4999 2214 5053 284
2246 4998 2417 5053 Carus
2447 4994 2635 5057 victor,
2670 4993 2736 5044 ut
2764 4994 2831 5045 A.
2867 5007 2917 5047 a.
2953 5006 3037 5061 pr.

2110 5089 2217 5143 285
2246 5084 2608 5141 Numerianus
2665 5078 2950 5135 occiditur.
3005 5078 3239 5133 Carinas
3270 5076 3414 5150 apud
3445 5076 3691 5145 Mergum

2042 5194 2076 5233 a
2107 5176 2439 5231 Diocletiano
2466 5168 2816 5238 inter/icitur.
2851 5169 3157 5239 Ilua-usque,
3189 5171 3322 5233 etc.,
3354 5169 3419 5221 ut
3450 5168 3599 5235 Aug.
3633 5177 3687 5216 a.

2046 5282 2132 5337 pr.
2169 5295 2235 5304 ——
2261 5261 2628 5318 Diocletianus
2658 5259 2851 5313 XXXIII
2879 5258 3044 5312 annis
3073 5257 3297 5329 viginti.

2015 5452 2100 5510 1E;
3172 5484 3177 5488 .

1868 5452 2100 5511 ΝΟΤίΕδ
3172 5484 3177 5488 -

347 5546 465 5627 (44)
500 5544 663 5603 Sedit
692 5545 862 5603 annis
890 5562 1014 5619 vm,
1047 5563 1239 5605 mens.
1268 5562 1364 5615 xx;
1397 5544 1575 5604 Gaius
1604 5560 1735 5602 vero
1768 5543 1938 5602 annis
2046 5545 2260 5627 tyrum,
2273 5538 2475 5627 ξυλιιῆ
2498 5532 2731 5627 initium
2768 5524 3692 5627 repetitar‘p_2tl_A‘ug.AanIniL2‘8-l:

278 5632 386 5689 m,
417 5628 611 5676 mens.
646 5635 721 5673 Iv.

347 5686 470 5773 (15)
499 5690 605 5750 Est
632 5688 754 5747 haec
784 5689 1032 5777 celebris
1062 5691 1196 5751 Atra
1252 5688 1614 5750 Diocletiano
1654 5702 1759 5749 seu
1786 5686 1938 5747 Mar-

610 5818 876 5886 Psrson.
922 5816 1181 5886 CXLIII.

2119 5614 2229 5687 (46)
2252 5598 2409 5687 Ἐυὲ.
2462 5607 2500 5687 1.
2553 5624 2654 5687 vn,
2689 5623 2738 5661 c.
2795 5598 2885 5670 23,
2917 5605 3005 5687 2.5-.
3040 5598 3345 5660 Murensis‘
3374 5600 3503 5659 cod.
3538 5598 3693 5661 hanc

2050 5678 2249 5748 notam
2280 5682 2340 5747 in
2371 5682 2704 5743 contextum
2734 5678 3012 5752 reposuit.

3339 5800 3379 5887 3
