4096 6194
428 342 519 424 ‘75
1255 356 1667 419 HERMANNI
1714 350 2151 420 CONTRACTI
2195 334 2604 419 AUGIENSIS
2650 352 3032 419 MONACHI.
3769 354 3845 414 τε

1816 487 2049 545 CODEX
2086 488 2488 544 AUGIENSIS.

512 625 620 680 286
650 623 1047 681 Diocletianus
1106 622 1522 680 Herculianum
1577 620 1999 677 Maximianum
2032 620 2090 676 in
2121 624 2174 688 Α
2278 621 2376 677 25
2409 623 2515 677 300
2544 619 2813 678 Galerius
2842 619 3254 686 Maximianus,
3308 618 3498 673 victus
3547 632 3579 672 a
3608 616 3851 684 Narceo,

448 713 811 772 consortium
846 712 1006 786 regni
1040 713 1312 769 assumit.
1345 714 1468 767 Eus.
1503 730 1556 767 (ι.
1594 713 1719 765 288.

516 804 621 859 287
650 802 1043 859 Maximianus
1066 802 1125 857 in
1149 799 1335 857 Gallia
1354 800 1686 855 Amandum
1709 815 1842 855 cum
1862 796 2096 855 rusticis

444 892 604 951 vicit.
639 893 763 947 Eus.
792 908 846 947 a.
879 908 991 963 seq.

519 982 620 1039 24
639 982 747 1036 288
776 979 893 1036 Hoc
922 984 1185 1050 tempore
1211 980 1391 1033 Carus
1416 978 1564 1048 [Eus.
1599 976 1936 1045 Carausius]
1970 974 2094 1029 Bri-

443 1069 731 1139 tanniam,
747 1068 1003 1123 Narseus
1021 1082 1118 1122 rex
1141 1067 1445 1123 Persarum
1467 1066 1784 1133 Orientem,
1803 1064 2096 1120 Achilleus

444 1156 792 1230 Egyptium,
816 1154 1341 1228 Quinquegentiani
1365 1154 1616 1209 Africam
1641 1153 2093 1221 infestaverunt;

446 1245 520 1301 ob
552 1261 679 1317 qun
721 1244 1138 1300 Constantinus
1172 1245 1296 1315 [leg.
1356 1242 1774 1309 Constantius],
1834 1241 2095 1297 Galerius

445 1337 505 1390 et
535 1332 924 1390 Maximianus
949 1333 1007 1386 in
1040 1348 1287 1403 regnum
1310 1335 1714 1387 assumuntur.
1747 1331 1870 1384 Eus.
1896 1347 1949 1385 a.
1983 1347 2093 1402 seq.

516 1422 623 1476 290
652 1420 1043 1477 Diocletianus
1107 1420 1514 1476 Constantium
1580 1419 1945 1474 Constantini
1995 1436 2094 1491 pa-

445 1516 596 1567 trem
648 1513 930 1566 Caesarem
980 1508 1134 1576 fecit,
1168 1510 1269 1582 qui
1325 1502 1588 1581 regnavit
1618 1508 1790 1563 annis
1820 1526 1933 1563 xvr.
1966 1509 2091 1563 Eus.

450 1618 503 1656 a.
525 1616 614 1672 pr.

515 1688 612 1744 291
654 1688 977 1761 Imperator
1029 1687 1322 1744 Galerium
1354 1685 1776 1742 Maximianum
1809 1686 2093 1742 Caesarem

450 1778 603 1834 fecit.
644 1781 776 1832 Eus.
813 1795 865 1833 a.
899 1779 1025 1831 289.
2056 1842 2057 1845 η

520 1867 626 1920 292
656 1866 773 1921 Hoc
804 1869 1064 1938 tempore
1095 1865 1362 1921 Phierius
1396 1865 1711 1937 presbyter,
1746 1867 1801 1919 ct
1837 1862 2095 1919 Achillas

449 1958 505 2010 et
537 1953 771 2010 Melitus
803 1952 1153 2009 Alexandriae
1187 1952 1541 2008 claruerunt.

520 2043 626 2097 293
656 2042 757 2098 His
806 2042 1168 2114 temporibus
1227 2040 1467 2096 diversis
1526 2046 1582 2096 et
1633 2040 1834 2096 multis
1884 2041 2097 2114 przeliis

451 2132 650 2193 hostes
681 2130 895 2187 diversi
921 2131 1252 2186 vincuntur.
1287 2131 1415 2185 Eus.

521 2220 629 2275 295
657 2217 1051 2274 Diocletianus
1082 2235 1144 2274 se
1174 2221 1238 2273 ut
1267 2218 1441 2273 deum
1469 2218 1696 2274 adorari
1735 2218 1935 2288 jussit.
1971 2223 2098 2275 Eus.

452 2309 509 2364 ἡ.
539 2325 619 2373 α.,
650 2307 725 2362 al.
759 2324 812 2361 a.
845 2306 970 2361 203.

520 2396 629 2449 296
657 2395 796 2450 Gaio
829 2411 988 2467 papa:
1014 2410 1116 2466 per
1142 2394 1486 2467 martyrium
1509 2399 1783 2450 coronato
1817 2395 2103 2451 Marcelli-

453 2500 568 2541 nus
596 2482 819 2539 XXVIII
852 2481 1152 2539 successit.
1185 2484 1311 2538 Eus.
1346 2499 1398 2539 a.
1433 2499 1539 2554 seq.

520 2573 627 2629 297
657 2569 1053 2628 Diocletianus
1110 2570 1262 2626 victo
1313 2570 1575 2628 Achilleo
1608 2570 2017 2627 Alexandriam
2049 2573 2107 2627 et

458 2661 774 2734 Egyptum
806 2660 1041 2733 recepit.
1074 2661 1197 2715 Eus.
1231 2678 1282 2715 a.
1317 2676 1425 2732 seq.

525 2750 633 2806 298
665 2750 822 2806 Idem
854 2748 1143 2822 plurimos
1174 2766 1278 2821 per
1308 2753 1489 2804 totam
1520 2749 1828 2823 [Egyptum
1861 2749 2107 2822 proscri-

459 2838 760 2913 ptionibus
790 2842 847 2894 et
874 2838 1096 2894 exsiliis
1127 2838 1446 2894 damnavit.
1480 2839 1607 2893 Eus.
1641 2840 1694 2892 h.
1728 2856 1781 2895 a.

2209 713 2343 765 ante
2373 713 2714 781 carpentum
2764 707 3100 767 Diocletiani
3159 709 3517 780 purpuratus
3566 703 3849 760 cucurrit.

2208 803 2337 855 Eas.
2370 816 2421 853 a.
2456 797 2580 853 301.
3392 814 3407 819 '

2277 888 2374 941 301
2410 886 2799 943 Maximianus
2847 887 3132 941 Narseum
3178 883 3494 956 superavit,
3526 888 3582 939 et
3613 898 3855 939 uxorem

2206 976 2337 1047 ejus
2386 993 2453 1032 ac
2482 976 2697 1032 liberos
2747 975 3071 1047 captivavit.
3126 979 3253 1032 Eus.
3314 990 3367 1028 a.
3427 974 3550 1027 302.
3611 974 3762 1028 Eutr.
3797 989 3852 1026 a.

2205 1065 2330 1119 297.
2682 1066 2691 1073 ί

2275 1155 2378 1209 302
2410 1152 2798 1209 Diocletianus
2821 1157 2877 1209 et
2898 1151 3288 1208 Maximianus
3310 1150 3525 1223 insigni
3547 1167 3759 1223 pompa
3781 1150 3857 1205 de

2206 1243 2476 1299 hostibus
2508 1242 2891 1314 triumphant.
2927 1244 3054 1297 Eus.
3089 1259 3139 1296 a.
3168 1257 3277 1312 seq.

2275 1333 2379 1386 303
2413 1330 2803 1387 Diocletianus
2834 1335 2890 1386 et
2911 1326 3303 1386 Maximianus
3324 1328 3600 1385 ecclesias
3621 1328 3858 1383 subver-

2205 1424 2355 1487 tunt,
2388 1420 2567 1476 libras
2599 1419 2826 1475 divinos
2856 1418 3195 1489 incendunt,
3237 1422 3295 1474 et
3323 1417 3687 1474 Christianos
3718 1433 3857 1472 cru-

2205 1509 2380 1565 ciant.
2412 1510 2541 1564 Eus.
2573 1525 2628 1564 a.
2651 1524 2762 1579 seq.

2273 1598 2377 1652 304
2409 1596 2801 1653 Diocletianus
2830 1596 3199 1661 Nicomediae,
3231 1600 3286 1652 et
3317 1596 3706 1652 Maximianus
3740 1595 3861 1650 Me-

3370 1290 3413 1319 κ

2207 1685 2424 1742 diolani
2446 1702 2767 1758 purpuram
2801 1690 2856 1741 et
2887 1701 3132 1758 regnum
3156 1686 3475 1757 deponunt.
3504 1685 3628 1739 Eus.
3661 1702 3715 1739 a.
3748 1700 3859 1754 seq.

2206 1807 2271 1814 —
2292 1773 2579 1830 Eusebius
2596 1792 2746 1847 papa
2777 1774 2927 1831 sedit
2960 1789 3191 1831 menses
3216 1792 3337 1841 vm,
3362 1777 3493 1846 post
3521 1789 3697 1845 quem
3732 1771 3861 1828 Mil-

2203 1864 2388 1920 tiades
2420 1881 2604 1919 annos
2646 1881 2698 1918 ιν
2744 1864 2877 1935 (47).
2910 1864 3036 1918 Eas.
3071 1881 3125 1919 a.
3158 1881 3268 1934 seq.

2274 1952 2382 2005 305
2412 1950 2763 2006 Maximinus
2817 1955 2874 2006 et
2905 1952 3153 2007 Severus
3206 1951 3459 2007 Caesares
3510 1951 3644 2007 facti
3695 1954 3861 2007 sunt.

2208 2044 2335 2097 Eus.
2371 2057 2423 2095 a.
2455 2056 2564 2113 seq.
2621 2072 2688 2080 —
2718 2040 3095 2096 Constantius
3151 2045 3455 2113 Augustus
3511 2041 3675 2109 obiit,
3724 2043 3865 2113 post

2206 2145 2379 2201 quem
2410 2130 2831 2185 Constantinus
2862 2128 3018 2185 ﬁlius
3041 2131 3191 2201 ejus,
3221 2131 3342 2185 Eus.
3377 2146 3430 2185 a.
3451 2130 3575 2184 307.
3609 2160 3678 2169 —
3706 2128 3863 2185 Con-

2214 2218 2509 2275 stantinus
2538 2218 2859 2274 Constantii
2889 2235 2958 2274 ex
2983 2218 3308 2275 concubina
3331 2217 3547 2274 Helena
3569 2218 3727 2274 titius
3747 2218 3867 2290 pri-

2214 2324 2345 2363 mus
2373 2306 2709 2378 imperator,
2743 2311 2977 2379 excepto
3008 2306 3299 2380 Philippo,
3328 2306 3694 2363 Christianus
3726 2306 3863 2373 fuit,

2211 2401 2267 2451 et
2307 2396 2378 2450 ab
2424 2396 2531 2451 hoc
2579 2395 2893 2450 Christiani
2944 2396 3326 2468 imperatores
3378 2412 3508 2451 esse
3538 2399 3863 2467 cmperunt.

2212 2488 2341 2540 Eus.
2374 2501 2424 2539 a.
2459 2485 2585 2539 307.

2284 2573 2390 2627 306
2420 2573 2502 2643 (In
2553 2589 2732 2644 marg.
2762 2573 3180 2630 Constantinus
3210 2590 3346 2630 ann.
3380 2590 3513 2642 xxx,
3546 2589 3733 2629 mens.
3782 2573 3870 2646 x.)

2216 2661 2543 2717 Maxentius
2558 2661 3160 2719 MaximianiHerculii
3177 2661 3333 2719 filius
3350 2666 3653 2735 Augustus
3673 2661 3876 2735 appel-

2219 2750 2389 2805 latur.
2422 2751 2546 2806 Eus.
2580 2768 2634 2806 a.
2667 2752 2794 2806 308.
3702 2798 3713 2805 .

2291 2840 2390 2895 26
2420 2840 2524 2893 307
2555 2840 2945 2896 Maximianus
2975 2842 3129 2914 apud
3162 2842 3487 2898 Massiliam
3511 2840 3761 2912 turpiter
3781 2840 3873 2896 in-

527 2928 636 2983 299
664 2927 1041 2983 Constantius
1072 2927 1374 2999 sexaginta
1405 2925 1590 2982 millia
1642 2926 2104 2982 Alamannorum
2219 2928 2517 2983 lerﬁcitur.
2544 2930 2765 3001 Eutrop.
2799 2947 2851 2984 a.
2883 2931 3008 2986 310.

461 3015 633 3088 juxta
664 3016 960 3088 Lingonas
1007 3016 1238 3071 occidit.
1289 3016 1417 3071 Eus.
1451 3033 1502 3071 a.
1535 3016 1660 3071 301.
1704 3019 1859 3072 Eutr.
1893 3034 1944 3071 a.
1976 3019 2103 3071 297.

1509 3184 1980 3241 COMPENDIUM
2022 3184 2111 3240 EX
2148 3184 2406 3257 CODICE
2441 3185 2819 3242 BERNOLDI.

524 3327 632 3384 286
658 3326 735 3382 Ab
773 3327 871 3382 hoc
898 3342 1064 3394 anno,
1098 3330 1163 3382 ut
1193 3329 1253 3382 A.
1289 3344 1341 3382 a.
1374 3343 1462 3399 pr.

526 3415 634 3469 287
661 3414 1031 3469 Diocletianus
1059 3415 1378 3470 Herculium
1426 3416 1821 3471 Maximianum
1867 3418 1926 3470 in
1976 3433 2101 3471 con-

452 3502 686 3558 sortium
729 3503 889 3570 regni
916 3503 1163 3565 assumit,
1216 3502 1290 3557 al.
1325 3520 1376 3557 a.
1409 3505 1534 3557 285.

525 3591 632 3645 288
659 3590 1050 3656 Maximianus,
1081 3593 1215 3658 etc.,
1251 3594 1316 3646 ut
1345 3607 1397 3645 a.
1431 3608 1520 3664 pr.

521 3679 627 3735 289
659 3680 764 3735 Hoc
811 3681 1049 3751 tempore
1098 3677 1458 3735 Carausius...
1508 3687 1872 3747 vastarerunt,
1921 3686 1985 3736 ut
2033 3687 2097 3736 A.

458 3784 511 3824 a.
543 3784 633 3841 pr.

520 3858 617 3914 29|
672 3857 1045 3933 Diocletianus
1095 3857 1495 3925 Constantium,
1545 3862 1677 3926 etc.,
1740 3863 1804 3915 ut
1856 3860 1911 3915 in
1945 3864 2094 3933 Aug.

455 3963 509 4002 a.
544 3963 632 4018 pr.

524 4035 631 4089 292
657 4034 1052 4102 Diocletianus,
1086 4038 1151 4091 ut
1179 4038 1249 4089 A.
1282 4052 1334 4091 a.
1366 4052 1453 4108 pr.

521 4121 628 4176 293
658 4121 767 4178 Hoc
789 4125 1026 4193 tempore
1056 4123 1335 4193 Phierius,
1366 4127 1432 4177 ut
1459 4128 1528 4178 A.
1564 4140 1617 4178 a.
1652 4141 1738 4196 pr.

520 4210 625 4264 294
658 4210 752 4264 His
779 4210 1131 4280 temporibus,
1174 4215 1238 4265 ut
1277 4211 1344 4264 A.
1379 4227 1431 4265 a.
1466 4228 1553 4282 pr.

516 4298 624 4353 293
652 4298 1023 4354 Diocletianus
1052 4313 1129 4366 se,
1165 4301 1230 4352 ut
1255 4299 1321 4352 A.
1355 4315 1449 4354 an.
1485 4315 1573 4371 pr.

515 4387 622 4442 298
652 4385 783 4442 Gaio
805 4401 969 4462 papa
997 4404 1033 4441 x
1087 4387 1203 4442 Kal.
1237 4387 1367 4442 Maii
1421 4390 1779 4458 martyrimto
1826 4389 2094 4446 Marcelli-

444 4491 551 4532 nus
576 4474 799 4530 XXVIII
828 4477 1082 4530 successit
1112 4477 1275 4529 annis
1301 4491 1512 4542 novem,
1537 4478 1633 4547 qui
1661 4479 1790 4532 item
1810 4495 1911 4549 pro
1942 4478 2095 4534 Chri-

441 4573 524 4621 sto
569 4580 759 4637 passus
804 4572 882 4620 est
928 4581 982 4620 v1
1036 4564 1155 4620 Kal.
1208 4565 1358 4619 Maii.
1393 4564 1543 4619 Nota
1588 4565 1928 4638 marginalis
1960 4568 2094 4623 Ber-

444 4653 603 4709 noldi
633 4670 647 4710 :
680 4655 967 4725 Hucusque
995 4654 1363 4709 ecclesiastica
1418 4655 1659 4709 Historia
1704 4655 1922 4711 Eusebii
1966 4673 2091 4711 suc-

440 4744 703 4797 cessiones
718 4743 1017 4812 praesutum
1040 4743 1428 4809 Romanorum,
1446 4744 1561 4798 sive
1592 4744 2091 4800 Alexandrinorum

443 4831 567 4901 apte
594 4829 871 4897 rescribit,
902 4831 1043 4884 sicut
1094 4840 1146 4886 et
1191 4832 1280 4886 hic
1326 4830 1618 4904 descripta?
1650 4833 1923 4889 habentur
1952 4835 2087 4907 (18).

513 4917 620 4972 299
648 4918 1019 4974 Diocletianus
1074 4920 1211 4973 victo
1270 4920 1530 4983 Achilleo,
1592 4926 1723 4987 etc.,
1760 4927 1824 4977 ut
1878 4927 1943 4977 A.
1991 4940 2087 4978 an.

445 5006 573 5060 297.

2159 3329 2177 3392 1
2285 3328 2385 3382 301
2420 3290 2767 3384 Alexandria
2822 3329 2931 3384 XVI
2955 3330 3146 3385 Petrus
3172 3331 3449 3402 episcopus
3512 3330 3650 3388 sedit
3698 3327 3871 3387 annis

2214 3433 2312 3470 xn.
2349 3417 2479 3471 Eus.
2516 3435 2567 3472 a.
2602 3419 2726 3484 303,
2763 3417 2837 3472 al.
2879 3435 2933 3473 a.
2966 3419 3089 3473 300.
3848 3481 3853 3485 ,

2282 3503 2389 3557 302
2413 3503 2660 3561 Galerius
2691 3508 3068 3563 Maximianus
3096 3508 3383 3578 Narseum,
3414 3513 3549 3577 etc.,
3579 3513 3643 3563 ut
3668 3509 3728 3564 A.
3760 3525 3862 3564 an.

2213 3609 2382 3664 prazc.

2281 3680 2386 3734 303
2416 3681 2854 3739 Diocletianus...
2911 3685 3269 3756 triumphant.
3316 3689 3381 3741 ut
3427 3690 3497 3740 A.
3531 3702 3627 3742 an.
3682 3702 3857 3758 praec.

2280 3769 2385 3825 304
2414 3771 2787 3827 Diocletianus
2815 3776 2873 3827 in
2919 3776 3156 3842 Oriente,
3179 3783 3230 3831 et
3251 3774 3538 3830 Herculius
3559 3774 3866 3831 Maximia-

2207 3874 2311 3914 nus
2343 3860 2404 3914 in
2436 3859 2716 3916 Occidente
2743 3860 3003 3919 ecclesias
3046 3862 3385 3931 subvertant,
3436 3864 3604 3919 libros
3647 3863 3866 3921 divinos

2208 3947 2529 4018 incendunt,
2562 3958 2613 4004 et
2674 3951 3013 4008 Christianos
3066 3952 3277 4009 decima
3322 3955 3702 4027 persecutione
3732 3962 3861 4026 post

2206 4036 2471 4093 Neronem
2501 4040 2910 4097 cruciaverunt.

2277 4126 2382 4180 305
2411 4128 2785 4186 Diocletianus
2838 4130 3162 4187 Nicomediae
3217 4135 3269 4188 et
3318 4131 3688 4188 Maximianus
3742 4136 3860 4191 Me-

2205 4212 2417 4271 diolani
2443 4233 2720 4288 purpuras
2761 4222 2815 4273 et
2845 4236 3095 4289 regnum,
3128 4222 3192 4275 ob
3230 4223 3518 4277 senectutis
3559 4220 3857 4292 delectum,

2180 4311 2389 4374 .sponte
2419 4304 2712 4376 deponunt.
2756 4337 2823 4347 -—
2863 4306 3112 4362 Galerius
3142 4316 3193 4364 et
3227 4310 3578 4365 Constantius
3604 4311 3855 4381 Augusti.

2206 4420 2275 4433 -—
2304 4392 2640 4450 Maximinus
2686 4400 2995 4466 persecutor
3026 4396 3468 4454 Christianorum
3525 4401 3576 4455 et
3623 4398 3859 4455 Severus

2207 4478 2447 4538 Caesares
2475 4485 2776 4554 eliguntur.

2275 4571 2381 4626 306
2412 4572 2755 4628 Constantius
2802 4581 3063 4644 augustas
3120 4576 3207 4628 vir
3254 4584 3569 4631 mansuetus
3617 4578 3674 4630 in
3728 4577 3856 4631 Bri-

2202 4662 2396 4717 tannia
2427 4661 2655 4716 Eboraci
2677 4662 2827 4717 obiit.
2863 4662 3024 4718 Paul.
3060 4662 3221 4719 Oros.
3255 4662 3315 4718 h.
3350 4680 3403 4719 a.
3440 4695 3509 4704 --
3542 4665 3855 4721 Constanti-

2197 4767 2302 4805 nus
2335 4748 2641 4805 Constantii
2671 4750 2889 4806 XXXIV
2932 4768 3001 4806 ex
3054 4753 3360 4808 concubina
3411 4753 3613 4810 Helena
3678 4755 3857 4825 filius,

2200 4840 2363 4893 annis
2396 4838 2648 4909 triginta,
2682 4839 2957 4895 mensibus
2986 4840 3185 4896 decem.
3220 4842 3317 4896 Hic
3357 4842 3576 4912 primus
3607 4843 3856 4915 impera-

2202 4935 2352 4982 tor...
2386 4936 2677 4998 cccperunt,
2714 4932 2779 4983 ut
2809 4934 2879 4983 A.
2914 4946 3007 4984 an.
3043 4945 3212 5001 prece.

2270 5017 2375 5070 307
2404 5015 2727 5080 Maxentius,
2760 5016 3088 5072 Macimiani
3142 5018 3387 5073 Herculii
3430 5017 3603 5090 ﬁlius,
3663 5020 3851 5091 Augu-

514 5095 621 5151 300
667 5094 1011 5152 Constantius
1057 5097 1346 5166 sexaginta
1402 5098 1587 5153 millia
1658 5099 2091 5157 Alamannorum
2200 5107 2315 5159 stus
2344 5103 2675 5176 appellatur.
2710 5136 2776 5145 —
2822 5106 3121 5161 Marcellus
3154 5105 3324 5162 XXIX
3365 5107 3475 5179 (49)
3517 5125 3664 5180 papa
3714 5107 3855 5164 sedit

442 5184 657 5243 occidit.

2200 5194 2366 5248 annis
2390 5195 2647 5267 quinque,
2678 5210 2869 5266 passus
2891 5204 2970 5251 est
2999 5213 3116 5251 xvu
3156 5197 3275 5252 Kal.
3308 5196 3463 5254 Febr.

2023 5343 2255 5400 NOT/E.

508 5476 1025 5553 (t7)_Marcellinus
1057 5480 1294 5553 quidem
1328 5480 1620 5553 hocanno
1650 5481 1813 5553 obiit,
1846 5485 1939 5541 cui
1971 5505 2085 5543 non

437 5548 747 5632 Eusebius,
777 5552 878 5607 sed
912 5548 1217 5632 Marcellus
1234 5558 1363 5632 post
1384 5552 1561 5632 t_rium
1594 5548 1881 5612 annorum
1906 5558 2083 5615 inter-

435 5620 802 5697 pontitigium
832 5624 1021 5697 a._3_08
1052 5620 1355 5697 successit.
1386 5624 1521 5695 Pag.

484 5691 620 5771 ⁴(48)
651 5692 714 5751 In
744 5693 870 5776 cod.
901 5691 1158 5754 Murensi
1201 5692 1323 5755 huc
1361 5691 1496 5756 nota
1537 5694 1717 5757 textui
1751 5693 1969 5759 inserta
2002 5698 2082 5758 le-

2195 5489 2372 5562 gitur.

2265 5559 2918 5647 (/19)nMAaree'llus‘papa.
2965 5576 3018 5616 a.
3066 5557 3171 5616 308
3218 5561 3849 5647 electus,o_a_l_tero‘p08t

2193 5648 2346 5692 anno
2377 5633 2481 5691 310
2514 5633 2822 5691 defunctus
2854 5649 3251 5694 successorem
3294 5634 3498 5695 habuit
3521 5633 3844 5697 Eusebium

2195 5710 2444 5783 quatuor
2466 5708 2695 5763 tantum
2724 5704 3018 5764 mensium
3051 5705 3409 5785 pontificem.
