4124 6188
504 369 582 430 79
1305 365 1716 428 HERMANNI
1763 361 2203 424 CONTRACTI
2251 364 2664 429 AUGIENSIS
2713 362 3092 424 MUNACHL
3829 355 3904 416 80

1884 564 2116 621 CODEX
2151 565 2546 622 AUGIENSIS.

581 713 682 768 334
706 712 1125 768 Constantinus
1154 729 1288 768 cum
1308 710 1504 766 liberis
1535 708 1658 764 suis
1685 708 2036 764 honoriticas
2077 709 2148 764 ad
2177 709 2231 774 Α
2332 709 2438 764 345
2467 707 2710 780 Eclipsis
2738 707 2878 763 solis
2899 709 3055 764 facta
3087 710 3194 776 est,
3215 709 3448 762 etterrte
3470 705 3667 759 motus
3689 699 3904 758 multas

510 799 834 858 Antonium
857 800 1082 856 litteras
1105 800 1300 856 mittit.
1340 801 1485 854 Hier.
1519 815 1572 852 a.
1598 797 1724 853 337.

579 889 687 945 335
707 887 1151 944 Tricennalibus
1190 885 1557 944 Constantini
1594 885 1924 940 Dalmatius
1972 887 2164 942 Caesar

514 977 859 1051 appellatur.
885 979 1030 1032 Hier.
1063 994 1117 1030 (ι.
1151 979 1274 1032 337.

585 1069 685 1124 πθ
704 1066 809 1122 336
828 1065 1416 1132 Constantinus,dum
1430 1063 1653 1120 bellum
1677 1065 1734 1118 in
1760 1070 1964 1118 Persas
1989 1080 2160 1134 para-

515 1161 623 1222 ret,
646 1155 799 1228 apud
832 1154 1230 1211 Nicomediam
1262 1155 1406 1210 obiit
1427 1171 1578 1209 anno
1613 1153 1798 1209 aetatis
1819 1171 1944 1208 LXVI
1987 1153 2161 1207 al.an.
2210 1175 2216 1185 ι

2167 1257 2173 1267 ·
2279 1259 2409 1297 rum
2439 1241 2675 1296 damno.
2713 1243 2860 1298 Hier.
2884 1260 2938 1297 (ι.
2973 1243 3098 1298 349.

527 1245 694 1390 333737
727 1335 812 1401 (Ιη
837 1349 1014 1403 marg.
1053 1289 1430 1388 Constantius
1469 1331 1685 1398 XXXV,
1750 1329 2171 1385 Constantinus

521 1425 580 1480 et
608 1425 892 1477 Constans
924 1437 1019 1476 an.
1043 1437 1201 1488 xxxv,
1229 1438 1415 1489 mens,
1437 1438 1493 1490 ν,
1529 1420 1654 1476 dies
1675 1417 2171 1490 xm.)Dalmatius

523 1513 710 1568 Caesar
742 1509 988 1564 factione
1009 1510 1308 1566 Constanti
1331 1508 1636 1580 patruelis,
1655 1517 1710 1564 et
1734 1507 1991 1563 tumultu
2018 1506 2170 1562 mili-

523 1600 635 1656 tari
654 1598 1018 1655 interlicitur.
1043 1599 1190 1654 Hier.
1223 1615 1276 1653 α.
1300 1599 1425 1652 339.

601 1690 708 1742 338
730 1687 1110 1744 Constantius
1130 1687 1345 1742 Ariana
1375 1685 1580 1741 haeresi
1604 1701 1705 1758 per
1734 1685 2018 1740 Arianum
2042 1701 2174 1756 prc-

528 1779 930 1851 sbyterum,ct
959 1776 1272 1832 Eusebium
1325 1775 1830 1830 Nicomediensem
1890 1773 2171 1848 pollutus.

527 1865 913 1922 Athanasium
944 1851 1306 1937 episcopum,
1340 1868 1396 1919 et
1425 1879 1632 1920 omnes
1655 1880 1769 1919 non
1810 1882 1928 1920 suae
1990 1863 2175 1936 partis

531 1954 834 2028 episcopos
863 1954 1253 2026 persequitur.
1289 1955 1445 2008 lIier.
1479 1969 1532 2008 α.
1565 1955 1688 2008 340.

2274 796 2448 852 urbes
2481 795 2783 852 subvertit.
2815 798 2963 852 Hier.
2998 813 3056 851 (ι.
3089 812 3202 868 seq.
3225 803 3278 850 et
3305 795 3430 850 348.

2341 886 2438 942 30
2468 887 2573 940 346
2604 885 2819 940 Tribus
2843 885 3048 940 diebus
3080 901 3144 940 ac
3163 883 3432 940 noctibus
3471 882 3652 936 Roma
3678 880 3909 947 natavit,

2271 978 2329 1029 et
2357 974 2685 1046 Campania:
2716 975 2891 1029 urbes
2919 977 3150 1030 vexatae.
3184 975 3336 1028 Hier.
3367 973 3421 1025 h.
3455 987 3508 1026 α.
3553 967 3715 1024 habet
3746 974 3910 1024 nuta—

2273 1063 2374 1118 vit.

2346 1153 2450 1208 347
2481 1151 2704 1208 Bellum
2753 1156 2953 1209 contra
2999 1157 3176 1208 Pesas
3198 1149 3418 1224 geritur
3434 1148 3594 1222 gravi
3631 1147 3912 1203 Romano-

2349 1333 2454 1386 348
2485 1331 2680 1386 Romae
2701 1330 3005 1386 ordinatur
3048 1329 3334 1398 Liberius,
3387 1344 3503 1400 quo
3550 1327 3622 1382 ab
3692 1323 3916 1384 Arianis

2279 1419 2519 1491 expulso
2541 1418 2696 1478 Felix
2715 1418 2774 1474 in
2798 1420 2925 1491 ejus
2955 1419 3148 1476 locum
3180 1417 3560 1474 substituitur
3581 1415 3713 1487 (57).
3767 1415 3909 1468 Hier.

2282 1527 2334 1565 ιι.
2369 1511 2494 1562 350.

2352 1599 2459 1653 349
2489 1598 2774 1654 Constans
2807 1596 3156 1652 interﬁcitur
3177 1612 3328 1651 anno
3380 1594 3566 1650 aetatis
3611 1611 3740 1648 xxx.
3800 1592 3919 1648 illih-

2285 1685 2558 1760 gnentius
2575 1685 2740 1742 etalii
2762 1685 2932 1741 multi
2953 1685 3305 1742 conturbant
3324 1701 3446 1740 rem
3454 1682 3918 1756 publicamﬂier.

2327 1818 2338 1830 .
2369 1777 2494 1830 351.

2327 1818 2338 1830 .
2369 1777 2440 1829 35
2481 1817 2494 1830 .
2831 1810 2839 1820 -

2284 1795 2314 1831 α
2353 1775 2464 1918 350l
2491 1863 2591 1919 His
2620 1863 2982 1935 temporibus
3004 1879 3138 1918 ossa
3167 1861 3456 1918 Timothei
3497 1864 3558 1916 et
3593 1861 3650 1916 S.
3685 1857 3922 1914 Andreae

2285 1952 2702 2024 apostolorum,
2719 1957 2774 2007 et
2795 1953 2961 2007 Lucae
2983 1952 3350 2026 evangelista:
3371 1947 3930 2020 Constantinopolim

601 2044 708 2098 339
743 2042 1166 2098 Constantinus
1197 2040 1413 2096 bellum
1445 2041 1612 2098 fratri
1650 2041 1987 2098 Constantio
2037 2040 2178 2136 infe-
2209 2079 2256 2142 Β
2287 2041 2514 2096 invecta
2543 2046 2701 2097 sunt.
2738 2043 2887 2096 Hier.
2922 2058 2974 2096 (ι.
3007 2041 3132 2110 357,
3155 2043 3280 2096 359.

533 2133 876 2204 rens,juxta
904 2131 1228 2202 Aquileiam
1263 2129 1566 2186 occiditur.
1597 2132 1742 2186 Hier.
1775 2149 1828 2187 (ι.
1861 2130 1986 2198 344,
2019 2131 2094 2184 al.
2123 2122 2175 2184 ἁ.

531 2223 706 2363 34340
733 2309 921 2364 Terrae
952 2310 1146 2364 motus
1179 2306 1394 2362 multas
1424 2307 1599 2362 urbes
1621 2307 1930 2363 subvertit.
1965 2309 2176 2362 Hier.a.

531 2397 658 2452 342.
1146 2409 1156 2440 ι

599 2486 700 2541 341
737 2485 940 2542 Franci
974 2502 1008 2540 a
1037 2485 1351 2540 Constante
1371 2485 1679 2556 perdomiti
1709 2485 1764 2540 in
1799 2501 1997 2558 pacem
2023 2501 2175 2540 rece-

533 2574 617 2648 pti
646 2579 804 2631 sunt.
825 2576 971 2630 Hier.
1006 2591 1060 2630 a.
1091 2591 1202 2645 seq.

597 2665 704 2719 342
733 2662 1232 2736 Constantinopoli
1257 2663 1438 2734 ejecto
1471 2663 1545 2718 ab
1579 2661 1809 2718 Arianis
1829 2662 2010 2718 Paulo
2055 2662 2175 2734 epi-

526 2769 723 2826 scopo,
744 2753 1120 2808 Macedonius
1141 2751 1558 2808 haeresiarchas
1581 2752 1641 2806 in
1659 2751 1852 2807 locum
1883 2753 2012 2824 ejus
2036 2751 2178 2809 sub-

529 2841 814 2897 stituitur.
847 2842 996 2896 Hier.
1025 2859 1079 2896 a.
1113 2840 1238 2894 343.

595 2930 701 2985 343
730 2929 1118 3002 Hoctempore
1150 2927 1504 2984 Maximinus
1537 2928 1908 2984 Trevirorum
1947 2928 2172 2999 episco-

527 3035 639 3092 pus
669 3017 900 3085 claruit,
933 3035 968 3073 a
997 3035 1112 3090 quo
1152 3017 1510 3073 Athanasius
1541 3035 1576 3072 a
1605 3017 1944 3072 Constantio
1973 3019 2172 3089 profu-

528 3123 640 3180 gus
662 3106 998 3179 suscipitur.
1035 3109 1182 3162 Hier.
1216 3123 1270 3161 α.
1297 3123 1405 3176 seq.

593 3195 699 3251 344
742 3193 1100 3250 Athanasius
1133 3194 1204 3248 ad
1245 3193 1582 3249 Constantis
1640 3193 1866 3252 litteras
1923 3194 2171 3252 Alexan-

521 3283 708 3341 driam
737 3283 1081 3356 regreditur.
1113 3285 1260 3339 Hier.
1293 3301 1353 3338 α.
1387 3283 1512 3337 346.

2358 2131 2452 2184 351
2493 2129 2694 2186 Gallus
2718 2130 3045 2186 Constantii
3064 2129 3347 2202 patruolis
3377 2129 3566 2186 Caesar
3596 2126 3931 2184 laetusla-

2289 2217 2562 2290 gnentius
2594 2218 2851 2291 scipsum
2887 2218 3118 2274 occidit.
3139 2219 3296 2276 Hier.
3326 2218 3384 2275 h.
3415 2236 3468 2274 a.

2359 2308 2464 2362 352
2492 2308 2778 2363 Antonius
2800 2307 3124 2363 monachus
3153 2324 3222 2363 cv
3251 2307 3438 2363 astatis
3469 2324 3588 2362 sua:
3644 2322 3796 2361 anno
3872 2303 3934 2358 in

2288 2412 2482 2451 eremo
2513 2397 2778 2452 moritur.
2825 2396 2993 2453 Multi
3032 2397 3285 2452 eremitaa
3335 2395 3691 2465 claruerunt,
3743 2395 3816 2448 al.
3873 2410 3931 2447 α.

2356 2575 2462 2628 353
2501 2573 2700 2630 Gallus
2731 2576 2921 2640 Caesar
2941 2573 3244 2630 occiditur.
3278 2574 3613 2631 Victorinus
3653 2576 3850 2640 rhetor
3875 2584 3937 2638 et

2286 2661 2544 2719 Donatus
2575 2663 2996 2736 grammaticus
3027 2663 3290 2737 insignes
3319 2664 3628 2720 habentur.
3641 2668 3812 2724 ’Hier.
3874 2685 3931 2724 a.

2285 2752 2412 2806 355.

2353 2841 2459 2894 354
2479 2839 2753 2895 Julianus
2764 2841 2956 2896 Czesar
2972 2839 3227 2896 efﬁcitur
3240 2858 3274 2896 a
3285 2841 3853 2901 Constantio.Eusebi
3864 2860 3937 2908 us

2283 2927 2668 2985 Vercellensis
2691 2933 2748 2983 et
2767 2929 3082 3001 Dionysius
3113 2929 3564 2988 Mediolanensis
3597 2949 3732 2990 cum
3790 2932 3930 2989 aliis

2283 3015 2646 3072 exsulantur.
2692 3019 2836 3072 Hier.
2861 3035 2915 3072 α.
2937 3019 3062 3073 356.

2357 3106 2464 3160 355
2491 3105 2717 3178 Magnae
2745 3105 3206 3162 Alamannorum
3238 3107 3412 3180 copiae
3439 3108 3593 3180 apud
3641 3109 3930 3183 Argenta-

2282 3195 2566 3268 rium(58)
2589 3193 2788 3250 delete
2810 3199 2952 3250 sunt
2981 3213 3014 3250 a
3057 3195 3294 3252 Juliano
3325 3198 3568 3254 (lasere.
3609 3199 3932 3255 Zos.a357.

1556 3450 2027 3506 COMPENDIUM
2068 3451 2159 3506 EX
2206 3450 2460 3507 CODICE
2501 3450 2879 3508 BERNOLDI.

594 3591 700 3647 334
727 3589 1114 3648 Constantinus
1145 3591 1207 3644 in
1233 3591 1506 3645 Aria-num
1550 3589 1744 3661 dogma
1791 3591 1996 3646 labitur
2027 3591 2157 3663 (59).
2194 3593 2236 3659 C
2343 3593 2448 3646 343
2477 3593 2701 3649 Marcus
2737 3610 2888 3666 papa
2928 3595 3128 3651 XXXIII
3155 3597 3269 3667 (60)
3296 3597 3441 3653 sedit
3467 3601 3641 3656 annis
3677 3600 3935 3670 diwbus,

589 3682 697 3738 335
725 3681 1135 3748 Constant-inus,
1154 3679 1287 3734 dum
1317 3679 1519 3734 bellum
1551 3681 1610 3734 in
1657 3685 1853 3735 Persas
1915 3689 2162 3752 pararet,

521 3770 666 3844 apud
689 3769 1062 3828 Nicomediam
1091 3769 1245 3835 obiit,
1278 3784 1424 3824 anno
1453 3769 1738 3823 :elatis66.
1774 3767 1926 3824 Hier.
1961 3787 2013 3825 a.
2036 3769 2162 3824 338.

519 3892 590 3904 -—
617 3859 965 3916 Constantius
991 3859 1143 3929 ﬁlius
1171 3857 1524 3914 Constantini
1544 3873 1681 3912 'eum
1709 3857 2060 3914 Constantino
2116 3861 2167 3913 et

522 3949 810 4006 Constante
826 3949 1094 4019 fratribus
1121 3948 1284 4002 annis
1320 3963 1473 4013 xxiv,
1535 3947 1811 4002 mensibus
1861 3963 1917 4013 v,
1975 3947 2167 4002 diebus

520 4053 626 4092 xm
647 4039 1032 4105 regnaverunt.

583 4125 690 4180 336
721 4124 1073 4180 Constantius
1101 4140 1198 4194 per
1227 4124 1493 4179 Arianum
1539 4125 1920 4195 presbyterum
1967 4132 2020 4180 et
2063 4127 2167 4179 Eu-

512 4213 724 4270 sebium
747 4213 1206 4270 Nicomediensem
1231 4211 1292 4281 ﬁt
1325 4213 1564 4268 Arianus
1591 4222 1645 4266 et
1690 4213 1982 4270 catholicos
2033 4229 2162 4285 per-

511 4305 782 4376 sequitur.
1721 4357 1728 4364 .

581 4394 686 4448 337
704 4393 935 4450 Jacobus
965 4392 1246 4448 Nisibinus
1275 4392 1574 4446 virtutibus
1600 4392 1821 4448 claruit.
1878 4391 2031 4448 Hier.
2095 4409 2150 4448 a.

515 4482 642 4538 339.
675 4513 746 4526 —
770 4483 1075 4538 Dalmatius
1109 4481 1301 4537 Gaesar
1325 4481 1633 4536 oceiditur.’

587 4572 693 4627 339
725 4574 908 4629 Terrae
933 4578 1113 4626 motus
1145 4571 1353 4624 multas
1384 4569 1544 4624 urbes
1569 4569 1769 4626 diruit.

586 4663 694 4718 340
717 4663 932 4727 Franci,
963 4665 1096 4724 etc.,
1131 4663 1196 4713 ut
1224 4660 1373 4730 Aug.
1407 4675 1460 4713 a.
1491 4673 1620 4730 seq.

513 4807 534 4831 κ
589 4751 690 4805 341
727 4747 1260 4819 Constantinopoli...
1293 4746 1659 4802 substituitur.
1693 4751 1757 4802 ut
1803 4749 1866 4803 A.
1901 4766 1997 4804 an.
2033 4764 2157 4821 seq.

588 4837 696 4892 342
723 4839 830 4892 Hoc
857 4841 1088 4906 tempore
1117 4837 1452 4891 Maeiminus
1488 4838 1828 4893 Trevirorum
1883 4840 2160 4910 episcopus

511 4926 698 4981 clarus
729 4925 974 4988 habetur,
1006 4943 1041 4978 η.
1069 4942 1171 4995 quo
1201 4925 1554 4992 Athanasius,
1589 4927 1942 4984 Alexandria?
1959 4931 2158 5000 episco-
2185 4967 2232 5030 Β

501 5030 632 5088 pus,
661 5031 694 5070 a
716 5014 1027 5070 Constantio
1049 5017 1319 5086 profugus
1347 5015 1644 5084 honorifice
1673 5019 1984 5086 suscipitur.
2031 5047 2036 5052 -
2151 5089 2164 5098 ‘

2275 3681 2525 3737 discessu
2553 3681 2668 3737 Non
2680 3684 2727 3738 is
2760 3683 3026 3739 Octobris.

2342 3770 2452 3825 345
2475 3770 2688 3839 Addit;
2718 3773 2900 3828 Julius
2931 3773 3135 3828 XXXIV
3152 3791 3300 3846 papa
3337 3779 3525 3832 omnis
3576 3777 3930 3850 quindecim.

2275 3857 2353 3913 al.
2389 3876 2440 3914 a.
2476 3859 2602 3913 337.
2915 3857 2919 3860 ’

2345 3948 2452 4002 346
2480 3948 2722 4018 Bellum,
2753 3952 2888 4016 etc.,
2915 3953 2979 4005 ut
2996 3952 3062 4006 A.
3095 3969 3191 4007 an.
3225 3968 3346 4024 seq.

2343 4037 2448 4090 347
2475 4035 2742 4092 Constans
2764 4037 2916 4092 haud
2943 4037 3104 4111 longe
3127 4041 3195 4096 ab
3254 4042 3524 4112 Hispania
3573 4045 3933 4115 interﬁcitur

2273 4141 2424 4181 anno
2449 4127 2641 4182 aetatis
2671 4126 2883 4191 xxx,al.
2919 4145 2971 4182 a.
3003 4128 3128 4184 350.

2342 4214 2448 4269 349
2478 4215 2572 4269 His
2592 4216 2922 4286 temporibus
2951 4232 3137 4272 ossa...
3162 4218 3330 4275 illata
3379 4229 3522 4288 sunt,
3573 4225 3639 4276 ut
3667 4223 3815 4294 Aug.
3860 4239 3926 4279 δ..

2272 4318 2394 4374 seq.

2339 4393 2438 4446 351
2455 4393 2740 4448 .Antonius
2765 4395 3065 4449 monachus
3083 4395 3374 4450 centisimo
3404 4396 3592 4467 quinto
3621 4413 3740 4454 suae
3767 4403 3926 4456 aeta»

2269 4483 2344 4537 tis
2372 4498 2518 4538 anno
2547 4483 2606 4536 in
2639 4497 2816 4538 eremo
2843 4485 3088 4538 moritur
3109 4502 3128 4540 :
3159 4500 3263 4556 quo
3309 4493 3551 4558 tempore
3592 4487 3761 4542 multi
3799 4505 3945 4544 ere-

2269 4572 2428 4628 mitae
2454 4572 2753 4627 virtutibus
2781 4571 3123 4628 claruerunt.
3159 4574 3312 4628 Hier.
3350 4591 3404 4628 a.
3437 4575 3562 4630 358.

2341 4660 2444 4714 352
2484 4661 2791 4716 Victorinus
2809 4660 2999 4716 rhetor
3023 4665 3075 4716 et
3105 4664 3347 4718 Donatus
3367 4665 3785 4731 grammaticus
3817 4666 3945 4721 llo-

2269 4763 2378 4805 mae
2407 4749 2644 4819 insignes
2675 4749 2961 4804 habentur.
2996 4749 3346 4806 Hier.a.355.

2340 4839 2445 4890 353
2468 4839 2728 4893 Julianus
2756 4841 2890 4904 etc.,
2925 4841 2987 4894 ut
3011 4840 3077 4892 A.
3112 4855 3206 4894 an.
3234 4855 3358 4910 seq.

2341 4929 2443 4981 354
2471 4926 2709 4998 Magnae,
2748 4931 2883 4994 etc.,
2916 4931 2981 4982 ut
3009 4932 3161 4998 Aug.
3186 4945 3278 4982 an.
3305 4943 3431 5000 seq.

2329 5016 2436 5069 355
2462 5015 2718 5070 Julianus
2746 5017 2930 5071 Rheno
2961 5015 3256 5072 Germanos
3285 5017 3436 5072 vicit.

2100 5200 2313 5256 NOTAE

573 5341 687 5415 (57)
713 5341 1017 5415 Ordinatio
1050 5340 1262 5397 Liberii
1286 5341 1529 5412 contigit
1559 5359 1656 5397 an.
1697 5343 1821 5409 352,
1855 5345 1912 5396 et
1942 5342 2156 5398 substi-

507 5413 656 5470 tutio
686 5413 891 5470 Felicis
918 5433 973 5470 a.
1007 5415 1131 5468 355.
1167 5419 1304 5482 Pag.

577 5487 690 5556 (58)
709 5485 770 5556 Id
796 5485 1145 5541 hodiernum
1193 5490 1281 5553 est
1312 5484 1784 5556 Argentoratum.
1827 5483 1956 5539 Vid.
2015 5487 2154 5541 Am-

449 5578 451 5581 '
507 5553 689 5616 mi‘an.
723 5555 979 5615 Maroe'll.
1013 5556 1051 5613 l.
1078 5561 1194 5620 xvi,
1226 5553 1415 5626 0.,42ξ
1444 5555 1674 5626 Eutrop.
1699 5553 1812 5610 1.x.

578 5626 691 5702 (59)
719 5628 806 5686 Ab
837 5628 945 5702 hac
976 5628 1261 5702 haereseos
1289 5623 1440 5702 labe,
1475 5623 1653 5702 quam
1683 5627 2148 5702 ConstantinoS.

2263 5358 2382 5398 sua:
2403 5345 2663 5412 tempore
2696 5340 2768 5396 ab
2786 5341 3031 5396 Eusebio
3057 5342 3482 5399 Nicomediensi
3542 5345 3756 5399 Ariano
3819 5347 3954 5403 ba-

2304 5413 2480 5486 tisma
2511 5413 3118 5486 perperamminussit,
3168 5414 3334 5469 illum
3388 5416 3620 5486 egregie
3655 5415 3961 5476 vindicat

2309 5484 2478 5556 agius
2509 5483 2810 5540 in-Critica
2835 5484 3066 5538 Baronii
3103 5485 3174 5540 ad
3208 5503 3302 5542 an.
3358 5483 3486 5552 324,
3520 5483 3576 5542 ᾗ.
3633 5487 3720 5555 44,
3775 5488 3952 5548 alii-

2266 5572 2448 5705 Ὓέο)
2479 5623 3022 5705 Marcus_Silvestro
3051 5587 3165 5705 an;
3182 5629 3288 5685 336
3311 5629 3612 5696 suffectus,
3639 5633 3774 5705 post
3792 5642 3962 5705 ⁸ἓξ·-

503 5695 968 5778 Hieronymustn
993 5697 1276 5757 Chronico
1291 5695 1362 5757 ob
1385 5695 1729 5775 susceptum
1751 5701 2007 5758 extremo
2020 5699 2151 5757 vitae
2262 5695 2685 5778 ptem'menses
2712 5695 2936 5758 Julium
2967 5697 3176 5760 habuit
3205 5695 3604 5763 successorem
3639 5695 3756 5760 'an.
3789 5697 3962 5768 3,37.
