4124 6188
238 331 309 398 ει
1471 338 1946 402 CHRONICON.
1977 369 2058 387 —
2085 338 2272 402 sne.
2317 340 2418 404 1v.
2529 295 2542 311 ’
3233 385 3246 397 .
3564 331 3650 405 82

1599 492 1830 548 CODEX
1866 491 2265 550 AUGIENSIS.

299 607 400 664 ³1
453 607 557 662 356
582 606 853 664 Julianus
899 606 1447 664 Rheno-Germanos
1502 609 1659 664 vicit.
1696 611 1868 664 Amm.
1902 627 1957 691 Α
1987 614 2111 664 tum
2146 627 2180 665 a
2210 610 2447 666 Juliano
2476 610 2736 683 privatus
2767 609 2894 667 fuit.
2930 611 3097 668 Hier.
3132 627 3228 668 an.
3279 610 3400 667 365.
3441 638 3508 654 —
3557 611 3643 685 (In

230 695 494 752 Hilarius
516 697 888 753 Pictaviensis
907 701 961 752 et
982 697 1340 753 Athanasius
1360 697 1787 752 Alexandrinus
1812 699 1883 754 ab

227 786 464 839 Arianis
501 785 682 840 multa
712 785 869 840 mala
899 786 1058 858 passi
1092 793 1246 840 sunt.

295 875 405 928 357
434 875 598 946 Apud
631 875 963 929 Ariminum
998 877 1256 948 synodus
1294 877 1643 930 Arianorum
1678 881 1881 930 contra

227 962 405 1022 ﬁdem
440 963 585 1018 facla
613 969 720 1018 est.
747 967 894 1019 Hier.
915 982 965 1019 αι.
987 966 1112 1020 361).
1136 997 1205 1004 -
1223 965 1875 1021 Paulinus'l‘revirensis

229 1051 539 1124 episcopus
569 1053 626 1107 in
659 1053 862 1108 exsilio
896 1055 1165 1109 moritur.
1199 1056 1350 1109 Hier.
1386 1073 1434 1108 a.
1469 1055 1592 1109 3:39.

293 1143 401 1194 358
423 1142 695 1199 Julianus
715 1143 962 1215 Augusti
983 1160 1194 1197 nomen
1216 1149 1476 1214 usurpat.
1506 1143 1880 1199 Constantius

231 1231 284 1284 in
313 1231 561 1285 Parthos
587 1231 809 1286 bellum
839 1236 1026 1302 parat.
1061 1235 1237 1287 Amm.
1274 1253 1327 1287 (ι.
1361 1234 1484 1288 360.

295 1321 403 1373 36‘.)
435 1322 815 1376 Constantius
839 1322 1104 1375 Parthico
1127 1321 1274 1377 bello
1299 1322 1544 1376 dimisso
1570 1326 1769 1376 contra
1786 1327 1880 1377 Ju-

229 1409 455 1463 lianum
489 1427 655 1465 arma
687 1410 886 1465 sumit.
922 1411 1196 1465 Ammian.

295 1500 403 1552 366
435 1499 816 1576 Qonstantius
845 1500 1094 1554 moritur
1140 1518 1290 1555 anno
1340 1501 1524 1555 eetatis
1573 1519 1694 1554 XLV.
1733 1503 1874 1556 IIicr.

229 1605 276 1640 α.

293 1679 393 1732 361
423 1679 508 1744 (In
537 1695 711 1747 marg.
733 1677 1003 1733 Julianus
1025 1678 1258 1745 XXXVI,
1287 1696 1423 1732 ann.
1454 1697 1488 1745 I,
1517 1696 1703 1734 mens.
1730 1682 1878 1748 VIII.)

227 1767 498 1822 Julianus
531 1785 599 1820 ex
624 1766 956 1822 Christiano
987 1766 1197 1822 lectore
1230 1785 1495 1839 paganus
1539 1770 1729 1823 factus
1755 1764 1878 1840 per-

230 1858 494 1928 sequitur
524 1856 908 1911 Christianos.
933 1856 1307 1922 Athanasius,
1342 1857 1648 1924 Eusebius,
1680 1863 1734 1912 et
1758 1857 1875 1912 Lu-

1992 715 2168 770 marg.
2201 700 2479 755 Jovianus
2516 701 2786 769 XXXVII,
2820 718 3004 756 mens.
3040 704 3186 769 VIII.)

2064 788 2166 841 361
2197 790 2281 857 (In
2313 807 2491 857 marg.
2529 790 2974 844 Valentinianus
3024 789 3318 856 XXXVIII,
3371 806 3506 844 ann.
3538 787 3640 860 XI.)

1999 877 2436 932 Valentinianus
2461 878 2690 934 Valenti
2722 879 2883 932 fratri
2917 896 3022 934 suo
3056 877 3642 951 Orientisimperium

1992 967 2170 1020 dedit.
2206 969 2351 1020 Hier.
2387 986 2440 1021 (ι.
2479 969 2602 1020 365.

2062 1056 2168 1108 365
2201 1057 2392 1109 Romae
2427 1057 2712 1110 Damasus
2744 1074 2895 1127 papa
2944 1057 3250 1111 ordinatur
3300 1056 3434 1126 (61).
3485 1057 3636 1110 Hier.

1989 1163 2040 1199 (ι.
2070 1143 2490 1198 367.—Valens
2511 1145 2582 1198 ab
2607 1145 2860 1198 Eudoxio
2883 1144 3232 1198 Arianorum
3253 1144 3524 1215 episcopo
3544 1145 3640 1198 ba-

1990 1234 2241 1305 ptizatus
2273 1232 2636 1287 (lliristiamis
2674 1233 3060 1303 persequitur.
3096 1235 3240 1287 Hier.
3279 1251 3330 1286 a.
3367 1233 3490 1286 368.

2060 1324 2164 1375 366
2197 1324 2528 1387 (.lratianus,
2568 1321 2958 1375 Valentiniani
2995 1320 3171 1386 Illius,
3205 1322 3522 1392 imperator
3548 1321 3635 1376 ef-

1989 1413 2201 1465 ficitur.
2237 1411 2381 1464 Vera
2412 1410 2546 1463 lana
2578 1409 2782 1480 pluviae
2817 1411 2993 1465 mista
3024 1411 3095 1464 de
3134 1410 3391 1464 nubibus
3451 1409 3632 1465 ﬂuxit.

1989 1502 2135 1554 Hier.
2172 1517 2222 1553 (ι.
2251 1501 2373 1553 363.

2058 1591 2161 1643 367
2191 1587 2580 1642 Athanaricus
2616 1605 2711 1641 rex
2743 1588 3062 1642 Gothorum
3107 1586 3468 1642 Christianos
3501 1604 3635 1659 per-

1988 1677 2257 1748 sequitur
2286 1679 2418 1747 (62).
2455 1677 2708 1730 I‘Iilarius
2741 1677 3053 1747 episcopus
3089 1676 3461 1731 Pictaviensis
3507 1693 3634 1731 mo-

1986 1766 2148 1821 riiur.
2176 1769 2317 1821 Hier.
2354 1784 2404 1819 ιι.
2439 1783 2549 1836 seq.
2585 1765 2772 1820 Niczea
2805 1770 2967 1819 terrae
3003 1769 3162 1818 motu
3195 1766 3434 1820 corruit.
3484 1765 3631 1820 Hier.

1985 1873 2037 1909 a.
2063 1856 2186 1908 369.

229 1947 362 2000 ciler
393 1947 468 2000 de
495 1945 698 2000 exsilio
729 1949 1114 2000 revertuntur.
1150 1948 1293 2001 Hier.
1329 1965 1381 2000 ιι.
1413 1948 1535 2000 363.
1572 1979 1637 1984 -
1661 1945 1873 2016 Pagani
1911 2004 1952 2016 ἢ
2057 1945 2157 1999 33
2189 1945 2292 1996 368
2346 1943 2628 1996 Eusebius
2675 1941 3059 1996 Vcrccllensis
3132 1944 3396 1996 moritur.
3467 1942 3625 1996 Hier.

230 2035 376 2107 apud
405 2035 689 2089 Sebasten
722 2033 1058 2105 sepulcrum
1092 2034 1149 2089 S.
1185 2035 1436 2104 Joannis
1481 2004 1875 2106 Baptistailin-
1908 2004 1954 2067 Β
1985 2049 2036 2086 α.
2070 2032 2192 2086 37-1.
2228 2063 2294 2070 -
2329 2034 2440 2085 lloc
2467 2035 2724 2102 tempore
2746 2029 3097 2101 Apollinaris
3121 2029 3428 2100 episcopus
3450 2029 3628 2084 haere-

229 2124 461 2177 vadunt.

294 2214 393 2268 8‘2
427 2213 534 2266 362
564 2211 858 2278 Julianus,
901 2213 972 2267 ad
1024 2211 1240 2266 bellum
1296 2212 1633 2267 Parthicum
1683 2212 1875 2283 profe-

231 2307 353 2356 ctrus
377 2307 433 2357 et
460 2301 924 2356 Christianorum
962 2301 1306 2372 sanguinem
1332 2301 1443 2356 diis
1475 2302 1598 2356 suis
1640 2318 1876 2366 vovens,

229 2391 322 2445 Dei
346 2391 578 2461 judicio
609 2409 642 2445 a
672 2391 926 2461 quodam
961 2389 1124 2444 hoste
1179 2390 1405 2444 occisus
1455 2389 1676 2444 interiit
1725 2407 1875 2443 anno

228 2481 410 2534 etatis
442 2497 618 2534 xxx”.
655 2479 792 2534 Post
813 2495 986 2550 quem
1015 2479 1293 2533 Jovianus
1316 2479 1634 2550 imperator
1666 2481 1875 2544 factus,

224 2586 353 2624 cum
385 2570 549 2624 omni
581 2569 836 2624 exercitu
880 2569 952 2623 ad
983 2568 1478 2624 Christianitatem
1515 2569 1876 2623 rcdit.Amm.

223 2676 274 2715 α.
299 2661 422 2714 363.
450 2690 517 2700 —
540 2657 860 2713 Antiochia:
884 2658 1140 2728 synodus
1163 2656 1478 2712 hmresiaca
1500 2657 1739 2713 collecta
1762 2661 1873 2711 est.

223 2750 369 2803 Hier.
405 2766 460 2803 a.
488 2749 614 2815 365,
647 2748 724 2802 al.
759 2765 811 2802 (ι.
843 2748 970 2802 361.

293 2838 400 2892 363
429 2835 735 2904 Jovianus,
770 2837 829 2890 in
863 2853 1010 2890 nova
1041 2836 1212 2891 domo
1246 2838 1530 2891 recubans
1558 2836 1880 2889 suffocatus

229 2927 402 2982 odore
424 2943 753 2997 prunarum
779 2931 838 2980 et
870 2923 1067 2991 calcis,
1092 2925 1368 2992 moritur;
1405 2942 1506 2996 pro
1532 2941 1645 2996 quo
1677 2923 1880 2978 Valen-

222 3016 485 3071 tinianus
509 3019 739 3087 regnat,
766 3014 865 3086 qui
884 3015 957 3069 oh
982 3015 1152 3070 {idem
1172 3013 1384 3068 Christi
1404 3013 1700 3068 tribunatu
1727 3011 1878 3066 mili-

1985 2121 2096 2175 sim
2127 2121 2341 2174 condit.
2377 2122 2520 2173 Hier.
2557 2137 2609 2173 a.
2646 2121 2770 2173 376.

2056 2211 2160 2262 369
2191 2209 2400 2280 Magna
2432 2209 2615 2262 fames
2649 2208 2705 2261 in
2741 2207 3005 2279 Phrygia.
3045 2208 3198 2261 Hier.
3232 2225 3284 2261 (ι.
3316 2207 3439 2261 371.

2089 2301 2157 2350 70
2188 2297 2289 2351 llis
2348 2297 2556 2352 diebus
2613 2299 2742 2367 post
2795 2296 3067 2350 Auxentii
3119 2295 3317 2349 Ariani
3381 2297 3628 2349 mortem

1984 2387 2329 2442 Ambrosius
2401 2377 2708 2457 episcopus
2750 2384 3273 2440 Mediolanensium
3329 2382 3638 2438 ordinatur

1991 2475 2124 2546 (63).
2160 2478 2309 2530 Hier.
2345 2492 2396 2529 a.
2430 2476 2553 2529 376.
3347 2545 3362 2549 ’

2063 2567 2161 2618 371
2195 2565 2478 2636 Didymus
2514 2561 2876 2618 Alexandria)
2908 2578 3089 2617 caecus
3133 2561 3362 2616 claruit.
3398 2562 3544 2617 Hier.
3579 2577 3634 2617 a.

1990 2654 2094 2708 373
2112 2687 2178 2692 —
2195 2653 2640 2708 Valentinianus
2663 2653 2919 2707 Saxones
2939 2652 3088 2706 caede
3113 2650 3462 2722 perdomuit.
3487 2652 3634 2706 Hier.

1990 2761 2042 2798 (ι.
2079 2744 2214 2809 374;
2248 2744 2520 2796 Λυκηιῑίιη.
2555 2760 2606 2796 (ι.
2640 2742 2763 2794 370.

2061 2834 2165 2886 372
2195 2832 2518 2886 Eunomius
2550 2830 2904 2901 agnoscitur,
2941 2846 2973 2882 a
2999 2846 3113 2899 quo
3159 2828 3392 2883 haeresis
3441 2828 3634 2882 Euno-

1991 2920 2208 2974 miana.
2233 2923 2381 2975 Hier.
2403 2938 2454 2974 (ι.
2487 2920 2611 2972 373.
2633 2950 2698 2958 —
2715 2918 3345 2988 Burgundionesjuxta
3362 2915 3632 2972 Rhenum

1993 3009 2405 3065 consederunt.

1275 3156 1740 3212 COMPENDIUM
1785 3153 2167 3225 EXIjCODlCE
2208 3153 2293 3206 BE
2305 3149 2582 3206 RNOLDI.

290 3265 418 3320 356.
457 3267 563 3319 Hoc
592 3269 828 3336 tempore
874 3265 1120 3318 Hilarius
1169 3265 1528 3318 Pictaviensis
1573 3265 1876 3334 cpiscopus,
1911 3269 1952 3334 α

226 3364 276 3409 et
305 3356 641 3410 Athanasius
686 3353 1094 3408 Alexandrinus
1138 3361 1186 3409 et
1238 3369 1422 3408 omnes
1471 3351 1726 3418 catholici
1767 3353 1880 3421 epi-

227 3444 372 3513 smpi
427 3444 605 3497 multa
649 3442 716 3497 ab
765 3443 987 3497 Arionis
1035 3443 1184 3496 mala
1229 3443 1476 3513 perpessi
1525 3445 1672 3495 sunt.
1707 3439 1879 3494 "Hier.

238 3549 288 3585 a.
324 3549 447 3603 seq.

304 3623 410 3676 357
471 3620 628 3692 Apud
686 3621 1001 3677 Ariminum
1057 3619 1295 3693 synodus
1355 3620 1458 3673 406
1515 3621 1887 3690 episc0p0ru-m

241 3712 576 3765 Arianorum
604 3715 792 3766 contra
821 3711 980 3780 fidem
1002 3713 1150 3781 facta
1179 3718 1278 3776 est,
1315 3708 1388 3762 a1.
1425 3726 1476 3763 a.
1509 3709 1633 3763 359.

309 3800 415 3854 358
466 3801 744 3868 Julianus,
795 3801 1059 3854 bellorum
1106 3814 1350 3853 successu
1395 3799 1590 3861 elatus,
1659 3797 1890 3863 Augusti

241 3904 436 3944 norum
471 3893 720 3960 usurpat.
756 3889 1102 3944 Constantius
1136 3889 1196 3942 in
1217 3887 1444 3942 Parthos
1478 3884 1682 3941 bellum
1707 3893 1886 3955 parat.

242 4008 308 4018 —
339 3979 490 4034 Nota
528 3977 872 4050 marginalis
913 3975 1214 4032 Bernoldi:
1246 3978 1496 4032 Liberius
1548 3993 1688 4046 papa
1729 3974 1894 4029 XXXV

242 4068 376 4121 sedit
426 4084 601 4122 annos
653 4083 770 4121 sex.
835 4067 945 4134 Quo
994 4067 1219 4137 expulso
1294 4066 1469 4120 locum
1533 4067 1650 4135 ejus
1731 4064 1893 4118 Folia:

241 4173 385 4227 pqm
417 4158 606 4210 XXXVI
643 4172 751 4211 uno
779 4172 924 4210 anno
973 4158 1271 4226 occupavit,
1316 4162 1367 4208 et
1398 4157 1596 4207 iterum
1643 4153 1893 4206 Liberius

245 4261 358 4302 sua
385 4246 506 4300 sedi
533 4247 864 4300 restituitur.
900 4244 1050 4299 Hier.
1097 4261 1145 4298 a.
1183 4261 1269 4314 pr.
1304 4275 1369 4282 —
1422 4243 1652 4297 Sanctus
1711 4246 1894 4295 autem

247 4337 402 4390 Felix:
434 4334 811 4390 Constantium
861 4334 1242 4404 imperatorem
1273 4331 1593 4387 hmreticzun
1642 4347 1753 4384 esse
1799 4329 1893 4383 (Ie-

251 4426 485 4489 claruns,
516 4425 910 4494 murti/rimatus
939 4430 1018 4477 est
1049 4438 1101 4475 Iv
1129 4422 1243 4475 Kal.
1275 4422 1408 4490 Aug.
1445 4420 1577 4490 (64).

289 4515 423 4568 ’359
455 4513 820 4567 Constantius.
851 4554 862 4564 .
891 4552 901 4564 .
932 4552 944 4564 .
975 4552 987 4564 .
1047 4527 1269 4565 sumens
1324 4510 1580 4563 moritur.
1638 4507 1790 4562 Hier.
1842 4524 1893 4560 a.

253 4604 368 4656 $2.
420 4633 483 4641 ——
525 4601 785 4656 Julianus
835 4601 1023 4654 XXXVI
1064 4602 1309 4669 apostala
1357 4614 1500 4652 anno
1549 4614 1681 4662 uno,
1739 4612 1897 4654 men-

254 4708 330 4745 ses
359 4701 495 4747 octo.
556 4692 652 4745 Hic
700 4707 768 4744 ea:
801 4690 1112 4744 Christiano
1171 4689 1368 4742 lectore
1418 4703 1665 4758 paganus
1723 4688 1898 4755 [actus

257 4783 598 4852 persequitur
629 4781 994 4836 Christianos.

321 4872 424 4924 366
455 4872 687 4939 Pa-guni.
718 4913 729 4922 .
756 4911 766 4922 .
799 4912 810 4922 .
840 4910 852 4921 .
879 4868 1169 4932 invadunt,
1203 4871 1266 4920 ut
1295 4870 1446 4936 Aug,
1483 4883 1576 4918 au.
1613 4882 1728 4934 seq.

322 4961 419 5013 361
453 4960 711 5014 Julianus
740 4958 809 5013 ad
862 4957 1080 5011 bellum.
1111 4999 1123 5010 .
1153 4999 1164 5009 .
1194 4999 1204 5009 .
1232 4999 1242 5009 .
1307 4971 1453 5009 anno
1501 4955 1678 5010 aetatis
1726 4969 1898 5015 xxx”,

263 5055 322 5100 ut
349 5050 492 5120 Aug.
532 5065 583 5102 a.
636 5063 759 5118 seq.
796 5077 863 5086 —
909 5047 1170 5101 Iovianus
1213 5043 1470 5108 XXXVIII,
1522 5058 1730 5096 menses
1779 5055 1900 5095 VIII.

259 5139 356 5192 Iste-
385 5140 581 5193 iterum
619 5155 748 5191 cum
806 5137 958 5191 omni
997 5125 1254 5192 'exereitu
1313 5133 1382 5188 ad
1441 5131 1907 5186 Christianitutem

262 5227 439 5283 rediit.
477 5227 630 5282 Hier.
663 5243 717 5281 a.
747 5226 876 5280 364.

2063 3259 2168 3312 362
2198 3257 2443 3327 Syuodus
2474 3255 2730 3310 haeretica
2761 3253 3064 3308 Antiochiae
3114 3254 3258 3322 facta
3296 3254 3392 3307 est.
3427 3283 3495 3292 -—
3541 3254 3637 3307 Jo-

1993 3349 2256 3402 vianus...
2317 3346 2575 3408 moritur,
2628 3347 2690 3396 ut
2748 3344 2890 3413 Aug.
2951 3359 3045 3396 an.
3107 3359 3231 3413 seq.
3264 3371 3333 3381 -—
3394 3341 3640 3398 Valenti-

1993 3439 2195 3492 nianus
2227 3436 2463 3490 XXXVIII
2513 3431 2762 3499 regnavit
2802 3433 2964 3484 (mnis
3012 3430 3286 3486 undecim.
3338 3431 3456 3498 Hic,
3507 3433 3640 3498 etc.,

1997 3532 2060 3581 ut
2091 3531 2158 3580 A.
2194 3542 2314 3595 seq.

2066 3617 2170 3670 363
2204 3614 2633 3668 Valentinianus
2673 3612 2907 3676 Valenti,
2943 3613 3024 3664 ut.
3061 3612 3126 3664 A.
3162 3627 3256 3664 an.
3291 3625 3414 3680 seq.

2069 3705 2173 3757 364
2225 3703 2414 3758 Valens
2460 3702 2527 3755 ab
2573 3701 2818 3755 Eudoxio
2877 3687 3232 3754 Arianorum
3259 3699 3505 3768 episcopo
3553 3712 3643 3752 se-

1998 3793 2191 3848 ductus
2221 3801 2273 3846 et
2305 3793 2633 3863 baptizatus,
2662 3793 2782 3860 post
2811 3791 3038 3842 mortem
3081 3787 3271 3857 fratris
3318 3785 3643 3841 orlhodoxos

1994 3883 2360 3954 persequitur.

2069 3973 2174 4024 365
2195 3971 2522 4035 Gratianus,
2567 3966 2940 4022 Valentiniani
2980 3964 3148 4034 ﬁlius,
3200 3961 3480 4016 Ambianis
3537 3959 3645 4014 imi

1997 4065 2220 4131 perator
2247 4059 2505 4129 efﬁcitur.
2545 4060 2689 4110 Vera
2721 4057 2876 4109 lana.
2912 4058 3043 4118 etc.,
3082 4056 3146 4106 ut
3175 4055 3238 4105 Α.
3274 4068 3371 4106 au.
3416 4066 3536 4122 seq.

2074 4151 2178 4202 366
2225 4148 2608 4210 Athanaricus,
2661 4162 2757 4198 rer
2818 4143 3131 4208 Gather-Iun,
3195 4141 3532 4196 Christianos
3590 4139 3651 4196 in

2001 4256 2101 4292 sua
2133 4241 2288 4307 genie
2315 4237 2679 4307 persequitur.
2737 4232 2889 4286 llier.
2927 4249 2979 4286 a.
3023 4232 3146 4286 370.
3196 4232 3457 4285 Dama.:us
3505 4245 3652 4302 papa

2004 4327 2213 4381 XXXVII
2243 4325 2381 4379 sedit
2415 4326 2576 4377 annis
2607 4340 2765 4377 XVIII.

2075 4418 2177 4470 367
2209 4416 2314 4468 Hoc
2364 4418 2600 4484 tempore
2659 4412 2993 4482 Apollinaris
3054 4409 3322 4463 Laodicea:
3377 4408 3655 4478 cpiscopus

2002 4506 2165 4575 plura
2195 4505 2431 4573 scripsit,
2469 4502 2558 4556 sed
2587 4504 2770 4571 postea
2803 4500 3044 4554 hurresin
3068 4498 3327 4552 condidit.

2076 4596 2181 4646 363
2215 4592 2406 4661 Magna
2435 4595 2605 4660 fames
2639 4592 2698 4644 in
2731 4588 2997 4659 Phrygia.

2078 4683 2183 4734 36‘.)
2216 4683 2307 4736 His
2338 4680 2524 4734 diebus
2548 4683 2664 4750 post
2693 4678 2976 4739 .-iu.rentii,
3011 4679 3142 4741 etc.,
3180 4678 3242 4727 ut
3271 4675 3414 4742 Aug.
3443 4688 3495 4724 a.
3529 4685 3650 4740 seq.

2080 4773 2185 4826 376
2224 4771 2636 4826 Valentinitmus
2667 4768 2907 4820 Saxones
2953 4766 3010 4818 in
3066 4765 3278 4832 regione
3322 4764 3658 4816 Francorum

2009 4861 2148 4914 ιἰνιΙιτ
2172 4859 2502 4931 perdomuit.

2083 4951 2183 5003 371
2225 4947 2677 5015 Burgumlionum
2734 4945 3005 5011 octoginta
3071 4947 3184 5011 fere
3253 4941 3435 4994 millia.
3492 4939 3661 5009 juxta

2015 5041 2262 5094 Rhenum
2309 5035 2683 5092 consederunt.
2726 5033 2917 5086 Amm.
2952 5048 3004 5084 a.
3049 5030 3190 5099 372;
3242 5030 3395 5085 Hier.
3451 5045 3503 5084 a.
3535 5027 3662 5082 374.

2085 5129 2347 5182 3721’ost
2393 5126 2729 5180 Auxentium
2781 5121 3049 5175 Arianum
3098 5121 3377 5175 Ambrosio
3418 5117 3664 5171 ordinato

2015 5219 2184 5272 Italia
2214 5217 2283 5270 ad
2315 5217 2514 5271 rectam
2543 5212 2702 5282 ﬁdem
2731 5211 2890 5266 redit.

1862 5360 2092 5416 NOT.E.

331 5488 440 5558 (6t)
473 5490 711 5540 Factum
746 5482 802 5558 id
837 5499 890 5558 a_.
923 5483 1046 5558 366.
1082 5483 1212 5558 I’ug.

331 5549 441 5628 1:62)
474 5557 814 5614 Persecutio
856 5549 1210 5628 Athanariei,
1258 5552 1356 5622 qui
1411 5552 1665 5624 primum
1701 5567 1750 5602 a.
1805 5549 1908 5601 369

265 5627 497 5701 regnare
527 5627 1048 5701 cmpit,_posterior
1077 5631 1184 5680 est.
1223 5696 1252 5701 Α
1345 5699 1348 5701 Δ
1444 5696 1456 5701 _
1620 5695 1686 5701 Μ

333 5693 440 5772 ῖ63)
462 5693 1080 5765 Αωὺὶοεὶἱόιταίηειιὶο
1114 5696 1358 5768 pertinet
1391 5696 1460 5749 ad
1494 5711 1586 5748 an.
1619 5693 1740 5749 371.

2094 5477 2147 5545 (6
2191 5477 2203 5544 >
2238 5475 2317 5527 De
2350 5473 2455 5526 hac
2491 5469 2887 5545 damnatione,
2923 5467 3005 5545 uti
3039 5470 3094 5522 et
3124 5466 3194 5545 de
3243 5456 3670 5545 martyrionFe-

2022 5529 2149 5601 lieis
2184 5529 2248 5611 11,
2284 5545 2396 5599 vid.
2435 5543 2642 5611 l’agius
2669 5542 2726 5595 in
2761 5529 2920 5612 Brei’.
2959 5539 3122 5592 llum.
3155 5536 3412 5612 Pent-Jul.
3443 5529 3669 5612 Bollan-

2022 5617 2176 5672 diani
2208 5604 2345 5671 tum.
2388 5615 2485 5669 'V'll
2513 5604 2673 5678 “Iulii,
2705 5613 2775 5666 ad
2805 5611 2957 5664 diem
2993 5627 3121 5662 xxiv
3147 5625 3160 5675 ;
3190 5608 3259 5661 de
3293 5604 3517 5659 Liberio
3566 5617 3670 5655 au-

2022 5697 2140 5745 tem
2177 5695 2317 5744 tom.
2351 5688 2418 5741 VI
2448 5690 2630 5757 Sept.,
2664 5685 2732 5739 ad
2771 5683 2924 5736 diem
2957 5697 3113 5734 XXIII.
