4124 6188
447 255 551 379 8δῖ

1241 268 1651 340 HERMANNI
1696 270 2140 377 CONTRACTI
2186 270 2602 341 AUGIENSIS
2646 274 3024 343 MONACHI.

3772 274 3856 343 84

1821 436 2051 494 CODEX
2090 435 2490 494 AUGIENSIS.

522 558 630 618 3’73
660 560 778 618 Hoc
827 565 1090 636 tempore
1146 563 1392 619 docente
1449 532 1750 618 Ambrosio
1810 561 1978 617 Italia
2026 562 2097 616 ad
2127 571 2182 636 Α
2212 564 2271 617 et
2302 560 2578 635 religione
2606 564 2988 636 praecipuum,
3020 563 3240 622 Orienti
3263 565 3675 639 imperatorem
3707 581 3855 637 prae-

453 648 666 707 Christi
706 650 877 707 ﬁdem
913 652 1287 708 convertitur.
1320 654 1468 708 Hier.
1502 670 1555 707 a.
1589 652 1714 706 376.

521 740 626 794 374
650 739 1097 798 Valentinianus
1120 742 1315 797 subita
1332 740 1639 812 sanguinis
1657 739 1964 811 eruptione
1987 756 2105 795 m0-

452 827 621 896 ritur,
644 845 747 900 pro
780 836 895 900 quo
930 832 1241 885 Gratianus
1277 830 1433 884 [ilius
1464 846 1595 884 cum
1630 834 1836 901 patruo
1868 827 2105 885 Valente

456 918 736 989 regnavit.
761 921 909 973 Hier.
944 937 996 973 (ι.
1024 921 1149 973 376.

524 1007 630 1061 375
659 1008 739 1072 (In
774 1024 947 1077 marg.
985 1007 1192 1061 Valens
1225 1024 1356 1062 cum
1410 1007 1687 1063 Gratiano
1736 1013 1791 1062 et
1840 1006 2101 1062 Valenti-

454 1094 628 1149 niano
648 1112 783 1149 ann.
808 1096 907 1167 1v.)
930 1095 1246 1150 Gratianus
1268 1097 1409 1151 XXX
1433 1096 1618 1150 millia
1642 1097 2102 1150 Alamannorum

455 1183 683 1238 delevit.
721 1184 994 1238 Ammmn.
1030 1203 1081 1239 (ι.
1113 1187 1239 1239 378.
1277 1185 1428 1240 Oros.

524 1272 630 1324 376
659 1271 873 1327 Valens
918 1273 1105 1344 legem
1139 1274 1322 1341 dedit,
1357 1279 1418 1327 ut
1443 1274 1711 1327 monachi
1765 1274 2101 1338 militarent,

453 1358 716 1415 nolentes
748 1360 1004 1416 fustibus
1028 1362 1211 1432 jussit
1242 1362 1509 1416 interﬁci.
1546 1362 1665 1417 Sos.
1690 1380 1742 1417 a.
1774 1364 1918 1431 375;
1949 1364 2099 1417 Hier.

454 1447 509 1504 h.
542 1465 596 1503 a.
1212 1488 1219 1493 ι

522 1537 628 1591 377
654 1537 848 1603 Gothi,
894 1538 1047 1594 datis
1091 1556 1125 1592 a
1171 1538 1413 1594 Valente
1466 1538 1696 1596 Arianis
1743 1539 2101 1606 doctoribus,

449 1624 649 1679 Ariani
670 1626 863 1694 efﬁciu
876 1630 1029 1681 ntur.
1066 1627 1265 1683 Chron.
1298 1628 1454 1683 Goth.

520 1714 622 1769 84
652 1715 757 1768 378
792 1713 1024 1782 Valens,
1058 1716 1307 1771 Arianus
1348 1716 1685 1788 imperator,
1736 1722 1867 1788 post
1916 1716 2104 1771 multa

448 1808 605 1863 mala
636 1827 766 1877 sua,
797 1811 856 1865 in
890 1812 1138 1868 Thracia
1184 1813 1473 1869 trucidato
1506 1831 1539 1869 a
1588 1812 1795 1870 Gothis
1840 1814 2101 1870 Romano

448 1898 723 1965 exercitu,
758 1899 882 1971 ipse
903 1900 1121 1971 sagitta
1138 1902 1459 1969 sauciatus,
1480 1903 1732 1974 fugiens,
1765 1907 1822 1957 et
1850 1902 1909 1958 in
1926 1903 2099 1960 vilem
2134 1941 2181 2005 B

398 2000 667 2051 -casam,
703 2002 839 2042 cum
873 2005 1025 2060 saepe
1054 2005 1205 2061 equo
1239 1987 1557 2058 laberetur,
1607 1992 1917 2057 deductus,
1950 1992 2102 2048 inse-

448 2074 885 2147 quentibusque
911 2075 1182 2133 hostibus
1213 2077 1379 2134 vivus
1401 2078 1461 2133 in
1486 2079 1615 2151 ipsa
1643 2096 1779 2135 casa
1801 2080 2100 2148 incensus,

450 2163 751 2235 sepultura
773 2164 948 2220 etiam
965 2167 1171 2221 caruit.
1190 2171 1517 2239 Postquem
1537 2168 1848 2224 Gratianus
1863 2169 2100 2239 XXXIX,

448 2251 647 2307 fratris
677 2254 805 2329 ejus
835 2253 1010 2319 illius,
1047 2272 1180 2310 cum
1214 2257 1390 2312 fratre
1422 2274 1529 2312 suo
1578 2255 1983 2313 Valentiniano
2013 2275 2101 2314 re-

450 2341 650 2411 gnavit
670 2357 854 2397 annos
886 2358 963 2398 vx.
988 2345 1136 2399 Hier.
1171 2361 1225 2399 α.
1257 2346 1363 2399 379
1388 2363 1400 2411 ;
1424 2346 1502 2402 at.
1539 2345 1594 2400 h.
1628 2363 1679 2401 a.
1720 2377 1785 2387 —
1817 2348 2104 2417 [lucusque

452 2426 719 2483 Chronica
747 2433 980 2486 Eusebii
1024 2434 1387 2506 Hieronymus
1433 2433 1712 2506 perduxit.
1766 2436 1904 2491 Hinc
1944 2436 2100 2491 Heri-

449 2532 689 2572 mannus
716 2520 849 2590 (65).

518 2606 625 2661 379
655 2607 966 2666 Gratianus
999 2611 1320 2683 imperator
1345 2612 1417 2669 ob
1438 2612 2099 2685 perturbatum_impcrii

449 2696 673 2750 statum
704 2691 1349 2772 Theodosium,genere
1378 2700 1725 2773 Hispanum,
1759 2702 1961 2769 armis,
1985 2700 2100 2756 fide

2216 650 2375 717 fecit;
2410 652 2508 723 qui
2538 669 2653 706 xvu
2684 653 2853 708 annis
2886 670 3137 725 regnans
3160 653 3402 720 Gothos,
3426 653 3691 722 Hunnos,
3722 652 3858 710 Ala-

2215 756 2441 811 nosque
2470 744 2528 795 et
2556 739 2703 796 alias
2732 748 2935 813 gentes
2965 742 3161 814 plures
3182 743 3442 799 coercuit
3466 743 3652 814 deque
3675 748 3868 813 tyran-

2214 828 2306 884 nis
2338 829 2733 884 l‘tomanorum
2764 847 2914 902 saepe
2936 830 3252 902 imperium
3273 831 3608 886 vindicavit.
3633 832 3771 887 Idat.
3795 864 3866 873 ——-

2214 916 2614 973 Priscillianus
2642 918 2711 973 de
2743 917 2945 974 Galliis
2986 919 3098 990 (66)
3131 922 3442 992 episcopus
3466 920 3575 975 hoc
3602 925 3864 993 tempore

2214 1007 2306 1061 sui
2341 1006 2599 1062 nominis
2631 1007 2893 1062 hmresim
2927 1008 3144 1063 condit.
3176 1009 3330 1063 Oros.
3362 1010 3551 1081 Prosp.

2282 1094 2388 1149 380
2416 1094 2501 1148 Ab
2520 1094 2627 1149 hoc
2650 1111 2802 1149 anno
2821 1094 3181 1166 Theophilus
3197 1094 3624 1151 Alexandrinus
3645 1094 3866 1167 episco-

2214 1199 2325 1254 pus
2357 1181 2657 1254 paschales
2688 1181 2880 1255 cyclos
2915 1183 3152 1238 inchoat
3182 1185 3317 1254 (67).
3369 1183 3714 1239 Ambrosius
3746 1184 3867 1240 Me-

2212 1271 2571 1327 diolanensis
2596 1271 3073 1344 archiepiscopus
3101 1272 3290 1329 multa
3316 1272 3424 1328 hoc
3446 1278 3711 1345 tempore
3733 1274 3870 1329 sub-

2211 1359 2431 1419 limiter
2460 1360 2713 1432 scripsit.
2750 1350 2937 1432 Prosp.
2972 1360 3026 1416 h.
3059 1378 3113 1415 a.

2281 1451 2382 1508 85
2413 1452 2512 1505 381
2548 1450 2818 1523 Synodus
2842 1450 3099 1505 secunda
3132 1449 3476 1506 universalis
3506 1450 3621 1522 (68)
3648 1466 3717 1506 CL
3744 1450 3869 1524 epi-

2212 1537 3026 1610 scoporumConstantinopoli
3041 1538 3236 1610 agitur
3248 1539 3857 1596 contraMacedonium

2211 1628 2685 1693 hmrcsiarcham,
2717 1626 2905 1698 ipsius
2938 1627 3102 1682 urbis
3133 1627 3501 1700 episcopum,
3537 1629 3649 1685 sub
3678 1628 3867 1685 Theo-

2210 1718 2377 1774 dosio
2406 1719 2669 1790 Augusto
2701 1721 2758 1772 et
2787 1716 3040 1771 Damaso
3072 1733 3241 1788 papa.
3274 1721 3464 1787 Prosp.
3497 1716 3642 1772 Μαι.

2282 1809 2388 1863 382
2416 1806 2827 1872 Athanaricus,
2880 1821 2979 1859 rex
3036 1804 3359 1860 Gothorum
3409 1810 3869 1878 persecutorque

2212 1896 2700 1962 Christianorum,
2732 1893 3235 1966 Constantinopoli
3258 1900 3524 1967 receptus
3545 1912 3579 1950 a
3596 1894 3862 1951 Theodo-

2212 1986 2322 2053 sio,
2356 1984 2605 2040 moritur
2633 1985 2769 2055 (69).

2281 2076 2387 2131 383
2415 2074 2719 2147 Arcadius,
2750 2072 2910 2128 [ilius
2948 2071 3257 2128 Theodosii
3309 2072 3581 2143 Augusti,
3613 2090 3648 2127 a
3696 2075 3861 2145 patre

2210 2165 2269 2221 in
2292 2163 2584 2220 consortiu
2596 2180 2651 2218 m
2670 2161 2832 2235 regni
2853 2167 3221 2233 assumptus,
3242 2161 3502 2233 regnavit
3517 2161 3689 2217 annis
3704 2178 3859 2217 xxvr.

2208 2255 2399 2325 Prosp.

2278 2343 2384 2397 384
2415 2339 2745 2397 Theodosio
2776 2340 3047 2411 Augusto
3075 2337 3229 2393 ﬁlius
3258 2336 3548 2393 Honorius
3577 2338 3861 2395 nascitur.

2210 2432 2407 2487 Romae
2439 2434 2572 2502 post
2600 2428 2919 2483 Damasum
2952 2442 3163 2498 papam
3187 2426 3450 2492 Siricius,
3473 2425 3575 2496 qui
3600 2426 3659 2480 in
3681 2426 3887 2508 Uhro-_

2209 2520 2359 2575 nicis
2391 2517 2657 2589 Prosperi
2689 2515 2938 2572 Ursinus
2969 2516 3084 2587 (70)
3110 2513 3347 2584 dicitur,
3392 2530 3543 2587 papa
3570 2513 3663 2570 XL
3708 2515 3865 2573 sedit

2208 2608 2378 2663 annis
2408 2624 2523 2662 xxv.
2552 2608 2743 2677 Prosp.
2778 2603 3017 2660 Cassiod.

1491 2851 1968 2909 COMPENDIUM
2010 2852 2097 2907 EX
2137 2848 2391 2906 CODICE
2439 2844 2817 2903 BERNOLDI.

515 2962 622 3017 373
671 2948 1094 3022 Valentinianus
1166 2968 1367 3022 bellum
1425 2970 1483 3022 in
1538 2969 1817 3023 Sarmatas
1888 2984 2094 3039 parans
2124 2974 2167 3040 α
2210 2963 2395 3021 duxit.
2428 2963 2575 3019 Hinc
2605 2967 2797 3018 autem
2841 2976 3028 3032 usque
3075 2958 3147 3015 ad
3201 2975 3422 3015 annum
3471 2958 3853 3016 millesimum

447 3048 707 3122 apoptexi
734 3056 989 3109 moritur.
1055 3056 1245 3112 Valens
1302 3058 1489 3111 XXXIX
1521 3060 1637 3128 post
1692 3060 1922 3112 mortem
1976 3059 2092 3127 fra-

449 3141 551 3195 tris
579 3157 705 3196 cum
737 3144 998 3199 Gratiano
1024 3148 1073 3199 et
1111 3146 1494 3201 Valentiniano
1531 3149 1696 3200 annis
1746 3151 1981 3217 quatuor
2008 3163 2093 3202 re-

452 3231 665 3297 gnavit,
698 3230 772 3285 al.
806 3249 859 3286 a.
891 3234 1017 3288 375.

526 3318 631 3372 374
661 3318 951 3376 Gratianus
980 3324 1213 3393 triginta
1255 3324 1437 3380 millia
1476 3325 1909 3379 Alamannorum
1953 3322 2098 3378 dele-

456 3406 555 3460 vit.
590 3406 745 3461 Hier.
778 3426 829 3462 a.
864 3410 986 3465 378.

520 3493 629 3547 375
661 3497 866 3552 Valens
896 3499 1069 3567 legem
1109 3500 1275 3569 dedit,
1309 3505 1439 3569 etc.,
1474 3506 1540 3556 ut
1580 3503 1726 3573 Aug.
1774 3518 1808 3557 a
1855 3518 1977 3574 seq.
2028 3533 2095 3544 —

452 3579 608 3635 Gothi
634 3582 800 3650 datis,
832 3590 966 3653 etc.,
1005 3592 1068 3642 ut
1095 3594 1245 3661 Aug.
1280 3607 1333 3645 a.
1365 3592 1489 3647 377.

518 3672 623 3724 377
654 3672 842 3729 Valens
872 3693 905 3729 a
953 3678 1160 3748 Gothis,
1209 3681 1381 3734 occiso
1427 3681 1691 3746 exercitu,
1742 3680 1981 3750 fugiens,
2034 3681 2094 3735 in

445 3757 600 3817 domo
630 3763 869 3831 quadam
896 3767 1053 3821 vivus
1076 3777 1370 3835 crematur,
1404 3767 1479 3823 al.
1514 3785 1566 3823 a.
1599 3785 1723 3840 seq.

514 3849 619 3905 378
641 3855 763 3906 Post
792 3862 1019 3910 mortem
1056 3857 1293 3912 Valentis
1324 3857 1521 3911 Aritmi
1567 3858 1912 3928 imperatoris
1962 3856 2092 3912 Gra-

442 3938 630 3997 tianus
660 3956 782 3996 cum
818 3943 1194 4000 Valentiniano
1224 3949 1401 4017 fratre
1429 3962 1527 4001 suo
1559 3948 1721 4001 annis
1757 3962 1852 4002 sea:
1899 3962 2090 4018 regna-

439 4026 537 4079 vit.
572 4057 637 4065 —
659 4027 973 4101 Hucusque
993 4032 1280 4089 Chronica
1301 4034 1535 4090 Eusebii
1560 4034 1944 4105 Hieronymus
1964 4050 2088 4106 per-

2206 3051 3073 3130 quinqgageeimumgquartum
3094 3048 3166 3104 ab
3193 3047 3592 3103 incarnatione
3612 3046 3842 3104 Domini

2206 3143 2481 3200 dominus
2507 3142 2908 3197 Heremannus
2939 3154 3049 3194 sua
3083 3137 3368 3194 Chronica
3406 3135 3677 3208 perduxit
3714 3138 3849 3208 (71).

2278 3231 2386 3287 379
2426 3230 2719 3287 Gratianus
2758 3230 2891 3299 imp‘.
2956 3226 3301 3283 Theodosium
3357 3225 3570 3281 Orienti
3611 3226 3850 3298 impera-

2205 3322 2376 3377 torem
2403 3320 2654 3392 praeﬁcit.
2688 3316 3096 3384 Priscillianus,
3126 3319 3259 3383 etc.,
3293 3317 3358 3372 ut
3380 3320 3529 3387 Aug.

2276 3410 2382 3465 380
2410 3411 2487 3464 Ab
2546 3408 2643 3463 hoc
2697 3416 2950 3477 tempore.
2972 3444 2989 3462 .
3020 3447 3032 3460 .
3107 3404 3403 3477 paschales
3458 3404 3691 3461 circulos
3764 3405 3848 3460 in-

2204 3499 2380 3554 cheat.

2272 3588 2375 3643 381
2420 3584 2667 3657 Synodus
2721 3584 3021 3640 secunda...
3104 3583 3335 3639 Damaso
3386 3598 3533 3656 papa
3553 3600 3572 3637 :
3629 3587 3682 3638 et
3726 3590 3846 3654 post

2200 3676 2610 3732 damnationem
2642 3674 2899 3748 pra’dicti
2928 3672 3175 3730 haeretici
3224 3677 3333 3729 tres
3365 3687 3599 3728 canones
3642 3672 3845 3727 consti-

2201 3770 2450 3821 tuantur.

2269 3856 2373 3910 384
2403 3855 2671 3910 Maximus
2700 3854 2808 3908 sibi
2835 3867 3061 3924 regnum
3089 3866 3367 3922 usurpans
3389 3848 3723 3905 Gratianum
3742 3852 3847 3907 Lu-

2198 3944 2374 4013 gduni
2400 3945 2595 3999 occidit
2626 3944 2765 4015 (72).

2028 4175 2266 4233 NOTAE.

511 4278 624 4361 (65)
654 4283 877 4367 Abhinc
906 4288 1337 4367 ordituncodex
1377 4305 1560 4367 novus
1594 4289 1926 4367 Urstisiana:
1952 4293 2078 4367 edi-
2113 4303 2157 4367 ι)

438 4348 638 4434 tionis,
662 4372 762 4434 seu
798 4357 1329 4434 Lan—Gcorgianus,
1362 4360 1612 4432 quicum
1646 4362 1916 4418 Bavarico
1950 4366 2077 4419 Ber-

438 4422 598 4505 noldi
625 4422 987 4505 autographa
1011 4431 1082 4505 ad
1098 4422 1350 4505 Verbum
1370 4422 1692 4487 concordat.
1731 4434 1965 4489 initium
1988 4436 2083 4492 hic

438 4498 658 4566 pariter
678 4498 841 4580 ponit
858 4498 1036 4580 codex
1059 4502 1723 4580 Sen-Emmeramensis,
1744 4507 1817 4580 ad
1842 4508 2083 4580 Augien-

438 4582 561 4620 sem
595 4574 781 4647 magis
812 4578 1070 4627 exactus.
1132 4575 1458 4647 Quodvero
1492 4574 1651 4647 hinc
1702 4574 2077 4647 potissimum

437 4640 812 4718 exordiantur
843 4647 1143 4718 memorati
1191 4645 1438 4713 codices,
1489 4646 1643 4702 haud
1694 4640 1807 4703 alia
1856 4649 2080 4705 videtur

435 4715 602 4777 ratio,
645 4727 822 4786 quam
873 4717 1027 4786 quod
1076 4716 1446 4772 Hermannns
1495 4719 1704 4773 abhinc
1751 4720 2075 4777 Chronicon

433 4794 605 4832 suum
636 4784 984 4864 auspicatus
999 4796 1380 4864 memoratur,
1406 4790 1672 4864 quamvis
1700 4793 1895 4864 priora
1913 4808 2075 4864 mque

431 4864 497 4973 ἒς
522 4855 827 4973 sequentia
847 4872 914 4910 ex
936 4858 1181 4913 aliorum
1209 4855 1560 4932 scriptorum
1583 4855 1885 4918 Chronicis
1908 4855 2076 4919 colle-

476 4934 555 4973 eri
591 4963 603 4973 .
1074 4962 1078 4967 ι
1330 4961 1341 4969 ,
1388 4929 1400 4945 ο

436 4929 603 4990 gerit.
1074 4962 1078 4967 ι
1328 4929 1345 4969 ἷ
1388 4929 1400 4945 ⁸

500 4990 715 5069 (66)_Ita
727 4995 967 5069 quidem
991 5000 1241 5069 codices,
1268 5003 1365 5057 sed
1394 5006 1641 5069 Prosper
1666 5003 1876 5059 melius
1900 5004 2075 5061 habet

426 5058 798 5147 deGallazcia;
815 5058 1380 5128 Priscillianuseniui
1400 5091 1508 5128 non
1526 5058 2073 5147 Gallus,scd7Hispa;

426 5148 539 5187 nus
574 5134 700 5189 fuit.

492 5206 606 5345 (67)
639 5207 766 5287 Vid.
807 5210 915 5265 Leo
948 5212 1021 5266 M.
1051 5213 1223 5285 epist.
1258 5230 1408 5290 xuv.

513 5277 603 5344 68)
634 5279 790 5334 l\ova
821 5300 983 5345 inque
1013 5300 1078 5337 ac
1110 5288 1355 5345 antiqua
1386 5286 1408 5339 1'

513 5277 603 5344 68)
634 5278 790 5334 Nova
821 5300 983 5353 inque
1013 5277 1355 5356 aduntiqun
1386 5285 1647 5356 Prospcri
1680 5287 1856 5342 editio
1888 5306 2067 5344 CLxxx

418 5361 1032 5426 episcoposnun‘.erat;
1067 5359 1248 5410 ca:thi
1283 5357 1672 5412 communiter
1702 5375 1833 5413 cum
1868 5367 2067 5417 nostro

420 5415 664 5501 faciunt:
695 5424 823 5478 Vid.
860 5415 1068 5501 linhbei
1103 5427 1321 5501 collect.
1353 5429 1566 5501 Goncil.
1595 5440 1733 5483 lein.
1762 5430 1833 5493 il,
1857 5449 1911 5501 p.
1936 5415 2060 5488 911'.

420 5555 432 5566 ο
459 5556 471 5566 ε
492 5489 603 5566 (60)
627 5491 764 5547 Pros
774 5513 873 5565 per
893 5498 1593 5553 habetocciditur.Matius
1617 5508 1671 5554 ct
1696 5489 2065 5559 Marcellinus

417 5556 474 5642 id
510 5556 829 5642 adgazinu‘m
866 5569 1227 5638 superiorem
1263 5572 1540 5642 referunt,
1565 5587 1630 5624 ac
1657 5556 2064 5642 posteriorina:

420 5629 595 5685 turali
628 5649 760 5691 eum
794 5629 974 5697 morte
1006 5642 1250 5713 periisse
1280 5639 1499 5695 scribit.

506 5205 511 5213 ι

2259 4292 2370 4364 (70)
2402 4296 2509 4369 Ast
2536 4291 2647 4347 hoc
2677 4291 2735 4346 in
2768 4291 3142 4369 quibusdam
3155 4291 3387 4369 tantum
3426 4285 3758 4369 codicibus,
3781 4285 3842 4342 in

2189 4358 2520 4435 nova‘enim
2554 4358 2802 4435 operum
2825 4364 2877 4434 ej
2888 4364 3059 4419 udem
3077 4361 3329 4435 editione
3352 4358 3575 4435 pariter
3589 4358 3839 4435 Siricius

2193 4432 2539 4517 appellatur.
2556 4429 2906 4517 DZiscreparis
2926 4451 3058 4517 vero
3080 4429 3696 4517 codicum—lectio'inde
3707 4433 3843 4517 prta

2190 4499 2437 4572 videtur,
2459 4506 2615 4577 quod
2639 4499 2911 4561 una-cum
2932 4505 3136 4563 Siricio
3154 4502 3406 4577 Ursinus
3424 4499 3514 4556 vel
3536 4500 3840 4577 Ursicinus

2190 4578 2387 4655 sedem
2422 4573 2746 4633 Romanam
2769 4592 3067 4655 occupare_
3081 4573 3325 4655 tentarit
3336 4592 3356 4654 5
3383 4588 3531 4655 quos
3551 4573 3703 4655 adeq
3716 4588 3841 4655 am-

2190 4648 2295 4703 bos
2319 4649 2373 4703 in
2401 4666 2576 4704 unum
2596 4666 2903 4720 personam
2917 4644 3271 4720 conﬂarunt.
3292 4644 3536 4720 Siricius
3559 4644 3788 4720 prazt'uit
3804 4661 3840 4699 a

2187 4720 2283 4775 die
2302 4723 2371 4796 22
2394 4726 2521 4796 ρει).
2547 4714 2640 4774 an.
2666 4721 2771 4775 384
2794 4736 2899 4791 usq
2912 4721 3082 4796 ue_25
3102 4718 3239 4773 Nov.
3296 4732 3369 4771 an
3413 4716 3541 4796 398,
3564 4714 3836 4796 adeoque

2185 4807 2257 4845 an
2270 4791 2363 4862 nis
2393 4792 2505 4845 fere
2524 4807 2637 4859 xxv,
2671 4788 2936 4861 quamvis
2969 4792 3218 4862 Prosper
3233 4805 3303 4844 xv
3325 4788 3702 4862 pontiﬁcatus
3723 4802 3828 4862 an-

2186 4879 2292 4918 nos
2320 4861 2506 4917 eidem
2529 4857 2765 4933 tribuat.
2801 4862 3080 4917 Caeterum
3104 4857 3437 4933 optime'hic
3460 4862 3627 4914 notat
3649 4857 3834 4913 codex

2186 4933 2510 5010 Murensis:
2539 4932 2751 5010 seriem
2773 4932 3089 5010 praesulum
3105 4932 3530 5010 Romanorum,
3548 4932 3832 5010 eteorum

2182 5021 2365 5084 annos
2396 4999 2791 5061 diversissimé
2821 5007 3071 5077 scriptos
3100 5004 3158 5059 in
3179 5002 3535 5075 quibusdam
3558 4999 3829 5056 librisin-

2184 5092 2387 5130 VCllli'l.

2252 5148 2363 5217 (71)
2396 5145 2524 5200 Haec
2559 5144 2825 5201 clausula
2868 5146 2925 5201 in
2979 5146 3252 5203 Bavarico
3299 5143 3496 5217 codice
3540 5145 3675 5217 post
3721 5156 3828 5197 an-

2178 5212 2321 5271 num
2348 5212 2457 5271 377
2489 5217 2756 5283 habetur,
2780 5219 3157 5274 conl‘ormitcr
3178 5232 3387 5287 nempe
3408 5212 3705 5287 prioribus
3721 5229 3826 5268 an-

2178 5287 2291 5362 nis,
2327 5288 2423 5343 ubi
2458 5287 2797 5361 plerumque
2820 5290 3043 5362 integro
3068 5306 3221 5362 anno
3242 5284 3593 5362 Au'giensem
3616 5284 3825 5340 subse-

2177 5360 2400 5431 quitur,
2436 5366 2498 5413 ut
2530 5360 2722 5416 tamen
2755 5362 2825 5416 ab
2856 5360 3009 5417 anno
3056 5362 3163 5414 379
3193 5360 3252 5414 in
3300 5360 3574 5431 computo
3616 5371 3828 5411 rursus

2176 5429 2310 5486 cum
2344 5447 2410 5485 eo
2432 5432 2759 5488 concordet.
2782 5432 2878 5488 Vel
2904 5435 3037 5488 inde
3062 5440 3257 5487 tamen
3280 5429 3584 5494 discimus,
3610 5442 3826 5497 quous-

2174 5519 2286 5575 que
2314 5501 2682 5575 Ilurmaunus
2713 5521 2884 5559 suum
2920 5502 3244 5559 Chronicon
3282 5499 3602 5575 scripserit.

2246 5576 2355 5643 (7e)
2388 5574 2470 5628 Ita
2482 5572 2606 5645 pari
2616 5581 2696 5630 tor
2714 5575 2783 5629 ad
2801 5575 2955 5630 hunc
2970 5592 3187 5630 annum
3206 5571 3468 5645 Socrates
3481 5575 3537 5627 et
3550 5571 3820 5645 Prosper,

2174 5645 2274 5702 sed
2307 5640 2681 5706 Marcellinus
2713 5650 2769 5701 et
2798 5646 2989 5703 caeteri
3022 5646 3080 5702 id
3113 5662 3267 5703 anno
3298 5644 3487 5720 priore
3536 5640 3818 5699 referunt.
