4124 6188
413 394 495 481 87

1230 406 1644 473 HERMANNI
1689 404 2130 469 CONPRACTI
2174 401 2593 471 AUGIENSIS
2640 400 3019 467 MONACHI.

3758 395 3839 462 88

1789 564 2023 622 CODEX
2062 562 2464 621 AUGIENSIS.

495 667 601 725 398
628 667 878 725 Sanctus
904 667 1251 724 Ambrosius
1295 663 1740 723 Mediolanensis
1788 663 2071 735 archiepi-
2098 666 2147 731 Α
2181 678 2280 717 ma
2309 662 2368 717 in
2402 661 2657 718 Ecclesia.
2681 661 2984 718 constituit
3025 661 3278 726 decreta,
3308 663 3367 716 et
3395 657 3704 716 ecclesiam
3733 655 3839 713 SS.

427 773 641 829 ecopus
682 757 884 813 doctor
937 756 1204 811 Ecclesia:
1263 754 1569 819 mirificus,
1629 753 1700 807 ad
1761 752 2076 807 Dominum

428 845 721 917 migravit.
755 846 993 901 Marcell.
1028 876 1096 884 —
1127 844 1323 898 Romae
1371 840 1719 896 Anastasius
1773 856 1924 910 papa
1956 839 2077 894 XLI

429 934 581 995 sedit
607 934 780 990 annis
810 934 1056 988 thdem.
1082 963 1147 985 -.-—
1179 931 1279 987 38
1312 930 1374 985 In
1399 929 1593 984 Africa
1621 928 1787 983 Gildo
1818 945 2013 983 comes
2047 945 2082 983 a

429 1022 608 1078 fratre
638 1020 967 1089 Mascezele,
1002 1020 1117 1075 Deo
1143 1020 1407 1089 juvante,
1456 1034 1657 1090 pugna
1702 1018 1891 1073 victus
1938 1017 2083 1072 intc-

430 1110 548 1166 riit.
585 1110 822 1164 Mareelt.
853 1111 1006 1164 Jorn.

500 1198 605 1252 399
630 1196 873 1267 Templa
902 1195 1192 1251 idolorum
1223 1197 1398 1268 jussu
1444 1194 1867 1266 imperatorum
1897 1193 1958 1248 in
1988 1193 2082 1249 di—

428 1285 615 1341 versis
646 1285 913 1356 partibns
945 1286 1105 1340 orbis
1132 1284 1602 1349 destruuntur,et
1640 1283 1763 1338 ludi
1795 1281 2083 1352 gladiato-

432 1390 565 1430 rum
597 1372 902 1429 tolluntur.
936 1373 1075 1443 Aug.
1118 1374 1306 1427 l.xv1u
1336 1373 1402 1427 de
1432 1374 1730 1443 Civ.capite
1758 1372 1860 1426 ult.
1885 1372 2085 1426 Eutro-

430 1462 566 1535 pius
595 1460 925 1527 eunuchus,
953 1461 1052 1531 qui
1086 1460 1195 1516 hoc
1240 1478 1392 1516 anno
1441 1478 1575 1516 cum
1627 1460 1928 1516 Theodoro
1954 1476 2087 1515 con-

431 1549 690 1606 sulatum
722 1549 1035 1614 invaserat,
1068 1549 1286 1606 honore
1315 1554 1372 1605 et
1403 1550 1521 1605 vita
1550 1549 1809 1621 privatus
1838 1547 2081 1602 interiit.

431 1642 623 1709 Prosp.
656 1637 896 1693 Mareell.

505 1728 610 1782 400
637 1726 804 1782 Gothi
830 1725 1057 1782 Alarico
1090 1731 1146 1782 et
1204 1726 1532 1797 Radagaiso
1592 1725 1829 1797 regibus
1859 1723 2086 1780 Italiam

433 1815 835 1888 ingredientes
865 1816 1395 1885 devastant.Prosp.
1428 1816 1574 1870 Cass.
1608 1802 1798 1869 —Hoc
1827 1818 2089 1886 tempore

434 1903 784 1960 Anastasius
817 1920 968 1974 papa
1000 1920 1106 1959 sua
1134 1903 1315 1958 etiam
1361 1904 1593 1958 decreta
1646 1902 1972 1968 constituit,
2002 1901 2088 1957 in-

433 1997 637 2048 ventos
672 1993 729 2046 in
760 1993 907 2048 Urbe
938 1992 1289 2047 Manichaeos
1319 1992 1637 2058 damnavit,
1670 1997 1726 2047 et
1756 1989 2084 2056 basilicam,

435 2098 565 2154 quas
594 2079 1003 2139 Crescentiana
1033 2081 1268 2149 dicitur,
1299 2081 1394 2137 via
1442 2080 1800 2137 Mamurtina
1830 2084 2091 2136 constru-

437 2172 541 2226 xit.
578 2174 777 2226 .4nast.

508 2260 605 2314 401
639 2260 897 2315 Joannes
928 2258 1609 2330 Constantinopolitanus
1637 2260 1695 2313 et
1720 2255 2088 2327 Theophilus

437 2347 696 2419 episwpi
729 2346 1043 2403 clarissimi
1073 2346 1381 2413 habentur,
1412 2345 1511 2402 scd
1551 2346 1695 2401 adeo
1727 2344 1878 2400 inter
1907 2360 1971 2401 se
2000 2345 2087 2400 di-

436 2435 765 2502 scordes,ut
795 2434 1097 2490 molimine
1125 2435 1429 2507 Theophili
1459 2435 1715 2491 Joannes
1747 2435 1808 2490 in
1840 2433 2088 2490 Pontum

441 2522 645 2580 exsilio
678 2523 966 2597 relegatus
997 2525 1093 2579 sit.
1126 2526 1313 2595 Prosp.

512 2613 618 2667 402
646 2610 937 2668 Pollentiae
971 2612 1240 2680 Romani,
1266 2611 1540 2669 Stilicone
1571 2614 1717 2668 duce
1746 2616 1952 2669 contra
1981 2612 2090 2668 Go-

440 2700 577 2756 thos
604 2701 763 2773 gravi
797 2706 1180 2772 utrorumque
1233 2700 1396 2757 clade
1452 2705 1804 2774 pugnantes,
1852 2700 2088 2756 tandem

438 2789 574 2845 victi
604 2794 768 2862 terga
795 2794 1030 2845 vertunt
1058 2792 1191 2861 (80).
1223 2794 1374 2848 Cass.
1407 2793 1559 2847 Jom.
1611 2790 1763 2846 Oros.
1797 2821 1863 2830 -—
1895 2790 2089 2845 Romae

441 2877 820 2933 Innocentius
850 2895 1000 2950 papa
1029 2879 1173 2934 XLII
1208 2879 1358 2934 sedit
1386 2879 1559 2934 annis
1588 2896 1704 2934 xw.

392 3024 395 3027 _
513 2966 619 3020 403
647 2966 984 3038 Carthagini
1012 2967 1325 3023 concilium
1357 2973 1561 3024 contra
1608 2967 1943 3023 Donatistae
1992 2966 2093 3021 ha-

441 3055 653 3111 bitum.

516 3145 616 3201 39
646 3144 750 3199 404
778 3143 877 3199 llis
907 3144 1277 3216 temporibus
1306 3145 1681 3201 Innocentius
1731 3161 1881 3217 papa
1911 3143 2092 3217 pluri-

2186 752 2428 808 Protasii
2459 756 2515 807 et
2545 749 2801 807 Gervasii
2830 755 3160 823 martyrum
3212 747 3409 806 Roma
3437 752 3843 804 constructam

2187 840 2496 907 dedicavit,
2529 843 2587 895 et
2613 838 2855 894 titulum
2885 840 2945 895 in
2976 840 3129 894 Urbe
3160 837 3484 894 constituit.
3511 836 3839 892 Anast.Bed.

2257 929 2363 983 405
2392 927 2670 984 Romanis
2699 928 2846 983 duce
2880 926 3157 983 Stilicone
3190 926 3250 981 in
3283 925 3544 982 Thuscia
3573 942 3841 998 pugnan-

2187 1015 2348 1072 tibus
2380 1016 2752 1088 Radagaistis
2782 1016 2893 1087 (81)
2926 1032 3061 1071 cum
3090 1031 3157 1070 cc
3188 1013 3477 1069 militibus
3518 1013 3845 1069 Gothorum

2188 1104 2342 1160 facili
2374 1105 2635 1174 victoria,
2668 1105 2784 1161 Deo
2831 1105 3106 1171 donante,
3135 1102 3324 1160 victus
3381 1106 3439 1159 et
3493 1106 3701 1174 captus
3729 1106 3841 1158 est.

2189 1195 2430 1249 Marcetl.
2462 1199 2657 1266 Prosp.

2261 1284 2365 1338 406
2384 1281 2680 1347 Wandali,
2710 1282 2881 1338 Suevi
2938 1285 2997 1337 et
3051 1281 3220 1337 Alani
3268 1280 3512 1351 traiecto
3543 1278 3742 1335 Rheno
3776 1296 3841 1334 ιιι

2190 1372 2311 1429 Cal.
2343 1372 2609 1429 Januarii
2644 1374 2757 1441 (82)
2788 1370 3007 1428 Gallias
3038 1369 3330 1426 hostiliter
3359 1367 3840 1441 ingressi.Chron.

2193 1462 2347 1518 Goth.

2262 1552 2366 1606 407
2397 1549 2817 1606 Constantinus
2845 1549 2905 1604 in
2936 1546 3259 1614 Britannia,
3282 1543 3590 1620 tyrannide
3617 1546 3848 1614 invasa,

2193 1640 2265 1696 ad
2298 1640 2518 1696 Gallias
2549 1638 2783 1695 transit.
2814 1640 3011 1710 Prosp.

2265 1730 2369 1784 408
2397 1728 2683 1784 Arcadius
2715 1728 3034 1800 imperator
3054 1723 3557 1797 ConstantinOpoli
3576 1722 3844 1791 moritur,

2194 1817 2393 1873 relicto
2427 1834 2530 1889 pro
2562 1832 2624 1873 se
2650 1815 2769 1872 filio
2799 1814 3148 1883 Theodosio,
3181 1830 3318 1869 cum
3347 1829 3464 1885 quo
3495 1811 3705 1868 dehinc
3734 1827 3839 1884 pa-

2192 1910 2363 1962 truus
2394 1905 2684 1962 Honorius
2715 1921 2902 1960 annos
2929 1921 3002 1959 xv
3044 1903 3323 1975 regnavit.
3374 1902 3522 1958 Cass.
3554 1903 3744 1973 Prosp.
3776 1931 3849 1942 ——

2118 2035 2168 2101 Β
2198 1994 2397 2096 S.tilico
2428 1995 2544 2050 dux
2576 1993 2743 2094 fortis
2777 2010 2896 2049 una
2925 2009 3060 2101 cum
3092 1991 3213 2047 ﬁlio
3241 1990 3526 2101 Eucherio
3554 1991 3629 2046 ab
3663 1991 3850 2045 Hono-

2199 2083 2283 2140 rio
2314 2087 2577 2156 Augusto
2607 2082 2913 2139 occiditur.
2948 2082 3100 2138 Oros.
3133 2080 3379 2139 Marcell.

2267 2171 2369 2227 409
2399 2171 2696 2238 Wandali,
2727 2170 2893 2226 Alani
2950 2175 3008 2226 et
3061 2169 3231 2225 Suevi
3291 2169 3351 2224 in
3407 2168 3503 2224 die
3560 2168 3683 2224 Oct.
3732 2168 3851 2240 (83)

2197 2260 2508 2333 Hispanias
2537 2262 2845 2332 occupant.
2864 2258 3003 2315 Μαι.
3033 2257 3281 2324 Attalus,
3305 2258 3624 2330 imperator
3651 2257 3851 2313 Romen

2196 2367 2298 2423 per
2327 2349 2695 2424 tyrannidem
2751 2350 2939 2404 factus
2986 2352 3043 2404 et
3073 2364 3207 2403 mox
3256 2347 3486 2419 pulsus,
3518 2346 3722 2403 Gothis
3751 2362 3849 2403 co-

2199 2438 2388 2495 haesit.
2420 2445 2614 2511 Prosp.

2267 2529 2371 2584 ιθ
2401 2529 2506 2583 410
2533 2527 2801 2583 Alaricus
2831 2543 2931 2582 rex
2976 2524 3299 2583 Gothorum
3332 2524 3577 2581 Romam
3622 2524 3854 2581 obsedit

2199 2616 2535 2689 multasque
2566 2616 2750 2672 caades
2770 2615 2849 2671 ibi
2882 2620 2941 2671 et
2960 2616 3185 2687 priedas
3206 2612 3595 2682 faciens,loois
3614 2616 3850 2669 tantum

2200 2704 2384 2762 sacris
2419 2711 2476 2761 et
2505 2706 2577 2761 ad
2609 2722 2677 2761 ea
2709 2704 2997 2777 profugis,
3029 2703 3170 2776 quia
3199 2703 3577 2759 Christianus
3597 2706 3852 2775 erat,pe-

2200 2794 2383 2866 percit
2412 2811 2563 2850 anno
2595 2794 2667 2849 ab
2686 2793 2837 2849 Urbe
2868 2791 3102 2849 condita
3131 2791 3421 2847 MCLXIV.
3455 2789 3729 2859 Placidia,
3762 2807 3854 2846 so-

2200 2899 2298 2938 ror
2324 2882 2561 2939 Honorii
2592 2883 2865 2956 Augusti,
2900 2899 2934 2937 a
2961 2880 3167 2938 Gothis
3198 2880 3256 2936 in
3316 2880 3466 2936 Urbe
3512 2878 3665 2935 inter
3698 2877 3848 2935 alios

2199 2976 2391 3043 capta.
2423 2972 2561 3026 Idat.
2594 2971 2915 3027 Gothorum
2942 2987 3077 3043 pars
3108 2969 3417 3025 Venetiam
3448 2973 3680 3040 captam
3711 2984 3848 3040 pos-

2200 3060 2373 3128 sedit,
2404 3060 2505 3131 qui
2537 3064 2739 3132 postca
2769 3058 3102 3131 Ostrogothi
3131 3058 3315 3115 vocati
3367 3062 3426 3113 et
3466 3072 3601 3113 cum
3632 3057 3851 3114 Roma—

2200 3147 2295 3205 nis
2324 3148 2697 3204 confcederati
2726 3153 2886 3205 sunt.
2914 3150 3067 3205 Jorn.
3101 3165 3157 3203 a.
3188 3148 3313 3202 409.

1497 3242 1965 3301 COMPENDIUM
2003 3241 2093 3297 EX
2134 3245 2387 3302 CODICE
2426 3246 2801 3303 BERNOLDI.

509 3330 614 3385 398
643 3332 879 3386 Sanctus
907 3332 1221 3387 Ambrosius
1267 3333 1691 3389 Mediolanensis
1720 3333 2083 3403 archiepisco-
2113 3340 2157 3406 (ς
2266 3336 2368 3390 403
2400 3336 2793 3405 Carthagini...
2827 3334 3077 3391 habetur.
3110 3335 3249 3392 Cod.
3282 3332 3421 3390 cccl.
3454 3332 3576 3389 Afr.

390 3420 393 3425 ’
436 3434 565 3490 pus,
595 3418 777 3474 doctor
804 3422 1069 3490 egregius,
1100 3422 1361 3491 migravit
1416 3423 1493 3476 ad
1552 3422 1843 3477 Dominum
1886 3437 1920 3475 v
1951 3421 2084 3475 Kal.

438 3505 573 3562 Maii
600 3507 733 3577 (84).
766 3537 838 3547 —-
864 3509 1048 3565 Romae
1077 3510 1415 3575 Anastasius,
1449 3514 1655 3578 etc.,ut
1683 3512 1832 3582 Aug.
1861 3506 2088 3563 —-Gitdo

438 3609 610 3651 comes
625 3611 809 3665 pugna
838 3598 1008 3652 vietus
1038 3599 1271 3655 interiit.

509 3682 616 3737 399
645 3684 859 3754 Templa
907 3685 1179 3741 idolorum
1222 3686 1600 3755 destruantur,
1630 3696 1681 3744 et
1733 3688 1853 3743 ludi
1880 3686 2090 3760 gladia-

335 3849 342 3855 .
433 3776 617 3829 torum
646 3773 938 3830 tolluntur.

505 3863 612 3917 400
642 3862 799 3919 Gothi
827 3862 1055 3920 Italiam
1085 3866 1391 3922 devastant.
1428 3868 1535 3922 Iloc
1582 3876 1821 3938 tempore
1851 3869 2082 3925 Anasta-

431 3952 547 4005 sius
572 3968 717 4021 papa
747 3968 848 4008 sua
878 3950 1094 4009 decreta
1121 3957 1422 4023 constituit,
1456 3959 1507 4011 ct
1565 3958 1814 4012 inventos
1857 3973 1919 4011 in
1952 3959 2087 4015 Urbe

432 4039 758 4095 Manichaeos
784 4040 1084 4096 damnavit.
1119 4047 1359 4115 Corpora
1402 4045 1799 4115 prophetarum
1834 4047 2086 4103 llabacuc

433 4132 488 4182 et
517 4126 768 4183 Hic/nea:
798 4144 833 4181 a
864 4132 1102 4185 Domino
1131 4134 1445 4187 revelantur
1462 4120 1605 4205 [(85).

506 4216 607 4270 401
638 4216 939 4271 Joannes...
993 4219 1308 4289 Theophilus
1356 4221 1653 4275 clarissimi
1677 4222 1963 4294 habentur,
1995 4226 2086 4282 sed

434 4301 566 4359 adeo
593 4302 883 4370 discordes,
914 4312 993 4372 ut,
1026 4314 1159 4371 etc.,
1193 4312 1257 4360 ut
1284 4309 1437 4377 Aug.

505 4391 611 4446 402
641 4390 799 4447 Gothi
826 4391 1144 4449 Stiliconem
1171 4394 1362 4449 ducem
1410 4412 1536 4450 cum
1570 4398 1812 4455 ltomano
1840 4404 2085 4458 exercitu

430 4484 780 4552 fugaverunt.
813 4483 1158 4537 Innocentius
1196 4500 1342 4555 papa
1388 4485 1518 4539 XLII
1551 4486 1694 4541 sedit
1721 4506 1795 4543 an
1824 4506 1918 4545 xiv
1947 4492 2081 4564 (86),

431 4572 530 4643 qui
556 4587 669 4627 Lvu
695 4570 941 4643 capitula
969 4571 1260 4627 decretalia
1286 4574 1523 4644 scripsit.
1561 4575 1762 4649 Prosp.
1797 4577 1974 4635 Marc.

503 4756 614 4835 (80)
643 4756 999 4837 Claudianus
1021 4759 1114 4837 __de
1134 4764 1327 4837 “sonte
1374 4762 1684 4837 consulatu
1717 4763 1985 4837 Honorii,

432 4825 659 4881 Claritas
687 4825 724 4880 l.
761 4844 813 4881 ιν
842 4828 913 4882 de
942 4828 1095 4884 bello
1126 4830 1341 4895 Getico,
1377 4831 1596 4888 Gothos
1649 4834 1829 4891 fuisse
1860 4853 1893 4891 a
1922 4825 2076 4891 Stili-

431 4913 582 4979 conc
606 4900 838 4979 fugatos
855 4899 1147 4979 scribunt.
1181 4902 1354 4979 Facta
1384 4910 1473 4958 est
1502 4907 1850 4979 autemhzuc
1881 4923 2079 4979 pugna

429 4969 501 5023 29
530 4968 696 5047 Mart.
730 4985 781 5023 a.
814 4970 939 5036 403,
973 4974 1239 5047 quamvis
1273 4975 1517 5047 Prosper
1572 4981 1627 5031 et
1668 4976 1768 5032 alii
1812 4968 2079 5033 nonnulli

430 5055 557 5095 eam
592 5039 700 5093 hoc
730 5055 883 5095 anno
916 5039 1187 5098 referant.

502 5111 615 5181 (81)
647 5110 1027 5167 llestituenda
1056 5118 1146 5169 est
1173 5130 1241 5169 ex
1292 5116 1562 5173 Bavarico
1613 5119 1922 5181 depravata
1949 5121 2079 5176 Au-

430 5184 651 5257 gicnsis
682 5182 898 5238 codicis
929 5184 1098 5239 lectio
1130 5187 1471 5255 Iladagaisus
1502 5194 1559 5243 et
1587 5182 1859 5245 millibus.

506 5257 631 5327 (82),
652 5256 904 5325 Prosper
924 5257 1110 5327 pridie
1164 5260 1279 5313 Kal.
1314 5264 1447 5315 Jun.
1481 5264 1539 5313 et
1585 5260 1804 5316 Suevos
1835 5262 2072 5318 omittit.

432 5326 675 5397 perinde
706 5342 771 5380 ac
803 5326 1204 5383 Caseiodorus.

502 5397 613 5469 (83)
648 5396 710 5469 I_n
742 5398 938 5469 codice
996 5415 1098 5469 pro
1156 5402 1212 5454 in
1268 5398 1578 5469 legendum
1632 5400 1861 5457 videtur
1890 5420 1973 5465 ιιι,
2009 5410 2072 5459 ut

431 5467 631 5521 cadem
662 5465 829 5543 lectio
873 5465 1130 5543 prodeat,
1165 5488 1297 5543 quae
1325 5465 1589 5523 liabctur
1618 5473 1701 5543 (in
1763 5473 2068 5543 Bernoldo,

430 5553 628 5607 quinte
658 5553 726 5611 ex
756 5537 888 5611 ipso
919 5542 1096 5594 [datio
1127 5537 1383 5611 genuina
1413 5542 1625 5611 cst,qui
1652 5542 1800 5598 hanc
1827 5537 2072 5600 invasio-

429 5624 562 5662 nem
583 5609 726 5683 terit}
757 5610 916 5683 tertia
964 5609 1173 5667 factum
1219 5611 1441 5677 scribit,
1477 5609 1667 5683 qualis
1718 5632 1820 5669 nec
1852 5634 1907 5670 ιν
1941 5617 2063 5672 Kal.

394 5683 535 5763 'nec
571 5676 629 5763 in
660 5676 722 5731 Id
754 5678 875 5733 Oct.
908 5683 977 5763 ab
1031 5676 1510 5763 ipsouassignati-
1544 5685 1701 5739 l'ucre
1754 5687 1859 5763 hoc
1917 5705 2069 5743 anno

430 5751 566 5816 409;
600 5748 746 5803 bene
776 5766 907 5806 vero
939 5748 1109 5808 tertia
1141 5754 1263 5809 dics
1296 5748 1557 5824 ejusdem
1592 5758 1831 5814 mensis.

2266 3442 2369 3496 404
2400 3444 2494 3497 His
2524 3444 2855 3514 temporibus
2883 3444 3231 3500 Innocentius
3276 3458 3426 3514 papa
3453 3441 3631 3497 multa
3656 3440 3843 3497 decre-

2193 3533 2250 3585 ta
2276 3533 2425 3602 fecit.
2460 3530 2680 3588 Orosius
2706 3532 2992 3604 presbyter
3037 3532 3218 3588 clarus
3267 3531 3517 3589 habetur.
3553 3530 3753 3603 Prosp.
3785 3546 3840 3585 a.

2195 3621 2319 3675 396.

2266 3709 2373 3763 405
2403 3710 2509 3763 Iloc
2541 3715 2779 3779 tempore
2806 3708 3151 3779 Radagaisus
3197 3723 3322 3763 eum
3369 3722 3435 3763 cc
3465 3707 3713 3763 millibus
3742 3705 3843 3763 Go-

2196 3796 2436 3867 thorum,
2461 3798 2565 3853 Deo
2595 3797 2850 3867 donante,
2882 3800 2958 3854 est
2985 3799 3180 3853 vietus.

2267 3905 2371 3959 406
2403 3904 2744 3961 lVandali...
2770 3905 3011 3975 ingressi
3036 3907 3187 3959 sunt.

2267 4011 2369 4065 407
2397 4012 2744 4086 Innocentius
2796 4027 2944 4083 papa
2983 4009 3282 4066 Arcadium
3325 4011 3713 4081 imperatorem
3751 4024 3850 4066 e1;-

2193 4102 2581 4171 eommunieat,
2613 4101 2708 4171 qui
2754 4101 3022 4156 consensit
3072 4107 3132 4155 ut
3193 4099 3558 4170 expelleretur
3611 4099 3848 4155 Joannes

2197 4186 2608 4260 Chrysostomus
2643 4191 2776 4260 (87).

2266 4294 2369 4348 408
2398 4293 2724 4349 Arcadius...
2758 4296 2920 4350 annis
2958 4311 3031 4349 xv
3079 4295 3353 4365 regnavit.
3401 4322 3471 4335 -η
3508 4292 3704 4349 Stilico
3731 4291 3851 4347 dua:

2192 4385 2354 4454 fortis
2383 4385 2452 4438 ab
2482 4382 2717 4438 Honorio
2748 4383 2882 4453 Aug.
2917 4384 3203 4438 occiditur.

2265 4490 2369 4544 409
2408 4488 2675 4556 Wandali,
2708 4489 2891 4555 Alani,
2925 4488 3090 4544 Suevi
3116 4489 3273 4546 tertio
3295 4487 3385 4544 die
3414 4487 3678 4558 Octobris,
3708 4489 3843 4553 etc.,

2196 4583 2260 4634 ut
2291 4584 2444 4649 Aug.

2255 4765 2365 4833 (84)
2398 4761 2675 4830 Mareell.,
2707 4780 2780 4817 xv
2822 4763 2941 4818 Kal.
2992 4762 3123 4817 Maii
3140 4779 3162 4823 ;
3188 4762 3290 4818 sed
3341 4761 3453 4834 leg.
3482 4762 3665 4833 pridie
3694 4764 3842 4818 Non.

2185 4836 2430 4906 Aprilis;
2462 4835 2564 4906 qui
2593 4834 2719 4890 dies
2754 4835 2863 4906 fuit
2917 4834 3240 4906 Sabbatum
3300 4839 3570 4889 sanctum
3628 4834 3685 4887 in
3714 4849 3840 4906 _quo

2181 4904 2350 4977 juxta
2382 4904 2693 4961 Paulinum
2724 4904 2869 4961 obiit
2897 4904 3332 4977 S.An:brosius,
3358 4920 3487 4977 quis
3516 4908 3654 4960 nota
3678 4904 3847 4977 chro-

2190 4974 2323 5103 nicta
2351 4993 2573 5103 jt'tlnnum
2606 4978 2859 5050 priorem
2919 4977 3157 5033 indicat.
3211 4975 3326 5032 Vid.
3375 4974 3497 5032 Vita
3525 4980 3567 5031 t.
3599 4978 3653 5032 Ii
3679 4974 3843 5047 0pp.,

2190 5065 2273 5103 et:
2306 5091 2317 5103 .
2400 5065 2525 5103 aur.

2187 5065 2317 5104 ειιῑτ.
2351 5065 2525 5104 amur.

2259 5120 2371 5190 (85)
2401 5120 2571 5174 Teste
2599 5120 2940 5187 Sozomeno,
2973 5119 3120 5175 Hist.
3152 5118 3193 5173 ι.
3225 5135 3325 5184 vn,
3358 5134 3489 5190 cap.
3523 5115 3659 5190 ηιμ,
3691 5132 3841 5190 con-

2186 5186 2318 5262 tigit
2348 5186 2455 5246 hoc
2486 5191 2598 5246 sub
2618 5186 2943 5262 Theodosio
2959 5186 3528 5261 Seniore,perperam
3559 5188 3707 5244 adeo
3726 5186 3841 5244 hoc

2185 5261 2338 5317 anno
2369 5268 2623 5317 notatur.
2667 5261 2781 5316 Vid.
2816 5263 3092 5330 Bolland.,
3130 5262 3195 5317 15
3222 5263 3370 5329 Iam,
3394 5265 3436 5315 t.
3472 5263 3513 5316 I.

2255 5334 2369 5405 (86)
2399 5334 2611 5404 Pagius
2666 5333 2982 5405 Innocentii
3043 5332 3472 5389 ordinationem
3533 5330 3605 5387 ad
3664 5330 3724 5386 d.
3765 5331 3834 5386 21

2183 5405 2317 5462 Dec.
2352 5421 2445 5459 an.
2476 5406 2572 5459 401
2602 5404 2822 5475 rejicit.

2254 5478 2365 5547 (87)
2397 5473 2657 5547 Epistula
2672 5472 3004 5547 Innocentii
3024 5472 3462 5547 rad‘Eudoxiam,
3481 5477 3539 5547 et
3568 5473 3698 5547 duae
3712 5473 3835 5547 _Ar-

2182 5543 2330 5602 cadii
2350 5543 2895 5612 'ad'lunocentium,
2919 5546 3073 5599 unde
3104 5545 3224 5600 haec
3255 5545 3454 5602 hausit
3483 5543 3834 5612 Bernoldus,

2180 5620 2252 5674 ab
2283 5619 2529 5675 eruditis
2560 5618 2774 5689 spuria:
2815 5621 3149 5673 censentur.
3199 5616 3328 5689 Vid.
3364 5616 3579 5689 Pagina
3609 5616 3667 5689 in
3701 5614 3836 5670 Vita

2180 5690 2358 5761 hujus
2389 5687 2683 5762 pontiﬁcis
2713 5689 2875 5745 Brev.
2912 5689 3071 5743 Rom.
3109 5687 3337 5760 pontif.,
3372 5695 3413 5745 t.
3446 5687 3488 5757 I,
3523 5705 3580 5742 ιι.
3612 5688 3703 5741 28.
