4096 6194
315 296 384 361 91
1114 286 1544 371 [HERMANNI
1591 283 2033 351 CONTRACTI
2079 283 2494 351 AUGIENSIS
2538 282 2922 351 MONAGHI.
3652 274 3729 344 92

1697 446 1927 503 CODEX
1965 444 2371 505 AUGIENSIS.

317 571 533 640 ﬁrmat,
553 569 691 627 data
721 567 772 625 ei
801 583 937 624 cum
960 565 1183 641 aliquot
1211 565 1458 623 urbibus
1492 564 1563 621 ad
1623 562 1962 620 inhabitan-
1994 565 2049 633 Α
2078 562 2443 621 Gundericus
2468 580 2564 621 rex
2584 559 3007 621 Wandalorum
3038 560 3140 618 Dei
3164 556 3387 632 judicio
3409 570 3724 631 percussus

315 662 457 718 dum
481 656 795 732 Aquitania
824 656 1104 713 secunda.
1136 663 1329 727 Prosp.
1363 654 1498 711 Idat.

390 750 511 804 420.
553 746 761 804 Wallia
783 762 915 818 rege
947 745 1266 801 Gothorum
1302 748 1530 798 mortuo
1566 740 1961 797 Theodericus

317 838 619 895 successit.
655 837 781 892 Isid.
818 854 869 891 a.
935 836 1057 888 419.
1083 865 1150 873 -
1209 831 1544 887 Bethlehem
1575 830 1962 901 Hieronymus

315 928 636 1000 presbyter,
657 926 860 979 doctor
889 928 947 978 et
979 924 1264 992 interpres
1297 919 1774 991 incomparabilis
1806 919 1957 973 Scri-

316 1022 623 1088 pturarum
646 1032 797 1068 anno
824 1010 1007 1066 etatis
1037 1028 1127 1063 xei
1162 1008 1322 1064 obiit.
1356 1010 1546 1078 Prosp.
1585 1008 1710 1063 Bed.
1739 1039 1801 1048 —
1830 1007 1960 1062 Ala-

313 1107 370 1160 ni
404 1103 653 1161 aGothis
684 1102 824 1154 adeo
845 1100 997 1153 caule
1029 1098 1231 1154 domiti
1267 1104 1347 1164 ut,
1381 1098 1539 1169 regio
1575 1096 1810 1151 nomine
1859 1114 1955 1152 nc-

2070 653 2337 720 moritur,
2357 653 2527 727 eique
2550 652 2880 710 Geiserious
2902 652 3024 724 [at.,
3047 644 3417 719 Gensericus]
3442 652 3729 720 tyrannus

2071 743 2445 814 Arianusque
2470 740 2777 798 hereticus
2793 746 2851 797 et
2869 738 3291 796 catholicorum
3318 737 3573 793 crudelis
3601 728 3728 809 per-

2071 837 2304 887 secutor
2324 831 2631 887 successit.
2666 830 2802 886 Idat.
2836 847 2888 885 a.
2920 829 3044 884 428.

2142 925 2244 976 44
2278 919 2726 975 427Βυιιὶΐαοίυε
2747 918 2807 974 in
2850 918 3043 974 Africa
3065 914 3293 989 pollens
3324 915 3506 971 duces
3546 931 3724 987 quos-

2069 1009 2203 1066 dam
2229 1014 2433 1065 contra
2453 1025 2515 1065 se
2531 1006 3110 1063 dimicantesoccidit
3134 1023 3147 1072 ;
3168 1008 3372 1060 contra
3394 1020 3568 1076 quem
3591 1020 3723 1059 evo-

2071 1098 2217 1154 catis
2248 1097 2512 1154 barbaris
2546 1113 2707 1153 mare
2737 1096 2808 1151 ad
2840 1095 2897 1151 id
2930 1099 3162 1166 tempus
3183 1093 3447 1166 ignotum
3463 1092 3725 1164 pervium

305 1194 515 1265 glecto,
562 1187 890 1245 Gunderico
950 1186 1067 1258 regi
1118 1186 1542 1242 Wandalorum
1583 1201 1646 1241 se
1710 1184 1959 1241 tuendos
2066 1187 2335 1243 efficitur.
2372 1187 2533 1243 Unde
2564 1202 2709 1259 gens
2732 1186 2912 1241 eli‘ora
2944 1182 3388 1250 Wandalorum,
3415 1181 3487 1237 de
3522 1172 3726 1253 Hispa-

310 1280 742 1341 submittercnt,
780 1279 1091 1347 Grey.Tur.,
1127 1277 1338 1331 (dum.
1373 1276 1496 1330 418.

378 1370 479 1425 43
513 1368 606 1423 421
636 1367 1013 1422 Constantius
1039 1366 1352 1435 imperator
1376 1365 1657 1419 Ravennae
1684 1363 1952 1418 moritur.

311 1458 706 1528 IdatJ’rosper.
761 1455 983 1510 Bellum
1040 1455 1191 1509 inter
1254 1453 1570 1509 Wandalos
1628 1460 1683 1507 et
1736 1452 1957 1507 Gothos

315 1546 521 1602 oritur.
556 1544 693 1599 Μαι.

387 1635 494 1689 422
523 1633 816 1688 Exercitus
847 1635 1048 1686 contra
1077 1629 1402 1686 Wandalos
1433 1631 1577 1686 duce
1607 1628 1840 1684 Castino
1889 1628 1961 1682 ad

319 1722 627 1795 Hispanias
660 1720 861 1777 Gothis
878 1719 1160 1775 auxilium
1185 1718 1471 1786 mittitur;
1506 1735 1540 1772 a
1568 1735 1681 1789 quo
1706 1717 1964 1773 offensus

316 1809 669 1879 Bonifacius,
708 1813 794 1864 vir
815 1807 1151 1875 bellicosus,
1178 1808 1453 1862 secedens
1476 1805 1546 1861 ad
1592 1805 1846 1860 Africam
1904 1820 1965 1860 se

2069 1275 2185 1331 niis
2214 1275 2499 1332 exclusae
2528 1274 2754 1340 Gothis,
2789 1275 2936 1330 rfeto
2979 1273 3220 1344 trajecta
3251 1271 3505 1326 Africam
3567 1270 3733 1325 inva-

2068 1365 2233 1432 dens,
2268 1365 2484 1437 gladio,
2520 1364 2713 1436 preda
2729 1368 2787 1419 et
2806 1363 2939 1435 igne
2963 1360 3384 1417 miserabiliter
3405 1359 3722 1414 debaccha-

2069 1454 2493 1519 tur,interfecto
2516 1454 2679 1525 prius
2696 1450 3069 1524 Ermengario
3089 1450 3291 1521 [Idalio
3306 1446 3731 1519 Hormigarius]

2075 1559 2211 1616 rege
2243 1544 2587 1611 Suevorum,
2628 1546 2941 1615 postquam
2974 1541 3033 1595 in
3069 1537 3352 1611 Hispania
3405 1554 3502 1593 xix
3560 1537 3732 1593 annis

2072 1631 2411 1689 debacchati
2441 1635 2599 1688 sunt.
2632 1630 2889 1699 Idat,al.
2911 1646 2966 1685 a.
2997 1628 3123 1684 429.

2143 1722 2250 1777 428
2278 1721 2602 1788 Nestorius,
2653 1719 2963 1792 episcopus
3016 1713 3730 1787 Constantinopolitanus,

2074 1811 2219 1866 duas
2253 1810 2313 1864 in
2345 1809 2573 1866 Christo
2606 1823 2885 1881 personas
2938 1806 3263 1880 predicans
3312 1804 3731 1878 hominemque

318 1900 587 1956 contulit.
621 1897 892 1953 Wandali
927 1914 1057 1951 vero
1106 1896 1178 1951 ad
1236 1896 1702 1968 desperationem
1760 1893 1965 1961 coacti,
2000 1940 2046 2005 Β
2076 1915 2290 1972 purum
2312 1915 2382 1955 ex
2410 1897 2649 1970 Virgine
2681 1901 2883 1952 natum
2914 1895 3185 1951 deitatem
3211 1896 3415 1967 postea
3440 1893 3734 1966 accepisse

318 1990 354 2005 η
432 1987 466 2005 ι’
585 1988 595 1997 ·
762 1991 803 2005 ι,
838 2003 1009 2005 γγκᾼήν,
1056 2002 1069 2005 Α
1120 1992 1445 2005 λλῌ-Αμ-μιμ
1500 1983 1742 2005 __!-L,,_.-_
1783 1980 1963 2005 -.m_-;:
2117 1988 2171 2005 nn
2228 2004 2233 2005 ,
2284 2004 2291 2005 κ
2328 2003 2369 2005 A,
2446 2004 2455 2005 κ
2498 1987 2536 2005 n
2578 1984 2700 2005 _!II-
2753 1984 3124 2005 ΔΙ.......Ι..Ξ..Δ
3178 1983 3449 2005 -..2---..-
3487 1986 3534 2005 -1.
3582 1997 3727 2005 ηρ..-

314 1987 548 2045 Castino
583 1988 813 2042 incaute
836 2002 1079 2042 manum
1112 1992 1472 2053 conserente,
1500 1983 1745 2040 victores
1777 1980 1967 2039 effecti

317 2084 474 2134 sunt.
510 2078 699 2148 Prosp.
730 2075 861 2131 Idat.

389 2167 493 2221 423
542 2165 797 2220 Placidia
840 2165 1125 2235 Augusta,
1188 2180 1220 2218 a
1252 2163 1429 2218 lratre
1469 2160 1718 2217 Honorio
1772 2160 1966 2233 pulsa,

317 2272 453 2312 cum
467 2255 585 2310 ﬁlio
600 2234 1013 2310 V'alentiniand
1029 2253 1100 2307 ad
1125 2251 1519 2307 Theodosium
1552 2254 1888 2324 Augustum
1906 2248 1967 2305 in

318 2345 613 2401 Orientem
645 2341 1054 2414 proficiscitur.
1088 2343 1278 2412 Prosp.
1307 2372 1372 2380 —
1397 2340 1591 2395 Rome
1622 2338 1971 2395 Celestinus

320 2449 474 2506 papa
502 2432 641 2510 XLV
673 2431 822 2485 sedit
847 2430 1017 2485 annis
1049 2446 1277 2499 novem,
1305 2429 1405 2501 qui
1454 2428 1710 2501 plurima
1765 2428 1825 2483 in
1874 2429 1972 2483 Ec-

320 2520 499 2578 clesia
530 2518 663 2574 fecit
694 2523 938 2586 statuta,
973 2522 1029 2574 et
1059 2517 1362 2574 basilicam
1392 2517 1532 2572 Julii
1566 2518 1624 2573 in
1649 2517 1801 2573 Urbe
1832 2533 1967 2573 con-

323 2612 608 2666 structam
644 2607 949 2662 dedicavit.
987 2609 1169 2663 Anast.
1199 2604 1446 2661 Mareell.
1469 2607 1597 2662 mel.
1657 2624 1691 2660 a
1724 2604 1844 2661 421.
1909 2635 1973 2647 -

321 2698 613 2754 Honorius
660 2696 984 2769 imperator
1008 2696 1339 2753 Occidentis
1372 2690 1656 2751 Ravenne
1701 2694 1970 2763 moritur,

323 2791 381 2844 et
409 2788 665 2843 Joannes
683 2789 969 2858 tyrannus
1001 2801 1246 2857 regnum
1268 2785 1396 2856 ejus
1420 2788 1685 2856 occupat.
1707 2784 1971 2840 Theodo-

323 2875 448 2933 sius
488 2875 805 2947 imperator
823 2873 1073 2930 Orientis
1104 2878 1235 2946 post
1253 2876 1502 2929 mortem
1533 2873 1727 2945 patrui
1758 2873 1975 2930 suiHo-

327 2963 476 3019 norii
506 2962 769 3035 regnavit
799 2979 983 3017 annos
1004 2979 1155 3018 xxvr.
1193 2967 1484 3033 I’iosp.an.
1516 2979 1696 3017 xxvu.

396 3054 500 3107 424
520 3051 885 3108 Theodosius
912 3050 1382 3107 Valentinianum
1411 3052 1603 3105 amite
1636 3068 1755 3106 sue
1790 3049 1972 3107 Placi-

314 3141 435 3197 die
461 3140 647 3196 filium
670 3141 954 3205 Caesarem
981 3140 1224 3208 faciens,
1256 3141 1325 3196 ad
1351 3156 1598 3211 regnum
1643 3139 1975 3195 Occidentis

328 3247 463 3287 cum
495 3233 679 3287 matre
724 3229 1146 3302 possidendum
1169 3229 1433 3285 remittit.
1467 3234 1661 3301 Prosp.
1718 3228 1873 3285 Casa
1908 3259 1976 3270 --

2077 1988 2402 2055 afﬁrmans,
2435 2004 2470 2043 a
2497 1984 2707 2059 Cyl-illo
2738 1984 3129 2041 Alexandrino
3175 1983 3451 2055 episeopo
3482 1986 3539 2038 et
3582 1997 3735 2054 papa

2075 2075 2382 2133 Caelestino
2409 2075 2694 2131 hereseos
2735 2072 3023 2146 arguitur.
3063 2074 3253 2142 Prosp.
3281 2102 3351 2111 ——
3397 2069 3597 2126 Aetius
3627 2085 3723 2125 co-

2078 2182 2203 2221 mes
2227 2166 2547 2232 RomanUs,
2596 2162 2799 2219 multis
2847 2162 3203 2218 Francorum
3262 2160 3446 2228 cesis,
3498 2164 3725 2232 partem

2078 2253 2419 2318 Galliarum,
2436 2268 2612 2325 quam
2636 2266 2938 2325 pervasam
2951 2249 3725 2322 tenuerant,recepit.Prosp.

2079 2342 2219 2399 ldat.
3134 2349 3163 2366 '

2151 2433 2254 2487 429
2286 2430 2487 2487 Aetius
2517 2430 2800 2503 magister
2831 2427 3087 2485 militum
3116 2431 3174 2483 et
3227 2427 3510 2503 patricius
3536 2426 3727 2483 factus

2079 2525 2187 2578 est.
2216 2526 2490 2593 Prosp.—
2520 2517 2797 2592 Agricola
2817 2517 3125 2574 hereticus
3156 2516 3553 2590 Pelagianista
3610 2514 3751 2572 Bri-'

2080 2609 2311 2667 tsnnias
2341 2625 2448 2665 suo
2470 2607 2656 2666 inficit
2676 2622 2867 2663 errore
2889 2624 2903 2675 ;
2928 2606 3085 2662 unde
3102 2609 3160 2661 S.
3183 2605 3511 2661 Germanus
3539 2602 3736 2661 Antis-

2082 2697 2439 2755 siodorensis
2469 2697 2801 2770 episcOpus,
2820 2712 2855 2750 a
2884 2693 3192 2751 Celestino
3217 2710 3369 2767 papa
3389 2693 3489 2750 illo
3512 2693 3734 2752 missus

2080 2787 2349 2843 heresim
2375 2785 2731 2859 expugnavit
2757 2782 3150 2857 plurimisque
3182 2782 3358 2840 saluti
3377 2782 3507 2839 fuit.
3538 2784 3733 2855 Prosp.

2087 2875 2217 2932 Bed.
2250 2876 2379 2932 hist.
2413 2874 2571 2945 Angl.

2154 2964 2334 3021 4308.
2384 2962 2748 3037 Augustinus
2797 2960 3189 3035 Hipponensis
3236 2960 3570 3033 episcopus,
3626 2960 3734 3017 Ec-

2083 3052 2272 3111 clesie
2332 3050 2548 3108 Christi
2605 3055 2664 3106 et
2699 3048 2998 3107 catholice
3055 3048 3191 3105 fidei
3240 3054 3642 3122 propugnator
3674 3052 3734 3106 et

2085 3143 2357 3200 defensor
2399 3139 2840 3208 invictissimus,
2873 3139 2933 3194 in
2955 3138 3189 3195 civitate
3234 3153 3343 3194 sua
3381 3155 3415 3195 a
3466 3137 3757 3195 barbaris"

2084 3233 2383 3298 obsessus,
2399 3246 2534 3285 cum
2553 3228 2705 3285 inter
2733 3229 2893 3301 ipsas
2906 3227 3236 3284 obsidionis
3260 3227 3568 3300 angustias
3631 3244 3735 3301 pro

323 3320 581 3375 Joannes
611 3323 894 3390 tyrannus
923 3317 1178 3372 Africam
1199 3320 1402 3372 contra
1461 3315 1827 3371 Bonifacium
1873 3332 1974 3387 pe-
2003 3309 2047 3376 C
2084 3320 2339 3378 Ecclesia
2355 3318 2642 3375 sollicitus
2671 3317 2894 3375 Juliani
2926 3317 3174 3390 argutiis
3230 3333 3335 3389 pro
3389 3316 3580 3389 gratia
3622 3316 3727 3373 Dei

331 3408 439 3462 tiit.
497 3406 636 3461 Μαι.

400 3495 504 3548 425
530 3491 978 3548 Valentinianus
1009 3507 1145 3547 cum
1194 3497 1379 3549 matre
1420 3496 1706 3549 Joannem
1766 3510 1801 3549 a
1847 3493 1974 3549 suis

330 3582 679 3639 exstinctum
711 3580 1022 3654 oppressit,
1057 3597 1305 3653 regnum
1349 3581 1681 3638 Occidentis
1736 3581 1972 3654 recepit,

330 3672 633 3729 Castinum
663 3670 876 3727 Joanni
907 3670 1195 3726 faventem
1228 3669 1430 3726 exsilio
1460 3669 1782 3736 damnavit,
1813 3670 1977 3726 Aetio

328 3759 591 3835 patricio,
622 3759 760 3832 quia
803 3760 1046 3815 Hunnos
1072 3762 1339 3815 evocatos
1377 3759 1583 3815 reverti
1619 3759 1853 3829 fecerat,
1878 3776 1981 3815 ve-

328 3850 489 3907 niam
519 3850 695 3906 dedit.
755 3852 945 3921 Prosp.
1003 3849 1242 3906 Marcell.

2082 3425 2433 3483 oppugnans
2448 3406 2866 3481 respondisset,
2890 3405 3021 3479 ipsa
3038 3405 3140 3462 Dei
3162 3405 3371 3478 gratia,
3392 3421 3466 3462 ne
3497 3405 3731 3461 ruinam

2085 3514 2328 3555 suorum
2350 3494 2954 3563 videret,suhtractus,
2985 3510 3020 3549 v
3060 3492 3184 3550 Kal.
3243 3493 3403 3567 Sept.
3464 3493 3736 3566 migravit

2084 3588 2158 3645 ad
2186 3586 2504 3643 Dominum
2535 3600 2688 3641 anno
2717 3582 2905 3639 etatis
2950 3599 3139 3652 Lxxvr,
3182 3580 3555 3656 episcopatus
3602 3598 3736 3641 vero

2087 3694 2187 3733 seu
2212 3675 2646 3749 presbyteratus
2675 3690 2767 3739 XL,
2790 3674 2982 3745 Prosp.
3010 3671 3157 3740 Bed,
3176 3672 3294 3728 chr.

2159 3765 2257 3821 431
2289 3763 2486 3820 Tertia
2532 3762 2793 3835 synodus
2822 3760 3172 3819 universalis
3211 3776 3279 3817 cc
3324 3760 3732 3833 episcoporum

2089 3854 2245 3928 apud
2274 3852 2571 3926 Ephesum
2601 3854 2987 3925 congregatur
3027 3851 3138 3907 sub
3195 3847 3504 3906 Celestino
3561 3865 3732 3923 papa,

400 3942 506 3995 426
537 3938 834 3995 Patroclus
877 3938 1232 3996 Arelatensis
1280 3939 1592 4012 episcopus
1652 3956 1685 3995 a
1746 3940 1983 3997 tribuno
2091 3944 2191 4000 ubi
2223 3942 2376 3998 inter
2405 3940 2551 3998 alias
2585 3940 2838 3998 hereses
2893 3939 3196 3998 Nestorius
3239 3954 3375 3997 cum
3416 3942 3575 3996 secta
3628 3953 3737 3995 sua

314 4027 589 4099 ~quodam
619 4028 865 4083 barbaro
894 4027 1176 4084 innocens
1197 4028 1524 4085 trucidatus
1553 4032 1659 4085 est.
1691 4035 1884 4103 Prosp.
1916 4065 1984 4075 -—
2094 4033 2429 4089 damnatur.

1382 4162 1857 4221 COMPENDIUM
1897 4167 1990 4223 EX
2026 4165 2282 4224 CODICE
2321 4162 2704 4221 BERNOLDI.

405 4258 509 4313 420
537 4257 860 4314 Bethlehem
889 4261 1249 4331 Hieronymus
1275 4262 1587 4334 presbyter,
1617 4265 1868 4334 egregius
1899 4266 1982 4323 in-
2013 4270 2061 4335 Ι)
2164 4265 2269 4320 426
2296 4263 2649 4320 Patroclus...
2683 4259 3013 4329 trucidatur,
3046 4264 3113 4316 ut
3141 4263 3292 4333 Aug.

334 4356 563 4417 terpres,
588 4364 734 4404 anno
761 4350 943 4405 etatis
972 4366 1062 4404 XCI
1093 4350 1227 4406 obiit
1258 4351 1389 4422 (95).

405 4437 502 4492 421
530 4437 882 4494 Constantius
912 4440 1046 4510 imp.
1079 4440 1355 4497 Ravennae
1402 4442 1664 4496 moritur.

406 4527 510 4581 423
551 4526 735 4584 Rome
779 4525 1094 4583 Caelestinus
1144 4544 1289 4601 papa
1336 4527 1474 4583 Χρν
1514 4529 1655 4584 sedit
1685 4531 1849 4584 annis
1906 4547 1983 4598 1x,

330 4618 429 4688 qui
446 4630 567 4671 χιιι
604 4616 850 4683 capitula
871 4616 1169 4672 decretalia
1190 4619 1454 4689 eipscopis
1477 4618 1786 4673 Galliarum
1844 4622 1985 4675 scri—

327 4706 460 4778 psit.
480 4736 549 4745 —
579 4705 832 4761 Placidia
866 4710 1117 4777 Augusta
1136 4723 1169 4760 a
1196 4708 1374 4777 fratre
1394 4708 1628 4763 Honorio
1679 4708 1865 4779 pulsa,
1912 4708 1985 4764 ad

338 4793 690 4849 Theodosium
717 4797 776 4850 in
805 4795 1079 4851 Orientem
1087 4796 1473 4867 proﬁciscitur.
1508 4797 1779 4852 Honorius
1810 4799 1984 4868 impe-

2160 4354 2265 4408 427
2280 4354 2666 4423 Bonifacius...
2677 4351 2934 4423 pervium
2950 4350 3284 4422 efﬁcitur,ut
3311 4351 3462 4421 Aug.
3501 4365 3515 4416 ;
3538 4350 3744 4404 cetera

2210 4458 2335 4498 unt.

2101 4442 2335 4499 desunt.

2174 4532 2278 4587 428
2305 4532 2659 4588 Nestorius...
2685 4531 2965 4599 arguitur,
2988 4532 3055 4585 ut
3079 4529 3228 4601 Aug.

2166 4620 2270 4676 429
2295 4619 2621 4691 Agricola...
2652 4618 2832 4690 inﬁcit
2859 4632 3066 4674 errore.

2164 4710 2271 4770 (:30
2297 4713 2357 4766 S.
2385 4708 2723 4777 Augustinus
2751 4705 3114 4779 Hipponensis
3141 4705 3444 4777 episcopus,
3493 4704 3556 4758 in
3608 4704 3746 4759 civi-

2096 4802 2203 4855 tate
2230 4814 2330 4853 sua
2357 4813 2392 4851 a
2444 4795 2693 4851 barbaris
2747 4795 3009 4862 obsessus,
3064 4810 3191 4849 cum
3245 4794 3398 4849 intra
3452 4794 3601 4864 ipsas
3642 4808 3743 4847 an-

335 4885 494 4937 rator
524 4876 819 4938 Occidentis
842 4887 1096 4952 moritur,
1125 4889 1178 4940 et
1199 4886 1442 4940 Joannes
1460 4888 1732 4956 tyrannus
1754 4902 1987 4956 regnum
2094 4887 2300 4956 gustias
2357 4884 2655 4941 obsidionis
2706 4899 2812 4956 pro
2865 4883 3109 4941 Ecclesia
3177 4882 3448 4939 sollicitus
3529 4880 3747 4938 Juliani

338 4972 455 5043 ejus
484 4975 780 5041 occupavit.

412 5062 512 5114 424
548 5060 933 5117 Theodosius...
959 5063 1211 5118 remittit.
1245 5065 1310 5118 ut
1342 5067 1489 5135 Aug.

2095 4976 2331 5045 argutiis
2347 4989 2446 5046 pro
2473 4976 2657 5045 gratia
2687 4973 2785 5029 Dei
2807 4989 3084 5045 pugnans,
3120 4976 3254 5041 etc.,
3312 4975 3379 5027 ut
3408 4972 3558 5042 Aug.
3788 5038 3793 5041 ν

2166 5063 2265 5119 431
2305 5063 2482 5120 Tertia
2510 5061 2817 5135 synodus...
2849 5061 3180 5129 damnatur,
3199 5068 3251 5117 et
3306 5058 3596 5116 duodecim
3652 5071 3744 5112 ca-

410 5149 1089 5207 425l'atentinianuscum
1148 5156 1324 5208 matre
1371 5154 1637 5209 Joannem
1685 5160 1986 5224 tyrannum
2091 5154 2213 5226 pitu
2240 5160 2437 5210 contra
2464 5151 2717 5208 eumdem
2733 5150 3073 5207 scribuntur.

342 5242 618 5297 Ravenna:
646 5241 927 5313 oppressit.

1925 5340 2157 5397 NOTAE.

414 5434 532 5511 (93)
558 5435 635 5489 De
666 5439 830 5511 etate
852 5437 908 5511 S.
946 5437 1280 5511 Hieronymi
1299 5437 1633 5511 discrepant
1654 5436 1992 5511 scriptores,

2102 5442 2294 5495 terum
2317 5437 2388 5494 ad
2410 5436 2567 5493 hunc
2591 5400 2816 5492 ann-um
2835 5438 3085 5506 Prosper
3099 5430 3159 5488 in
3181 5430 3514 5506 Chronico_a
3532 5425 3750 5506 Eitheo

343 5498 669 5632 qu‘osiinter
699 5509 983 5564 Baronius
1005 5510 1063 5564 in
1098 5498 1244 5565 Hi'st.
1279 5498 1509 5564 eccles.‘
1536 5508 1607 5564 ad
1641 5525 1734 5564 an.
1774 5498 1895 5564 ’472
1938 5498 1995 5567 et
2102 5510 2256 5566 edito
2288 5513 2516 5567 revocat
2546 5506 2781 5563 initium
2813 5498 3367 5579 regni'Francorum
3398 5500 3509 5558 sub
3532 5498 3749 5558 Phara-

381 5579 449 5630 20
471 5593 521 5631 οι
554 5577 927 5632 solummodo
961 5599 1189 5632 Lxxvm.
1240 5581 1506 5632 Flam-ius
1563 5597 1719 5632 vero.
1778 5581 1993 5632 Pacius
2104 5582 2324 5632 mundo
2348 5582 2537 5632 primo
2569 5596 2771 5632 eorum
2804 5594 2957 5632 rege.

381 5579 449 5655 :29
471 5577 521 5631 ei
554 5577 927 5655 solummodo
961 5599 1189 5655 uxxvm.
1234 5581 1506 5655 _F|curius
1563 5597 1719 5655 vero,
1778 5581 1993 5654 Pagius
2104 5582 2324 5639 mundo
2347 5582 2537 5655 primo
2569 5596 2771 5637 eorum
2804 5577 2957 5652 rege.

346 5647 564 5721 aliique
590 5651 813 5721 passim
837 5669 905 5707 xc
937 5652 1165 5710 circiter
1194 5652 1322 5709 vita:
1355 5668 1540 5710 annos
1572 5647 1992 5711 tribuunthe-
