4096 6194
365 327 443 393 9:5
1169 332 1584 400 HMMANNI
1612 326 2071 435 ‘CON'I‘RACTI
2110 334 2526 405 AUGIENSIS
2571 336 2946 406 MONACHI.
3327 276 3333 289 λ
3681 328 3761 399 96

1724 497 1959 557 CODEX
1995 500 2396 560 AUGIENSIS.

360 598 419 654 et
447 596 790 666 constituit;
818 596 1240 672 Eutychianam
1271 601 1329 654 et
1365 584 1768 654 Nestorian’am
1810 598 1999 655 haere-
2027 602 2084 669 Α
2113 600 2395 674 spelunca
2424 600 2677 674 quadam
2708 601 3168 672 obdormierunt,
3203 604 3337 676 post
3377 615 3565 658 annos
3593 614 3761 657 cxcvr

360 702 453 744 ses
484 687 907 743 condemnavit.
942 687 1080 759 Ejus
1112 694 1387 759 tempore,
1422 685 1999 751 Demetrias,ancilla

357 776 590 846 Christi,
625 778 817 833 Romae
847 782 900 832 S.
936 777 1209 848 Stephani
1243 775 1547 831 ecclesiam
1582 774 1732 831 fecit.
1768 807 1837 818 -—-
1866 776 1995 833 Gei-

357 865 578 922 sericus
606 865 863 921 Siciliam
890 882 1190 936 pervasam
1218 864 1470 936 graviter
1493 864 1998 936 al‘iligens,timore

355 955 683 1010 Sebastiani
715 955 880 1009 ducis
914 954 983 1008 ad
1026 953 1430 1025 Carthaginem
1466 955 1745 1009 tuendam
1800 954 1993 1011 rediit.

356 1043 576 1100 Richila
598 1060 695 1099 rex
725 1044 1042 1098 Suevorum
1080 1042 1348 1097 Baeticam
1382 1043 1741 1113 provinciam
1773 1049 1828 1099 et
1859 1044 1994 1099 Car-

354 1133 758 1205 thaginensem
794 1130 1131 1206 Hispaniam
1156 1130 1325 1207 cepit.
1354 1137 1537 1206 l’rosp.
1557 1133 1990 1193 Marcell.Anast.

349 1221 488 1277 ldat.

419 1311 515 1365 441
551 1310 914 1367 Theodosius
945 1312 1259 1384 imperator
1284 1292 1489 1367 contra
1517 1311 1875 1368 Geisericum
1937 1316 1993 1368 et

345 1398 666 1455 Wandalos
697 1417 799 1471 per
827 1401 1004 1457 duces
1035 1400 1422 1456 suos-bellum
1470 1405 1698 1469 movet;
1747 1401 1845 1456 sed
1880 1400 1991 1472 ipsi

345 1488 641 1561 negotium
658 1492 983 1545 cunctando
997 1490 1350 1555 dilferentes,
1383 1489 1588 1545 Siciliae
1604 1489 1790 1562 magis
1808 1489 1987 1559 oneri,

345 1593 525 1650 quam
557 1579 825 1650 praesidio
857 1580 1036 1635 fuere.
1068 1582 1255 1651 Prosp.
1287 1582 1442 1643 Cass.

416 1668 521 1722 442
548 1667 776 1723 Hunnis
801 1668 1075 1724 Thracias
1101 1673 1157 1723 et
1203 1667 1498 1740 Illyricum
1547 1684 1695 1723 szeva
1745 1665 1986 1739 popula-

343 1754 497 1811 tione
526 1757 916 1825 vastantibus,
950 1757 1235 1813 exercitus
1265 1761 1468 1812 contra
1493 1755 1807 1813 Wandalos
1836 1756 1981 1811 mis-

342 1861 467 1913 sus,
498 1845 570 1900 ad
602 1846 914 1901 tuitionem
946 1845 1325 1901 Orientalium
1358 1851 1678 1913 revocatur.
1729 1844 1984 1901 Valenti-

342 1933 554 1990 nianus
583 1935 900 2008 imperator
920 1953 1054 1992 cum
1086 1934 1374 1991 Geiserieo
1405 1951 1538 2006 rege
1557 1933 1981 1991 Wandalorum

337 2039 541 2097 pacem
571 2025 785 2095 firmat,
815 2024 1007 2082 Africa
1035 2025 1188 2081 inter
1217 2028 1535 2096 utrumque
1576 2023 1751 2080 certis
1782 2023 1987 2096 spatiis

338 2113 738 2187 divisa.Prosp.
769 2117 918 2173 Cass.

311 2240 315 2245 ς
411 2203 513 2257 443
542 2205 791 2259 Sanctus
823 2203 1075 2260 Brictius
1102 2204 1471 2260 Turonorum
1516 2202 1831 2274 episcopus
1880 2202 1983 2258 de-

336 2291 534 2359 cessit,
566 2293 657 2348 cui
693 2294 750 2349 S.
787 2284 1134 2349 Eustochius
1166 2291 1469 2348 successit.
1507 2290 1660 2362 Grrg.
1714 2292 1835 2346 Tur.
1870 2292 1983 2347 Leo

336 2396 489 2453 papa
505 2380 721 2437 multos
744 2382 802 2436 in
825 2382 966 2438 urbe
980 2381 1331 2437 Manicluros
1347 2379 1648 2435 inveniens
1660 2379 1983 2451 publicavit

336 2472 393 2525 et
419 2468 597 2527 libros
624 2486 826 2527 eorum
856 2471 1133 2526 incendit.
1166 2472 1357 2542 Prosp.

406 2559 510 2613 444
539 2559 720 2617 Attila
751 2577 847 2616 rex
879 2560 1222 2615 Hunnorum
1246 2558 1480 2614 Bledam
1511 2573 1704 2631 regem
1738 2557 1977 2614 fratrem

334 2664 511 2704 suum
542 2650 820 2722 regnique
838 2654 1165 2705 consortem
1189 2647 1568 2718 interemit,et
1588 2649 1715 2719 ejus
1732 2664 1978 2720 regnum

333 2736 732 2813 populumque
762 2737 1030 2809 subjecit.
1063 2737 1142 2793 De
1174 2736 1353 2808 hujus
1383 2735 1520 2791 anni
1566 2736 1787 2792 Pascha
1841 2736 1978 2792 Pro-

331 2826 517 2883 terius
549 2830 605 2882 et
633 2826 1027 2883 Paschasinus
1069 2826 1213 2899 (101)
1254 2825 1429 2882 Leoni
1481 2842 1639 2899 papae
1689 2826 1974 2881 scribunt.

333 2920 524 2988 Prosp.

403 3006 503 3063 48
531 3006 636 3061 445
669 3005 769 3062 His
800 3005 1302 3079 temporibus,Leo
1321 3020 1471 3078 papa
1500 3004 1651 3059 inter
1679 3003 1794 3060 alia
1822 3004 1977 3060 bona

330 3093 603 3151 basilicas
633 3094 1032 3168 apostolorum
1066 3094 1215 3150 Petri
1246 3097 1302 3150 et
1344 3092 1509 3149 Pauli
1556 3093 1870 3161 renovavit,
1916 3096 1975 3149 et

330 3182 634 3240 ecclesiam
667 3185 726 3239 S.
760 3182 1004 3240 Cornelii
1040 3200 1203 3257 papae
1235 3185 1292 3238 et
1330 3181 1606 3255 martyris
1652 3181 1745 3238 via
1787 3182 1975 3255 Appia

327 3272 670 3329 construxit.
702 3274 891 3341 Anast.

2015 1979 2064 2045 B

2107 690 3111 763 expergefacti’sunt,etconfirmata
3149 692 3263 747 ﬁde
3312 689 3761 747 resurrectionis

2106 782 2471 836 mortuorum
2503 780 2715 836 iterum
2746 781 3192 838 obdormierunt
3217 781 3390 850 (102).

2177 870 2289 923 447
2307 868 2594 942 Eutyches
2626 869 2928 943 presbyter
2956 874 3012 926 et
3053 871 3234 925 abbas
3262 867 3757 942 Constantinopo-

2105 955 2601 1026 litanus,cont'usa
2622 958 2683 1013 in
2700 956 2930 1015 Christo
2952 958 3277 1014 divinitatis
3307 955 3761 1014 ethumanitatis

2104 1045 2454 1115 substantia,
2491 1063 2670 1102 unam
2695 1044 2758 1101 in
2794 1062 2859 1102 eo
2882 1051 3157 1102 naturam
3189 1046 3612 1119 dogmatizans,
3647 1047 3749 1101 ad-

2103 1134 2321 1191 nitente
2351 1135 2676 1191 Theodosio
2706 1137 2972 1209 Augusto
2994 1140 3051 1191 et
3074 1136 3343 1191 DioscOro
3364 1134 3750 1191 Alexandrino

2101 1223 2395 1296 episcopo,
2429 1223 2795 1281 resistentem
2827 1224 2937 1280 sibi
2962 1224 3302 1280 Flavianum
3333 1225 3745 1280 Constantino-

2050 1384 2061 1395 ἱ
2100 1311 2425 1385 politanum
2448 1311 2952 1387 archiepiscopum
2974 1313 3283 1386 expulsum
3303 1331 3490 1386 usque
3504 1315 3575 1369 ad
3599 1330 3749 1369 mor-

2098 1407 2217 1458 tem
2249 1402 2921 1475 persequuntur.Contra
2950 1418 3128 1475 quam
3161 1402 3430 1459 limresim
3466 1403 3578 1458 Leo
3597 1418 3748 1474 papa

2095 1489 2319 1563 legatos
2350 1491 2530 1547 misit.
2562 1492 2753 1563 Prosp.
2780 1509 2832 1546 a.
2866 1490 2990 1545 449.
3023 1522 3091 1532 --
3122 1491 3349 1548 Richila
3394 1507 3493 1547 rex
3528 1491 3745 1547 Suevo-

2098 1595 2230 1635 rum
2260 1579 2526 1648 moritur,
2559 1580 2729 1652 eique
2762 1579 3070 1635 Richarius
3122 1581 3270 1654 (103)
3320 1579 3481 1636 ﬁlius
3509 1597 3739 1637 succes-

2097 1668 2192 1723 sit.

2165 1757 2270 1812 448
2301 1756 2666 1814 Theodosius
2695 1757 3016 1830 imperator
3067 1757 3317 1814 Leonem
3366 1774 3578 1831 papam
3637 1774 3742 1830 pro

2094 1846 2430 1902 defensione
2459 1845 2797 1919 Eutychetis
2829 1847 2902 1902 ad
2949 1863 3011 1903 se
3060 1850 3248 1915 vocat,
3300 1848 3401 1920 qui
3446 1864 3480 1903 a
3523 1847 3736 1921 populo

2093 1934 2353 1991 Romano
2384 1934 2580 1990 venire
2619 1934 2969 2008 prohibitus,
3018 1934 3241 2015 legatos
3290 1954 3395 2010 pro
3447 1953 3510 1992 se
3559 1937 3739 1993 misit.

2094 2022 2402 2081 Richarius
2432 2042 2531 2080 rex
2558 2025 3084 2092 Suevorum,ducta
3113 2025 3172 2079 in
3197 2026 3538 2099 conjugium
3561 2026 3743 2082 Theo-

2093 2104 2219 2169 dori
2241 2114 2391 2186 (104)
2422 2114 2575 2186 regis
2607 2113 2930 2170 Gothorum
2963 2113 3106 2180 filia,
3131 2114 3507 2171 Wasconiam
3536 2114 3739 2170 devas-

2052 2189 2250 2260 ‘tavit.
2283 2203 2422 2259 Idat.
2454 2220 2507 2279 α,
2539 2219 2651 2277 seq.
2686 2234 2752 2244 —
2783 2202 2901 2259 Hoc
2932 2207 3193 2277 tempore
3225 2203 3741 2276 Angli-Saxones,a

2092 2291 2388 2349 Britannis
2419 2297 2622 2349 contra
2649 2293 2842 2348 Pictos
2872 2296 2930 2349 et
2958 2293 3162 2349 Scotos
3192 2291 3406 2350 auxilio
3436 2293 3628 2360 asciti,
3656 2293 3740 2348 in-

2089 2381 2279 2437 sulam
2303 2386 2511 2454 petunt
2525 2385 2582 2437 et
2600 2381 2873 2438 hostibus
2886 2381 3098 2455 fugatis
3121 2382 3179 2436 in
3199 2382 3389 2438 socios
3411 2399 3579 2439 arma
3600 2399 3739 2439 con-

2086 2475 2340 2540 vertunt,
2362 2475 2420 2527 et
2449 2475 2581 2545 post
2610 2470 2799 2528 multa
2824 2469 2976 2527 bella
3006 2486 3221 2546 magna
3252 2487 3320 2527 ex
3348 2476 3511 2545 parte
3537 2472 3735 2529 insula

2087 2560 2336 2615 subacta
2356 2559 2534 2632 potiti
2565 2562 2722 2615 sunt.
2756 2559 2899 2615 Beda
2931 2559 3058 2615 hist.
3094 2560 3253 2631 Angl.

2159 2648 2265 2704 449
2293 2647 2509 2703 Iterum
2541 2645 2808 2704 catholici
2843 2646 2916 2703 ab
2950 2647 3300 2720 imperatore
3314 2648 3638 2705 Theodosio
3662 2650 3737 2706 ad

2087 2736 2447 2793 audientiam
2474 2736 2715 2793 evocati.
2747 2737 2848 2794 49
2878 2736 3063 2817 Attila
3110 2752 3208 2792 rex
3238 2753 3491 2794 unorum
3521 2738 3737 2795 Gallias

2087 2825 2349 2899 aliasque
2401 2825 2624 2882 circum
2662 2825 2993 2898 provincias
3038 2830 3266 2896 vastat;
3318 2830 3375 2882 et
3421 2830 3543 2883 arte
3587 2826 3739 2883 Aetii

2086 2931 2300 2988 magno
2330 2914 2483 2971 inter
2509 2931 2645 2971 eum
2675 2918 2734 2971 et
2755 2914 2976 2971 Gothos
2996 2915 3215 2988 praedio
3238 2914 3739 2984 coneitato,Theo-

2084 3004 2262 3060 dorus
2301 3019 2401 3058 rex
2431 3002 2756 3059 Gothorum
2787 3002 2998 3059 cecidit
3025 3002 3195 3075 eique
3232 3003 3577 3060 Torismodo
3608 3004 3732 3076 [at.,

2082 3093 2501 3164 Thorismund]
2558 3091 2718 3148 ﬁlius
2767 3093 2901 3164 ejus
2955 3092 3256 3150 successit.
3306 3093 3447 3149 Idat.
3496 3111 3550 3149 a.
3604 3094 3727 3151 451.

2080 3185 2239 3238 Jorn.

2156 3271 2261 3325 450
2286 3267 2398 3325 Leo
2424 3286 2578 3342 papa
2617 3269 2839 3343 legatos
2889 3270 2961 3326 ad
2993 3270 3409 3328 confutandam
3460 3271 3731 3328 haeresim

399 3362 504 3415 446
532 3361 792 3416 Britanni
821 3362 894 3417 ab
926 3361 1087 3417 Aetio
1118 3364 1175 3416 et
1203 3359 1482 3416 Romanis
1530 3366 1732 3415 contra
1768 3360 1969 3416 Scotos
2001 3343 2044 3412 C
2084 3359 2316 3416 mittere
2347 3357 2591 3425 curavit,
2621 3358 2984 3416 Theodosius
3014 3359 3333 3433 imperator
3380 3361 3655 3431 moritur,
3677 3363 3736 3417 et

327 3453 385 3505 et
414 3448 606 3505 Pictos
636 3448 916 3505 auxilium
943 3448 1279 3521 implorant,
1311 3465 1418 3505 nec
1447 3448 1799 3520 impetrant.
1838 3449 1969 3504 Bcd.

328 3538 455 3593 hist.
488 3538 647 3610 Angl.
700 3569 749 3579 ι-
780 3538 949 3611 Apud
979 3537 1276 3611 Ephesum
1316 3538 1549 3610 Septem
1579 3537 1970 3606 Dormientes,

327 3626 428 3703 qui
458 3627 568 3683 sub
597 3625 767 3684 Decio
798 3626 983 3684 multa
1011 3644 1113 3699 pro
1144 3626 1369 3684 Christo
1402 3630 1693 3682 tormenta
1723 3626 1884 3699 passi
1911 3626 1972 3682 in

2081 3466 2117 3506 a
2144 3446 2396 3504 Placidia
2422 3451 2773 3521 Augusta,et
2803 3448 2990 3505 Leone
3020 3451 3259 3521 totoque
3278 3454 3485 3505 senatu
3510 3449 3732 3522 ingenti

2083 3554 2297 3611 pompa
2325 3537 2616 3592 deductus
2646 3536 2708 3591 in
2738 3537 3033 3594 Mausoleo
3065 3539 3219 3610 apud
3244 3538 3548 3595 S.Petrum
3573 3554 3735 3612 sepe-

2081 3626 2251 3696 litur;
2268 3642 2370 3700 pre
2382 3642 2498 3698 quo
2512 3624 2834 3683 Martianus
2870 3625 3124 3683 Orientis
3136 3626 3450 3700 imperium
3465 3627 3733 3700 adeptus,

1379 3751 1855 3809 COMPENDIUM
1895 3751 1987 3808 EX
2027 3752 2278 3810 CODICE
2320 3749 2702 3807 BERNOLDI.

398 3857 491 3915 441
531 3856 853 3914 Theodosius
882 3856 1014 3928 imp.
1064 3855 1255 3911 contra
1319 3850 1606 3908 "nudatos
1657 3867 1759 3923 per
1815 3842 1973 3907 dueés

325 3964 449 4005 suos
479 3948 681 4002 bellum
713 3952 904 4000 movet.
1518 3964 1531 3973 ε

396 4036 503 4091 443
531 4036 829 4091 Sanctus...
862 4035 1139 4089 successit.
1174 4033 1273 4087 Leo
1295 4046 1445 4102 papa
1492 4030 1692 4085 multos
1735 4032 1791 4085 in
1842 4031 1974 4085 urbe

328 4124 662 4182 Manio/neos
687 4124 1013 4196 publicavit,
1053 4130 1103 4178 et
1134 4121 1301 4176 libros
1323 4136 1511 4175 eorum
1541 4119 1803 4175 incendit.
1828 4120 1974 4175 Idem

328 4215 607 4272 constituit
650 4219 714 4268 ut
762 4196 1029 4268 monacho
1073 4211 1320 4266 velamen
1366 4210 1567 4281 capitis
1610 4209 1697 4263 ab
1727 4208 1971 4280 episcopo

338 4303 678 4360 benedictum
705 4302 1021 4357 nullatenus
1042 4302 1331 4372 acciperet,
1359 4300 1473 4353 nisi
1493 4299 1654 4369 prius
1683 4298 1973 4368 virginitas

329 4394 485 4451 illius
506 4396 738 4466 probata
760 4393 916 4463 foret.
954 4390 1101 4448 Unde
1130 4392 1183 4445 et
1226 4388 1564 4458 Augustinus
1610 4388 1825 4454 asserit,
1876 4402 1976 4441 nec

328 4484 488 4541 illam
518 4485 663 4538 inter
689 4482 932 4550 virgines
960 4478 1385 4535 consecrandam
1415 4478 1554 4548 fore,
1586 4475 1637 4529 si
1666 4488 1775 4546 qua
1838 4477 1975 4530 esset

326 4577 383 4629 et
410 4576 537 4628 ante
566 4572 895 4644 baptismum
922 4576 1193 4640 corrupta.
1230 4571 1432 4622 Anast.

399 4663 504 4717 444
534 4661 699 4717 Attila
734 4676 833 4716 rex
880 4661 1204 4714 Hunnorum
1257 4654 1480 4711 Bledam
1530 4655 1765 4724 fratrem
1812 4669 1977 4709 suum

2052 3844 2057 3849 ’
2153 3851 2259 3906 446
2287 3848 2444 3921 Apud
2494 3849 2761 3921 Ephesum
2807 3849 3022 3922 Septem
3063 3851 3425 3920 Dormientes,
3474 3829 3610 3921 etc.,
3672 3853 3741 3907 ut

2082 3945 2236 4013 Aug.

2155 4029 2262 4082 447
2297 4026 2632 4098 Eutyches...
2686 4016 2968 4084 Theodosio
3014 4028 3240 4085 Iuniore
3284 4029 3473 4098 Aug...
3537 4029 3738 4101 legatos

2082 4119 2259 4184 misit,
2292 4120 2358 4171 ut
2387 4116 2537 4188 Aug.

2155 4206 2261 4261 448
2293 4204 2609 4261 Theodosius
2630 4206 2838 4278 imp...,
2856 4221 2957 4278 pro
2986 4220 3043 4261 se
3070 4207 3242 4262 misit.

2156 4295 2260 4350 449
2289 4296 2492 4350 Iterum
2531 4293 2792 4351 catholici
2827 4293 2894 4351 ab
2949 4296 3271 4368 imperatore
3324 4296 3608 4353 Theodosio
3661 4296 3732 4353 ad
3802 4280 3807 4287 ’

2082 4384 2425 4440 audientiam
2454 4385 2650 4440 vocati.

2155 4472 2386 4545 45οζιθο
2410 4489 2626 4546 papa...
2656 4474 2889 4529 curavit.
2923 4473 3240 4530 Theodosius
3279 4475 3577 4546 imperator
3619 4491 3735 4531 mo-

2084 4564 2246 4630 ritur,
2276 4578 2378 4634 pro
2407 4578 2512 4633 quo
2537 4561 2844 4617 Martianus
2870 4560 3112 4618 Orientis
3155 4564 3457 4634 imperium
3509 4563 3738 4636 adeptus

2085 4659 2137 4708 et
2159 4655 2362 4723 septem
2391 4652 2555 4706 annis
2583 4651 3211 4723 regnans,Eutyehetem
3240 4668 3369 4709 cum
3397 4654 3513 4708 suis
3535 4669 3737 4725 sequa-

327 4752 589 4822 regnique
614 4751 915 4806 consortem
944 4748 1240 4803 interemit.
1265 4747 1341 4801 De
1371 4720 1538 4815 hujus
1563 4743 1702 4797 anni
1730 4743 1965 4810 Pascha,
2004 4720 2051 4785 Ι)
2083 4720 2236 4795 cibus
2265 4738 2514 4795 damnat.
2544 4737 2801 4795 Placidia
2827 4720 3068 4812 Augusta
3095 4740 3249 4796 obiit.
3297 4742 3536 4798 Romani
3593 4720 3738 4797 delia

331 4843 984 5000 stilisuttlié‘tgnporibos
1010 4927 1110 4982 Leo
1137 4941 1284 4998 papa
1312 4926 1457 4981 inter
1484 4923 1601 4978 alia
1622 4920 1760 4977 bona
1787 4921 1975 4976 basili-

328 5036 420 5076 cas
456 5019 552 5077 SS.
585 5019 734 5074 Petri
761 5021 814 5074 et
844 5016 1013 5073 Pauli
1040 5016 1341 5071 renovavit.

2084 4829 2217 4886 duce
2248 4829 2432 4886 Gothis
2482 4829 2916 4887 auxiliatoribus
2963 4830 3191 4886 Attilam
3252 4831 3503 4887 vicerunt
3558 4846 3740 4901 regem

2085 4921 2433 4976 Hunnorum.

1922 5106 2156 5164 NOTIE.

403 5216 548 5291 (101)
580 5217 781 5272 Exstat
810 5213 931 5291 haec
978 5210 1234 5291 epistola
1261 5210 1414 5291 inter
1460 5207 1592 5291 illas
1645 5207 1730 5291 S._
1765 5206 1974 5291 Leonis

333 5279 551 5359 scripta
574 5284 953 5359 annopriore
970 5279 1053 5359 de
1075 5282 1354 5339 Paschate
1384 5280 1564 5352 hujus
1596 5279 1735 5335 anni
1755 5280 1860 5335 444
1881 5279 1977 5336 die

330 5362 402 5414 23
428 5355 644 5414 A'nrilis
677 5355 1048 5414 celebrando.

428 5376 473 5413 Α
519 5376 644 5414 I‘lllS
677 5376 1048 5414 celebrando.

405 5376 551 5554 _(
581 5430 709 5485 Haec
740 5446 807 5485 ex
838 5426 1110 5501 Gregorio
1139 5426 1278 5480 Tur.
1304 5424 1373 5479 de
1404 5422 1598 5505 Gloria
1629 5424 1973 5547 martirum,

405 5504 483 5554 ~33.
557 5505 827 5554 esumuta
856 5500 1075 5554 habent
1110 5513 1343 5554 auouue
1372 5496 1552 5548 G‘I‘ZIECI
1577 5512 1591 5554 ;
1616 5494 1790 5554 Nicep
1838 5508 1973 5548 orus

332 5524 361 5551 α
394 5494 483 5564 93,
513 5494 827 5572 desumpta
856 5494 1075 5572 habent
1110 5513 1343 5572 quoque
1372 5494 1552 5548 Graeci
1577 5512 1591 5561 ;
1616 5494 1977 5572 Nicephorus

332 5572 473 5628 hist.
507 5571 693 5646 l._x1v,
727 5565 915 5646 eos;
949 5565 1262 5627 Cedre'uus
1292 5568 1352 5622 in
1403 5565 1791 5646 compendio,‘
1822 5581 1974 5619 anno

327 5661 468 5717 χχιιι
500 5637 810 5717 'i‘_l_ieodosii
837 5661 849 5711 ;
883 5637 1009 5715 qua:
1034 5647 1225 5698 tamen
1246 5655 1381 5717 vero
1404 5637 1658 5717 similius
1677 5637 1973 5717 dehinven-

330 5715 489 5783 tione
516 5712 754 5772 illorum
787 5706 1097 5786 corporum
1128 5716 1267 5770 sunt
1298 5708 1693 5782 intelligenda.
1717 5706 1978 5763 Vid.Bol-

2083 5204 2242 5261 land.
2276 5203 2350 5259 ad
2381 5202 2537 5259 diem
2569 5203 2638 5259 27
2666 5203 2808 5260 Julii
2837 5208 2882 5260 t.
2912 5203 3029 5260 VL.

2116 5346 2129 5360 .
2157 5275 2306 5360 (1033)
2338 5275 2488 5360 idat.
2522 5292 2576 5331 a.
2610 5276 2717 5332 448
2748 5274 3121 5333 Rechiarium
3151 5274 3479 5343 vocat,aliis
3506 5274 3737 5333 Richia~

2085 5347 2505 5503 Γιῖῗοίέὶῆἲᾶἒέξί
2536 5417 2805 5503 quadam
2834 5417 3189 5503 exemplaria
3210 5417 3430 5503 habent
3451 5418 3741 5503 Theodori:

2085 5488 2399 5573 registalia
2422 5488 2714 5573 Theodore,
2747 5492 2890 5561 regis
2922 5488 3218 5547 Gothorum
3240 5490 3393 5561 ﬁlia;
3423 5489 3529 5549 sed
3546 5490 3742 5573 verior

2087 5563 2306 5644 codicis
2336 5560 2529 5644 leone,
2564 5572 2630 5644 ut
2658 5566 2856 5618 tamen
2888 5578 2991 5634 pro
3006 5562 3325 5644 Theodoro
3357 5562 3739 5644 substituen-

2089 5633 2200 5689 dus
2230 5633 2308 5689 sit
2337 5633 3051 5705 Theodericus,,qua’mvis
3080 5638 3139 5693 et
3167 5633 3261 5693 hic
3283 5633 3535 5692 subinde
3550 5634 3737 5693 Theo-

2085 5705 2260 5763 dorus
2295 5703 2637 5779 appelletur.
