4124 6188
346 287 427 407 9-}
1594 298 2068 403 esitomeou.
2102 372 2181 386 —
2211 340 2399 403 sese.
2447 338 2519 405 ν.
3680 351 3762 413 98

1742 500 1978 557 CODEX
2015 499 2415 557 AUGIENSIS.

348 621 407 672 et
436 633 515 671 v11
546 613 713 669 annis
753 629 1007 687 regnans
1030 614 1409 689 Eutychetem
1436 630 1571 671 cum
1602 615 1727 672 suis
1758 616 1999 673 damnat
2026 616 2081 683 Α
2180 617 2288 676 455
2318 616 2588 673 Richario
2621 635 2754 691 rege
2787 620 3110 675 Suevorum
3139 618 3198 674 in
3231 619 3531 692 Hispaniis
3566 631 3762 682 vasta-

352 704 725 778 sequacibus.
758 702 1021 759 Placidia
1061 705 1328 778 Augusta
1355 704 1624 760 moritur.
1674 737 1745 745 —
1803 711 1996 778 Prosp.

347 793 597 851 Romani
655 794 804 863 (105,
853 793 1016 848 Aetio
1075 794 1220 849 duce
1276 792 1483 849 Gothis
1533 793 2001 861 auxiliatoribus,

344 889 549 939 contra
600 881 842 937 Attilam
882 897 1079 954 regem
1110 881 1458 937 Hunnorum
1488 883 1697 955 grandi
1727 884 2003 957 utrinque

348 972 504 1028 caede
534 976 891 1043 pugnantes,
923 971 983 1027 in
1026 987 1231 1044 campo
1253 970 1621 1028 Catalaunico
1643 972 1764 1028 acie
1785 972 2000 1028 victum

348 1063 410 1116 in
440 1060 805 1133 superiorem
826 1059 1076 1117 Galliam
1113 1060 1311 1134 fugere
1358 1061 1735 1133 compellunt.
1788 1061 1894 1126 Qui
1942 1061 2000 1116 in

348 1166 599 1223 regnum
633 1149 837 1207 timide
868 1165 1136 1205 reversus
1165 1166 1284 1205 non
1317 1149 1503 1205 multo
1525 1154 1658 1223 post
1678 1168 1842 1207 arma
1872 1167 2004 1207 con—

350 1239 532 1294 movit
560 1238 621 1293 in
653 1237 902 1293 Italiam.
936 1239 1127 1311 Prosp.
1163 1238 1309 1293 Cassi
1341 1238 1479 1294 Idat.
1511 1241 1663 1296 Jorn.
1692 1257 1786 1295 an.
1818 1255 1928 1311 seq.

419 1328 522 1383 451
555 1325 732 1382 Attila
762 1325 1087 1383 recollectis
1116 1326 1342 1382 viribus
1371 1326 1705 1398 Aquileiam
1721 1328 2004 1399 vimagna

344 1417 446 1472 diu
480 1416 787 1472 obsessam
819 1415 972 1488 cepit
1000 1420 1057 1471 et
1087 1416 1546 1488 circumquaque
1579 1416 1790 1488 praedis
1818 1421 1876 1472 et
1895 1433 2000 1471 caa-

343 1505 523 1561 dibus
534 1503 892 1560 furibundus
909 1504 1340 1560 bacchatur.Ad
1355 1521 1533 1577 quem
1556 1504 2003 1561 Valentinianus

344 1594 942 1667 imperator,Leonem
974 1610 1186 1667 papam
1205 1594 1676 1666 mittens,pacem
1691 1610 1825 1650 cum
1845 1612 1911 1650 eo
1924 1596 2003 1650 fe-

345 1684 445 1752 cit,
457 1684 867 1754 exercitusque
886 1683 1015 1753 ejus
1026 1683 1389 1754 fame,peste,
1406 1683 1610 1738 morbo
1628 1683 2002 1756 caedibusque

348 1774 596 1845 insuper
624 1772 697 1827 ab
728 1771 893 1828 Aetio
922 1771 1159 1827 attritus
1190 1788 1323 1827 eum
1355 1772 1562 1827 reverti
1598 1773 1750 1828 fecit.
1808 1778 1997 1845 Prosp.

348 1861 589 1916 Μαι-σευ.
622 1876 718 1915 an.
747 1875 859 1930 seq.

424 1950 532 2003 452
550 1947 731 2003 Attila
750 1964 849 2004 rex
871 1947 1216 2004 Hunnorum
1238 1947 1296 2003 in
1319 1948 1561 2004 sedibus
1581 1949 1708 2004 suis
1730 1950 1997 2015 moritur.

354 2037 706 2094 Torismodo
737 2037 858 2109 regi
888 2035 1210 2093 Gothorum
1260 2041 1562 2109 perempto
1608 2036 2005 2093 Theodericus

350 2128 535 2182 frater
562 2124 868 2183 successit.
899 2125 1090 2196 Prosp.
1121 2125 1240 2181 [dat
1274 2142 1327 2180 a.
1359 2142 1467 2197 seq.
1500 2158 1570 2165 —
1602 2127 1718 2180 lloc
1746 2130 2003 2198 tempore

347 2220 564 2289 quarta
594 2215 855 2289 synodus
885 2212 1232 2270 universalis
1266 2230 1447 2270 ncxxx
1491 2214 1898 2286 episcoporum
1943 2215 2000 2270 in

347 2304 715 2362 Chalcedone
746 2308 949 2359 contra
977 2302 1274 2374 Eutychen
1323 2308 1381 2359 et
1438 2318 1646 2360 omnes
1702 2300 2002 2361 haéreticos

343 2397 736 2466 congregatur
765 2390 933 2464 (106).
960 2396 1151 2463 Prosp.
1183 2409 1219 2446 a
1255 2407 1365 2462 seq.

417 2484 521 2540 50
544 2482 651 2538 453
670 2480 1119 2537 Valentinianus
1140 2480 1457 2553 imperator
1469 2480 1527 2536 in
1541 2479 1757 2553 palatio
1772 2481 2000 2537 Aetium

341 2572 689 2646 patricium,
724 2570 823 2643 qui
869 2568 1061 2626 multa
1104 2586 1210 2642 pro
1259 2568 1560 2642 republica
1617 2570 2001 2637 laboraverat,

347 2679 533 2717 manu
558 2677 668 2716 sua
696 2658 1096 2716 fraudulenter
1113 2658 1405 2728 occidit,et
1430 2676 1464 2714 a
1483 2658 2003 2715 circumstantibus

347 2751 589 2806 Boetius
622 2749 952 2821 praefectus,
987 2747 1212 2804 amicus
1250 2749 1400 2820 ejus,
1451 2748 1840 2821 interemptus
1888 2753 1998 2817 est,

342 2843 541 2911 Prosp.
572 2848 626 2893 et
656 2838 838 2892 ceteri
866 2854 900 2892 a
928 2853 1038 2908 seq.

418 2930 524 2985 454
551 2925 1000 2983 Valentinianus
1030 2925 1345 2998 imperator
1374 2925 1433 2980 in
1456 2941 1663 2997 campo
1687 2926 1893 2982 Martio
1925 2927 1998 2982 ab

344 3018 556 3074 amicis
588 3014 736 3070 Aetii
776 3018 1116 3088 peremptus
1148 3013 1366 3070 interiit
1392 3031 1403 3081 ;
1440 3030 1543 3086 pro
1574 3031 1690 3087 quo
1712 3015 1999 3072 Maximus

347 3107 635 3163 invadens
664 3103 1005 3177 imperium,
1035 3103 1187 3159 infra
1215 3120 1256 3158 ιι
1289 3118 1523 3159 menses
1554 3102 1894 3161 amilitibus
1915 3104 2000 3160 in-

346 3198 677 3267 teremptus
708 3195 854 3249 etin
877 3192 1132 3248 Tiberim
1183 3192 1480 3264 projectus
1527 3196 1634 3248 est.
1694 3194 1886 3265 Prosp.
1942 3211 1997 3249 a.

336 3302 449 3357 seq.
478 3316 549 3326 —
578 3284 716 3340 Post
744 3298 921 3355 quem
951 3281 1154 3338 Avitus
1184 3280 1245 3336 in
1304 3280 1507 3346 Galiis,
1558 3279 1773 3355 ausilio
1814 3283 1999 3339 ﬁdens
2032 3274 2038 3279 ’

2115 704 2378 761 tionibus
2421 707 2700 775 instante,
2732 709 2976 764 consilio
3027 708 3177 763 Aviti
3225 708 3619 768 Theodericus
3664 731 3763 769 rex

2110 793 2667 863 Gothorum,contra
2690 813 2825 851 eum
2847 796 3254 864 veniens,inita
3287 815 3484 871 pugna
3512 803 3764 873 graviter

2110 885 2264 939 caede
2295 884 2564 956 protrivit
2592 884 3084 958 vulneratumque
3140 886 3380 958 fugavit,
3434 894 3492 945 et
3559 897 3761 962 postea

2111 978 2345 1045 captum
2402 972 2632 1042 occidit,
2692 978 3034 1046 vastataque
3101 974 3278 1047 impie
3337 982 3395 1031 et
3452 978 3765 1034 crudeliter

2111 1060 2392 1133 Hispania
2413 1066 2468 1116 et
2486 1061 2613 1133 ipsa
2631 1079 2806 1133 quam
2826 1064 3201 1134 possederant
3219 1064 3763 1134 provincia,Suevos

2112 1150 2222 1205 sibi
2256 1150 2613 1222 subjugavit.
2648 1151 2781 1206 Idat.
2817 1169 2870 1206 a.
2904 1168 3011 1223 seq.
3059 1184 3125 1192 —
3183 1153 3387 1207 Avitus
3436 1154 3761 1212 Gothorum

2111 1238 2327 1294 auxilio
2339 1239 2924 1310 destitutus,jubente
2939 1239 3225 1295 Martiano
3238 1243 3763 1313 Augusto,Placen-

2108 1328 2201 1381 tia:
2228 1326 2540 1400 imperium
2573 1329 2862 1399 deposuit.
2896 1331 3108 1384 [Iturius
3141 1335 3238 1405 Av.
3274 1347 3336 1397 a,
3378 1346 3485 1402 seq.
3534 1364 3602 1373 ——
3645 1333 3762 1391 Hoc

2109 1422 2370 1489 tempore
2398 1418 2553 1489 apud
2583 1419 2854 1484 Francos,
2886 1422 3116 1474 mortuo
3150 1419 3419 1475 Meroveo
3450 1423 3760 1495 (107)rege,

2110 1504 2268 1560 {ilius
2293 1506 2420 1576 ejus
2451 1505 2815 1561 Childerieus
2847 1506 3110 1578 regnavit
3141 1506 3313 1562 annis
3362 1525 3516 1564 xxw.
3549 1510 3656 1574 Qui
3688 1512 3760 1567 ob

2109 1593 2401 1649 luxuriam
2434 1611 2611 1667 regno
2645 1594 2876 1667 pulsus,
2923 1596 2979 1650 in
3010 1594 3393 1668 Thuringiam
3445 1598 3615 1670 fugit,
3658 1600 3759 1656 sed

2110 1687 2241 1739 astu
2264 1682 2531 1738 Viomadi
2566 1684 2737 1739 amici
2772 1689 3076 1740 revocatus
3107 1689 3213 1740 est.
3240 1687 3527 1755 Freg.Tur.
3560 1704 3615 1741 a.
3649 1704 3759 1761 seq.

2111 1772 2263 1827 Gesta
2296 1787 2408 1843 reg.
2437 1775 2631 1827 Franc.

2181 1862 2285 1915 456
2314 1860 2399 1915 Ab
2432 1860 2541 1915 hoc
2572 1878 2725 1915 anno
2768 1860 3055 1916 Victorius
3082 1860 3388 1933 paschales
3438 1863 3630 1935 cyclos
3664 1866 3756 1921 in-

2034 1988 2082 2051 B
2111 1948 2299 2015 ehoai,
2327 1949 2572 2019 jubente
2606 1966 2753 2020 papa
2805 1948 2894 2004 5|
2936 1948 3151 2004 Hilario
3185 1949 3353 2019 (l08).
3386 1952 3512 2005 Bell.
3544 1954 3657 2007 chr.
3692 1985 3760 1994 —

2112 2036 2398 2091 Martiano
2432 2036 2783 2107 imperatore
2814 2037 3086 2092 defuncto
3130 2036 3187 2092 in
3222 2037 3455 2094 Oriente
3509 2040 3617 2095 Leo
3650 2040 3760 2095 im—

2112 2127 2343 2195 perator
2370 2124 2540 2178 annis
2568 2141 2683 2179 xvn
2718 2125 3023 2195 Romaeque
3056 2125 3417 2196 Majorianus
3441 2127 3763 2200 imperator

2111 2213 2283 2268 annis
2314 2230 2369 2268 ιν
2400 2218 2807 2285 regnaverunt.
2843 2213 2990 2267 Cass.
3038 2222 3095 2269 ct.
3131 2231 3237 2285 seq.
3271 2246 3339 2255 —-
3367 2214 3762 2275 Theodericus

2111 2318 2210 2357 rex
2239 2301 2581 2369 Gothorum,
2614 2302 2817 2356 multis
2847 2301 2905 2356 in
2931 2302 3209 2373 Hispania
3253 2302 3513 2360 ecclesiis
3565 2311 3623 2361 et
3678 2307 3761 2362 ci-

2110 2390 2389 2446 vitatibus
2416 2391 2678 2453 vastatis,
2712 2390 3027 2446 Emeritam
3060 2391 3289 2447 obsidet
3331 2392 3559 2447 urbem.
3592 2396 3761 2451 Suevi

2112 2480 2393 2536 Maldram
2427 2479 2535 2535 sibi
2566 2483 2837 2534 statuunt
2868 2495 3082 2550 regem.
3115 2479 3253 2534 Idat.

2184 2569 2287 2622 457
2344 2568 2699 2640 Majorianus
2756 2567 3076 2640 imperator
3113 2573 3318 2625 contra
3346 2569 3671 2628 Wandalos
3703 2573 3761 2628 in

2108 2656 2358 2711 Africam
2393 2656 2572 2712 movit
2598 2655 2984 2727 procinctum.
3021 2657 3169 2712 Cass.
3204 2674 3238 2712 a
3285 2674 3391 2729 seq.
3445 2689 3513 2700 —-
3563 2660 3754 2716 Theo-

2110 2745 2340 2800 dericus
2370 2744 2594 2800 nuntiis
2651 2743 2909 2809 territus,
2961 2744 3162 2800 relicta
3209 2745 3486 2812 Emerita,
3537 2746 3755 2803 Gallias

2109 2832 2334 2906 repetit,
2367 2837 2424 2889 et
2455 2849 2594 2904 pace
2624 2832 2822 2904 fugata
2854 2833 3026 2903 (109),
3049 2834 3204 2888 caede
3230 2834 3763 2904 furens,eeclesias,

2109 2923 2305 2992 urbes,
2337 2921 2508 2977 villas
2558 2920 2803 2977 vastavit
2832 2926 2889 2976 et
2918 2920 3197 2977 incendit.
3229 2924 3381 2978 Jorn.
3413 2940 3447 2977 a
3492 2940 3601 2995 seq.
3650 2924 3767 2981 Idat

2108 3014 2163 3067 h.
2198 3030 2251 3067 a.

2177 3103 2282 3157 458
2310 3100 2479 3155 Suevi
2509 3098 2896 3165 Galliciam,et
2926 3099 3095 3154 Gothi
3123 3100 3395 3156 Baeticam
3427 3101 3759 3172 provincias
3804 3082 3809 3093 λ

2110 3194 2356 3246 vastant.
2389 3188 2532 3244 Μαι.
2567 3188 2621 3243 Ιι.

2177 3278 2283 3333 459
2312 3279 2456 3333 Item
2488 3281 2809 3332 Suevorum
2842 3275 2939 3331 alii
2970 3292 3107 3332 cum
3139 3275 3360 3333 Maldra
3383 3294 3514 3350 rege
3537 3277 3762 3333 Lusita-

346 3356 700 3438 Gothorum,
757 3372 897 3427 item
954 3369 1268 3442 imperium
1327 3369 1598 3442 arripuit.
1661 3371 1791 3442 Ipso
1821 3388 1996 3438 anno,
2028 3356 2070 3422 Ο
2111 3369 2293 3424 niam.
2327 3366 2425 3423 alii
2456 3383 2591 3422 cum
2625 3365 2995 3421 Richmundo
3026 3364 3176 3437 (ΗΟ)
3208 3365 3512 3423 Galliciam
3540 3368 3759 3441 deprae-

274 3490 281 3499 -
342 3461 677 3519 Geisericus
706 3477 804 3516 rex
838 3458 1284 3527 Wandalorum,
1320 3458 1390 3514 de
1438 3457 1630 3513 Africa
1676 3459 1998 3531 trajiciens,

348 3553 597 3608 Romam
630 3549 768 3621 quia
797 3548 924 3604 sine
954 3547 1303 3619 imperatore
1333 3551 1477 3613 erat,
1502 3547 1717 3603 invasit
1739 3564 2005 3621 ,eamque

345 3641 563 3713 Opibus
589 3637 820 3695 cunctis
850 3635 1541 3709 exspoliavlt.Hueusque
1572 3636 1825 3708 Prosper
1845 3636 2005 3693 chro-

350 3730 484 3787 nica
514 3745 626 3785 sua
657 3726 948 3800 perduxit.
981 3724 1117 3782 (dat.
1149 3725 1388 3780 Marcell.
1420 3741 1514 3779 an.
1547 3741 1659 3796 seq.

2114 3459 2346 3513 dantur.
2379 3454 2591 3511 Hazruli
2623 3454 2894 3511 Baeticam
2928 3454 3229 3510 invadunt.
3266 3455 3623 3527 Majorianus
3654 3458 3763 3513 im-

2114 3546 2524 3619 perator,facta
2553 3561 2687 3599 eum
2706 3544 3067 3600 Theoderico
3089 3548 3146 3600 et
3164 3544 3367 3601 Gothis
3393 3552 3764 3618 pace,contra

2111 3634 2430 3691 Wandalos
2459 3638 2517 3719 et
2548 3633 2764 3691 Suevos
2796 3651 2902 3689 suo
2931 3650 3031 3690 eos
3062 3632 3265 3689 ascivit
3296 3633 3521 3721 auxilio
3538 3635 3670 3691 Μαι.
3701 3653 3757 3691 a.

2110 3741 2218 3797 seq.

1352 3873 1830 3931 COMPENDIUM
1871 3874 1960 3931 EX
2000 3874 2251 3932 CODICE
2291 3872 2675 3928 BERNOLDI.

408 4022 507 4079 451
549 4022 722 4077 Attila
746 4036 847 4076 rea:
874 4019 1113 4075 collectis
1138 4017 1350 4074 viribus
1369 4018 1681 4089 Aquileiam
1695 4035 1907 4092 magna
1936 4022 1994 4075 vi
2102 4034 2261 4091 quem
2289 4017 2477 4072 Avitus
2506 4015 2743 4086 sumpsit
2776 4014 3088 4085 imperium.
3117 4045 3181 4055 —
3212 4016 3330 4087 Ipso
3359 4030 3506 4070 anno
3555 4015 3746 4071 Cense-

338 4114 520 4184 cepit;
553 4110 622 4165 ad
650 4125 808 4181 quem
853 4107 1266 4164 Valentinianus
1292 4108 1613 4179 imperator,
1647 4111 1880 4164 Leonem
1894 4125 1998 4180 pa-

334 4218 471 4272 pam
498 4200 745 4265 mittens,
772 4213 964 4270 pacem
992 4212 1118 4251 cum
1145 4211 1206 4252 eo
1234 4196 1383 4267 fecit.

414 4292 523 4345 452
551 4289 719 4344 Attila
746 4303 850 4343 rex
877 4288 1199 4343 Hunnorum
1227 4287 1288 4341 in
1316 4286 1431 4342 suis
1467 4286 1688 4342 sedibus
1732 4302 1831 4341 mn,
1863 4288 1993 4341 itur.

2100 4109 2252 4162 ricus
2282 4122 2380 4161 rex
2418 4103 2801 4160 Wandalorum
2832 4104 3054 4159 Romam
3085 4106 3298 4160 cunctis
3323 4105 3516 4176 Opibus
3564 4121 3757 4177 exspo-

2120 4195 2283 4337 11125
2296 4281 2484 4337 Avitus
2508 4281 2800 4352 imperium
2820 4281 3120 4337 Placentiae
3134 4251 3503 4355 deposuit,pro
3521 4298 3623 4355 quo
3646 4282 3758 4338 Ma-

346 4381 453 4434 Hoc
499 4382 741 4448 tempore
778 4385 979 4448 quarta
1016 4375 1324 4448 synodus...
1374 4384 1753 4446 congregatur,
1809 4375 1999 4447 ibique
2089 4373 2355 4444 jorianus
2384 4371 2636 4442 regnavit
2665 4372 2830 4425 annis
2858 4379 3115 4443 quatuor.

347 4468 624 4524 damnatis
669 4466 942 4522 hxreticis
965 4481 1120 4519 xxvn
1149 4479 1385 4521 canones
1435 4467 1763 4519 statueram.

2178 4462 2283 4515 456
2308 4460 2611 4515 Martianus
2657 4461 2790 4531 imp.
2845 4459 3086 4515 Orientis
3136 4462 3291 4527 obiit,
3346 4477 3447 4532 pro
3498 4478 3601 4530 quo
3655 4462 3759 4516 Leo

418 4557 526 4612 453
564 4555 981 4611 Valentinianus
1022 4555 1154 4625 imp.
1205 4554 1423 4609 Aetium
1478 4555 1780 4625 patricium
1820 4568 1994 4609 manu
2021 4552 2068 4617 D
2099 4552 2233 4623 imp.
2267 4551 2431 4603 annis
2462 4538 2580 4613 xvri
2608 4556 2821 4619 regnat.
2855 4550 2932 4603 Ab
2978 4548 3076 4603 hoc
3122 4565 3267 4602 anno
3323 4548 3587 4602 Victorius
3630 4565 3750 4619 pas-

346 4662 447 4702 sua
472 4647 538 4700 in
562 4642 780 4716 palatio
803 4642 1186 4714 fraudulenter
1214 4641 1429 4699 occidit.

417 4736 522 4789 454
558 4733 975 4789 Valentinianus
1006 4732 1137 4803 imp.
1167 4731 1225 4786 in
1255 4745 1445 4802 campo
1475 4730 1668 4785 Martio
1697 4731 1767 4784 ab
1797 4732 1998 4787 amicis

351 4825 487 4880 Aetii
510 4822 897 4882 interimitur;
926 4836 1024 4893 pro
1052 4835 1156 4893 quo
1195 4819 1466 4875 Maximus
1509 4818 1773 4875 invadens
1826 4821 1997 4892 impe-

352 4912 513 4981 rium,
541 4913 697 4983 infra
719 4909 854 4967 duos
883 4922 1098 4965 menses
1126 4925 1161 4964 a
1200 4905 1475 4964 militibus
1529 4907 1813 4964 occiditur.
1873 4909 2000 4964 Post

2106 4639 2287 4696 chales
2317 4637 2512 4709 cyclos,
2546 4637 2636 4692 sed
2666 4651 2851 4691 errore
2874 4637 3089 4707 plenos,
3122 4635 3588 4704 inchoatjubente
3610 4653 3755 4708 papa

2109 4729 2343 4784 Hilario.

2180 4818 2280 4872 457
2306 4815 2640 4885 Maiorianus
2670 4816 2799 4885 imp.
2834 4812 3139 4870 Occidentis
3170 4814 3230 4868 in
3279 4813 3523 4884 Africam
3569 4822 3756 4870 contra

2113 4905 2400 4966 Wandalos
2428 4904 2596 4959 movit
2619 4904 2981 4975 procinctum.

1945 5060 2176 5117 NOT/E.

419 5185 732 5259 (105)Editi
752 5201 1010 5259 pugnam
1031 5183 1182 5241 hanc
1204 5183 1275 5240 ad
1298 5182 1495 5259 an.4§l
1536 5184 1999 5259 consignantmti

357 5263 408 5314 et
431 5255 606 5331 plura
619 5255 1112 5337 subs—equeptium
1125 5271 1416 5337 annorum
1434 5256 1586 5337 facta
1605 5255 1832 5337 integro
1847 5274 1916 5337 an
1926 5274 1999 5337 n_o

357 5326 886 5401 promovent.For'te
915 5327 1012 5383 hic
1043 5326 1337 5401 notandus
1369 5326 1575 5401 fuisset
1596 5326 1792 5401 an.45_l
1827 5333 1897 5401 (et
1917 5328 2000 5383 sic

352 5398 707 5474 porro.qupd
730 5404 930 5474 tamen
952 5403 1155 5474 contra
1166 5398 1402 5474 popiees
1427 5400 1657 5474 mutare
1679 5399 1998 5474 noluimus.

419 5468 582 5545 (106)’
601 5471 886 5545 Evagrius
917 5470 1139 5545 aliique
1157 5469 1275 5545 hoc
1304 5468 1776 5545 Chalcedonense
1805 5470 2003 5527 conci-

352 5540 491 5598 lium
528 5540 683 5599 recte
714 5540 787 5598 ad
818 5540 1056 5597 annum‘
1073 5540 1170 5596 451
1209 5542 1504 5599 revocant.

417 5615 568 5689 (107)
596 5612 798 5672 Prima
817 5612 917 5689 hic
933 5612 1163 5689 mentio
1185 5629 1245 5670 re

1330 5611 1349 5668 i
1373 5611 1730 5675 Francorum
1752 5612 2007 5672 occurrit

353 5681 806 5763 xu'ller'manno,
839 5700 873 5747 ι
895 5684 1160 5749 Moroveo
1193 5681 1552 5763 sollicot,qut
1582 5682 1786 5766 prima
1803 5683 2007 5765 stirpis

2110 5182 2350 5257 regibus
2399 5197 2612 5257 nomen
2646 5180 2823 5237 dedit.
2858 5180 3209 5255 Fredeg.Hos
3234 5179 3508 5250 deinceps
3533 5177 3588 5232 in
3614 5193 3762 5232 mar-

2109 5253 2621 5329 eiﬁanotsbimua

2180 5326 2329 5397 (108)
2359 5325 2571 5396 Pagius
2602 5323 2695 5397 hic
2728 5323 3042 5397 Baronium
3077 5327 3267 5397 notat,
3300 5320 3541 5397 qui_ho_c
3567 5321 3635 5375 ad
3660 5337 3754 5374 an.

2112 5392 2216 5452 463
2240 5392 2570 5464 ι’θῗοτῐβυῐη
2597 5396 2819 5451 factum
2841 5395 2919 5449 sit
2938 5392 3316 5450 Constantino
3333 5397 3390 5447 et
3406 5392 3558 5447 Rufo
3580 5409 3710 5446 coss
3743 5434 3755 5451 .

2113 5473 2177 5525 ut
2207 5468 2391 5541 liquet
2412 5463 2479 5541 ex
2510 5467 2844 5541 praefatione
2873 5465 3131 5541 Victorii,
3181 5463 3440 5536 adeoque
3484 5481 3580 5533 an,
3634 5464 3755 5530 457,

2114 5556 2230 5614 quo
2256 5535 2526 5614 (Hilarius
2549 5537 2742 5614 adhuc
2784 5535 3228 5614 archidiaconus
3255 5541 3398 5614 erat.

2188 5612 2337 5679 (109)
2372 5610 2593 5668 Idatius
2623 5609 2696 5666 ad
2726 5608 2785 5664 h.
2819 5624 2872 5663 a.
2904 5606 3079 5679 habet
3105 5622 3236 5679 pare
3263 5608 3467 5677 furata.

2189 5612 2315 5679 (109
2372 5612 2593 5668 Idatius
2623 5612 2696 5666 ad
2726 5612 2785 5664 h.
2819 5624 2872 5663 a.
2904 5612 3079 5662 habet
3105 5622 3236 5679 pare
3263 5612 3384 5677 fam

2189 5612 2341 5764 (HO;
2372 5682 2594 5741 Idatius
2626 5676 3079 5737 Remismundum
3110 5679 3384 5753 appellat.
