  <div class='ocr_page' id='page_1' title='image "/cluster/home/n/w/nwhite01/storage/ocr_20150623/143/hvd.32044054760038/058.png"; bbox 0 0 4124 6188; ppageno 0'>
   <div class='ocr_carea' id='block_1_1' title="bbox 298 344 399 411">
    <p class='ocr_par' dir='ltr' id='par_1_1' title="bbox 298 344 399 411">
     <span class='ocr_line' id='line_1_1' title="bbox 298 344 399 411; baseline 0.01 -1"><span class='ocrx_word' id='word_1_1' title='bbox 298 344 399 411; x_wconf 75' lang='grc'><strong>101</strong></span> 
     </span>
    </p>
   </div>
   <div class='ocr_carea' id='block_1_2' title="bbox 1533 344 2461 415">
    <p class='ocr_par' dir='ltr' id='par_1_2' title="bbox 1533 344 2461 415">
     <span class='ocr_line' id='line_1_2' title="bbox 1533 344 2461 415; baseline 0.002 -4"><span class='ocrx_word' id='word_1_2' title='bbox 1533 344 2010 414; x_wconf 81' lang='lat' dir='ltr'><strong>CHRONICON.</strong></span> <span class='ocrx_word' id='word_1_3' title='bbox 2045 385 2121 396; x_wconf 87' lang='lat'><strong>——</strong></span> <span class='ocrx_word' id='word_1_4' title='bbox 2154 350 2341 414; x_wconf 78' lang='lat' dir='ltr'><strong>S/EC.</strong></span> <span class='ocrx_word' id='word_1_5' title='bbox 2391 350 2461 415; x_wconf 89' lang='lat' dir='ltr'><strong>V.</strong></span> 
     </span>
    </p>
   </div>
   <div class='ocr_carea' id='block_1_3' title="bbox 3588 366 3703 424">
    <p class='ocr_par' dir='ltr' id='par_1_3' title="bbox 3588 366 3703 424">
     <span class='ocr_line' id='line_1_3' title="bbox 3588 366 3703 424; baseline 0 -1"><span class='ocrx_word' id='word_1_6' title='bbox 3588 366 3703 424; x_wconf 75' lang='grc'><strong>102</strong></span> 
     </span>
    </p>
   </div>
   <div class='ocr_carea' id='block_1_4' title="bbox 1667 483 2335 541">
    <p class='ocr_par' dir='ltr' id='par_1_4' title="bbox 1667 483 2335 541">
     <span class='ocr_line' id='line_1_4' title="bbox 1667 483 2335 541; baseline -0.001 0"><span class='ocrx_word' id='word_1_7' title='bbox 1667 483 1898 541; x_wconf 85' lang='lat' dir='ltr'><strong>CODEX</strong></span> <span class='ocrx_word' id='word_1_8' title='bbox 1936 484 2335 541; x_wconf 77' lang='lat' dir='ltr'><strong>AUGIENSIS.</strong></span> 
     </span>
    </p>
   </div>
   <div class='ocr_carea' id='block_1_5' title="bbox 365 557 2023 646">
    <p class='ocr_par' dir='ltr' id='par_1_5' title="bbox 365 557 2023 646">
     <span class='ocr_line' id='line_1_5' title="bbox 365 557 2023 646; baseline 0.001 -18"><span class='ocrx_word' id='word_1_9' title='bbox 365 574 473 630; x_wconf 85' lang='grc'><strong>473</strong></span> <span class='ocrx_word' id='word_1_10' title='bbox 501 557 1008 646; x_wconf 82' lang='lat' dir='ltr'><strong>Constantinopoli</strong></span> <span class='ocrx_word' id='word_1_11' title='bbox 1041 573 1151 629; x_wconf 86' lang='lat' dir='ltr'><strong>Leo</strong></span> <span class='ocrx_word' id='word_1_12' title='bbox 1182 571 1376 629; x_wconf 87' lang='lat' dir='ltr'><strong>senior</strong></span> <span class='ocrx_word' id='word_1_13' title='bbox 1407 571 1727 646; x_wconf 83' lang='lat' dir='ltr'><strong>imperator</strong></span> <span class='ocrx_word' id='word_1_14' title='bbox 1755 572 1936 640; x_wconf 91' lang='lat' dir='ltr'><strong>obiit;</strong></span> <span class='ocrx_word' id='word_1_15' title='bbox 1969 575 2023 641; x_wconf 84' lang='grc' dir='ltr'>Α</span> 
     </span>
    </p>
   </div>
   <div class='ocr_carea' id='block_1_6' title="bbox 296 661 1942 736">
    <p class='ocr_par' dir='ltr' id='par_1_6' title="bbox 296 661 1942 736">
     <span class='ocr_line' id='line_1_6' title="bbox 296 661 1942 736; baseline -0.002 -17"><span class='ocrx_word' id='word_1_16' title='bbox 296 668 429 736; x_wconf 85' lang='lat' dir='ltr'><strong>post</strong></span> <span class='ocrx_word' id='word_1_17' title='bbox 465 678 635 734; x_wconf 87' lang='lat' dir='ltr'><strong>quem</strong></span> <span class='ocrx_word' id='word_1_18' title='bbox 667 662 780 718; x_wconf 87' lang='lat' dir='ltr'><strong>Leo</strong></span> <span class='ocrx_word' id='word_1_19' title='bbox 802 661 1009 733; x_wconf 84' lang='lat' dir='ltr'><strong>junior</strong></span> <span class='ocrx_word' id='word_1_20' title='bbox 1041 662 1139 718; x_wconf 76' lang='grc'><strong>54</strong></span> <span class='ocrx_word' id='word_1_21' title='bbox 1173 662 1374 734; x_wconf 83' lang='lat' dir='ltr'><strong>paucis</strong></span> <span class='ocrx_word' id='word_1_22' title='bbox 1416 678 1668 734; x_wconf 83' lang='lat' dir='ltr'><strong>regnans</strong></span> <span class='ocrx_word' id='word_1_23' title='bbox 1719 662 1942 718; x_wconf 87' lang='lat' dir='ltr'><strong>mensi-</strong></span> 
     </span>
    </p>
   </div>
   <div class='ocr_carea' id='block_1_7' title="bbox 2127 575 3706 655">
    <p class='ocr_par' dir='ltr' id='par_1_7' title="bbox 2127 575 3706 655">
     <span class='ocr_line' id='line_1_7' title="bbox 2127 575 3706 655; baseline 0.009 -29"><span class='ocrx_word' id='word_1_24' title='bbox 2127 575 2229 627; x_wconf 51' lang='lat'><strong>:83</strong></span> <span class='ocrx_word' id='word_1_25' title='bbox 2260 575 2409 631; x_wconf 86' lang='lat' dir='ltr'><strong>Zeno</strong></span> <span class='ocrx_word' id='word_1_26' title='bbox 2433 579 2735 648; x_wconf 88' lang='lat' dir='ltr'><strong>Augustus</strong></span> <span class='ocrx_word' id='word_1_27' title='bbox 2756 576 3186 632; x_wconf 88' lang='lat' dir='ltr'><strong>Theodoricum</strong></span> <span class='ocrx_word' id='word_1_28' title='bbox 3208 578 3388 650; x_wconf 80' lang='lat' dir='ltr'><strong>hujus</strong></span> <span class='ocrx_word' id='word_1_29' title='bbox 3409 598 3545 655; x_wconf 65' lang='lat' dir='ltr'><strong>anni</strong></span> <span class='ocrx_word' id='word_1_30' title='bbox 3571 601 3706 639; x_wconf 84' lang='lat' dir='ltr'><strong>con-</strong></span> 
     </span>
    </p>
   </div>
   <div class='ocr_carea' id='block_1_8' title="bbox 2056 662 3702 735">
    <p class='ocr_par' dir='ltr' id='par_1_8' title="bbox 2056 662 3702 735">
     <span class='ocr_line' id='line_1_8' title="bbox 2056 662 3702 735; baseline 0.005 -18"><span class='ocrx_word' id='word_1_31' title='bbox 2056 662 2243 719; x_wconf 84' lang='lat' dir='ltr'><strong>sulem</strong></span> <span class='ocrx_word' id='word_1_32' title='bbox 2280 664 2451 735; x_wconf 81' lang='grc'>(121),</span> <span class='ocrx_word' id='word_1_33' title='bbox 2485 670 2542 718; x_wconf 91' lang='lat' dir='ltr'><strong>et</strong></span> <span class='ocrx_word' id='word_1_34' title='bbox 2574 665 2923 735; x_wconf 84' lang='lat' dir='ltr'><strong>magistrum</strong></span> <span class='ocrx_word' id='word_1_35' title='bbox 2960 666 3214 721; x_wconf 83' lang='lat' dir='ltr'><strong>militum</strong></span> <span class='ocrx_word' id='word_1_36' title='bbox 3276 669 3427 723; x_wconf 77' lang='lat' dir='ltr'><strong>fecit.</strong></span> <span class='ocrx_word' id='word_1_37' title='bbox 3466 670 3615 725; x_wconf 82' lang='lat' dir='ltr'><strong>Cass.</strong></span> <span class='ocrx_word' id='word_1_38' title='bbox 3650 689 3702 727; x_wconf 89' lang='lat' dir='ltr'><strong>a.</strong></span> 
     </span>
    </p>
   </div>
   <div class='ocr_carea' id='block_1_9' title="bbox 296 749 3704 826">
    <p class='ocr_par' dir='ltr' id='par_1_9' title="bbox 296 749 3704 826">
     <span class='ocr_line' id='line_1_9' title="bbox 296 749 3704 826; baseline 0.002 -20"><span class='ocrx_word' id='word_1_39' title='bbox 296 751 424 817; x_wconf 87' lang='lat' dir='ltr'><strong>bus,</strong></span> <span class='ocrx_word' id='word_1_40' title='bbox 459 757 517 806; x_wconf 91' lang='lat' dir='ltr'><strong>et</strong></span> <span class='ocrx_word' id='word_1_41' title='bbox 545 750 674 823; x_wconf 90' lang='lat' dir='ltr'><strong>ipse</strong></span> <span class='ocrx_word' id='word_1_42' title='bbox 701 750 997 818; x_wconf 82' lang='lat' dir='ltr'><strong>decessit;</strong></span> <span class='ocrx_word' id='word_1_43' title='bbox 1029 755 1087 806; x_wconf 88' lang='lat' dir='ltr'><strong>et</strong></span> <span class='ocrx_word' id='word_1_44' title='bbox 1117 755 1254 823; x_wconf 92' lang='lat' dir='ltr'><strong>post</strong></span> <span class='ocrx_word' id='word_1_45' title='bbox 1281 749 1438 806; x_wconf 90' lang='lat' dir='ltr'><strong>hunc</strong></span> <span class='ocrx_word' id='word_1_46' title='bbox 1454 751 1607 806; x_wconf 83' lang='lat' dir='ltr'><strong>Zeno</strong></span> <span class='ocrx_word' id='word_1_47' title='bbox 1630 750 1946 823; x_wconf 75' lang='lat' dir='ltr'><strong>imperator</strong></span> <span class='ocrx_word' id='word_1_48' title='bbox 2053 768 2166 823; x_wconf 89' lang='lat' dir='ltr'><strong>seq.</strong></span> <span class='ocrx_word' id='word_1_49' title='bbox 2202 783 2267 791; x_wconf 93' lang='lat'>—</span> <span class='ocrx_word' id='word_1_50' title='bbox 2292 752 2491 817; x_wconf 77' lang='lat' dir='ltr'><strong>Romae</strong></span> <span class='ocrx_word' id='word_1_51' title='bbox 2521 750 2676 807; x_wconf 83' lang='lat' dir='ltr'><strong>Felix</strong></span> <span class='ocrx_word' id='word_1_52' title='bbox 2717 752 2790 807; x_wconf 86' lang='lat' dir='ltr'><strong>lll</strong></span> <span class='ocrx_word' id='word_1_53' title='bbox 2824 771 2973 826; x_wconf 81' lang='lat' dir='ltr'><strong>papa</strong></span> <span class='ocrx_word' id='word_1_54' title='bbox 3026 756 3066 809; x_wconf 94' lang='lat' dir='ltr'><strong>L</strong></span> <span class='ocrx_word' id='word_1_55' title='bbox 3096 755 3248 811; x_wconf 87' lang='lat' dir='ltr'><strong>sedit</strong></span> <span class='ocrx_word' id='word_1_56' title='bbox 3278 757 3447 813; x_wconf 89' lang='lat' dir='ltr'><strong>annis</strong></span> <span class='ocrx_word' id='word_1_57' title='bbox 3478 758 3595 814; x_wconf 85' lang='lat' dir='ltr'><strong>fere</strong></span> <span class='ocrx_word' id='word_1_58' title='bbox 3627 777 3704 826; x_wconf 84' lang='lat' dir='ltr'><strong>1x,</strong></span> 
     </span>
    </p>
   </div>
   <div class='ocr_carea' id='block_1_10' title="bbox 292 837 1945 913">
    <p class='ocr_par' dir='ltr' id='par_1_10' title="bbox 292 837 1945 913">
     <span class='ocr_line' id='line_1_10' title="bbox 292 837 1945 913; baseline -0.001 -18"><span class='ocrx_word' id='word_1_59' title='bbox 292 840 481 895; x_wconf 83' lang='lat' dir='ltr'><strong>factus</strong></span> <span class='ocrx_word' id='word_1_60' title='bbox 511 839 779 913; x_wconf 80' lang='lat' dir='ltr'><strong>regnavit</strong></span> <span class='ocrx_word' id='word_1_61' title='bbox 808 838 977 896; x_wconf 89' lang='lat' dir='ltr'><strong>annis</strong></span> <span class='ocrx_word' id='word_1_62' title='bbox 1005 856 1143 896; x_wconf 81' lang='lat' dir='ltr'><strong>xvn.</strong></span> <span class='ocrx_word' id='word_1_63' title='bbox 1196 839 1392 894; x_wconf 69' lang='lat' dir='ltr'><strong>Romae</strong></span> <span class='ocrx_word' id='word_1_64' title='bbox 1423 854 1656 912; x_wconf 88' lang='lat' dir='ltr'><strong>quoque</strong></span> <span class='ocrx_word' id='word_1_65' title='bbox 1684 837 1945 910; x_wconf 78' lang='lat' dir='ltr'><strong>Glycerio</strong></span> 
     </span>
    </p>
   </div>
   <div class='ocr_carea' id='block_1_11' title="bbox 292 927 1694 1001">
    <p class='ocr_par' dir='ltr' id='par_1_11' title="bbox 292 927 1694 1001">
     <span class='ocr_line' id='line_1_11' title="bbox 292 927 1694 1001; baseline -0.002 -16"><span class='ocrx_word' id='word_1_66' title='bbox 292 929 482 1000; x_wconf 80' lang='lat' dir='ltr'><strong>Nepos</strong></span> <span class='ocrx_word' id='word_1_67' title='bbox 512 929 574 983; x_wconf 91' lang='lat' dir='ltr'><strong>in</strong></span> <span class='ocrx_word' id='word_1_68' title='bbox 606 927 854 1001; x_wconf 89' lang='lat' dir='ltr'><strong>imperio</strong></span> <span class='ocrx_word' id='word_1_69' title='bbox 886 928 1188 985; x_wconf 90' lang='lat' dir='ltr'><strong>successit.</strong></span> <span class='ocrx_word' id='word_1_70' title='bbox 1222 927 1459 985; x_wconf 81' lang='lat' dir='ltr'><strong>Marcell.</strong></span> <span class='ocrx_word' id='word_1_71' title='bbox 1493 944 1546 982; x_wconf 90' lang='lat' dir='ltr'><strong>a.</strong></span> <span class='ocrx_word' id='word_1_72' title='bbox 1584 943 1694 1000; x_wconf 86' lang='lat' dir='ltr'><strong>seq.</strong></span> 
     </span>
    </p>
   </div>
   <div class='ocr_carea' id='block_1_12' title="bbox 358 1004 1950 1088">
    <p class='ocr_par' dir='ltr' id='par_1_12' title="bbox 358 1004 1950 1088">
     <span class='ocr_line' id='line_1_12' title="bbox 358 1004 1950 1088; baseline -0.001 -16"><span class='ocrx_word' id='word_1_73' title='bbox 358 1018 465 1072; x_wconf 82' lang='grc'>474</span> <span class='ocrx_word' id='word_1_74' title='bbox 496 1017 695 1073; x_wconf 72' lang='lat' dir='ltr'><strong>Roma:</strong></span> <span class='ocrx_word' id='word_1_75' title='bbox 728 1016 963 1073; x_wconf 76' lang='lat' dir='ltr'><strong>Orestes</strong></span> <span class='ocrx_word' id='word_1_76' title='bbox 995 1015 1301 1088; x_wconf 89' lang='lat' dir='ltr'><strong>patricius,</strong></span> <span class='ocrx_word' id='word_1_77' title='bbox 1332 1004 1550 1087; x_wconf 83' lang='lat' dir='ltr'><strong>Nepote</strong></span> <span class='ocrx_word' id='word_1_78' title='bbox 1597 1014 1950 1087; x_wconf 84' lang='lat' dir='ltr'><strong>imperatore</strong></span> 
     </span>
    </p>
   </div>
   <div class='ocr_carea' id='block_1_13' title="bbox 291 1103 1949 1179">
    <p class='ocr_par' dir='ltr' id='par_1_13' title="bbox 291 1103 1949 1179">
     <span class='ocr_line' id='line_1_13' title="bbox 291 1103 1949 1179; baseline -0.001 -18"><span class='ocrx_word' id='word_1_79' title='bbox 291 1107 347 1161; x_wconf 90' lang='lat' dir='ltr'><strong>in</strong></span> <span class='ocrx_word' id='word_1_80' title='bbox 373 1104 703 1163; x_wconf 80' lang='lat' dir='ltr'><strong>Dalmatiae</strong></span> <span class='ocrx_word' id='word_1_81' title='bbox 730 1106 953 1179; x_wconf 82' lang='lat' dir='ltr'><strong>fugato,</strong></span> <span class='ocrx_word' id='word_1_82' title='bbox 986 1104 1178 1161; x_wconf 82' lang='lat' dir='ltr'><strong>filium</strong></span> <span class='ocrx_word' id='word_1_83' title='bbox 1199 1122 1376 1161; x_wconf 90' lang='lat' dir='ltr'><strong>suum</strong></span> <span class='ocrx_word' id='word_1_84' title='bbox 1406 1103 1801 1177; x_wconf 83' lang='lat' dir='ltr'><strong>Augustulum</strong></span> <span class='ocrx_word' id='word_1_85' title='bbox 1833 1104 1949 1160; x_wconf 87' lang='lat' dir='ltr'><strong>im-</strong></span> 
     </span>
    </p>
   </div>
   <div class='ocr_carea' id='block_1_14' title="bbox 294 1194 1589 1268">
    <p class='ocr_par' dir='ltr' id='par_1_14' title="bbox 294 1194 1589 1268">
     <span class='ocr_line' id='line_1_14' title="bbox 294 1194 1589 1268; baseline -0.003 -17"><span class='ocrx_word' id='word_1_86' title='bbox 294 1201 624 1268; x_wconf 87' lang='lat' dir='ltr'><strong>peratorem</strong></span> <span class='ocrx_word' id='word_1_87' title='bbox 655 1194 981 1252; x_wconf 74' lang='lat' dir='ltr'><strong>constituit.</strong></span> <span class='ocrx_word' id='word_1_88' title='bbox 1020 1195 1175 1251; x_wconf 85' lang='lat' dir='ltr'><strong>Cass.</strong></span> <span class='ocrx_word' id='word_1_89' title='bbox 1207 1211 1262 1248; x_wconf 91' lang='lat' dir='ltr'><strong>a.</strong></span> <span class='ocrx_word' id='word_1_90' title='bbox 1293 1208 1404 1265; x_wconf 91' lang='lat' dir='ltr'><strong>seq.</strong></span> <span class='ocrx_word' id='word_1_91' title='bbox 1437 1194 1589 1249; x_wconf 87' lang='lat' dir='ltr'><strong>Jorn.</strong></span> 
     </span>
    </p>
   </div>
   <div class='ocr_carea' id='block_1_15' title="bbox 359 1281 1948 1355">
    <p class='ocr_par' dir='ltr' id='par_1_15' title="bbox 359 1281 1948 1355">
     <span class='ocr_line' id='line_1_15' title="bbox 359 1281 1948 1355; baseline -0.001 -17"><span class='ocrx_word' id='word_1_92' title='bbox 359 1285 470 1338; x_wconf 84' lang='grc'>475</span> <span class='ocrx_word' id='word_1_93' title='bbox 499 1283 762 1339; x_wconf 89' lang='lat' dir='ltr'><strong>Odoacer</strong></span> <span class='ocrx_word' id='word_1_94' title='bbox 788 1300 889 1339; x_wconf 91' lang='lat' dir='ltr'><strong>rex</strong></span> <span class='ocrx_word' id='word_1_95' title='bbox 916 1281 1387 1355; x_wconf 89' lang='lat' dir='ltr'><strong>Torcilingorum</strong></span> <span class='ocrx_word' id='word_1_96' title='bbox 1409 1286 1466 1336; x_wconf 93' lang='lat' dir='ltr'><strong>et</strong></span> <span class='ocrx_word' id='word_1_97' title='bbox 1488 1282 1790 1354; x_wconf 83' lang='lat' dir='ltr'><strong>Rugorum</strong></span> <span class='ocrx_word' id='word_1_98' title='bbox 1813 1297 1948 1337; x_wconf 91' lang='lat' dir='ltr'><strong>cum</strong></span> 
     </span>
    </p>
   </div>
   <div class='ocr_carea' id='block_1_16' title="bbox 293 1358 1949 1442">
    <p class='ocr_par' dir='ltr' id='par_1_16' title="bbox 293 1358 1949 1442">
     <span class='ocr_line' id='line_1_16' title="bbox 293 1358 1949 1442; baseline -0.002 -14"><span class='ocrx_word' id='word_1_99' title='bbox 293 1370 498 1428; x_wconf 86' lang='lat' dir='ltr'><strong>multis</strong></span> <span class='ocrx_word' id='word_1_100' title='bbox 525 1372 926 1428; x_wconf 88' lang='lat' dir='ltr'><strong>Barbarorum</strong></span> <span class='ocrx_word' id='word_1_101' title='bbox 958 1371 1193 1427; x_wconf 84' lang='lat' dir='ltr'><strong>auxiliis</strong></span> <span class='ocrx_word' id='word_1_102' title='bbox 1213 1387 1459 1442; x_wconf 85' lang='lat' dir='ltr'><strong>pervasa</strong></span> <span class='ocrx_word' id='word_1_103' title='bbox 1489 1369 1676 1440; x_wconf 87' lang='lat' dir='ltr'><strong>Italia,</strong></span> <span class='ocrx_word' id='word_1_104' title='bbox 1703 1358 1949 1424; x_wconf 82' lang='lat' dir='ltr'><strong>Romam</strong></span> 
     </span>
    </p>
   </div>
   <div class='ocr_carea' id='block_1_17' title="bbox 293 1458 1947 1532">
    <p class='ocr_par' dir='ltr' id='par_1_17' title="bbox 293 1458 1947 1532">
     <span class='ocr_line' id='line_1_17' title="bbox 293 1458 1947 1532; baseline -0.002 -16"><span class='ocrx_word' id='word_1_105' title='bbox 293 1461 551 1517; x_wconf 87' lang='lat' dir='ltr'><strong>obtinuit</strong></span> <span class='ocrx_word' id='word_1_106' title='bbox 573 1477 728 1516; x_wconf 87' lang='lat' dir='ltr'><strong>anno</strong></span> <span class='ocrx_word' id='word_1_107' title='bbox 749 1478 784 1516; x_wconf 87' lang='lat' dir='ltr'><strong>a</strong></span> <span class='ocrx_word' id='word_1_108' title='bbox 813 1460 1145 1523; x_wconf 86' lang='lat' dir='ltr'><strong>conditione</strong></span> <span class='ocrx_word' id='word_1_109' title='bbox 1167 1460 1218 1532; x_wconf 83' lang='lat' dir='ltr'><strong>ej</strong></span> <span class='ocrx_word' id='word_1_110' title='bbox 1230 1476 1297 1515; x_wconf 90' lang='lat' dir='ltr'><strong>us</strong></span> <span class='ocrx_word' id='word_1_111' title='bbox 1318 1458 1631 1515; x_wconf 82' lang='lat' dir='ltr'><strong>MCCXXX.</strong></span> <span class='ocrx_word' id='word_1_112' title='bbox 1663 1458 1947 1526; x_wconf 88' lang='lat' dir='ltr'><strong>Orestem,</strong></span> 
     </span>
    </p>
   </div>
   <div class='ocr_carea' id='block_1_18' title="bbox 296 1545 1950 1621">
    <p class='ocr_par' dir='ltr' id='par_1_18' title="bbox 296 1545 1950 1621">
     <span class='ocr_line' id='line_1_18' title="bbox 296 1545 1950 1621; baseline -0.004 -15"><span class='ocrx_word' id='word_1_113' title='bbox 296 1555 345 1606; x_wconf 89' lang='lat' dir='ltr'><strong>et</strong></span> <span class='ocrx_word' id='word_1_114' title='bbox 363 1548 623 1605; x_wconf 85' lang='lat' dir='ltr'><strong>Paulum</strong></span> <span class='ocrx_word' id='word_1_115' title='bbox 645 1549 855 1605; x_wconf 86' lang='lat' dir='ltr'><strong>fratres</strong></span> <span class='ocrx_word' id='word_1_116' title='bbox 877 1547 1153 1621; x_wconf 87' lang='lat' dir='ltr'><strong>patricios</strong></span> <span class='ocrx_word' id='word_1_117' title='bbox 1171 1547 1406 1618; x_wconf 91' lang='lat' dir='ltr'><strong>occidit,</strong></span> <span class='ocrx_word' id='word_1_118' title='bbox 1423 1545 1820 1619; x_wconf 86' lang='lat' dir='ltr'><strong>Augustulum</strong></span> <span class='ocrx_word' id='word_1_119' title='bbox 1845 1548 1950 1600; x_wconf 87' lang='lat' dir='ltr'><strong>im—</strong></span> 
     </span>
    </p>
   </div>
   <div class='ocr_carea' id='block_1_19' title="bbox 296 1635 1948 1710">
    <p class='ocr_par' dir='ltr' id='par_1_19' title="bbox 296 1635 1948 1710">
     <span class='ocr_line' id='line_1_19' title="bbox 296 1635 1948 1710; baseline -0.003 -16"><span class='ocrx_word' id='word_1_120' title='bbox 296 1644 625 1710; x_wconf 86' lang='lat' dir='ltr'><strong>peratorem</strong></span> <span class='ocrx_word' id='word_1_121' title='bbox 656 1637 858 1695; x_wconf 86' lang='lat' dir='ltr'><strong>exsilio</strong></span> <span class='ocrx_word' id='word_1_122' title='bbox 891 1638 1213 1703; x_wconf 86' lang='lat' dir='ltr'><strong>damnavit,</strong></span> <span class='ocrx_word' id='word_1_123' title='bbox 1243 1641 1300 1692; x_wconf 92' lang='lat' dir='ltr'><strong>et</strong></span> <span class='ocrx_word' id='word_1_124' title='bbox 1328 1653 1435 1709; x_wconf 90' lang='lat' dir='ltr'><strong>pro</strong></span> <span class='ocrx_word' id='word_1_125' title='bbox 1465 1652 1531 1691; x_wconf 93' lang='lat' dir='ltr'><strong>eo</strong></span> <span class='ocrx_word' id='word_1_126' title='bbox 1556 1635 1712 1707; x_wconf 88' lang='lat' dir='ltr'><strong>regis</strong></span> <span class='ocrx_word' id='word_1_127' title='bbox 1735 1651 1948 1690; x_wconf 90' lang='lat' dir='ltr'><strong>nomen</strong></span> 
     </span>
    </p>
   </div>
   <div class='ocr_carea' id='block_1_20' title="bbox 295 1721 1951 1800">
    <p class='ocr_par' dir='ltr' id='par_1_20' title="bbox 295 1721 1951 1800">
     <span class='ocr_line' id='line_1_20' title="bbox 295 1721 1951 1800; baseline -0.005 -16"><span class='ocrx_word' id='word_1_128' title='bbox 295 1728 573 1800; x_wconf 82' lang='lat' dir='ltr'><strong>arripuit;</strong></span> <span class='ocrx_word' id='word_1_129' title='bbox 599 1744 734 1782; x_wconf 92' lang='lat' dir='ltr'><strong>cum</strong></span> <span class='ocrx_word' id='word_1_130' title='bbox 759 1731 954 1782; x_wconf 90' lang='lat' dir='ltr'><strong>tamen</strong></span> <span class='ocrx_word' id='word_1_131' title='bbox 976 1742 1081 1782; x_wconf 92' lang='lat' dir='ltr'><strong>nec</strong></span> <span class='ocrx_word' id='word_1_132' title='bbox 1100 1742 1380 1798; x_wconf 86' lang='lat' dir='ltr'><strong>purpura,</strong></span> <span class='ocrx_word' id='word_1_133' title='bbox 1397 1742 1503 1781; x_wconf 89' lang='lat' dir='ltr'><strong>nec</strong></span> <span class='ocrx_word' id='word_1_134' title='bbox 1526 1723 1689 1796; x_wconf 85' lang='lat' dir='ltr'><strong>regni</strong></span> <span class='ocrx_word' id='word_1_135' title='bbox 1712 1721 1951 1796; x_wconf 87' lang='lat' dir='ltr'><strong>insigni-</strong></span> 
     </span>
    </p>
   </div>
   <div class='ocr_carea' id='block_1_21' title="bbox 297 1814 1360 1885">
    <p class='ocr_par' dir='ltr' id='par_1_21' title="bbox 297 1814 1360 1885">
     <span class='ocr_line' id='line_1_21' title="bbox 297 1814 1360 1885; baseline -0.004 -12"><span class='ocrx_word' id='word_1_136' title='bbox 297 1819 403 1873; x_wconf 88' lang='lat' dir='ltr'><strong>bus</strong></span> <span class='ocrx_word' id='word_1_137' title='bbox 454 1820 743 1872; x_wconf 83' lang='lat' dir='ltr'><strong>uteretur.</strong></span> <span class='ocrx_word' id='word_1_138' title='bbox 779 1815 928 1871; x_wconf 82' lang='lat' dir='ltr'><strong>Cass.</strong></span> <span class='ocrx_word' id='word_1_139' title='bbox 958 1819 1007 1871; x_wconf 85' lang='lat' dir='ltr'><strong>et</strong></span> <span class='ocrx_word' id='word_1_140' title='bbox 1035 1814 1145 1870; x_wconf 87' lang='lat' dir='ltr'><strong>alii</strong></span> <span class='ocrx_word' id='word_1_141' title='bbox 1167 1832 1221 1870; x_wconf 89' lang='lat' dir='ltr'><strong>a.</strong></span> <span class='ocrx_word' id='word_1_142' title='bbox 1251 1831 1360 1885; x_wconf 82' lang='lat' dir='ltr'><strong>seq.</strong></span> 
     </span>
    </p>
   </div>
   <div class='ocr_carea' id='block_1_22' title="bbox 2056 839 3709 913">
    <p class='ocr_par' dir='ltr' id='par_1_22' title="bbox 2056 839 3709 913">
     <span class='ocr_line' id='line_1_22' title="bbox 2056 839 3709 913; baseline 0.005 -19"><span class='ocrx_word' id='word_1_143' title='bbox 2056 840 2155 911; x_wconf 92' lang='lat' dir='ltr'><strong>qui</strong></span> <span class='ocrx_word' id='word_1_144' title='bbox 2179 839 2483 896; x_wconf 86' lang='lat' dir='ltr'><strong>basilicam</strong></span> <span class='ocrx_word' id='word_1_145' title='bbox 2508 840 2659 895; x_wconf 88' lang='lat' dir='ltr'><strong>beati</strong></span> <span class='ocrx_word' id='word_1_146' title='bbox 2678 842 3078 913; x_wconf 82' lang='lat' dir='ltr'><strong>Agapitijuxta</strong></span> <span class='ocrx_word' id='word_1_147' title='bbox 3095 845 3152 899; x_wconf 89' lang='lat' dir='ltr'><strong>S.</strong></span> <span class='ocrx_word' id='word_1_148' title='bbox 3172 845 3553 902; x_wconf 82' lang='lat' dir='ltr'><strong>Laurentium</strong></span> <span class='ocrx_word' id='word_1_149' title='bbox 3575 864 3709 903; x_wconf 90' lang='lat' dir='ltr'><strong>con-</strong></span> 
     </span>
    </p>
   </div>
   <div class='ocr_carea' id='block_1_23' title="bbox 2056 928 3705 1004">
    <p class='ocr_par' dir='ltr' id='par_1_23' title="bbox 2056 928 3705 1004">
     <span class='ocr_line' id='line_1_23' title="bbox 2056 928 3705 1004; baseline 0.004 -20"><span class='ocrx_word' id='word_1_150' title='bbox 2056 929 2290 984; x_wconf 77' lang='lat' dir='ltr'><strong>struxit.</strong></span> <span class='ocrx_word' id='word_1_151' title='bbox 2316 931 2501 983; x_wconf 84' lang='lat' dir='ltr'><strong>Anast.</strong></span> <span class='ocrx_word' id='word_1_152' title='bbox 2522 961 2590 970; x_wconf 90' lang='lat'><strong>——</strong></span> <span class='ocrx_word' id='word_1_153' title='bbox 2611 928 2813 1001; x_wconf 75' lang='lat' dir='ltr'><strong>Cyrola</strong></span> <span class='ocrx_word' id='word_1_154' title='bbox 2855 933 3103 987; x_wconf 82' lang='lat' dir='ltr'><strong>Arianus</strong></span> <span class='ocrx_word' id='word_1_155' title='bbox 3134 934 3444 1004; x_wconf 90' lang='lat' dir='ltr'><strong>episcopus</strong></span> <span class='ocrx_word' id='word_1_156' title='bbox 3471 935 3531 989; x_wconf 90' lang='lat' dir='ltr'><strong>in</strong></span> <span class='ocrx_word' id='word_1_157' title='bbox 3551 937 3705 991; x_wconf 83' lang='lat' dir='ltr'><strong>Afri-</strong></span> 
     </span>
    </p>
   </div>
   <div class='ocr_carea' id='block_1_24' title="bbox 2057 1018 3705 1095">
    <p class='ocr_par' dir='ltr' id='par_1_24' title="bbox 2057 1018 3705 1095">
     <span class='ocr_line' id='line_1_24' title="bbox 2057 1018 3705 1095; baseline 0.004 -24"><span class='ocrx_word' id='word_1_158' title='bbox 2057 1034 2144 1085; x_wconf 89' lang='lat' dir='ltr'><strong>ca,</strong></span> <span class='ocrx_word' id='word_1_159' title='bbox 2177 1018 2463 1073; x_wconf 85' lang='lat' dir='ltr'><strong>adversus</strong></span> <span class='ocrx_word' id='word_1_160' title='bbox 2496 1018 2817 1089; x_wconf 85' lang='lat' dir='ltr'><strong>Eugenium</strong></span> <span class='ocrx_word' id='word_1_161' title='bbox 2849 1019 3365 1091; x_wconf 75' lang='lat' dir='ltr'><strong>Carthaginensem</strong></span> <span class='ocrx_word' id='word_1_162' title='bbox 3416 1024 3705 1095; x_wconf 85' lang='lat' dir='ltr'><strong>archiepi-</strong></span> 
     </span>
    </p>
   </div>
   <div class='ocr_carea' id='block_1_25' title="bbox 2058 1106 3708 1178">
    <p class='ocr_par' dir='ltr' id='par_1_25' title="bbox 2058 1106 3708 1178">
     <span class='ocr_line' id='line_1_25' title="bbox 2058 1106 3708 1178; baseline 0.004 -17"><span class='ocrx_word' id='word_1_163' title='bbox 2058 1123 2301 1178; x_wconf 90' lang='lat' dir='ltr'><strong>scopum</strong></span> <span class='ocrx_word' id='word_1_164' title='bbox 2337 1106 2599 1178; x_wconf 89' lang='lat' dir='ltr'><strong>aliosque</strong></span> <span class='ocrx_word' id='word_1_165' title='bbox 2629 1107 2947 1163; x_wconf 76' lang='lat' dir='ltr'><strong>catholicos</strong></span> <span class='ocrx_word' id='word_1_166' title='bbox 3005 1108 3304 1164; x_wconf 78' lang='lat' dir='ltr'><strong>miraculis</strong></span> <span class='ocrx_word' id='word_1_167' title='bbox 3351 1110 3538 1166; x_wconf 88' lang='lat' dir='ltr'><strong>claros</strong></span> <span class='ocrx_word' id='word_1_168' title='bbox 3585 1113 3708 1167; x_wconf 90' lang='lat' dir='ltr'><strong>zelo</strong></span> 
     </span>
    </p>
   </div>
   <div class='ocr_carea' id='block_1_26' title="bbox 2058 1195 3714 1268">
    <p class='ocr_par' dir='ltr' id='par_1_26' title="bbox 2058 1195 3714 1268">
     <span class='ocr_line' id='line_1_26' title="bbox 2058 1195 3714 1268; baseline 0.004 -19"><span class='ocrx_word' id='word_1_169' title='bbox 2058 1195 2615 1265; x_wconf 83' lang='lat' dir='ltr'><strong>ductus,quen1dam</strong></span> <span class='ocrx_word' id='word_1_170' title='bbox 2648 1212 2678 1248; x_wconf 88' lang='lat' dir='ltr'><strong>c</strong></span> <span class='ocrx_word' id='word_1_171' title='bbox 2703 1195 2827 1249; x_wconf 87' lang='lat' dir='ltr'><strong>suis</strong></span> <span class='ocrx_word' id='word_1_172' title='bbox 2850 1195 3095 1265; x_wconf 84' lang='lat' dir='ltr'><strong>pecunia</strong></span> <span class='ocrx_word' id='word_1_173' title='bbox 3117 1204 3456 1268; x_wconf 83' lang='lat' dir='ltr'><strong>corruptum</strong></span> <span class='ocrx_word' id='word_1_174' title='bbox 3490 1200 3714 1256; x_wconf 64' lang='lat' dir='ltr'><strong>caecita-</strong></span> 
     </span>
    </p>
   </div>
   <div class='ocr_carea' id='block_1_27' title="bbox 2057 1283 3707 1357">
    <p class='ocr_par' dir='ltr' id='par_1_27' title="bbox 2057 1283 3707 1357">
     <span class='ocr_line' id='line_1_27' title="bbox 2057 1283 3707 1357; baseline 0.004 -19"><span class='ocrx_word' id='word_1_175' title='bbox 2057 1288 2174 1338; x_wconf 84' lang='lat' dir='ltr'><strong>tem</strong></span> <span class='ocrx_word' id='word_1_176' title='bbox 2208 1283 2486 1337; x_wconf 87' lang='lat' dir='ltr'><strong>simulare</strong></span> <span class='ocrx_word' id='word_1_177' title='bbox 2510 1283 2779 1353; x_wconf 88' lang='lat' dir='ltr'><strong>jussit,ut</strong></span> <span class='ocrx_word' id='word_1_178' title='bbox 2810 1301 2944 1338; x_wconf 87' lang='lat' dir='ltr'><strong>eum</strong></span> <span class='ocrx_word' id='word_1_179' title='bbox 2978 1302 3169 1339; x_wconf 81' lang='lat' dir='ltr'><strong>coram</strong></span> <span class='ocrx_word' id='word_1_180' title='bbox 3196 1303 3327 1357; x_wconf 82' lang='lat' dir='ltr'><strong>rege</strong></span> <span class='ocrx_word' id='word_1_181' title='bbox 3352 1304 3413 1341; x_wconf 89' lang='lat' dir='ltr'><strong>se</strong></span> <span class='ocrx_word' id='word_1_182' title='bbox 3436 1286 3707 1344; x_wconf 86' lang='lat' dir='ltr'><strong>invocan-</strong></span> 
     </span>
    </p>
   </div>
   <div class='ocr_carea' id='block_1_28' title="bbox 2060 1371 3707 1443">
    <p class='ocr_par' dir='ltr' id='par_1_28' title="bbox 2060 1371 3707 1443">
     <span class='ocr_line' id='line_1_28' title="bbox 2060 1371 3707 1443; baseline 0.004 -16"><span class='ocrx_word' id='word_1_183' title='bbox 2060 1378 2197 1439; x_wconf 89' lang='lat' dir='ltr'><strong>tem,</strong></span> <span class='ocrx_word' id='word_1_184' title='bbox 2231 1372 2399 1443; x_wconf 90' lang='lat' dir='ltr'><strong>quasi</strong></span> <span class='ocrx_word' id='word_1_185' title='bbox 2456 1389 2559 1443; x_wconf 91' lang='lat' dir='ltr'><strong>per</strong></span> <span class='ocrx_word' id='word_1_186' title='bbox 2591 1371 2764 1426; x_wconf 78' lang='lat' dir='ltr'><strong>fidem</strong></span> <span class='ocrx_word' id='word_1_187' title='bbox 2797 1390 2964 1427; x_wconf 90' lang='lat' dir='ltr'><strong>suam</strong></span> <span class='ocrx_word' id='word_1_188' title='bbox 3001 1371 3401 1441; x_wconf 72' lang='lat' dir='ltr'><strong>illuminat-et;</strong></span> <span class='ocrx_word' id='word_1_189' title='bbox 3450 1378 3542 1430; x_wconf 91' lang='lat' dir='ltr'><strong>cui</strong></span> <span class='ocrx_word' id='word_1_190' title='bbox 3574 1394 3707 1433; x_wconf 91' lang='lat' dir='ltr'><strong>cum</strong></span> 
     </span>
    </p>
   </div>
   <div class='ocr_carea' id='block_1_29' title="bbox 2058 1459 3709 1532">
    <p class='ocr_par' dir='ltr' id='par_1_29' title="bbox 2058 1459 3709 1532">
     <span class='ocr_line' id='line_1_29' title="bbox 2058 1459 3709 1532; baseline 0.002 -17"><span class='ocrx_word' id='word_1_191' title='bbox 2058 1477 2254 1516; x_wconf 91' lang='lat' dir='ltr'><strong>coram</strong></span> <span class='ocrx_word' id='word_1_192' title='bbox 2286 1459 2561 1516; x_wconf 90' lang='lat' dir='ltr'><strong>omnibus</strong></span> <span class='ocrx_word' id='word_1_193' title='bbox 2584 1477 2795 1516; x_wconf 91' lang='lat' dir='ltr'><strong>manus</strong></span> <span class='ocrx_word' id='word_1_194' title='bbox 2827 1461 3221 1532; x_wconf 76' lang='lat' dir='ltr'><strong>imposuisset,</strong></span> <span class='ocrx_word' id='word_1_195' title='bbox 3253 1480 3383 1518; x_wconf 82' lang='lat' dir='ltr'><strong>vcra</strong></span> <span class='ocrx_word' id='word_1_196' title='bbox 3415 1482 3547 1520; x_wconf 85' lang='lat' dir='ltr'><strong>mox</strong></span> <span class='ocrx_word' id='word_1_197' title='bbox 3570 1465 3709 1521; x_wconf 86' lang='lat' dir='ltr'><strong>divi-</strong></span> 
     </span>
    </p>
   </div>
   <div class='ocr_carea' id='block_1_30' title="bbox 2058 1549 3715 1621">
    <p class='ocr_par' dir='ltr' id='par_1_30' title="bbox 2058 1549 3715 1621">
     <span class='ocr_line' id='line_1_30' title="bbox 2058 1549 3715 1621; baseline 0.004 -18"><span class='ocrx_word' id='word_1_198' title='bbox 2058 1549 2215 1604; x_wconf 92' lang='lat' dir='ltr'><strong>nitus</strong></span> <span class='ocrx_word' id='word_1_199' title='bbox 2238 1549 2492 1604; x_wconf 75' lang='lat' dir='ltr'><strong>czecitate</strong></span> <span class='ocrx_word' id='word_1_200' title='bbox 2514 1566 2852 1621; x_wconf 86' lang='lat' dir='ltr'><strong>percussus,</strong></span> <span class='ocrx_word' id='word_1_201' title='bbox 2882 1550 3080 1605; x_wconf 88' lang='lat' dir='ltr'><strong>dolum</strong></span> <span class='ocrx_word' id='word_1_202' title='bbox 3100 1552 3351 1621; x_wconf 82' lang='lat' dir='ltr'><strong>aperuit,</strong></span> <span class='ocrx_word' id='word_1_203' title='bbox 3375 1570 3715 1610; x_wconf 88' lang='lat' dir='ltr'><strong>conversus-</strong></span> 
     </span>
    </p>
   </div>
   <div class='ocr_carea' id='block_1_31' title="bbox 2058 1637 3710 1711">
    <p class='ocr_par' dir='ltr' id='par_1_31' title="bbox 2058 1637 3710 1711">
     <span class='ocr_line' id='line_1_31' title="bbox 2058 1637 3710 1711; baseline 0.002 -17"><span class='ocrx_word' id='word_1_204' title='bbox 2058 1654 2171 1709; x_wconf 90' lang='lat' dir='ltr'><strong>que</strong></span> <span class='ocrx_word' id='word_1_205' title='bbox 2193 1655 2225 1692; x_wconf 88' lang='lat' dir='ltr'><strong>a</strong></span> <span class='ocrx_word' id='word_1_206' title='bbox 2245 1638 2466 1694; x_wconf 84' lang='lat' dir='ltr'><strong>sanctis</strong></span> <span class='ocrx_word' id='word_1_207' title='bbox 2485 1637 2776 1711; x_wconf 77' lang='lat' dir='ltr'><strong>epiSCOpis</strong></span> <span class='ocrx_word' id='word_1_208' title='bbox 2801 1640 3078 1710; x_wconf 85' lang='lat' dir='ltr'><strong>Eugenio,</strong></span> <span class='ocrx_word' id='word_1_209' title='bbox 3106 1640 3468 1697; x_wconf 86' lang='lat' dir='ltr'><strong>Vindemiale</strong></span> <span class='ocrx_word' id='word_1_210' title='bbox 3488 1648 3544 1697; x_wconf 90' lang='lat' dir='ltr'><strong>et</strong></span> <span class='ocrx_word' id='word_1_211' title='bbox 3564 1643 3710 1699; x_wconf 91' lang='lat' dir='ltr'><strong>Lon-</strong></span> 
     </span>
    </p>
   </div>
   <div class='ocr_carea' id='block_1_32' title="bbox 2058 1727 3709 1802">
    <p class='ocr_par' dir='ltr' id='par_1_32' title="bbox 2058 1727 3709 1802">
     <span class='ocr_line' id='line_1_32' title="bbox 2058 1727 3709 1802; baseline 0.003 -21"><span class='ocrx_word' id='word_1_212' title='bbox 2058 1727 2237 1799; x_wconf 89' lang='lat' dir='ltr'><strong>guino</strong></span> <span class='ocrx_word' id='word_1_213' title='bbox 2271 1728 2392 1797; x_wconf 79' lang='lat' dir='ltr'><strong>(aL,</strong></span> <span class='ocrx_word' id='word_1_214' title='bbox 2427 1727 2707 1799; x_wconf 83' lang='lat' dir='ltr'><strong>Longino)</strong></span> <span class='ocrx_word' id='word_1_215' title='bbox 2742 1745 2978 1783; x_wconf 86' lang='lat' dir='ltr'><strong>rursum</strong></span> <span class='ocrx_word' id='word_1_216' title='bbox 3012 1728 3331 1784; x_wconf 83' lang='lat' dir='ltr'><strong>illuminari</strong></span> <span class='ocrx_word' id='word_1_217' title='bbox 3364 1731 3709 1802; x_wconf 87' lang='lat' dir='ltr'><strong>promeruit.</strong></span> 
     </span>
    </p>
   </div>
   <div class='ocr_carea' id='block_1_33' title="bbox 2058 1814 3709 1889">
    <p class='ocr_par' dir='ltr' id='par_1_33' title="bbox 2058 1814 3709 1889">
     <span class='ocr_line' id='line_1_33' title="bbox 2058 1814 3709 1889; baseline 0.004 -19"><span class='ocrx_word' id='word_1_218' title='bbox 2058 1816 2142 1871; x_wconf 86' lang='lat' dir='ltr'><strong>Ab</strong></span> <span class='ocrx_word' id='word_1_219' title='bbox 2167 1814 2274 1869; x_wconf 88' lang='lat' dir='ltr'><strong>hoc</strong></span> <span class='ocrx_word' id='word_1_220' title='bbox 2296 1814 2500 1887; x_wconf 87' lang='lat' dir='ltr'><strong>Cyrola</strong></span> <span class='ocrx_word' id='word_1_221' title='bbox 2517 1815 2884 1870; x_wconf 88' lang='lat' dir='ltr'><strong>Hunnericus</strong></span> <span class='ocrx_word' id='word_1_222' title='bbox 2903 1832 3000 1870; x_wconf 83' lang='lat' dir='ltr'><strong>rex</strong></span> <span class='ocrx_word' id='word_1_223' title='bbox 3022 1816 3359 1889; x_wconf 87' lang='lat' dir='ltr'><strong>instigatus,</strong></span> <span class='ocrx_word' id='word_1_224' title='bbox 3386 1819 3709 1875; x_wconf 90' lang='lat' dir='ltr'><strong>catholicos</strong></span> 
     </span>
    </p>
   </div>
   <div class='ocr_carea' id='block_1_34' title="bbox 363 1900 3712 2003">
    <p class='ocr_par' dir='ltr' id='par_1_34' title="bbox 363 1900 3712 2003">
     <span class='ocr_line' id='line_1_34' title="bbox 363 1900 3712 2003; baseline 0.001 -44"><span class='ocrx_word' id='word_1_225' title='bbox 363 1906 470 1960; x_wconf 82' lang='grc'><strong>476</strong></span> <span class='ocrx_word' id='word_1_226' title='bbox 502 1903 764 1959; x_wconf 81' lang='lat' dir='ltr'><strong>Odoacar</strong></span> <span class='ocrx_word' id='word_1_227' title='bbox 776 1918 1054 1975; x_wconf 90' lang='lat' dir='ltr'><strong>possessa</strong></span> <span class='ocrx_word' id='word_1_228' title='bbox 1070 1902 1256 1959; x_wconf 80' lang='lat' dir='ltr'><strong>Roma</strong></span> <span class='ocrx_word' id='word_1_229' title='bbox 1277 1901 1596 1959; x_wconf 84' lang='lat' dir='ltr'><strong>maximam</strong></span> <span class='ocrx_word' id='word_1_230' title='bbox 1621 1900 1793 1958; x_wconf 83' lang='lat' dir='ltr'><strong>Italiae</strong></span> <span class='ocrx_word' id='word_1_231' title='bbox 1816 1917 1950 1974; x_wconf 90' lang='lat' dir='ltr'><strong>par-</strong></span> <span class='ocrx_word' id='word_1_232' title='bbox 1981 1938 2028 2003; x_wconf 81' lang='grc' dir='ltr'>Β</span> <span class='ocrx_word' id='word_1_233' title='bbox 2060 1905 2453 1976; x_wconf 83' lang='lat' dir='ltr'><strong>persequitur,</strong></span> <span class='ocrx_word' id='word_1_234' title='bbox 2488 1908 2545 1960; x_wconf 88' lang='lat' dir='ltr'><strong>et</strong></span> <span class='ocrx_word' id='word_1_235' title='bbox 2575 1903 2844 1975; x_wconf 80' lang='lat' dir='ltr'><strong>plurimis</strong></span> <span class='ocrx_word' id='word_1_236' title='bbox 2876 1906 3153 1985; x_wconf 74' lang='lat' dir='ltr'><strong>martyrio</strong></span> <span class='ocrx_word' id='word_1_237' title='bbox 3177 1907 3488 1974; x_wconf 88' lang='lat' dir='ltr'><strong>coronatis,</strong></span> <span class='ocrx_word' id='word_1_238' title='bbox 3516 1907 3712 1978; x_wconf 88' lang='lat' dir='ltr'><strong>ipsum</strong></span> 
     </span>
    </p>
   </div>
   <div class='ocr_carea' id='block_1_35' title="bbox 294 1991 951 2064">
    <p class='ocr_par' dir='ltr' id='par_1_35' title="bbox 294 1991 951 2064">
     <span class='ocr_line' id='line_1_35' title="bbox 294 1991 951 2064; baseline -0.003 -15"><span class='ocrx_word' id='word_1_239' title='bbox 294 2000 411 2049; x_wconf 88' lang='lat' dir='ltr'><strong>tem</strong></span> <span class='ocrx_word' id='word_1_240' title='bbox 442 1992 561 2049; x_wconf 86' lang='lat' dir='ltr'><strong>sibi</strong></span> <span class='ocrx_word' id='word_1_241' title='bbox 593 1993 727 2063; x_wconf 88' lang='lat' dir='ltr'><strong>subj</strong></span> <span class='ocrx_word' id='word_1_242' title='bbox 737 1991 951 2064; x_wconf 89' lang='lat' dir='ltr'><strong>ugavit.</strong></span> 
     </span>
    </p>
   </div>
   <div class='ocr_carea' id='block_1_36' title="bbox 362 2078 1955 2152">
    <p class='ocr_par' dir='ltr' id='par_1_36' title="bbox 362 2078 1955 2152">
     <span class='ocr_line' id='line_1_36' title="bbox 362 2078 1955 2152; baseline -0.003 -16"><span class='ocrx_word' id='word_1_243' title='bbox 362 2083 469 2136; x_wconf 82' lang='grc'>477</span> <span class='ocrx_word' id='word_1_244' title='bbox 502 2079 836 2138; x_wconf 87' lang='lat' dir='ltr'><strong>Geisericus</strong></span> <span class='ocrx_word' id='word_1_245' title='bbox 867 2097 968 2136; x_wconf 88' lang='lat' dir='ltr'><strong>rex</strong></span> <span class='ocrx_word' id='word_1_246' title='bbox 996 2078 1442 2150; x_wconf 79' lang='lat' dir='ltr'><strong>Wandalorum,</strong></span> <span class='ocrx_word' id='word_1_247' title='bbox 1472 2085 1604 2152; x_wconf 88' lang='lat' dir='ltr'><strong>post</strong></span> <span class='ocrx_word' id='word_1_248' title='bbox 1652 2096 1846 2135; x_wconf 82' lang='lat' dir='ltr'><strong>xxxvn</strong></span> <span class='ocrx_word' id='word_1_249' title='bbox 1896 2082 1955 2133; x_wconf 88' lang='lat' dir='ltr'><strong>et</strong></span> 
     </span>
    </p>
   </div>
   <div class='ocr_carea' id='block_1_37' title="bbox 297 2167 1953 2245">
    <p class='ocr_par' dir='ltr' id='par_1_37' title="bbox 297 2167 1953 2245">
     <span class='ocr_line' id='line_1_37' title="bbox 297 2167 1953 2245; baseline -0.004 -17"><span class='ocrx_word' id='word_1_250' title='bbox 297 2169 470 2245; x_wconf 87' lang='lat' dir='ltr'><strong>paulo</strong></span> <span class='ocrx_word' id='word_1_251' title='bbox 481 2170 622 2243; x_wconf 89' lang='lat' dir='ltr'><strong>plus</strong></span> <span class='ocrx_word' id='word_1_252' title='bbox 636 2167 1221 2241; x_wconf 72' lang='lat' dir='ltr'><strong>invasaaCarthaginis</strong></span> <span class='ocrx_word' id='word_1_253' title='bbox 1233 2168 1683 2235; x_wconf 86' lang='lat' dir='ltr'><strong>annos,tandem</strong></span> <span class='ocrx_word' id='word_1_254' title='bbox 1698 2167 1953 2224; x_wconf 86' lang='lat' dir='ltr'><strong>moriens</strong></span> 
     </span>
    </p>
   </div>
   <div class='ocr_carea' id='block_1_38' title="bbox 296 2255 1955 2333">
    <p class='ocr_par' dir='ltr' id='par_1_38' title="bbox 296 2255 1955 2333">
     <span class='ocr_line' id='line_1_38' title="bbox 296 2255 1955 2333; baseline -0.003 -18"><span class='ocrx_word' id='word_1_255' title='bbox 296 2259 593 2333; x_wconf 80' lang='lat' dir='ltr'><strong>tyrannidi</strong></span> <span class='ocrx_word' id='word_1_256' title='bbox 625 2276 745 2327; x_wconf 76' lang='lat' dir='ltr'><strong>suae</strong></span> <span class='ocrx_word' id='word_1_257' title='bbox 778 2258 953 2314; x_wconf 83' lang='lat' dir='ltr'><strong>ﬁnem</strong></span> <span class='ocrx_word' id='word_1_258' title='bbox 983 2257 1139 2314; x_wconf 89' lang='lat' dir='ltr'><strong>fecit.</strong></span> <span class='ocrx_word' id='word_1_259' title='bbox 1174 2257 1310 2312; x_wconf 89' lang='lat' dir='ltr'><strong>Post</strong></span> <span class='ocrx_word' id='word_1_260' title='bbox 1352 2273 1529 2329; x_wconf 92' lang='lat' dir='ltr'><strong>quem</strong></span> <span class='ocrx_word' id='word_1_261' title='bbox 1582 2274 1695 2313; x_wconf 91' lang='lat' dir='ltr'><strong>non</strong></span> <span class='ocrx_word' id='word_1_262' title='bbox 1746 2255 1955 2312; x_wconf 90' lang='lat' dir='ltr'><strong>melior</strong></span> 
     </span>
    </p>
   </div>
   <div class='ocr_carea' id='block_1_39' title="bbox 297 2345 1948 2419">
    <p class='ocr_par' dir='ltr' id='par_1_39' title="bbox 297 2345 1948 2419">
     <span class='ocr_line' id='line_1_39' title="bbox 297 2345 1948 2419; baseline -0.002 -16"><span class='ocrx_word' id='word_1_263' title='bbox 297 2348 451 2404; x_wconf 87' lang='lat' dir='ltr'><strong>filius</strong></span> <span class='ocrx_word' id='word_1_264' title='bbox 475 2348 850 2403; x_wconf 86' lang='lat' dir='ltr'><strong>Hunnericus</strong></span> <span class='ocrx_word' id='word_1_265' title='bbox 879 2345 1138 2419; x_wconf 84' lang='lat' dir='ltr'><strong>regnavit</strong></span> <span class='ocrx_word' id='word_1_266' title='bbox 1180 2345 1352 2403; x_wconf 90' lang='lat' dir='ltr'><strong>annis</strong></span> <span class='ocrx_word' id='word_1_267' title='bbox 1384 2346 1503 2402; x_wconf 81' lang='lat' dir='ltr'><strong>fere</strong></span> <span class='ocrx_word' id='word_1_268' title='bbox 1552 2363 1677 2402; x_wconf 84' lang='lat' dir='ltr'><strong>VIII.</strong></span> <span class='ocrx_word' id='word_1_269' title='bbox 1722 2346 1948 2417; x_wconf 87' lang='lat' dir='ltr'><strong>Procop.</strong></span> 
     </span>
    </p>
   </div>
   <div class='ocr_carea' id='block_1_40' title="bbox 304 2439 719 2507">
    <p class='ocr_par' dir='ltr' id='par_1_40' title="bbox 304 2439 719 2507">
     <span class='ocr_line' id='line_1_40' title="bbox 304 2439 719 2507; baseline -0.007 -14"><span class='ocrx_word' id='word_1_270' title='bbox 304 2439 427 2493; x_wconf 72' lang='lat' dir='ltr'><strong>Vict.</strong></span> <span class='ocrx_word' id='word_1_271' title='bbox 462 2454 520 2492; x_wconf 88' lang='lat' dir='ltr'><strong>a.</strong></span> <span class='ocrx_word' id='word_1_272' title='bbox 545 2451 719 2507; x_wconf 58' lang='lat' dir='ltr'><strong>prae.</strong></span> 
     </span>
    </p>
   </div>
   <div class='ocr_carea' id='block_1_41' title="bbox 365 2522 1952 2597">
    <p class='ocr_par' dir='ltr' id='par_1_41' title="bbox 365 2522 1952 2597">
     <span class='ocr_line' id='line_1_41' title="bbox 365 2522 1952 2597; baseline -0.001 -16"><span class='ocrx_word' id='word_1_273' title='bbox 365 2527 474 2581; x_wconf 79' lang='grc'>478</span> <span class='ocrx_word' id='word_1_274' title='bbox 504 2525 696 2597; x_wconf 86' lang='lat' dir='ltr'><strong>Hujus</strong></span> <span class='ocrx_word' id='word_1_275' title='bbox 725 2527 987 2597; x_wconf 85' lang='lat' dir='ltr'><strong>tempore</strong></span> <span class='ocrx_word' id='word_1_276' title='bbox 1031 2522 1279 2581; x_wconf 87' lang='lat' dir='ltr'><strong>Zenonis</strong></span> <span class='ocrx_word' id='word_1_277' title='bbox 1326 2522 1696 2596; x_wconf 88' lang='lat' dir='ltr'><strong>imperatoris</strong></span> <span class='ocrx_word' id='word_1_278' title='bbox 1738 2537 1952 2594; x_wconf 87' lang='lat' dir='ltr'><strong>corpus</strong></span> 
     </span>
    </p>
   </div>
   <div class='ocr_carea' id='block_1_42' title="bbox 299 2612 1950 2686">
    <p class='ocr_par' dir='ltr' id='par_1_42' title="bbox 299 2612 1950 2686">
     <span class='ocr_line' id='line_1_42' title="bbox 299 2612 1950 2686; baseline -0.002 -14"><span class='ocrx_word' id='word_1_279' title='bbox 299 2616 581 2672; x_wconf 79' lang='lat' dir='ltr'><strong>Barnabas</strong></span> <span class='ocrx_word' id='word_1_280' title='bbox 614 2613 883 2686; x_wconf 86' lang='lat' dir='ltr'><strong>apostoli,</strong></span> <span class='ocrx_word' id='word_1_281' title='bbox 918 2619 974 2671; x_wconf 93' lang='lat' dir='ltr'><strong>et</strong></span> <span class='ocrx_word' id='word_1_282' title='bbox 1002 2612 1380 2686; x_wconf 86' lang='lat' dir='ltr'><strong>Evangelium</strong></span> <span class='ocrx_word' id='word_1_283' title='bbox 1413 2612 1670 2668; x_wconf 67' lang='lat' dir='ltr'><strong>Matthtsi</strong></span> <span class='ocrx_word' id='word_1_284' title='bbox 1703 2629 1950 2685; x_wconf 90' lang='lat' dir='ltr'><strong>evange-</strong></span> 
     </span>
    </p>
   </div>
   <div class='ocr_carea' id='block_1_43' title="bbox 292 2700 1953 2776">
    <p class='ocr_par' dir='ltr' id='par_1_43' title="bbox 292 2700 1953 2776">
     <span class='ocr_line' id='line_1_43' title="bbox 292 2700 1953 2776; baseline -0.002 -16"><span class='ocrx_word' id='word_1_285' title='bbox 292 2704 465 2772; x_wconf 61' lang='lat' dir='ltr'><strong>lista,</strong></span> <span class='ocrx_word' id='word_1_286' title='bbox 496 2702 650 2776; x_wconf 76' lang='lat' dir='ltr'><strong>stylo</strong></span> <span class='ocrx_word' id='word_1_287' title='bbox 681 2703 869 2776; x_wconf 87' lang='lat' dir='ltr'><strong>ipsius</strong></span> <span class='ocrx_word' id='word_1_288' title='bbox 897 2703 1206 2776; x_wconf 89' lang='lat' dir='ltr'><strong>scriptum,</strong></span> <span class='ocrx_word' id='word_1_289' title='bbox 1237 2701 1367 2774; x_wconf 87' lang='lat' dir='ltr'><strong>ipso</strong></span> <span class='ocrx_word' id='word_1_290' title='bbox 1396 2700 1684 2760; x_wconf 89' lang='lat' dir='ltr'><strong>revelante</strong></span> <span class='ocrx_word' id='word_1_291' title='bbox 1718 2701 1953 2757; x_wconf 89' lang='lat' dir='ltr'><strong>inventa</strong></span> 
     </span>
    </p>
   </div>
   <div class='ocr_carea' id='block_1_44' title="bbox 297 2793 647 2863">
    <p class='ocr_par' dir='ltr' id='par_1_44' title="bbox 297 2793 647 2863">
     <span class='ocr_line' id='line_1_44' title="bbox 297 2793 647 2863; baseline -0.003 -15"><span class='ocrx_word' id='word_1_292' title='bbox 297 2798 439 2849; x_wconf 84' lang='lat' dir='ltr'><strong>sunt</strong></span> <span class='ocrx_word' id='word_1_293' title='bbox 468 2793 647 2863; x_wconf 89' lang='lat'><strong>(118).</strong></span> 
     </span>
    </p>
   </div>
   <div class='ocr_carea' id='block_1_45' title="bbox 363 2877 1948 2954">
    <p class='ocr_par' dir='ltr' id='par_1_45' title="bbox 363 2877 1948 2954">
     <span class='ocr_line' id='line_1_45' title="bbox 363 2877 1948 2954; baseline -0.001 -18"><span class='ocrx_word' id='word_1_294' title='bbox 363 2881 472 2937; x_wconf 85' lang='grc'><strong>479</strong></span> <span class='ocrx_word' id='word_1_295' title='bbox 490 2882 598 2937; x_wconf 85' lang='lat' dir='ltr'><strong>His</strong></span> <span class='ocrx_word' id='word_1_296' title='bbox 622 2880 986 2954; x_wconf 89' lang='lat' dir='ltr'><strong>temporibus</strong></span> <span class='ocrx_word' id='word_1_297' title='bbox 1008 2880 1155 2953; x_wconf 82' lang='lat'><strong>(119)</strong></span> <span class='ocrx_word' id='word_1_298' title='bbox 1179 2877 1519 2952; x_wconf 90' lang='lat' dir='ltr'><strong>Simplicius</strong></span> <span class='ocrx_word' id='word_1_299' title='bbox 1540 2896 1692 2952; x_wconf 91' lang='lat' dir='ltr'><strong>papa</strong></span> <span class='ocrx_word' id='word_1_300' title='bbox 1713 2880 1948 2935; x_wconf 86' lang='lat' dir='ltr'><strong>Petrum</strong></span> 
     </span>
    </p>
   </div>
   <div class='ocr_carea' id='block_1_46' title="bbox 296 2968 1948 3042">
    <p class='ocr_par' dir='ltr' id='par_1_46' title="bbox 296 2968 1948 3042">
     <span class='ocr_line' id='line_1_46' title="bbox 296 2968 1948 3042; baseline -0.002 -16"><span class='ocrx_word' id='word_1_301' title='bbox 296 2969 761 3026; x_wconf 85' lang='lat' dir='ltr'><strong>Alexandrinum</strong></span> <span class='ocrx_word' id='word_1_302' title='bbox 783 2969 1121 3042; x_wconf 90' lang='lat' dir='ltr'><strong>episcopum</strong></span> <span class='ocrx_word' id='word_1_303' title='bbox 1143 2968 1483 3025; x_wconf 68' lang='lat' dir='ltr'><strong>haereticum</strong></span> <span class='ocrx_word' id='word_1_304' title='bbox 1500 2968 1948 3041; x_wconf 82' lang='lat' dir='ltr'><strong>Eutychianum,</strong></span> 
     </span>
    </p>
   </div>
   <div class='ocr_carea' id='block_1_47' title="bbox 295 3056 1945 3131">
    <p class='ocr_par' dir='ltr' id='par_1_47' title="bbox 295 3056 1945 3131">
     <span class='ocr_line' id='line_1_47' title="bbox 295 3056 1945 3131; baseline -0.002 -16"><span class='ocrx_word' id='word_1_305' title='bbox 295 3060 365 3115; x_wconf 87' lang='lat' dir='ltr'><strong>ab</strong></span> <span class='ocrx_word' id='word_1_306' title='bbox 397 3058 599 3115; x_wconf 82' lang='lat' dir='ltr'><strong>Acatio</strong></span> <span class='ocrx_word' id='word_1_307' title='bbox 630 3056 1273 3131; x_wconf 88' lang='lat' dir='ltr'><strong>Constantinopolitano</strong></span> <span class='ocrx_word' id='word_1_308' title='bbox 1312 3061 1654 3113; x_wconf 88' lang='lat' dir='ltr'><strong>accusatum</strong></span> <span class='ocrx_word' id='word_1_309' title='bbox 1685 3056 1945 3113; x_wconf 87' lang='lat' dir='ltr'><strong>damnat.</strong></span> 
     </span>
    </p>
   </div>
   <div class='ocr_carea' id='block_1_48' title="bbox 296 3149 483 3205">
    <p class='ocr_par' dir='ltr' id='par_1_48' title="bbox 296 3149 483 3205">
     <span class='ocr_line' id='line_1_48' title="bbox 296 3149 483 3205; baseline -0.011 -2"><span class='ocrx_word' id='word_1_310' title='bbox 296 3149 483 3205; x_wconf 72' lang='lat' dir='ltr'><strong>Anast.</strong></span> 
     </span>
    </p>
   </div>
   <div class='ocr_carea' id='block_1_49' title="bbox 364 3233 1946 3309">
    <p class='ocr_par' dir='ltr' id='par_1_49' title="bbox 364 3233 1946 3309">
     <span class='ocr_line' id='line_1_49' title="bbox 364 3233 1946 3309; baseline -0.003 -17"><span class='ocrx_word' id='word_1_311' title='bbox 364 3238 471 3292; x_wconf 81' lang='grc'><strong>480</strong></span> <span class='ocrx_word' id='word_1_312' title='bbox 502 3236 623 3292; x_wconf 89' lang='lat' dir='ltr'><strong>Hoc</strong></span> <span class='ocrx_word' id='word_1_313' title='bbox 656 3240 915 3309; x_wconf 89' lang='lat' dir='ltr'><strong>tempore</strong></span> <span class='ocrx_word' id='word_1_314' title='bbox 946 3239 1174 3292; x_wconf 87' lang='lat' dir='ltr'><strong>mortuo</strong></span> <span class='ocrx_word' id='word_1_315' title='bbox 1197 3233 1521 3291; x_wconf 89' lang='lat' dir='ltr'><strong>Childerico</strong></span> <span class='ocrx_word' id='word_1_316' title='bbox 1547 3251 1681 3307; x_wconf 91' lang='lat' dir='ltr'><strong>rege</strong></span> <span class='ocrx_word' id='word_1_317' title='bbox 1701 3235 1946 3291; x_wconf 88' lang='lat' dir='ltr'><strong>Franco-</strong></span> 
     </span>
    </p>
   </div>
   <div class='ocr_carea' id='block_1_50' title="bbox 2062 1980 3712 2066">
    <p class='ocr_par' dir='ltr' id='par_1_50' title="bbox 2062 1980 3712 2066">
     <span class='ocr_line' id='line_1_50' title="bbox 2062 1980 3712 2066; baseline 0.001 -18"><span class='ocrx_word' id='word_1_318' title='bbox 2062 1993 2387 2065; x_wconf 88' lang='lat' dir='ltr'><strong>Eugenium</strong></span> <span class='ocrx_word' id='word_1_319' title='bbox 2420 2010 2551 2049; x_wconf 92' lang='lat' dir='ltr'><strong>cum</strong></span> <span class='ocrx_word' id='word_1_320' title='bbox 2588 2009 2823 2047; x_wconf 82' lang='lat' dir='ltr'><strong>cccxxiv</strong></span> <span class='ocrx_word' id='word_1_321' title='bbox 2863 1980 3151 2065; x_wconf 80' lang='lat' dir='ltr'><strong>episcopis</strong></span> <span class='ocrx_word' id='word_1_322' title='bbox 3183 1993 3384 2049; x_wconf 82' lang='lat' dir='ltr'><strong>exsilio</strong></span> <span class='ocrx_word' id='word_1_323' title='bbox 3417 1994 3712 2066; x_wconf 81' lang='lat' dir='ltr'><strong>relegavit,</strong></span> 
     </span>
    </p>
   </div>
   <div class='ocr_carea' id='block_1_51' title="bbox 2060 2080 3708 2156">
    <p class='ocr_par' dir='ltr' id='par_1_51' title="bbox 2060 2080 3708 2156">
     <span class='ocr_line' id='line_1_51' title="bbox 2060 2080 3708 2156; baseline 0.001 -19"><span class='ocrx_word' id='word_1_324' title='bbox 2060 2092 2117 2137; x_wconf 89' lang='lat' dir='ltr'><strong>et</strong></span> <span class='ocrx_word' id='word_1_325' title='bbox 2165 2081 2480 2137; x_wconf 83' lang='lat' dir='ltr'><strong>catholicas</strong></span> <span class='ocrx_word' id='word_1_326' title='bbox 2528 2080 2801 2136; x_wconf 87' lang='lat' dir='ltr'><strong>ecclesias</strong></span> <span class='ocrx_word' id='word_1_327' title='bbox 2858 2080 3089 2137; x_wconf 89' lang='lat' dir='ltr'><strong>clausit.</strong></span> <span class='ocrx_word' id='word_1_328' title='bbox 3139 2082 3294 2150; x_wconf 86' lang='lat' dir='ltr'><strong>Greg.</strong></span> <span class='ocrx_word' id='word_1_329' title='bbox 3340 2084 3463 2138; x_wconf 86' lang='lat' dir='ltr'><strong>Tur.</strong></span> <span class='ocrx_word' id='word_1_330' title='bbox 3512 2101 3566 2139; x_wconf 82' lang='grc' dir='ltr'><strong>α.</strong></span> <span class='ocrx_word' id='word_1_331' title='bbox 3599 2100 3708 2156; x_wconf 85' lang='lat' dir='ltr'><strong>seq.</strong></span> 
     </span>
    </p>
   </div>
   <div class='ocr_carea' id='block_1_52' title="bbox 2064 2171 2302 2226">
    <p class='ocr_par' dir='ltr' id='par_1_52' title="bbox 2064 2171 2302 2226">
     <span class='ocr_line' id='line_1_52' title="bbox 2064 2171 2302 2226; baseline 0 -1"><span class='ocrx_word' id='word_1_332' title='bbox 2064 2171 2112 2225; x_wconf 88' lang='grc' dir='ltr'><em>Μ</em></span> <span class='ocrx_word' id='word_1_333' title='bbox 2114 2171 2258 2226; x_wconf 77' lang='lat' dir='ltr'><strong>arcet</strong></span> <span class='ocrx_word' id='word_1_334' title='bbox 2265 2172 2283 2225; x_wconf 86' lang='lat' dir='ltr'><strong>l</strong></span> <span class='ocrx_word' id='word_1_335' title='bbox 2291 2213 2302 2225; x_wconf 93' lang='lat'><strong>.</strong></span> 
     </span>
    </p>
   </div>
   <div class='ocr_carea' id='block_1_53' title="bbox 2132 2258 3712 2334">
    <p class='ocr_par' dir='ltr' id='par_1_53' title="bbox 2132 2258 3712 2334">
     <span class='ocr_line' id='line_1_53' title="bbox 2132 2258 3712 2334; baseline 0.003 -21"><span class='ocrx_word' id='word_1_336' title='bbox 2132 2261 2233 2314; x_wconf 82' lang='grc'><strong>484</strong></span> <span class='ocrx_word' id='word_1_337' title='bbox 2264 2258 2652 2329; x_wconf 89' lang='lat' dir='ltr'><strong>Hunuericus,</strong></span> <span class='ocrx_word' id='word_1_338' title='bbox 2678 2276 2777 2314; x_wconf 89' lang='lat' dir='ltr'><strong>rex</strong></span> <span class='ocrx_word' id='word_1_339' title='bbox 2800 2258 3242 2326; x_wconf 83' lang='lat' dir='ltr'><strong>Wandalorum,</strong></span> <span class='ocrx_word' id='word_1_340' title='bbox 3270 2261 3550 2317; x_wconf 89' lang='lat' dir='ltr'><strong>divinitus</strong></span> <span class='ocrx_word' id='word_1_341' title='bbox 3586 2280 3712 2334; x_wconf 87' lang='lat' dir='ltr'><strong>per-</strong></span> 
     </span>
    </p>
   </div>
   <div class='ocr_carea' id='block_1_54' title="bbox 2060 2348 3711 2422">
    <p class='ocr_par' dir='ltr' id='par_1_54' title="bbox 2060 2348 3711 2422">
     <span class='ocr_line' id='line_1_54' title="bbox 2060 2348 3711 2422; baseline 0.002 -19"><span class='ocrx_word' id='word_1_342' title='bbox 2060 2366 2293 2417; x_wconf 89' lang='lat' dir='ltr'><strong>cussus,</strong></span> <span class='ocrx_word' id='word_1_343' title='bbox 2327 2354 2557 2404; x_wconf 88' lang='lat' dir='ltr'><strong>scatens</strong></span> <span class='ocrx_word' id='word_1_344' title='bbox 2597 2348 2893 2402; x_wconf 87' lang='lat' dir='ltr'><strong>vermibus</strong></span> <span class='ocrx_word' id='word_1_345' title='bbox 2952 2349 3280 2419; x_wconf 83' lang='lat' dir='ltr'><strong>exspiravit.</strong></span> <span class='ocrx_word' id='word_1_346' title='bbox 3344 2349 3480 2405; x_wconf 88' lang='lat' dir='ltr'><strong>Post</strong></span> <span class='ocrx_word' id='word_1_347' title='bbox 3537 2367 3711 2422; x_wconf 79' lang='lat' dir='ltr'><strong>quem</strong></span> 
     </span>
    </p>
   </div>
   <div class='ocr_carea' id='block_1_55' title="bbox 2062 2435 3714 2508">
    <p class='ocr_par' dir='ltr' id='par_1_55' title="bbox 2062 2435 3714 2508">
     <span class='ocr_line' id='line_1_55' title="bbox 2062 2435 3714 2508; baseline 0.003 -18"><span class='ocrx_word' id='word_1_348' title='bbox 2062 2437 2257 2492; x_wconf 83' lang='lat' dir='ltr'><strong>fratris</strong></span> <span class='ocrx_word' id='word_1_349' title='bbox 2287 2436 2417 2507; x_wconf 87' lang='lat' dir='ltr'><strong>ejus</strong></span> <span class='ocrx_word' id='word_1_350' title='bbox 2444 2435 2600 2490; x_wconf 82' lang='lat' dir='ltr'><strong>illius</strong></span> <span class='ocrx_word' id='word_1_351' title='bbox 2624 2435 3094 2491; x_wconf 85' lang='lat' dir='ltr'><strong>Gundamundus</strong></span> <span class='ocrx_word' id='word_1_352' title='bbox 3122 2437 3381 2508; x_wconf 86' lang='lat' dir='ltr'><strong>regnavit</strong></span> <span class='ocrx_word' id='word_1_353' title='bbox 3403 2438 3573 2495; x_wconf 82' lang='lat' dir='ltr'><strong>annis</strong></span> <span class='ocrx_word' id='word_1_354' title='bbox 3599 2442 3714 2495; x_wconf 80' lang='lat' dir='ltr'><strong>fore</strong></span> 
     </span>
    </p>
   </div>
   <div class='ocr_carea' id='block_1_56' title="bbox 2058 2523 3713 2599">
    <p class='ocr_par' dir='ltr' id='par_1_56' title="bbox 2058 2523 3713 2599">
     <span class='ocr_line' id='line_1_56' title="bbox 2058 2523 3713 2599; baseline 0.002 -20"><span class='ocrx_word' id='word_1_355' title='bbox 2058 2543 2159 2590; x_wconf 82' lang='lat' dir='ltr'><strong>xii,</strong></span> <span class='ocrx_word' id='word_1_356' title='bbox 2193 2524 2294 2597; x_wconf 90' lang='lat' dir='ltr'><strong>qui</strong></span> <span class='ocrx_word' id='word_1_357' title='bbox 2335 2541 2446 2580; x_wconf 93' lang='lat' dir='ltr'><strong>non</strong></span> <span class='ocrx_word' id='word_1_358' title='bbox 2482 2523 2664 2579; x_wconf 86' lang='lat' dir='ltr'><strong>multo</strong></span> <span class='ocrx_word' id='word_1_359' title='bbox 2725 2528 2855 2596; x_wconf 89' lang='lat' dir='ltr'><strong>post</strong></span> <span class='ocrx_word' id='word_1_360' title='bbox 2885 2524 3210 2595; x_wconf 88' lang='lat' dir='ltr'><strong>Eugenium</strong></span> <span class='ocrx_word' id='word_1_361' title='bbox 3242 2527 3586 2599; x_wconf 87' lang='lat' dir='ltr'><strong>episcopum</strong></span> <span class='ocrx_word' id='word_1_362' title='bbox 3625 2544 3713 2583; x_wconf 90' lang='lat' dir='ltr'><strong>re-</strong></span> 
     </span>
    </p>
   </div>
   <div class='ocr_carea' id='block_1_57' title="bbox 2058 2612 3712 2683">
    <p class='ocr_par' dir='ltr' id='par_1_57' title="bbox 2058 2612 3712 2683">
     <span class='ocr_line' id='line_1_57' title="bbox 2058 2612 3712 2683; baseline 0.002 -16"><span class='ocrx_word' id='word_1_363' title='bbox 2058 2613 2302 2668; x_wconf 88' lang='lat' dir='ltr'><strong>vocavit.</strong></span> <span class='ocrx_word' id='word_1_364' title='bbox 2332 2614 2485 2668; x_wconf 82' lang='lat' dir='ltr'><strong>Jorn.</strong></span> <span class='ocrx_word' id='word_1_365' title='bbox 2514 2644 2580 2651; x_wconf 95' lang='lat'><strong><em>—</em></strong></span> <span class='ocrx_word' id='word_1_366' title='bbox 2605 2612 2933 2667; x_wconf 83' lang='lat' dir='ltr'><strong>Ludovicus</strong></span> <span class='ocrx_word' id='word_1_367' title='bbox 2964 2629 3062 2668; x_wconf 85' lang='lat' dir='ltr'><strong>rex</strong></span> <span class='ocrx_word' id='word_1_368' title='bbox 3085 2613 3437 2669; x_wconf 84' lang='lat' dir='ltr'><strong>Francorum</strong></span> <span class='ocrx_word' id='word_1_369' title='bbox 3465 2615 3712 2683; x_wconf 86' lang='lat' dir='ltr'><strong>juvante</strong></span> 
     </span>
    </p>
   </div>
   <div class='ocr_carea' id='block_1_58' title="bbox 2061 2699 3713 2774">
    <p class='ocr_par' dir='ltr' id='par_1_58' title="bbox 2061 2699 3713 2774">
     <span class='ocr_line' id='line_1_58' title="bbox 2061 2699 3713 2774; baseline -0.001 -17"><span class='ocrx_word' id='word_1_370' title='bbox 2061 2701 2430 2774; x_wconf 83' lang='lat' dir='ltr'><strong>Raganhario</strong></span> <span class='ocrx_word' id='word_1_371' title='bbox 2481 2702 2602 2771; x_wconf 88' lang='lat' dir='ltr'><strong>[al.,</strong></span> <span class='ocrx_word' id='word_1_372' title='bbox 2652 2699 3077 2771; x_wconf 75' lang='lat' dir='ltr'><strong>llagnachario]</strong></span> <span class='ocrx_word' id='word_1_373' title='bbox 3137 2707 3384 2773; x_wconf 86' lang='lat' dir='ltr'><strong>cognato</strong></span> <span class='ocrx_word' id='word_1_374' title='bbox 3417 2719 3544 2766; x_wconf 92' lang='lat' dir='ltr'><strong>suo,</strong></span> <span class='ocrx_word' id='word_1_375' title='bbox 3579 2703 3713 2756; x_wconf 88' lang='lat' dir='ltr'><strong>Sia-</strong></span> 
     </span>
    </p>
   </div>
   <div class='ocr_carea' id='block_1_59' title="bbox 2059 2786 3712 2862">
    <p class='ocr_par' dir='ltr' id='par_1_59' title="bbox 2059 2786 3712 2862">
     <span class='ocr_line' id='line_1_59' title="bbox 2059 2786 3712 2862; baseline 0.001 -17"><span class='ocrx_word' id='word_1_376' title='bbox 2059 2791 2257 2862; x_wconf 90' lang='lat' dir='ltr'><strong>grium</strong></span> <span class='ocrx_word' id='word_1_377' title='bbox 2285 2806 2480 2861; x_wconf 85' lang='lat' dir='ltr'><strong>regem</strong></span> <span class='ocrx_word' id='word_1_378' title='bbox 2512 2788 2710 2844; x_wconf 66' lang='lat' dir='ltr'><strong>Galliae</strong></span> <span class='ocrx_word' id='word_1_379' title='bbox 2739 2788 2949 2860; x_wconf 61' lang='lat' dir='ltr'><strong>Egidii</strong></span> <span class='ocrx_word' id='word_1_380' title='bbox 2984 2786 3170 2843; x_wconf 84' lang='lat' dir='ltr'><strong>tilium</strong></span> <span class='ocrx_word' id='word_1_381' title='bbox 3202 2788 3353 2843; x_wconf 89' lang='lat' dir='ltr'><strong>bello</strong></span> <span class='ocrx_word' id='word_1_382' title='bbox 3384 2788 3605 2845; x_wconf 87' lang='lat' dir='ltr'><strong>victum</strong></span> <span class='ocrx_word' id='word_1_383' title='bbox 3641 2792 3712 2846; x_wconf 89' lang='lat' dir='ltr'><strong>ad</strong></span> 
     </span>
    </p>
   </div>
   <div class='ocr_carea' id='block_1_60' title="bbox 2058 2876 3716 2951">
    <p class='ocr_par' dir='ltr' id='par_1_60' title="bbox 2058 2876 3716 2951">
     <span class='ocr_line' id='line_1_60' title="bbox 2058 2876 3716 2951; baseline 0.002 -19"><span class='ocrx_word' id='word_1_384' title='bbox 2058 2877 2356 2933; x_wconf 87' lang='lat' dir='ltr'><strong>Alaricum</strong></span> <span class='ocrx_word' id='word_1_385' title='bbox 2390 2894 2583 2949; x_wconf 78' lang='lat' dir='ltr'><strong>regem</strong></span> <span class='ocrx_word' id='word_1_386' title='bbox 2606 2876 2927 2933; x_wconf 89' lang='lat' dir='ltr'><strong>Gothorum</strong></span> <span class='ocrx_word' id='word_1_387' title='bbox 2953 2877 3148 2948; x_wconf 78' lang='lat' dir='ltr'><strong>fugere</strong></span> <span class='ocrx_word' id='word_1_388' title='bbox 3170 2877 3453 2949; x_wconf 89' lang='lat' dir='ltr'><strong>compulit</strong></span> <span class='ocrx_word' id='word_1_389' title='bbox 3486 2878 3716 2951; x_wconf 84' lang='lat' dir='ltr'><strong>sibique</strong></span> 
     </span>
    </p>
   </div>
   <div class='ocr_carea' id='block_1_61' title="bbox 2058 2965 3705 3037">
    <p class='ocr_par' dir='ltr' id='par_1_61' title="bbox 2058 2965 3705 3037">
     <span class='ocr_line' id='line_1_61' title="bbox 2058 2965 3705 3037; baseline 0.002 -17"><span class='ocrx_word' id='word_1_390' title='bbox 2058 2966 2352 3021; x_wconf 89' lang='lat' dir='ltr'><strong>redditum</strong></span> <span class='ocrx_word' id='word_1_391' title='bbox 2366 2966 2596 3034; x_wconf 86' lang='lat' dir='ltr'><strong>occidit,</strong></span> <span class='ocrx_word' id='word_1_392' title='bbox 2613 2970 2668 3021; x_wconf 91' lang='lat' dir='ltr'><strong>et</strong></span> <span class='ocrx_word' id='word_1_393' title='bbox 2684 2969 2868 3021; x_wconf 90' lang='lat' dir='ltr'><strong>totum</strong></span> <span class='ocrx_word' id='word_1_394' title='bbox 2883 2981 3127 3037; x_wconf 91' lang='lat' dir='ltr'><strong>regnum</strong></span> <span class='ocrx_word' id='word_1_395' title='bbox 3143 2965 3299 3022; x_wconf 90' lang='lat' dir='ltr'><strong>illius</strong></span> <span class='ocrx_word' id='word_1_396' title='bbox 3314 2983 3379 3022; x_wconf 89' lang='lat' dir='ltr'><strong>ac</strong></span> <span class='ocrx_word' id='word_1_397' title='bbox 3394 2966 3705 3024; x_wconf 88' lang='lat' dir='ltr'><strong>thesauros</strong></span> 
     </span>
    </p>
   </div>
   <div class='ocr_carea' id='block_1_62' title="bbox 2057 3053 3065 3125">
    <p class='ocr_par' dir='ltr' id='par_1_62' title="bbox 2057 3053 3065 3125">
     <span class='ocr_line' id='line_1_62' title="bbox 2057 3053 3065 3125; baseline 0 -17"><span class='ocrx_word' id='word_1_398' title='bbox 2057 3054 2170 3109; x_wconf 86' lang='lat' dir='ltr'><strong>sibi</strong></span> <span class='ocrx_word' id='word_1_399' title='bbox 2194 3053 2460 3125; x_wconf 82' lang='lat' dir='ltr'><strong>subjecit.</strong></span> <span class='ocrx_word' id='word_1_400' title='bbox 2497 3054 2655 3124; x_wconf 85' lang='lat' dir='ltr'><strong>Greg.</strong></span> <span class='ocrx_word' id='word_1_401' title='bbox 2693 3055 2819 3108; x_wconf 87' lang='lat' dir='ltr'><strong>Tur.</strong></span> <span class='ocrx_word' id='word_1_402' title='bbox 2853 3071 2905 3108; x_wconf 92' lang='lat' dir='ltr'><strong>a.</strong></span> <span class='ocrx_word' id='word_1_403' title='bbox 2942 3053 3065 3108; x_wconf 82' lang='grc'>486.</span> 
     </span>
    </p>
   </div>
   <div class='ocr_carea' id='block_1_63' title="bbox 2127 3142 3706 3214">
    <p class='ocr_par' dir='ltr' id='par_1_63' title="bbox 2127 3142 3706 3214">
     <span class='ocr_line' id='line_1_63' title="bbox 2127 3142 3706 3214; baseline 0.002 -18"><span class='ocrx_word' id='word_1_404' title='bbox 2127 3142 2234 3196; x_wconf 87' lang='grc'><strong>485</strong></span> <span class='ocrx_word' id='word_1_405' title='bbox 2264 3143 2379 3197; x_wconf 89' lang='lat' dir='ltr'><strong>Hoc</strong></span> <span class='ocrx_word' id='word_1_406' title='bbox 2408 3146 2666 3214; x_wconf 89' lang='lat' dir='ltr'><strong>tempore</strong></span> <span class='ocrx_word' id='word_1_407' title='bbox 2725 3142 2956 3196; x_wconf 87' lang='lat' dir='ltr'><strong>Acatius</strong></span> <span class='ocrx_word' id='word_1_408' title='bbox 3004 3142 3706 3214; x_wconf 86' lang='lat' dir='ltr'><strong>Constantinopolitanus,</strong></span> 
     </span>
    </p>
   </div>
   <div class='ocr_carea' id='block_1_64' title="bbox 2058 3228 3704 3297">
    <p class='ocr_par' dir='ltr' id='par_1_64' title="bbox 2058 3228 3704 3297">
     <span class='ocr_line' id='line_1_64' title="bbox 2058 3228 3704 3297; baseline 0.002 -13"><span class='ocrx_word' id='word_1_409' title='bbox 2058 3229 2263 3285; x_wconf 68' lang='lat' dir='ltr'><strong>haeresi</strong></span> <span class='ocrx_word' id='word_1_410' title='bbox 2289 3230 2507 3297; x_wconf 88' lang='lat' dir='ltr'><strong>favens,</strong></span> <span class='ocrx_word' id='word_1_411' title='bbox 2538 3230 2774 3286; x_wconf 90' lang='lat' dir='ltr'><strong>Petrum</strong></span> <span class='ocrx_word' id='word_1_412' title='bbox 2824 3230 2923 3286; x_wconf 77' lang='lat'><strong>56</strong></span> <span class='ocrx_word' id='word_1_413' title='bbox 2950 3228 3407 3287; x_wconf 87' lang='lat' dir='ltr'><strong>Alexandrinum</strong></span> <span class='ocrx_word' id='word_1_414' title='bbox 3441 3234 3704 3288; x_wconf 64' lang='lat' dir='ltr'><strong>revocat‘:</strong></span> 
     </span>
    </p>
   </div>
   <div class='ocr_carea' id='block_1_65' title="bbox 301 3300 3711 3395">
    <p class='ocr_par' dir='ltr' id='par_1_65' title="bbox 301 3300 3711 3395">
     <span class='ocr_line' id='line_1_65' title="bbox 301 3300 3711 3395; baseline -0.001 -14"><span class='ocrx_word' id='word_1_415' title='bbox 301 3343 451 3393; x_wconf 90' lang='lat' dir='ltr'><strong>rum,</strong></span> <span class='ocrx_word' id='word_1_416' title='bbox 485 3300 820 3381; x_wconf 72' lang='lat' dir='ltr'><strong>Ludovicus</strong></span> <span class='ocrx_word' id='word_1_417' title='bbox 854 3324 1009 3381; x_wconf 80' lang='lat' dir='ltr'><strong>filius</strong></span> <span class='ocrx_word' id='word_1_418' title='bbox 1039 3325 1189 3395; x_wconf 86' lang='lat' dir='ltr'><strong>ejus,</strong></span> <span class='ocrx_word' id='word_1_419' title='bbox 1243 3340 1418 3395; x_wconf 90' lang='lat' dir='ltr'><strong>quem</strong></span> <span class='ocrx_word' id='word_1_420' title='bbox 1463 3300 1809 3379; x_wconf 70' lang='lat' dir='ltr'><strong>Clodoveum</strong></span> <span class='ocrx_word' id='word_1_421' title='bbox 1860 3321 1945 3376; x_wconf 92' lang='lat' dir='ltr'><strong>di-</strong></span> <span class='ocrx_word' id='word_1_422' title='bbox 1977 3300 2020 3367; x_wconf 70' lang='grc' dir='ltr'>Ο</span> <span class='ocrx_word' id='word_1_423' title='bbox 2060 3336 2176 3392; x_wconf 94' lang='lat' dir='ltr'><strong>quo</strong></span> <span class='ocrx_word' id='word_1_424' title='bbox 2224 3319 2421 3374; x_wconf 91' lang='lat' dir='ltr'><strong>audito</strong></span> <span class='ocrx_word' id='word_1_425' title='bbox 2470 3319 2625 3375; x_wconf 85' lang='lat' dir='ltr'><strong>Felix</strong></span> <span class='ocrx_word' id='word_1_426' title='bbox 2654 3337 2807 3392; x_wconf 91' lang='lat' dir='ltr'><strong>papa</strong></span> <span class='ocrx_word' id='word_1_427' title='bbox 2835 3325 3153 3391; x_wconf 87' lang='lat' dir='ltr'><strong>utrumque</strong></span> <span class='ocrx_word' id='word_1_428' title='bbox 3183 3338 3318 3375; x_wconf 89' lang='lat' dir='ltr'><strong>cum</strong></span> <span class='ocrx_word' id='word_1_429' title='bbox 3361 3321 3711 3394; x_wconf 88' lang='lat' dir='ltr'><strong>sequacibus</strong></span> 
     </span>
    </p>
   </div>
   <div class='ocr_carea' id='block_1_66' title="bbox 299 3411 1944 3486">
    <p class='ocr_par' dir='ltr' id='par_1_66' title="bbox 299 3411 1944 3486">
     <span class='ocr_line' id='line_1_66' title="bbox 299 3411 1944 3486; baseline -0.004 -15"><span class='ocrx_word' id='word_1_430' title='bbox 299 3419 460 3483; x_wconf 86' lang='lat' dir='ltr'><strong>cunt,</strong></span> <span class='ocrx_word' id='word_1_431' title='bbox 494 3413 761 3486; x_wconf 83' lang='lat' dir='ltr'><strong>regnavit</strong></span> <span class='ocrx_word' id='word_1_432' title='bbox 788 3414 960 3470; x_wconf 90' lang='lat' dir='ltr'><strong>annis</strong></span> <span class='ocrx_word' id='word_1_433' title='bbox 989 3430 1121 3470; x_wconf 87' lang='lat' dir='ltr'><strong>xxx.</strong></span> <span class='ocrx_word' id='word_1_434' title='bbox 1169 3412 1320 3485; x_wconf 83' lang='lat' dir='ltr'><strong>Greg.</strong></span> <span class='ocrx_word' id='word_1_435' title='bbox 1369 3413 1495 3468; x_wconf 86' lang='lat' dir='ltr'><strong>Tur.</strong></span> <span class='ocrx_word' id='word_1_436' title='bbox 1543 3411 1641 3468; x_wconf 75' lang='lat'><strong>55</strong></span> <span class='ocrx_word' id='word_1_437' title='bbox 1692 3428 1786 3465; x_wconf 84' lang='lat' dir='ltr'><strong>an.</strong></span> <span class='ocrx_word' id='word_1_438' title='bbox 1835 3427 1944 3483; x_wconf 80' lang='lat' dir='ltr'><strong>seq.</strong></span> 
     </span>
    </p>
   </div>
   <div class='ocr_carea' id='block_1_67' title="bbox 298 3498 1951 3576">
    <p class='ocr_par' dir='ltr' id='par_1_67' title="bbox 298 3498 1951 3576">
     <span class='ocr_line' id='line_1_67' title="bbox 298 3498 1951 3576; baseline -0.003 -18"><span class='ocrx_word' id='word_1_439' title='bbox 298 3535 366 3544; x_wconf 85' lang='lat'><strong>-—</strong></span> <span class='ocrx_word' id='word_1_440' title='bbox 398 3504 531 3576; x_wconf 86' lang='lat' dir='ltr'><strong>Ipso</strong></span> <span class='ocrx_word' id='word_1_441' title='bbox 564 3519 718 3557; x_wconf 90' lang='lat' dir='ltr'><strong>anno</strong></span> <span class='ocrx_word' id='word_1_442' title='bbox 749 3500 1006 3558; x_wconf 79' lang='lat' dir='ltr'><strong>Odoacar</strong></span> <span class='ocrx_word' id='word_1_443' title='bbox 1031 3501 1223 3557; x_wconf 81' lang='lat' dir='ltr'><strong>Romae</strong></span> <span class='ocrx_word' id='word_1_444' title='bbox 1257 3515 1524 3573; x_wconf 71' lang='lat' dir='ltr'><strong>regnans</strong></span> <span class='ocrx_word' id='word_1_445' title='bbox 1554 3500 1614 3554; x_wconf 92' lang='lat' dir='ltr'><strong>in</strong></span> <span class='ocrx_word' id='word_1_446' title='bbox 1663 3498 1951 3555; x_wconf 87' lang='lat' dir='ltr'><strong>Dalmatia</strong></span> 
     </span>
    </p>
   </div>
   <div class='ocr_carea' id='block_1_68' title="bbox 300 3588 1768 3663">
    <p class='ocr_par' dir='ltr' id='par_1_68' title="bbox 300 3588 1768 3663">
     <span class='ocr_line' id='line_1_68' title="bbox 300 3588 1768 3663; baseline -0.004 -15"><span class='ocrx_word' id='word_1_447' title='bbox 300 3592 542 3648; x_wconf 85' lang='lat' dir='ltr'><strong>Odivam</strong></span> <span class='ocrx_word' id='word_1_448' title='bbox 564 3606 760 3663; x_wconf 86' lang='lat' dir='ltr'><strong>regem</strong></span> <span class='ocrx_word' id='word_1_449' title='bbox 786 3588 921 3645; x_wconf 87' lang='lat' dir='ltr'><strong>vicit</strong></span> <span class='ocrx_word' id='word_1_450' title='bbox 949 3596 1005 3646; x_wconf 92' lang='lat' dir='ltr'><strong>et</strong></span> <span class='ocrx_word' id='word_1_451' title='bbox 1035 3588 1298 3661; x_wconf 90' lang='lat' dir='ltr'><strong>peremit.</strong></span> <span class='ocrx_word' id='word_1_452' title='bbox 1335 3588 1575 3645; x_wconf 77' lang='lat' dir='ltr'><strong>Cassiod.</strong></span> <span class='ocrx_word' id='word_1_453' title='bbox 1616 3588 1768 3644; x_wconf 88' lang='lat' dir='ltr'><strong>Jorn.</strong></span> 
     </span>
    </p>
   </div>
   <div class='ocr_carea' id='block_1_69' title="bbox 368 3676 1952 3749">
    <p class='ocr_par' dir='ltr' id='par_1_69' title="bbox 368 3676 1952 3749">
     <span class='ocr_line' id='line_1_69' title="bbox 368 3676 1952 3749; baseline -0.003 -14"><span class='ocrx_word' id='word_1_454' title='bbox 368 3682 478 3736; x_wconf 79' lang='grc'>482</span> <span class='ocrx_word' id='word_1_455' title='bbox 530 3679 930 3735; x_wconf 88' lang='lat' dir='ltr'><strong>Theodoricus</strong></span> <span class='ocrx_word' id='word_1_456' title='bbox 1004 3678 1356 3734; x_wconf 90' lang='lat' dir='ltr'><strong>Theodmari</strong></span> <span class='ocrx_word' id='word_1_457' title='bbox 1413 3676 1571 3733; x_wconf 83' lang='lat' dir='ltr'><strong>ﬁlius</strong></span> <span class='ocrx_word' id='word_1_458' title='bbox 1648 3676 1794 3749; x_wconf 83' lang='grc'>(120)</span> <span class='ocrx_word' id='word_1_459' title='bbox 1856 3692 1952 3731; x_wconf 83' lang='lat' dir='ltr'><strong>rex</strong></span> 
     </span>
    </p>
   </div>
   <div class='ocr_carea' id='block_1_70' title="bbox 302 3765 1950 3841">
    <p class='ocr_par' dir='ltr' id='par_1_70' title="bbox 302 3765 1950 3841">
     <span class='ocr_line' id='line_1_70' title="bbox 302 3765 1950 3841; baseline -0.004 -16"><span class='ocrx_word' id='word_1_460' title='bbox 302 3768 814 3841; x_wconf 84' lang='lat' dir='ltr'><strong>Ostrogothorum,</strong></span> <span class='ocrx_word' id='word_1_461' title='bbox 843 3768 901 3823; x_wconf 93' lang='lat' dir='ltr'><strong>id</strong></span> <span class='ocrx_word' id='word_1_462' title='bbox 933 3771 1041 3833; x_wconf 88' lang='lat' dir='ltr'><strong>est,</strong></span> <span class='ocrx_word' id='word_1_463' title='bbox 1074 3767 1176 3840; x_wconf 91' lang='lat' dir='ltr'><strong>qui</strong></span> <span class='ocrx_word' id='word_1_464' title='bbox 1207 3766 1348 3823; x_wconf 88' lang='lat' dir='ltr'><strong>olim</strong></span> <span class='ocrx_word' id='word_1_465' title='bbox 1391 3767 1449 3822; x_wconf 93' lang='lat' dir='ltr'><strong>in</strong></span> <span class='ocrx_word' id='word_1_466' title='bbox 1503 3765 1668 3822; x_wconf 86' lang='lat' dir='ltr'><strong>Italia</strong></span> <span class='ocrx_word' id='word_1_467' title='bbox 1714 3781 1950 3821; x_wconf 88' lang='lat' dir='ltr'><strong>reman-</strong></span> 
     </span>
    </p>
   </div>
   <div class='ocr_carea' id='block_1_71' title="bbox 296 3852 1952 3927">
    <p class='ocr_par' dir='ltr' id='par_1_71' title="bbox 296 3852 1952 3927">
     <span class='ocr_line' id='line_1_71' title="bbox 296 3852 1952 3927; baseline -0.006 -9"><span class='ocrx_word' id='word_1_468' title='bbox 296 3863 523 3926; x_wconf 82' lang='lat' dir='ltr'><strong>serant,</strong></span> <span class='ocrx_word' id='word_1_469' title='bbox 552 3855 899 3926; x_wconf 86' lang='lat' dir='ltr'><strong>Gothorum,</strong></span> <span class='ocrx_word' id='word_1_470' title='bbox 954 3855 1168 3912; x_wconf 91' lang='lat' dir='ltr'><strong>Zenoni</strong></span> <span class='ocrx_word' id='word_1_471' title='bbox 1196 3856 1458 3927; x_wconf 84' lang='lat' dir='ltr'><strong>Augusto</strong></span> <span class='ocrx_word' id='word_1_472' title='bbox 1508 3853 1816 3911; x_wconf 84' lang='lat' dir='ltr'><strong>familiaris</strong></span> <span class='ocrx_word' id='word_1_473' title='bbox 1868 3852 1952 3909; x_wconf 80' lang='lat' dir='ltr'><strong>ef-</strong></span> 
     </span>
    </p>
   </div>
   <div class='ocr_carea' id='block_1_72' title="bbox 293 3942 1949 4040">
    <p class='ocr_par' dir='ltr' id='par_1_72' title="bbox 293 3942 1949 4040">
     <span class='ocr_line' id='line_1_72' title="bbox 293 3942 1949 4040; baseline -0.005 -35"><span class='ocrx_word' id='word_1_474' title='bbox 293 3949 513 4016; x_wconf 79' lang='lat' dir='ltr'><strong>fectus,</strong></span> <span class='ocrx_word' id='word_1_475' title='bbox 547 3962 685 4002; x_wconf 90' lang='lat' dir='ltr'><strong>cum</strong></span> <span class='ocrx_word' id='word_1_476' title='bbox 734 3945 861 4002; x_wconf 90' lang='lat' dir='ltr'><strong>suis</strong></span> <span class='ocrx_word' id='word_1_477' title='bbox 901 3943 953 4001; x_wconf 90' lang='lat' dir='ltr'><strong>ei</strong></span> <span class='ocrx_word' id='word_1_478' title='bbox 1012 3943 1219 4001; x_wconf 89' lang='lat' dir='ltr'><strong>Gothis</strong></span> <span class='ocrx_word' id='word_1_479' title='bbox 1250 3942 1539 4031; x_wconf 86' lang='lat' dir='ltr'><strong>militavit.</strong></span> <span class='ocrx_word' id='word_1_480' title='bbox 1598 3942 1836 4040; x_wconf 65' lang='lat' dir='ltr'><strong>Marcell.</strong></span> <span class='ocrx_word' id='word_1_481' title='bbox 1894 3959 1949 3998; x_wconf 89' lang='lat' dir='ltr'><strong>a.</strong></span> 
     </span>
    </p>
   </div>
   <div class='ocr_carea' id='block_1_73' title="bbox 291 4052 410 4109">
    <p class='ocr_par' dir='ltr' id='par_1_73' title="bbox 291 4052 410 4109">
     <span class='ocr_line' id='line_1_73' title="bbox 291 4052 410 4109; baseline 0 -19"><span class='ocrx_word' id='word_1_482' title='bbox 291 4052 410 4109; x_wconf 64' lang='grc'>8811.</span> 
     </span>
    </p>
   </div>
   <div class='ocr_carea' id='block_1_74' title="bbox 2057 3407 3349 3481">
    <p class='ocr_par' dir='ltr' id='par_1_74' title="bbox 2057 3407 3349 3481">
     <span class='ocr_line' id='line_1_74' title="bbox 2057 3407 3349 3481; baseline 0.001 -17"><span class='ocrx_word' id='word_1_483' title='bbox 2057 3407 2271 3464; x_wconf 89' lang='lat' dir='ltr'><strong>erroris</strong></span> <span class='ocrx_word' id='word_1_484' title='bbox 2302 3408 2657 3464; x_wconf 89' lang='lat' dir='ltr'><strong>condemnat</strong></span> <span class='ocrx_word' id='word_1_485' title='bbox 2684 3409 2854 3481; x_wconf 76' lang='grc'>(122).</span> <span class='ocrx_word' id='word_1_486' title='bbox 2888 3409 3082 3464; x_wconf 74' lang='lat' dir='ltr'><strong>Felicis</strong></span> <span class='ocrx_word' id='word_1_487' title='bbox 3110 3412 3263 3481; x_wconf 88' lang='lat' dir='ltr'><strong>epist.</strong></span> <span class='ocrx_word' id='word_1_488' title='bbox 3295 3412 3349 3465; x_wconf 84' lang='lat'><strong>5.</strong></span> 
     </span>
    </p>
   </div>
   <div class='ocr_carea' id='block_1_75' title="bbox 2128 3497 3711 3572">
    <p class='ocr_par' dir='ltr' id='par_1_75' title="bbox 2128 3497 3711 3572">
     <span class='ocr_line' id='line_1_75' title="bbox 2128 3497 3711 3572; baseline 0.002 -19"><span class='ocrx_word' id='word_1_489' title='bbox 2128 3497 2234 3553; x_wconf 83' lang='grc'>486</span> <span class='ocrx_word' id='word_1_490' title='bbox 2264 3497 2523 3554; x_wconf 88' lang='lat' dir='ltr'><strong>Odoacer</strong></span> <span class='ocrx_word' id='word_1_491' title='bbox 2551 3498 2783 3554; x_wconf 88' lang='lat' dir='ltr'><strong>Foebam</strong></span> <span class='ocrx_word' id='word_1_492' title='bbox 2838 3498 2962 3569; x_wconf 86' lang='lat' dir='ltr'><strong>[al.,</strong></span> <span class='ocrx_word' id='word_1_493' title='bbox 2998 3498 3273 3554; x_wconf 71' lang='lat' dir='ltr'><strong>Phoebum</strong></span> <span class='ocrx_word' id='word_1_494' title='bbox 3332 3517 3425 3555; x_wconf 87' lang='lat' dir='ltr'><strong>seu</strong></span> <span class='ocrx_word' id='word_1_495' title='bbox 3478 3500 3711 3572; x_wconf 79' lang='lat' dir='ltr'><strong>Fevam]</strong></span> 
     </span>
    </p>
   </div>
   <div class='ocr_carea' id='block_1_76' title="bbox 2059 3585 3713 3659">
    <p class='ocr_par' dir='ltr' id='par_1_76' title="bbox 2059 3585 3713 3659">
     <span class='ocr_line' id='line_1_76' title="bbox 2059 3585 3713 3659; baseline 0.002 -18"><span class='ocrx_word' id='word_1_496' title='bbox 2059 3586 2161 3658; x_wconf 89' lang='lat' dir='ltr'><strong>qui</strong></span> <span class='ocrx_word' id='word_1_497' title='bbox 2212 3590 2269 3641; x_wconf 88' lang='lat' dir='ltr'><strong>et</strong></span> <span class='ocrx_word' id='word_1_498' title='bbox 2317 3585 2626 3642; x_wconf 90' lang='lat' dir='ltr'><strong>Feletheus</strong></span> <span class='ocrx_word' id='word_1_499' title='bbox 2674 3587 2846 3658; x_wconf 77' lang='grc'>(123),</span> <span class='ocrx_word' id='word_1_500' title='bbox 2901 3603 3098 3659; x_wconf 89' lang='lat' dir='ltr'><strong>regem</strong></span> <span class='ocrx_word' id='word_1_501' title='bbox 3155 3588 3455 3659; x_wconf 82' lang='lat' dir='ltr'><strong>Rugorum</strong></span> <span class='ocrx_word' id='word_1_502' title='bbox 3489 3589 3626 3643; x_wconf 90' lang='lat' dir='ltr'><strong>vicit</strong></span> <span class='ocrx_word' id='word_1_503' title='bbox 3655 3594 3713 3644; x_wconf 93' lang='lat' dir='ltr'><strong>et</strong></span> 
     </span>
    </p>
   </div>
   <div class='ocr_carea' id='block_1_77' title="bbox 2060 3674 2994 3747">
    <p class='ocr_par' dir='ltr' id='par_1_77' title="bbox 2060 3674 2994 3747">
     <span class='ocr_line' id='line_1_77' title="bbox 2060 3674 2994 3747; baseline -0.001 -17"><span class='ocrx_word' id='word_1_504' title='bbox 2060 3674 2467 3747; x_wconf 89' lang='lat' dir='ltr'><strong>apprehendit.</strong></span> <span class='ocrx_word' id='word_1_505' title='bbox 2502 3674 2749 3731; x_wconf 78' lang='lat' dir='ltr'><strong>Cassiod.</strong></span> <span class='ocrx_word' id='word_1_506' title='bbox 2795 3692 2848 3729; x_wconf 90' lang='lat' dir='ltr'><strong>a.</strong></span> <span class='ocrx_word' id='word_1_507' title='bbox 2883 3691 2994 3745; x_wconf 88' lang='lat' dir='ltr'><strong>seq.</strong></span> 
     </span>
    </p>
   </div>
   <div class='ocr_carea' id='block_1_78' title="bbox 2130 3762 3708 3835">
    <p class='ocr_par' dir='ltr' id='par_1_78' title="bbox 2130 3762 3708 3835">
     <span class='ocr_line' id='line_1_78' title="bbox 2130 3762 3708 3835; baseline 0.001 -18"><span class='ocrx_word' id='word_1_508' title='bbox 2130 3763 2236 3818; x_wconf 88' lang='grc'>487</span> <span class='ocrx_word' id='word_1_509' title='bbox 2264 3763 2776 3819; x_wconf 84' lang='lat' dir='ltr'><strong>Gundamnundus</strong></span> <span class='ocrx_word' id='word_1_510' title='bbox 2807 3780 2905 3818; x_wconf 85' lang='lat' dir='ltr'><strong>rex</strong></span> <span class='ocrx_word' id='word_1_511' title='bbox 2922 3762 3347 3818; x_wconf 88' lang='lat' dir='ltr'><strong>Wandalorum</strong></span> <span class='ocrx_word' id='word_1_512' title='bbox 3371 3762 3708 3835; x_wconf 85' lang='lat' dir='ltr'><strong>Carthagini</strong></span> 
     </span>
    </p>
   </div>
   <div class='ocr_carea' id='block_1_79' title="bbox 2061 3849 3703 3925">
    <p class='ocr_par' dir='ltr' id='par_1_79' title="bbox 2061 3849 3703 3925">
     <span class='ocr_line' id='line_1_79' title="bbox 2061 3849 3703 3925; baseline 0.002 -18"><span class='ocrx_word' id='word_1_513' title='bbox 2061 3850 2365 3908; x_wconf 87' lang='lat' dir='ltr'><strong>ecclesiam</strong></span> <span class='ocrx_word' id='word_1_514' title='bbox 2400 3851 2587 3907; x_wconf 89' lang='lat' dir='ltr'><strong>sancti</strong></span> <span class='ocrx_word' id='word_1_515' title='bbox 2614 3850 2797 3923; x_wconf 88' lang='lat' dir='ltr'><strong>Agilei</strong></span> <span class='ocrx_word' id='word_1_516' title='bbox 2830 3849 3134 3906; x_wconf 87' lang='lat' dir='ltr'><strong>catholicis</strong></span> <span class='ocrx_word' id='word_1_517' title='bbox 3166 3850 3437 3920; x_wconf 88' lang='lat' dir='ltr'><strong>reddidit,</strong></span> <span class='ocrx_word' id='word_1_518' title='bbox 3470 3857 3703 3925; x_wconf 86' lang='lat' dir='ltr'><strong>petente</strong></span> 
     </span>
    </p>
   </div>
   <div class='ocr_carea' id='block_1_80' title="bbox 2061 3939 3373 4013">
    <p class='ocr_par' dir='ltr' id='par_1_80' title="bbox 2061 3939 3373 4013">
     <span class='ocr_line' id='line_1_80' title="bbox 2061 3939 3373 4013; baseline 0.002 -17"><span class='ocrx_word' id='word_1_519' title='bbox 2061 3945 2264 3997; x_wconf 90' lang='lat' dir='ltr'><strong>sancto</strong></span> <span class='ocrx_word' id='word_1_520' title='bbox 2296 3940 2554 4012; x_wconf 88' lang='lat' dir='ltr'><strong>Eugenio</strong></span> <span class='ocrx_word' id='word_1_521' title='bbox 2586 3939 2879 4012; x_wconf 75' lang='lat' dir='ltr'><strong>episcOpo.</strong></span> <span class='ocrx_word' id='word_1_522' title='bbox 2914 3941 3106 4013; x_wconf 85' lang='lat' dir='ltr'><strong>Prosp.</strong></span> <span class='ocrx_word' id='word_1_523' title='bbox 3139 3940 3373 4012; x_wconf 81' lang='lat' dir='ltr'><strong>append.</strong></span> 
     </span>
    </p>
   </div>
   <div class='ocr_carea' id='block_1_81' title="bbox 1337 4106 2647 4169">
    <p class='ocr_par' dir='ltr' id='par_1_81' title="bbox 1337 4106 2647 4169">
     <span class='ocr_line' id='line_1_81' title="bbox 1337 4106 2647 4169; baseline -0.005 0"><span class='ocrx_word' id='word_1_524' title='bbox 1337 4111 1810 4169; x_wconf 88' lang='lat' dir='ltr'><strong>COMPENDIUM</strong></span> <span class='ocrx_word' id='word_1_525' title='bbox 1850 4110 1944 4167; x_wconf 87' lang='lat' dir='ltr'><strong>EX</strong></span> <span class='ocrx_word' id='word_1_526' title='bbox 1982 4107 2232 4166; x_wconf 87' lang='lat' dir='ltr'><strong>CODICE</strong></span> <span class='ocrx_word' id='word_1_527' title='bbox 2270 4106 2647 4164; x_wconf 80' lang='lat' dir='ltr'><strong>BERNOLDI.</strong></span> 
     </span>
    </p>
   </div>
   <div class='ocr_carea' id='block_1_82' title="bbox 360 4196 3707 4274">
    <p class='ocr_par' dir='ltr' id='par_1_82' title="bbox 360 4196 3707 4274">
     <span class='ocr_line' id='line_1_82' title="bbox 360 4196 3707 4274; baseline -0.001 -15"><span class='ocrx_word' id='word_1_528' title='bbox 360 4203 477 4259; x_wconf 84' lang='grc'><strong>473</strong></span> <span class='ocrx_word' id='word_1_529' title='bbox 507 4204 612 4258; x_wconf 90' lang='lat' dir='ltr'><strong>Leo</strong></span> <span class='ocrx_word' id='word_1_530' title='bbox 668 4203 853 4257; x_wconf 83' lang='lat' dir='ltr'><strong>senior</strong></span> <span class='ocrx_word' id='word_1_531' title='bbox 907 4203 1205 4274; x_wconf 79' lang='lat' dir='ltr'><strong>imperator</strong></span> <span class='ocrx_word' id='word_1_532' title='bbox 1255 4201 1416 4270; x_wconf 85' lang='lat' dir='ltr'><strong>obiit,</strong></span> <span class='ocrx_word' id='word_1_533' title='bbox 1469 4205 1594 4272; x_wconf 88' lang='lat' dir='ltr'><strong>post</strong></span> <span class='ocrx_word' id='word_1_534' title='bbox 1648 4217 1805 4273; x_wconf 86' lang='lat' dir='ltr'><strong>quem</strong></span> <span class='ocrx_word' id='word_1_535' title='bbox 1853 4201 1955 4256; x_wconf 91' lang='lat' dir='ltr'><strong>Leo</strong></span> <span class='ocrx_word' id='word_1_536' title='bbox 1983 4200 2030 4265; x_wconf 73' lang='grc' dir='ltr'>Ι)</span> <span class='ocrx_word' id='word_1_537' title='bbox 2132 4197 2236 4251; x_wconf 89' lang='grc'>478</span> <span class='ocrx_word' id='word_1_538' title='bbox 2262 4197 2588 4269; x_wconf 80' lang='lat' dir='ltr'><strong>Simplicius</strong></span> <span class='ocrx_word' id='word_1_539' title='bbox 2637 4212 2779 4268; x_wconf 83' lang='lat' dir='ltr'><strong>papa</strong></span> <span class='ocrx_word' id='word_1_540' title='bbox 2836 4200 3106 4252; x_wconf 69' lang='lat' dir='ltr'><strong>Petrum.</strong></span> <span class='ocrx_word' id='word_1_541' title='bbox 3181 4196 3430 4266; x_wconf 82' lang='lat' dir='ltr'><strong>damnat,</strong></span> <span class='ocrx_word' id='word_1_542' title='bbox 3462 4203 3528 4254; x_wconf 90' lang='lat' dir='ltr'><strong>ut</strong></span> <span class='ocrx_word' id='word_1_543' title='bbox 3555 4205 3707 4273; x_wconf 86' lang='lat' dir='ltr'><strong>Aug.</strong></span> 
     </span>
    </p>
   </div>
   <div class='ocr_carea' id='block_1_83' title="bbox 278 4291 1953 4364">
    <p class='ocr_par' dir='ltr' id='par_1_83' title="bbox 278 4291 1953 4364">
     <span class='ocr_line' id='line_1_83' title="bbox 278 4291 1953 4364; baseline -0.002 -16"><span class='ocrx_word' id='word_1_544' title='bbox 278 4293 487 4364; x_wconf 82' lang='lat' dir='ltr'><strong>junior</strong></span> <span class='ocrx_word' id='word_1_545' title='bbox 511 4291 708 4363; x_wconf 82' lang='lat' dir='ltr'><strong>paucis</strong></span> <span class='ocrx_word' id='word_1_546' title='bbox 736 4291 1015 4346; x_wconf 86' lang='lat' dir='ltr'><strong>mensibus</strong></span> <span class='ocrx_word' id='word_1_547' title='bbox 1043 4306 1282 4360; x_wconf 82' lang='lat' dir='ltr'><strong>regnans</strong></span> <span class='ocrx_word' id='word_1_548' title='bbox 1311 4292 1361 4345; x_wconf 87' lang='lat' dir='ltr'><strong>et</strong></span> <span class='ocrx_word' id='word_1_549' title='bbox 1398 4291 1516 4361; x_wconf 89' lang='lat' dir='ltr'><strong>ipse</strong></span> <span class='ocrx_word' id='word_1_550' title='bbox 1542 4291 1793 4346; x_wconf 80' lang='lat' dir='ltr'><strong>moritur.</strong></span> <span class='ocrx_word' id='word_1_551' title='bbox 1827 4291 1953 4345; x_wconf 87' lang='lat' dir='ltr'><strong>Post</strong></span> 
     </span>
    </p>
   </div>
   <div class='ocr_carea' id='block_1_84' title="bbox 289 4377 1950 4451">
    <p class='ocr_par' dir='ltr' id='par_1_84' title="bbox 289 4377 1950 4451">
     <span class='ocr_line' id='line_1_84' title="bbox 289 4377 1950 4451; baseline -0.001 -16"><span class='ocrx_word' id='word_1_552' title='bbox 289 4381 446 4436; x_wconf 80' lang='lat' dir='ltr'><strong>hunc</strong></span> <span class='ocrx_word' id='word_1_553' title='bbox 472 4380 617 4435; x_wconf 84' lang='lat' dir='ltr'><strong>Zeno</strong></span> <span class='ocrx_word' id='word_1_554' title='bbox 648 4381 780 4451; x_wconf 88' lang='lat' dir='ltr'><strong>imp.</strong></span> <span class='ocrx_word' id='word_1_555' title='bbox 814 4380 1064 4449; x_wconf 78' lang='lat' dir='ltr'><strong>regnavit</strong></span> <span class='ocrx_word' id='word_1_556' title='bbox 1093 4380 1259 4434; x_wconf 83' lang='lat' dir='ltr'><strong>annis</strong></span> <span class='ocrx_word' id='word_1_557' title='bbox 1285 4394 1421 4434; x_wconf 81' lang='lat' dir='ltr'><strong>xvu.</strong></span> <span class='ocrx_word' id='word_1_558' title='bbox 1474 4378 1659 4435; x_wconf 66' lang='lat' dir='ltr'><strong>Romae</strong></span> <span class='ocrx_word' id='word_1_559' title='bbox 1705 4377 1950 4449; x_wconf 79' lang='lat' dir='ltr'><strong>Glycerio</strong></span> 
     </span>
    </p>
   </div>
   <div class='ocr_carea' id='block_1_85' title="bbox 286 4469 1128 4540">
    <p class='ocr_par' dir='ltr' id='par_1_85' title="bbox 286 4469 1128 4540">
     <span class='ocr_line' id='line_1_85' title="bbox 286 4469 1128 4540; baseline -0.002 -14"><span class='ocrx_word' id='word_1_560' title='bbox 286 4470 559 4526; x_wconf 81' lang='lat' dir='ltr'><strong>successit</strong></span> <span class='ocrx_word' id='word_1_561' title='bbox 588 4469 758 4539; x_wconf 83' lang='lat' dir='ltr'><strong>Nepos</strong></span> <span class='ocrx_word' id='word_1_562' title='bbox 787 4469 847 4523; x_wconf 88' lang='lat' dir='ltr'><strong>in</strong></span> <span class='ocrx_word' id='word_1_563' title='bbox 877 4469 1128 4540; x_wconf 87' lang='lat' dir='ltr'><strong>imperio.</strong></span> 
     </span>
    </p>
   </div>
   <div class='ocr_carea' id='block_1_86' title="bbox 365 4556 1951 4628">
    <p class='ocr_par' dir='ltr' id='par_1_86' title="bbox 365 4556 1951 4628">
     <span class='ocr_line' id='line_1_86' title="bbox 365 4556 1951 4628; baseline -0.003 -16"><span class='ocrx_word' id='word_1_564' title='bbox 365 4557 477 4612; x_wconf 78' lang='grc'>474</span> <span class='ocrx_word' id='word_1_565' title='bbox 509 4556 720 4612; x_wconf 85' lang='lat' dir='ltr'><strong>Orestes</strong></span> <span class='ocrx_word' id='word_1_566' title='bbox 744 4558 1015 4627; x_wconf 69' lang='lat' dir='ltr'><strong>patricius</strong></span> <span class='ocrx_word' id='word_1_567' title='bbox 1044 4556 1297 4628; x_wconf 85' lang='lat' dir='ltr'><strong>Nepotem</strong></span> <span class='ocrx_word' id='word_1_568' title='bbox 1323 4556 1709 4627; x_wconf 78' lang='lat' dir='ltr'><strong>imperatorem</strong></span> <span class='ocrx_word' id='word_1_569' title='bbox 1737 4556 1951 4626; x_wconf 80' lang='lat' dir='ltr'><strong>fugavit</strong></span> 
     </span>
    </p>
   </div>
   <div class='ocr_carea' id='block_1_87' title="bbox 285 4644 1496 4718">
    <p class='ocr_par' dir='ltr' id='par_1_87' title="bbox 285 4644 1496 4718">
     <span class='ocr_line' id='line_1_87' title="bbox 285 4644 1496 4718; baseline -0.003 -16"><span class='ocrx_word' id='word_1_570' title='bbox 285 4648 522 4718; x_wconf 73' lang='lat' dir='ltr'><strong>ﬁlioque</strong></span> <span class='ocrx_word' id='word_1_571' title='bbox 550 4660 651 4701; x_wconf 87' lang='lat' dir='ltr'><strong>suo</strong></span> <span class='ocrx_word' id='word_1_572' title='bbox 681 4645 982 4716; x_wconf 80' lang='lat' dir='ltr'><strong>Augustulo</strong></span> <span class='ocrx_word' id='word_1_573' title='bbox 1009 4646 1304 4718; x_wconf 88' lang='lat' dir='ltr'><strong>imperium</strong></span> <span class='ocrx_word' id='word_1_574' title='bbox 1332 4644 1496 4700; x_wconf 86' lang='lat' dir='ltr'><strong>dedit.</strong></span> 
     </span>
    </p>
   </div>
   <div class='ocr_carea' id='block_1_88' title="bbox 360 4732 1950 4804">
    <p class='ocr_par' dir='ltr' id='par_1_88' title="bbox 360 4732 1950 4804">
     <span class='ocr_line' id='line_1_88' title="bbox 360 4732 1950 4804; baseline -0.001 -15"><span class='ocrx_word' id='word_1_575' title='bbox 360 4736 477 4789; x_wconf 84' lang='grc'>475</span> <span class='ocrx_word' id='word_1_576' title='bbox 506 4732 751 4790; x_wconf 85' lang='lat' dir='ltr'><strong>Odoacer</strong></span> <span class='ocrx_word' id='word_1_577' title='bbox 776 4751 879 4790; x_wconf 74' lang='lat' dir='ltr'><strong>rex</strong></span> <span class='ocrx_word' id='word_1_578' title='bbox 921 4735 1363 4804; x_wconf 83' lang='lat' dir='ltr'><strong>Torciliugorum</strong></span> <span class='ocrx_word' id='word_1_579' title='bbox 1408 4736 1459 4789; x_wconf 88' lang='lat' dir='ltr'><strong>et</strong></span> <span class='ocrx_word' id='word_1_580' title='bbox 1507 4736 1783 4803; x_wconf 83' lang='lat' dir='ltr'><strong>Rugorum</strong></span> <span class='ocrx_word' id='word_1_581' title='bbox 1824 4748 1950 4804; x_wconf 83' lang='lat' dir='ltr'><strong>per-</strong></span> 
     </span>
    </p>
   </div>
   <div class='ocr_carea' id='block_1_89' title="bbox 286 4821 2049 4895">
    <p class='ocr_par' dir='ltr' id='par_1_89' title="bbox 286 4821 2049 4895">
     <span class='ocr_line' id='line_1_89' title="bbox 286 4821 2049 4895; baseline -0.002 -16"><span class='ocrx_word' id='word_1_582' title='bbox 286 4840 425 4879; x_wconf 75' lang='lat' dir='ltr'><strong>vasa</strong></span> <span class='ocrx_word' id='word_1_583' title='bbox 450 4823 686 4878; x_wconf 81' lang='lat' dir='ltr'><strong>Italia...</strong></span> <span class='ocrx_word' id='word_1_584' title='bbox 717 4827 767 4878; x_wconf 89' lang='lat' dir='ltr'><strong>et</strong></span> <span class='ocrx_word' id='word_1_585' title='bbox 796 4824 1033 4878; x_wconf 86' lang='lat' dir='ltr'><strong>Paulum</strong></span> <span class='ocrx_word' id='word_1_586' title='bbox 1061 4824 1326 4895; x_wconf 83' lang='lat' dir='ltr'><strong>patricios</strong></span> <span class='ocrx_word' id='word_1_587' title='bbox 1355 4822 1568 4889; x_wconf 78' lang='lat' dir='ltr'><strong>occidit,</strong></span> <span class='ocrx_word' id='word_1_588' title='bbox 1587 4821 1951 4892; x_wconf 84' lang='lat' dir='ltr'><strong>Augustulum</strong></span> <span class='ocrx_word' id='word_1_589' title='bbox 2046 4892 2049 4893; x_wconf 16' lang='grc' dir='ltr'><em>ν</em></span> 
     </span>
    </p>
   </div>
   <div class='ocr_carea' id='block_1_90' title="bbox 292 4910 1001 4984">
    <p class='ocr_par' dir='ltr' id='par_1_90' title="bbox 292 4910 1001 4984">
     <span class='ocr_line' id='line_1_90' title="bbox 292 4910 1001 4984; baseline 0.001 -18"><span class='ocrx_word' id='word_1_590' title='bbox 292 4914 435 4984; x_wconf 83' lang='lat' dir='ltr'><strong>imp.</strong></span> <span class='ocrx_word' id='word_1_591' title='bbox 468 4913 674 4967; x_wconf 65' lang='lat' dir='ltr'><strong>exsilio</strong></span> <span class='ocrx_word' id='word_1_592' title='bbox 698 4910 1001 4967; x_wconf 81' lang='lat' dir='ltr'><strong>damnavit.</strong></span> 
     </span>
    </p>
   </div>
   <div class='ocr_carea' id='block_1_91' title="bbox 365 4999 1654 5071">
    <p class='ocr_par' dir='ltr' id='par_1_91' title="bbox 365 4999 1654 5071">
     <span class='ocr_line' id='line_1_91' title="bbox 365 4999 1654 5071; baseline -0.001 -16"><span class='ocrx_word' id='word_1_593' title='bbox 365 5001 476 5055; x_wconf 82' lang='grc'><strong>476</strong></span> <span class='ocrx_word' id='word_1_594' title='bbox 515 4999 757 5057; x_wconf 85' lang='lat' dir='ltr'><strong>Odoacer</strong></span> <span class='ocrx_word' id='word_1_595' title='bbox 785 5001 964 5056; x_wconf 69' lang='lat' dir='ltr'><strong>Rom</strong></span> <span class='ocrx_word' id='word_1_596' title='bbox 992 5001 1167 5056; x_wconf 84' lang='lat' dir='ltr'><strong>invito</strong></span> <span class='ocrx_word' id='word_1_597' title='bbox 1204 5000 1420 5055; x_wconf 80' lang='lat' dir='ltr'><strong>Zenone</strong></span> <span class='ocrx_word' id='word_1_598' title='bbox 1444 5004 1654 5071; x_wconf 85' lang='lat' dir='ltr'><strong>regnat.</strong></span> 
     </span>
    </p>
   </div>
   <div class='ocr_carea' id='block_1_92' title="bbox 361 5089 1953 5161">
    <p class='ocr_par' dir='ltr' id='par_1_92' title="bbox 361 5089 1953 5161">
     <span class='ocr_line' id='line_1_92' title="bbox 361 5089 1953 5161; baseline 0 -18"><span class='ocrx_word' id='word_1_599' title='bbox 361 5090 476 5143; x_wconf 81' lang='grc'>477</span> <span class='ocrx_word' id='word_1_600' title='bbox 505 5090 761 5160; x_wconf 84' lang='lat' dir='ltr'><strong>Tempore</strong></span> <span class='ocrx_word' id='word_1_601' title='bbox 788 5090 1085 5146; x_wconf 83' lang='lat' dir='ltr'><strong>Zenonis...</strong></span> <span class='ocrx_word' id='word_1_602' title='bbox 1117 5090 1234 5161; x_wconf 86' lang='lat' dir='ltr'><strong>ipso</strong></span> <span class='ocrx_word' id='word_1_603' title='bbox 1265 5089 1541 5145; x_wconf 78' lang='lat' dir='ltr'><strong>revelante</strong></span> <span class='ocrx_word' id='word_1_604' title='bbox 1567 5092 1784 5161; x_wconf 87' lang='lat' dir='ltr'><strong>reperta</strong></span> <span class='ocrx_word' id='word_1_605' title='bbox 1800 5089 1953 5157; x_wconf 84' lang='lat' dir='ltr'><strong>sunt,</strong></span> 
     </span>
    </p>
   </div>
   <div class='ocr_carea' id='block_1_93' title="bbox 285 5178 830 5251">
    <p class='ocr_par' dir='ltr' id='par_1_93' title="bbox 285 5178 830 5251">
     <span class='ocr_line' id='line_1_93' title="bbox 285 5178 830 5251; baseline 0.006 -22"><span class='ocrx_word' id='word_1_606' title='bbox 285 5179 359 5230; x_wconf 87' lang='lat' dir='ltr'><strong>ut</strong></span> <span class='ocrx_word' id='word_1_607' title='bbox 384 5178 537 5250; x_wconf 90' lang='lat' dir='ltr'><strong>Aug.</strong></span> <span class='ocrx_word' id='word_1_608' title='bbox 574 5194 669 5234; x_wconf 87' lang='lat' dir='ltr'><strong>an.</strong></span> <span class='ocrx_word' id='word_1_609' title='bbox 705 5194 830 5251; x_wconf 90' lang='lat' dir='ltr'><strong>seq.</strong></span> 
     </span>
    </p>
   </div>
   <div class='ocr_carea' id='block_1_94' title="bbox 2061 4302 2272 4357">
    <p class='ocr_par' dir='ltr' id='par_1_94' title="bbox 2061 4302 2272 4357">
     <span class='ocr_line' id='line_1_94' title="bbox 2061 4302 2272 4357; baseline 0 -17"><span class='ocrx_word' id='word_1_610' title='bbox 2061 4302 2113 4340; x_wconf 91' lang='lat' dir='ltr'><strong>a.</strong></span> <span class='ocrx_word' id='word_1_611' title='bbox 2150 4302 2272 4357; x_wconf 91' lang='lat' dir='ltr'><strong>seq.</strong></span> 
     </span>
    </p>
   </div>
   <div class='ocr_carea' id='block_1_95' title="bbox 2132 4375 3713 4447">
    <p class='ocr_par' dir='ltr' id='par_1_95' title="bbox 2132 4375 3713 4447">
     <span class='ocr_line' id='line_1_95' title="bbox 2132 4375 3713 4447; baseline 0.003 -18"><span class='ocrx_word' id='word_1_612' title='bbox 2132 4375 2236 4429; x_wconf 89' lang='grc'>480</span> <span class='ocrx_word' id='word_1_613' title='bbox 2264 4376 2537 4431; x_wconf 85' lang='lat' dir='ltr'><strong>Hilderico</strong></span> <span class='ocrx_word' id='word_1_614' title='bbox 2593 4391 2717 4447; x_wconf 84' lang='lat' dir='ltr'><strong>rege</strong></span> <span class='ocrx_word' id='word_1_615' title='bbox 2748 4377 3083 4431; x_wconf 84' lang='lat' dir='ltr'><strong>Francorum</strong></span> <span class='ocrx_word' id='word_1_616' title='bbox 3130 4381 3407 4432; x_wconf 85' lang='lat' dir='ltr'><strong>mortuo...</strong></span> <span class='ocrx_word' id='word_1_617' title='bbox 3456 4379 3713 4443; x_wconf 83' lang='lat' dir='ltr'><strong>regnavit</strong></span> 
     </span>
    </p>
   </div>
   <div class='ocr_carea' id='block_1_96' title="bbox 2058 4467 2373 4520">
    <p class='ocr_par' dir='ltr' id='par_1_96' title="bbox 2058 4467 2373 4520">
     <span class='ocr_line' id='line_1_96' title="bbox 2058 4467 2373 4520; baseline 0 0"><span class='ocrx_word' id='word_1_618' title='bbox 2058 4482 2166 4520; x_wconf 85' lang='lat' dir='ltr'><strong>xxx</strong></span> <span class='ocrx_word' id='word_1_619' title='bbox 2192 4467 2373 4520; x_wconf 84' lang='lat' dir='ltr'><strong>annis.</strong></span> 
     </span>
    </p>
   </div>
   <div class='ocr_carea' id='block_1_97' title="bbox 2130 4552 3709 4624">
    <p class='ocr_par' dir='ltr' id='par_1_97' title="bbox 2130 4552 3709 4624">
     <span class='ocr_line' id='line_1_97' title="bbox 2130 4552 3709 4624; baseline -0.001 -15"><span class='ocrx_word' id='word_1_620' title='bbox 2130 4555 2234 4609; x_wconf 84' lang='grc'>482</span> <span class='ocrx_word' id='word_1_621' title='bbox 2263 4553 2678 4609; x_wconf 83' lang='lat' dir='ltr'><strong>Theodoricus...</strong></span> <span class='ocrx_word' id='word_1_622' title='bbox 2710 4552 3021 4624; x_wconf 81' lang='lat' dir='ltr'><strong>familiaris</strong></span> <span class='ocrx_word' id='word_1_623' title='bbox 3067 4552 3326 4623; x_wconf 78' lang='lat' dir='ltr'><strong>efﬁcitur,</strong></span> <span class='ocrx_word' id='word_1_624' title='bbox 3359 4560 3411 4607; x_wconf 89' lang='lat' dir='ltr'><strong>et</strong></span> <span class='ocrx_word' id='word_1_625' title='bbox 3440 4567 3563 4606; x_wconf 85' lang='lat' dir='ltr'><strong>cum</strong></span> <span class='ocrx_word' id='word_1_626' title='bbox 3591 4554 3709 4608; x_wconf 87' lang='lat' dir='ltr'><strong>suis</strong></span> 
     </span>
    </p>
   </div>
   <div class='ocr_carea' id='block_1_98' title="bbox 2057 4640 3699 4712">
    <p class='ocr_par' dir='ltr' id='par_1_98' title="bbox 2057 4640 3699 4712">
     <span class='ocr_line' id='line_1_98' title="bbox 2057 4640 3699 4712; baseline -0.001 -13"><span class='ocrx_word' id='word_1_627' title='bbox 2057 4644 2111 4699; x_wconf 88' lang='lat' dir='ltr'><strong>ei</strong></span> <span class='ocrx_word' id='word_1_628' title='bbox 2141 4642 2323 4698; x_wconf 84' lang='lat' dir='ltr'><strong>Gothis</strong></span> <span class='ocrx_word' id='word_1_629' title='bbox 2379 4644 2666 4699; x_wconf 76' lang='lat' dir='ltr'><strong>militavit.</strong></span> <span class='ocrx_word' id='word_1_630' title='bbox 2722 4643 2862 4697; x_wconf 86' lang='lat' dir='ltr'><strong>Zeno</strong></span> <span class='ocrx_word' id='word_1_631' title='bbox 2919 4642 3189 4712; x_wconf 74' lang='lat' dir='ltr'><strong>Augustus</strong></span> <span class='ocrx_word' id='word_1_632' title='bbox 3247 4640 3699 4699; x_wconf 80' lang='lat' dir='ltr'><strong>Theodericum...</strong></span> 
     </span>
    </p>
   </div>
   <div class='ocr_carea' id='block_1_99' title="bbox 2056 4733 2712 4803">
    <p class='ocr_par' dir='ltr' id='par_1_99' title="bbox 2056 4733 2712 4803">
     <span class='ocr_line' id='line_1_99' title="bbox 2056 4733 2712 4803; baseline -0.002 -16"><span class='ocrx_word' id='word_1_633' title='bbox 2056 4733 2204 4803; x_wconf 84' lang='lat' dir='ltr'><strong>fecit,</strong></span> <span class='ocrx_word' id='word_1_634' title='bbox 2230 4735 2294 4785; x_wconf 92' lang='lat' dir='ltr'><strong>ut</strong></span> <span class='ocrx_word' id='word_1_635' title='bbox 2320 4733 2467 4803; x_wconf 86' lang='lat' dir='ltr'><strong>Aug.</strong></span> <span class='ocrx_word' id='word_1_636' title='bbox 2502 4748 2552 4786; x_wconf 93' lang='lat' dir='ltr'><strong>a.</strong></span> <span class='ocrx_word' id='word_1_637' title='bbox 2589 4747 2712 4803; x_wconf 90' lang='lat' dir='ltr'><strong>seq.</strong></span> 
     </span>
    </p>
   </div>
   <div class='ocr_carea' id='block_1_100' title="bbox 2131 4819 3709 4892">
    <p class='ocr_par' dir='ltr' id='par_1_100' title="bbox 2131 4819 3709 4892">
     <span class='ocr_line' id='line_1_100' title="bbox 2131 4819 3709 4892; baseline 0.002 -18"><span class='ocrx_word' id='word_1_638' title='bbox 2131 4822 2233 4875; x_wconf 87' lang='grc'>483</span> <span class='ocrx_word' id='word_1_639' title='bbox 2268 4822 2449 4877; x_wconf 63' lang='lat' dir='ltr'><strong>Romae</strong></span> <span class='ocrx_word' id='word_1_640' title='bbox 2506 4821 2660 4874; x_wconf 65' lang='lat' dir='ltr'><strong>I&#39;clia:</strong></span> <span class='ocrx_word' id='word_1_641' title='bbox 2699 4821 2920 4887; x_wconf 83' lang='lat' dir='ltr'><strong>tertius,</strong></span> <span class='ocrx_word' id='word_1_642' title='bbox 2948 4836 3087 4892; x_wconf 82' lang='lat' dir='ltr'><strong>papa</strong></span> <span class='ocrx_word' id='word_1_643' title='bbox 3140 4820 3200 4887; x_wconf 82' lang='lat' dir='ltr'><strong>L,</strong></span> <span class='ocrx_word' id='word_1_644' title='bbox 3232 4836 3289 4874; x_wconf 89' lang='lat' dir='ltr'><strong>se</strong></span> <span class='ocrx_word' id='word_1_645' title='bbox 3308 4819 3369 4874; x_wconf 75' lang='lat' dir='ltr'><strong>lit</strong></span> <span class='ocrx_word' id='word_1_646' title='bbox 3400 4821 3565 4875; x_wconf 87' lang='lat' dir='ltr'><strong>annis</strong></span> <span class='ocrx_word' id='word_1_647' title='bbox 3595 4822 3709 4892; x_wconf 79' lang='lat' dir='ltr'><strong>fere</strong></span> 
     </span>
    </p>
   </div>
   <div class='ocr_carea' id='block_1_101' title="bbox 2056 4909 3399 4980">
    <p class='ocr_par' dir='ltr' id='par_1_101' title="bbox 2056 4909 3399 4980">
     <span class='ocr_line' id='line_1_101' title="bbox 2056 4909 3399 4980; baseline 0.001 -17"><span class='ocrx_word' id='word_1_648' title='bbox 2056 4925 2247 4965; x_wconf 82' lang='lat' dir='ltr'><strong>novem</strong></span> <span class='ocrx_word' id='word_1_649' title='bbox 2276 4918 2327 4965; x_wconf 90' lang='lat' dir='ltr'><strong>et</strong></span> <span class='ocrx_word' id='word_1_650' title='bbox 2348 4925 2621 4965; x_wconf 84' lang='lat' dir='ltr'><strong>canonum</strong></span> <span class='ocrx_word' id='word_1_651' title='bbox 2639 4925 2793 4963; x_wconf 86' lang='lat' dir='ltr'><strong>xxvn</strong></span> <span class='ocrx_word' id='word_1_652' title='bbox 2825 4909 3071 4980; x_wconf 85' lang='lat' dir='ltr'><strong>capitula</strong></span> <span class='ocrx_word' id='word_1_653' title='bbox 3100 4911 3399 4965; x_wconf 78' lang='lat' dir='ltr'><strong>constituit.</strong></span> 
     </span>
    </p>
   </div>
   <div class='ocr_carea' id='block_1_102' title="bbox 2128 4998 3710 5070">
    <p class='ocr_par' dir='ltr' id='par_1_102' title="bbox 2128 4998 3710 5070">
     <span class='ocr_line' id='line_1_102' title="bbox 2128 4998 3710 5070; baseline -0.001 -15"><span class='ocrx_word' id='word_1_654' title='bbox 2128 4998 2235 5055; x_wconf 90' lang='grc'><strong>485</strong></span> <span class='ocrx_word' id='word_1_655' title='bbox 2265 5000 2370 5055; x_wconf 86' lang='lat' dir='ltr'><strong>Hoc</strong></span> <span class='ocrx_word' id='word_1_656' title='bbox 2398 5006 2702 5070; x_wconf 86' lang='lat' dir='ltr'><strong>tempore...</strong></span> <span class='ocrx_word' id='word_1_657' title='bbox 2760 5005 2989 5064; x_wconf 80' lang='lat' dir='ltr'><strong>revocat,</strong></span> <span class='ocrx_word' id='word_1_658' title='bbox 3042 5014 3201 5069; x_wconf 87' lang='lat' dir='ltr'><strong>quem</strong></span> <span class='ocrx_word' id='word_1_659' title='bbox 3242 4999 3512 5070; x_wconf 82' lang='lat' dir='ltr'><strong>quondam</strong></span> <span class='ocrx_word' id='word_1_660' title='bbox 3545 5013 3710 5055; x_wconf 87' lang='lat' dir='ltr'><strong>accu-</strong></span> 
     </span>
    </p>
   </div>
   <div class='ocr_carea' id='block_1_103' title="bbox 2058 5087 3063 5159">
    <p class='ocr_par' dir='ltr' id='par_1_103' title="bbox 2058 5087 3063 5159">
     <span class='ocr_line' id='line_1_103' title="bbox 2058 5087 3063 5159; baseline -0.002 -16"><span class='ocrx_word' id='word_1_661' title='bbox 2058 5087 2213 5143; x_wconf 83' lang='lat' dir='ltr'><strong>sabat</strong></span> <span class='ocrx_word' id='word_1_662' title='bbox 2233 5104 2253 5149; x_wconf 84' lang='lat'><strong><em>;</em></strong></span> <span class='ocrx_word' id='word_1_663' title='bbox 2284 5104 2387 5159; x_wconf 87' lang='lat' dir='ltr'><strong>quo</strong></span> <span class='ocrx_word' id='word_1_664' title='bbox 2418 5087 2628 5153; x_wconf 85' lang='lat' dir='ltr'><strong>audito,</strong></span> <span class='ocrx_word' id='word_1_665' title='bbox 2656 5090 2789 5159; x_wconf 87' lang='lat' dir='ltr'><strong>etc.,</strong></span> <span class='ocrx_word' id='word_1_666' title='bbox 2824 5092 2887 5143; x_wconf 90' lang='lat' dir='ltr'><strong>ut</strong></span> <span class='ocrx_word' id='word_1_667' title='bbox 2916 5089 3063 5159; x_wconf 88' lang='lat' dir='ltr'><strong>Aug.</strong></span> 
     </span>
    </p>
   </div>
   <div class='ocr_carea' id='block_1_104' title="bbox 1903 5256 2136 5314">
    <p class='ocr_par' dir='ltr' id='par_1_104' title="bbox 1903 5256 2136 5314">
     <span class='ocr_line' id='line_1_104' title="bbox 1903 5256 2136 5314; baseline -0.004 0"><span class='ocrx_word' id='word_1_668' title='bbox 1903 5256 2136 5314; x_wconf 80' lang='lat' dir='ltr'><strong>NOT/E.</strong></span> 
     </span>
    </p>
   </div>
   <div class='ocr_carea' id='block_1_105' title="bbox 362 5345 1948 5473">
    <p class='ocr_par' dir='ltr' id='par_1_105' title="bbox 362 5345 1948 5473">
     <span class='ocr_line' id='line_1_105' title="bbox 362 5345 1948 5473; baseline 0.003 -73"><span class='ocrx_word' id='word_1_669' title='bbox 362 5345 522 5417; x_wconf 90' lang='grc'>(118)</span> <span class='ocrx_word' id='word_1_670' title='bbox 550 5345 668 5401; x_wconf 87' lang='lat' dir='ltr'><strong>Hac</strong></span> <span class='ocrx_word' id='word_1_671' title='bbox 696 5346 769 5403; x_wconf 88' lang='lat' dir='ltr'><strong>de</strong></span> <span class='ocrx_word' id='word_1_672' title='bbox 803 5363 863 5403; x_wconf 89' lang='lat' dir='ltr'><strong>re</strong></span> <span class='ocrx_word' id='word_1_673' title='bbox 868 5346 1015 5473; x_wconf 71' lang='lat' dir='ltr'><strong>7a7git</strong></span> <span class='ocrx_word' id='word_1_674' title='bbox 1040 5346 1326 5405; x_wconf 90' lang='lat' dir='ltr'><strong>Baronius</strong></span> <span class='ocrx_word' id='word_1_675' title='bbox 1357 5347 1429 5410; x_wconf 87' lang='lat' dir='ltr'><strong>ad</strong></span> <span class='ocrx_word' id='word_1_676' title='bbox 1456 5362 1550 5405; x_wconf 91' lang='lat' dir='ltr'><strong>an.</strong></span> <span class='ocrx_word' id='word_1_677' title='bbox 1584 5349 1711 5417; x_wconf 88' lang='grc'>485,</span> <span class='ocrx_word' id='word_1_678' title='bbox 1745 5348 1948 5404; x_wconf 88' lang='lat' dir='ltr'><strong>Cedre-</strong></span> 
     </span>
     <span class='ocr_line' id='line_1_106' title="bbox 362 5418 958 5473; baseline 0.005 -3"><span class='ocrx_word' id='word_1_679' title='bbox 362 5433 409 5472; x_wconf 75' lang='grc' dir='ltr'><strong>ιε</strong></span> <span class='ocrx_word' id='word_1_680' title='bbox 438 5433 575 5473; x_wconf 85' lang='lat' dir='ltr'><strong>vero</strong></span> <span class='ocrx_word' id='word_1_681' title='bbox 607 5418 679 5473; x_wconf 86' lang='lat' dir='ltr'><strong>ad</strong></span> <span class='ocrx_word' id='word_1_682' title='bbox 711 5435 807 5473; x_wconf 90' lang='lat' dir='ltr'><strong>an.</strong></span> <span class='ocrx_word' id='word_1_683' title='bbox 833 5421 867 5473; x_wconf 80' lang='grc'><strong>4</strong></span> <span class='ocrx_word' id='word_1_684' title='bbox 944 5462 958 5473; x_wconf 93' lang='grc'><em>.</em></span> 
     </span>
    </p>
   </div>
   <div class='ocr_carea' id='block_1_106' title="bbox 283 5418 958 5476">
    <p class='ocr_par' dir='ltr' id='par_1_106' title="bbox 283 5418 958 5476">
     <span class='ocr_line' id='line_1_107' title="bbox 283 5418 958 5476; baseline 0.007 -6"><span class='ocrx_word' id='word_1_685' title='bbox 283 5430 409 5472; x_wconf 87' lang='lat' dir='ltr'><strong>nus</strong></span> <span class='ocrx_word' id='word_1_686' title='bbox 438 5433 575 5473; x_wconf 87' lang='lat' dir='ltr'><strong>vero</strong></span> <span class='ocrx_word' id='word_1_687' title='bbox 607 5418 679 5473; x_wconf 85' lang='lat' dir='ltr'><strong>ad</strong></span> <span class='ocrx_word' id='word_1_688' title='bbox 711 5435 807 5474; x_wconf 89' lang='lat' dir='ltr'><strong>an.</strong></span> <span class='ocrx_word' id='word_1_689' title='bbox 833 5418 958 5476; x_wconf 71' lang='grc' dir='ltr'>477ῗ</span> 
     </span>
    </p>
   </div>
   <div class='ocr_carea' id='block_1_107' title="bbox 361 5487 1944 5562">
    <p class='ocr_par' dir='ltr' id='par_1_107' title="bbox 361 5487 1944 5562">
     <span class='ocr_line' id='line_1_108' title="bbox 361 5487 1944 5562; baseline 0.003 -20"><span class='ocrx_word' id='word_1_690' title='bbox 361 5490 517 5560; x_wconf 85' lang='grc'>(119)</span> <span class='ocrx_word' id='word_1_691' title='bbox 551 5489 766 5562; x_wconf 86' lang='lat' dir='ltr'><strong>Pagius</strong></span> <span class='ocrx_word' id='word_1_692' title='bbox 796 5506 930 5547; x_wconf 91' lang='lat' dir='ltr'><strong>cum</strong></span> <span class='ocrx_word' id='word_1_693' title='bbox 963 5489 1250 5548; x_wconf 88' lang='lat' dir='ltr'><strong>Bernoldo</strong></span> <span class='ocrx_word' id='word_1_694' title='bbox 1278 5487 1389 5546; x_wconf 92' lang='lat' dir='ltr'><strong>hoo</strong></span> <span class='ocrx_word' id='word_1_695' title='bbox 1417 5490 1592 5547; x_wconf 89' lang='lat' dir='ltr'><strong>refert</strong></span> <span class='ocrx_word' id='word_1_696' title='bbox 1621 5490 1692 5547; x_wconf 90' lang='lat' dir='ltr'><strong>ad</strong></span> <span class='ocrx_word' id='word_1_697' title='bbox 1724 5503 1944 5547; x_wconf 89' lang='lat' dir='ltr'><strong>annum</strong></span> 
     </span>
    </p>
   </div>
   <div class='ocr_carea' id='block_1_108' title="bbox 279 5561 740 5628">
    <p class='ocr_par' dir='ltr' id='par_1_108' title="bbox 279 5561 740 5628">
     <span class='ocr_line' id='line_1_109' title="bbox 279 5561 740 5628; baseline 0.009 -15"><span class='ocrx_word' id='word_1_698' title='bbox 279 5561 740 5628; x_wconf 63' lang='lat' dir='ltr'><strong>pracedentem.</strong></span> 
     </span>
    </p>
   </div>
   <div class='ocr_carea' id='block_1_109' title="bbox 358 5630 1945 5702">
    <p class='ocr_par' dir='ltr' id='par_1_109' title="bbox 358 5630 1945 5702">
     <span class='ocr_line' id='line_1_110' title="bbox 358 5630 1945 5702; baseline 0.004 -16"><span class='ocrx_word' id='word_1_699' title='bbox 358 5630 520 5702; x_wconf 68' lang='grc'>(120)</span> <span class='ocrx_word' id='word_1_700' title='bbox 549 5632 631 5689; x_wconf 84' lang='lat' dir='ltr'><strong>Ex</strong></span> <span class='ocrx_word' id='word_1_701' title='bbox 677 5632 975 5691; x_wconf 86' lang='lat' dir='ltr'><strong>Jornande</strong></span> <span class='ocrx_word' id='word_1_702' title='bbox 1005 5637 1064 5690; x_wconf 89' lang='lat' dir='ltr'><strong>et</strong></span> <span class='ocrx_word' id='word_1_703' title='bbox 1109 5630 1289 5691; x_wconf 91' lang='lat' dir='ltr'><strong>Paulo</strong></span> <span class='ocrx_word' id='word_1_704' title='bbox 1339 5632 1503 5696; x_wconf 88' lang='lat' dir='ltr'><strong>Diac.</strong></span> <span class='ocrx_word' id='word_1_705' title='bbox 1550 5633 1945 5693; x_wconf 70' lang='lat' dir='ltr'><strong>Theudoricus</strong></span> 
     </span>
    </p>
   </div>
   <div class='ocr_carea' id='block_1_110' title="bbox 279 5696 1306 5771">
    <p class='ocr_par' dir='ltr' id='par_1_110' title="bbox 279 5696 1306 5771">
     <span class='ocr_line' id='line_1_111' title="bbox 279 5696 1306 5771; baseline 0.006 -6"><span class='ocrx_word' id='word_1_706' title='bbox 279 5696 409 5765; x_wconf 70' lang='lat' dir='ltr'><strong>me</strong></span> <span class='ocrx_word' id='word_1_707' title='bbox 441 5696 650 5768; x_wconf 78' lang='lat' dir='ltr'><strong>Triarii</strong></span> <span class='ocrx_word' id='word_1_708' title='bbox 681 5703 897 5769; x_wconf 78' lang='lat' dir='ltr'><strong>nobilis</strong></span> <span class='ocrx_word' id='word_1_709' title='bbox 924 5703 1096 5771; x_wconf 85' lang='lat' dir='ltr'><strong>Gothi</strong></span> <span class='ocrx_word' id='word_1_710' title='bbox 1126 5703 1306 5771; x_wconf 70' lang='lat' dir='ltr'><strong>illius.</strong></span> 
     </span>
    </p>
   </div>
   <div class='ocr_carea' id='block_1_111' title="bbox 2126 5339 3710 5419">
    <p class='ocr_par' dir='ltr' id='par_1_111' title="bbox 2126 5339 3710 5419">
     <span class='ocr_line' id='line_1_112' title="bbox 2126 5339 3710 5419; baseline -0.001 -17"><span class='ocrx_word' id='word_1_711' title='bbox 2126 5346 2704 5419; x_wconf 86' lang='lat' dir='ltr'><strong>(l2l)Theodoricus</strong></span> <span class='ocrx_word' id='word_1_712' title='bbox 2764 5366 2903 5405; x_wconf 90' lang='lat' dir='ltr'><strong>ann.</strong></span> <span class='ocrx_word' id='word_1_713' title='bbox 2954 5348 3053 5402; x_wconf 74' lang='grc'><strong>484</strong></span> <span class='ocrx_word' id='word_1_714' title='bbox 3115 5345 3318 5402; x_wconf 89' lang='lat' dir='ltr'><strong>consul</strong></span> <span class='ocrx_word' id='word_1_715' title='bbox 3370 5342 3499 5412; x_wconf 89' lang='lat' dir='ltr'><strong>fuit,</strong></span> <span class='ocrx_word' id='word_1_716' title='bbox 3555 5339 3710 5401; x_wconf 77' lang='lat' dir='ltr'><strong>unde</strong></span> 
     </span>
    </p>
   </div>
   <div class='ocr_carea' id='block_1_112' title="bbox 2056 5419 3229 5493">
    <p class='ocr_par' dir='ltr' id='par_1_112' title="bbox 2056 5419 3229 5493">
     <span class='ocr_line' id='line_1_113' title="bbox 2056 5419 3229 5493; baseline -0.003 -19"><span class='ocrx_word' id='word_1_717' title='bbox 2056 5419 2180 5493; x_wconf 48' lang='lat' dir='ltr'><strong>haec</strong></span> <span class='ocrx_word' id='word_1_718' title='bbox 2212 5420 2280 5473; x_wconf 88' lang='lat' dir='ltr'><strong>ad</strong></span> <span class='ocrx_word' id='word_1_719' title='bbox 2309 5436 2535 5493; x_wconf 65' lang='lat' dir='ltr'><strong>annum</strong></span> <span class='ocrx_word' id='word_1_720' title='bbox 2569 5425 2906 5493; x_wconf 82' lang='lat' dir='ltr'><strong>sequentem</strong></span> <span class='ocrx_word' id='word_1_721' title='bbox 2943 5422 3229 5493; x_wconf 67' lang='lat' dir='ltr'><strong>spectant.</strong></span> 
     </span>
    </p>
   </div>
   <div class='ocr_carea' id='block_1_113' title="bbox 2129 5487 3711 5557">
    <p class='ocr_par' dir='ltr' id='par_1_113' title="bbox 2129 5487 3711 5557">
     <span class='ocr_line' id='line_1_114' title="bbox 2129 5487 3711 5557; baseline -0.003 -11"><span class='ocrx_word' id='word_1_722' title='bbox 2129 5489 2276 5557; x_wconf 76' lang='lat'><strong>(122)</strong></span> <span class='ocrx_word' id='word_1_723' title='bbox 2308 5489 2549 5547; x_wconf 87' lang='lat' dir='ltr'><strong>Factum</strong></span> <span class='ocrx_word' id='word_1_724' title='bbox 2595 5487 2704 5547; x_wconf 81' lang='lat' dir='ltr'><strong>hoc</strong></span> <span class='ocrx_word' id='word_1_725' title='bbox 2752 5498 2841 5548; x_wconf 84' lang='lat' dir='ltr'><strong>est</strong></span> <span class='ocrx_word' id='word_1_726' title='bbox 2892 5492 2943 5545; x_wconf 90' lang='lat' dir='ltr'><strong>in</strong></span> <span class='ocrx_word' id='word_1_727' title='bbox 2977 5487 3253 5544; x_wconf 69' lang='lat' dir='ltr'><strong>&#39;concilio</strong></span> <span class='ocrx_word' id='word_1_728' title='bbox 3287 5487 3549 5543; x_wconf 81' lang='lat' dir='ltr'><strong>Romano</strong></span> <span class='ocrx_word' id='word_1_729' title='bbox 3608 5501 3711 5551; x_wconf 80' lang='lat' dir='ltr'><strong>an.</strong></span> 
     </span>
    </p>
   </div>
   <div class='ocr_carea' id='block_1_114' title="bbox 2057 5562 3707 5707">
    <p class='ocr_par' dir='ltr' id='par_1_114' title="bbox 2057 5562 3707 5707">
     <span class='ocr_line' id='line_1_115' title="bbox 2057 5562 3707 5707; baseline -0.004 -16"><span class='ocrx_word' id='word_1_730' title='bbox 2434 5633 2542 5707; x_wconf 86' lang='lat' dir='ltr'><strong>hoc</strong></span> <span class='ocrx_word' id='word_1_731' title='bbox 2573 5624 2839 5706; x_wconf 85' lang='lat' dir='ltr'><strong>pluribus</strong></span> <span class='ocrx_word' id='word_1_732' title='bbox 2885 5630 3003 5707; x_wconf 71' lang='lat' dir='ltr'><strong>agit</strong></span> <span class='ocrx_word' id='word_1_733' title='bbox 3037 5628 3447 5707; x_wconf 61' lang='lat' dir='ltr'><strong>Eugippiusin</strong></span> <span class='ocrx_word' id='word_1_734' title='bbox 3484 5630 3617 5707; x_wconf 79' lang='lat' dir='ltr'><strong>_Vita</strong></span> <span class='ocrx_word' id='word_1_735' title='bbox 3645 5629 3707 5707; x_wconf 66' lang='grc' dir='ltr'><strong>ξ.</strong></span> 
     </span>
    </p>
   </div>
   <div class='ocr_carea' id='block_1_115' title="bbox 2054 5700 3705 5779">
    <p class='ocr_par' dir='ltr' id='par_1_115' title="bbox 2054 5700 3705 5779">
     <span class='ocr_line' id='line_1_116' title="bbox 2054 5700 3705 5779; baseline 0 -18"><span class='ocrx_word' id='word_1_736' title='bbox 2054 5700 2314 5767; x_wconf 78' lang='lat' dir='ltr'><strong>Severini</strong></span> <span class='ocrx_word' id='word_1_737' title='bbox 2361 5700 2706 5766; x_wconf 75' lang='lat' dir='ltr'><strong>Noricorum</strong></span> <span class='ocrx_word' id='word_1_738' title='bbox 2757 5700 3004 5779; x_wconf 77' lang='lat' dir='ltr'><strong>apostoli</strong></span> <span class='ocrx_word' id='word_1_739' title='bbox 3056 5700 3550 5779; x_wconf 66' lang='lat' dir='ltr'><strong>apud&#39;Bolland.,</strong></span> <span class='ocrx_word' id='word_1_740' title='bbox 3585 5704 3625 5759; x_wconf 89' lang='lat' dir='ltr'><strong>t.</strong></span> <span class='ocrx_word' id='word_1_741' title='bbox 3660 5700 3705 5775; x_wconf 82' lang='grc' dir='ltr'><strong>Ι,</strong></span> 
     </span>
    </p>
   </div>
  </div>
