  <div class='ocr_page' id='page_1' title='image "/cluster/home/n/w/nwhite01/storage/ocr_20150623/143/hvd.32044054760038/060.png"; bbox 0 0 4124 6188; ppageno 0'>
   <div class='ocr_carea' id='block_1_1' title="bbox 220 307 332 374">
    <p class='ocr_par' dir='ltr' id='par_1_1' title="bbox 220 307 332 374">
     <span class='ocr_line' id='line_1_1' title="bbox 220 307 332 374; baseline 0.018 -2"><span class='ocrx_word' id='word_1_1' title='bbox 220 307 332 374; x_wconf 71' lang='grc'>105</span> 
     </span>
    </p>
   </div>
   <div class='ocr_carea' id='block_1_2' title="bbox 1431 310 2379 381">
    <p class='ocr_par' dir='ltr' id='par_1_2' title="bbox 1431 310 2379 381">
     <span class='ocr_line' id='line_1_2' title="bbox 1431 310 2379 381; baseline -0.004 -4"><span class='ocrx_word' id='word_1_2' title='bbox 1431 310 1901 377; x_wconf 77' lang='lat' dir='ltr'>CHItONICON.</span> <span class='ocrx_word' id='word_1_3' title='bbox 1932 345 2012 360; x_wconf 90' lang='lat'>—</span> <span class='ocrx_word' id='word_1_4' title='bbox 2040 311 2230 381; x_wconf 66' lang='lat' dir='ltr'>SEO.</span> <span class='ocrx_word' id='word_1_5' title='bbox 2269 313 2379 378; x_wconf 70' lang='lat' dir='ltr'>VI.</span> 
     </span>
    </p>
   </div>
   <div class='ocr_carea' id='block_1_3' title="bbox 3500 335 3617 398">
    <p class='ocr_par' dir='ltr' id='par_1_3' title="bbox 3500 335 3617 398">
     <span class='ocr_line' id='line_1_3' title="bbox 3500 335 3617 398; baseline 0.017 -2"><span class='ocrx_word' id='word_1_6' title='bbox 3500 335 3617 398; x_wconf 88' lang='lat'>106</span> 
     </span>
    </p>
   </div>
   <div class='ocr_carea' id='block_1_4' title="bbox 1579 491 2263 548">
    <p class='ocr_par' dir='ltr' id='par_1_4' title="bbox 1579 491 2263 548">
     <span class='ocr_line' id='line_1_4' title="bbox 1579 491 2263 548; baseline -0.001 -1"><span class='ocrx_word' id='word_1_7' title='bbox 1579 492 1810 548; x_wconf 80' lang='lat' dir='ltr'>CODEX</span> <span class='ocrx_word' id='word_1_8' title='bbox 1867 491 2263 548; x_wconf 86' lang='lat' dir='ltr'>AUGIENSIS.</span> 
     </span>
    </p>
   </div>
   <div class='ocr_carea' id='block_1_5' title="bbox 220 614 3626 693">
    <p class='ocr_par' dir='ltr' id='par_1_5' title="bbox 220 614 3626 693">
     <span class='ocr_line' id='line_1_5' title="bbox 220 614 3626 693; baseline 0.006 -23"><span class='ocrx_word' id='word_1_9' title='bbox 220 615 441 688; x_wconf 80' lang='lat' dir='ltr'>sophia</span> <span class='ocrx_word' id='word_1_10' title='bbox 470 615 814 671; x_wconf 79' lang='lat' dir='ltr'>excellenter</span> <span class='ocrx_word' id='word_1_11' title='bbox 852 614 1053 670; x_wconf 84' lang='lat' dir='ltr'>edidit.</span> <span class='ocrx_word' id='word_1_12' title='bbox 1087 614 1281 670; x_wconf 84' lang='lat' dir='ltr'>Romae</span> <span class='ocrx_word' id='word_1_13' title='bbox 1314 616 1664 671; x_wconf 78' lang='lat' dir='ltr'>Anastasius</span> <span class='ocrx_word' id='word_1_14' title='bbox 1723 633 1872 688; x_wconf 87' lang='lat' dir='ltr'>papa</span> <span class='ocrx_word' id='word_1_15' title='bbox 1901 617 1955 682; x_wconf 81' lang='grc' dir='ltr'><strong>Α</strong></span> <span class='ocrx_word' id='word_1_16' title='bbox 1985 617 2253 687; x_wconf 90' lang='lat' dir='ltr'>tiumque</span> <span class='ocrx_word' id='word_1_17' title='bbox 2285 620 2638 687; x_wconf 77' lang='lat' dir='ltr'>revocantes,</span> <span class='ocrx_word' id='word_1_18' title='bbox 2671 635 2949 692; x_wconf 88' lang='lat' dir='ltr'>magnum</span> <span class='ocrx_word' id='word_1_19' title='bbox 2983 624 3176 682; x_wconf 75' lang='lat' dir='ltr'>Romae</span> <span class='ocrx_word' id='word_1_20' title='bbox 3209 629 3467 690; x_wconf 87' lang='lat' dir='ltr'>schisma</span> <span class='ocrx_word' id='word_1_21' title='bbox 3485 635 3626 693; x_wconf 85' lang='lat' dir='ltr'>fece-</span> 
     </span>
    </p>
   </div>
   <div class='ocr_carea' id='block_1_6' title="bbox 219 703 1867 775">
    <p class='ocr_par' dir='ltr' id='par_1_6' title="bbox 219 703 1867 775">
     <span class='ocr_line' id='line_1_6' title="bbox 219 703 1867 775; baseline -0.001 -16"><span class='ocrx_word' id='word_1_22' title='bbox 219 703 324 759; x_wconf 91' lang='lat' dir='ltr'><strong>LII</strong></span> <span class='ocrx_word' id='word_1_23' title='bbox 355 705 502 775; x_wconf 86' lang='lat'><strong>(128)</strong></span> <span class='ocrx_word' id='word_1_24' title='bbox 531 704 680 760; x_wconf 80' lang='lat' dir='ltr'>sedit</span> <span class='ocrx_word' id='word_1_25' title='bbox 708 703 881 760; x_wconf 87' lang='lat' dir='ltr'>annis</span> <span class='ocrx_word' id='word_1_26' title='bbox 915 704 1030 760; x_wconf 84' lang='lat' dir='ltr'>fere</span> <span class='ocrx_word' id='word_1_27' title='bbox 1064 721 1123 758; x_wconf 83' lang='lat'>11.</span> <span class='ocrx_word' id='word_1_28' title='bbox 1169 703 1269 758; x_wconf 88' lang='lat' dir='ltr'>Hic</span> <span class='ocrx_word' id='word_1_29' title='bbox 1328 705 1752 760; x_wconf 86' lang='lat' dir='ltr'>confessionem</span> <span class='ocrx_word' id='word_1_30' title='bbox 1811 706 1867 760; x_wconf 91' lang='lat' dir='ltr'>S.</span> 
     </span>
    </p>
   </div>
   <div class='ocr_carea' id='block_1_7' title="bbox 220 792 1874 864">
    <p class='ocr_par' dir='ltr' id='par_1_7' title="bbox 220 792 1874 864">
     <span class='ocr_line' id='line_1_7' title="bbox 220 792 1874 864; baseline 0.001 -17"><span class='ocrx_word' id='word_1_31' title='bbox 220 792 524 848; x_wconf 88' lang='lat' dir='ltr'>Laurentii</span> <span class='ocrx_word' id='word_1_32' title='bbox 545 793 881 860; x_wconf 82' lang='lat' dir='ltr'>exornavit;</span> <span class='ocrx_word' id='word_1_33' title='bbox 915 797 989 860; x_wconf 89' lang='lat' dir='ltr'>et,</span> <span class='ocrx_word' id='word_1_34' title='bbox 1024 792 1162 864; x_wconf 92' lang='lat' dir='ltr'>quia</span> <span class='ocrx_word' id='word_1_35' title='bbox 1191 793 1547 864; x_wconf 83' lang='lat' dir='ltr'>quibusdam</span> <span class='ocrx_word' id='word_1_36' title='bbox 1589 793 1874 849; x_wconf 75' lang='lat' dir='ltr'>haereticis</span> 
     </span>
    </p>
   </div>
   <div class='ocr_carea' id='block_1_8' title="bbox 219 877 1873 953">
    <p class='ocr_par' dir='ltr' id='par_1_8' title="bbox 219 877 1873 953">
     <span class='ocr_line' id='line_1_8' title="bbox 219 877 1873 953; baseline 0 -17"><span class='ocrx_word' id='word_1_37' title='bbox 219 877 697 938; x_wconf 81' lang='lat' dir='ltr'>communionem</span> <span class='ocrx_word' id='word_1_38' title='bbox 721 882 874 938; x_wconf 90' lang='lat' dir='ltr'>clam</span> <span class='ocrx_word' id='word_1_39' title='bbox 890 883 1128 938; x_wconf 85' lang='lat' dir='ltr'>reddere</span> <span class='ocrx_word' id='word_1_40' title='bbox 1142 881 1283 937; x_wconf 89' lang='lat' dir='ltr'>velle</span> <span class='ocrx_word' id='word_1_41' title='bbox 1294 882 1617 952; x_wconf 87' lang='lat' dir='ltr'>videbatur,</span> <span class='ocrx_word' id='word_1_42' title='bbox 1634 883 1873 953; x_wconf 90' lang='lat' dir='ltr'>quidam</span> 
     </span>
    </p>
   </div>
   <div class='ocr_carea' id='block_1_9' title="bbox 222 971 1872 1042">
    <p class='ocr_par' dir='ltr' id='par_1_9' title="bbox 222 971 1872 1042">
     <span class='ocr_line' id='line_1_9' title="bbox 222 971 1872 1042; baseline 0 -16"><span class='ocrx_word' id='word_1_43' title='bbox 222 987 282 1026; x_wconf 87' lang='lat' dir='ltr'>se</span> <span class='ocrx_word' id='word_1_44' title='bbox 309 971 382 1026; x_wconf 90' lang='lat' dir='ltr'>ab</span> <span class='ocrx_word' id='word_1_45' title='bbox 414 972 542 1041; x_wconf 87' lang='lat' dir='ltr'>ejus</span> <span class='ocrx_word' id='word_1_46' title='bbox 574 971 988 1026; x_wconf 85' lang='lat' dir='ltr'>communione</span> <span class='ocrx_word' id='word_1_47' title='bbox 1015 974 1406 1042; x_wconf 85' lang='lat' dir='ltr'>sequestrant.</span> <span class='ocrx_word' id='word_1_48' title='bbox 1443 973 1628 1026; x_wconf 76' lang='lat' dir='ltr'>Anast.</span> <span class='ocrx_word' id='word_1_49' title='bbox 1663 989 1714 1026; x_wconf 91' lang='lat' dir='ltr'>a.</span> <span class='ocrx_word' id='word_1_50' title='bbox 1750 971 1872 1026; x_wconf 84' lang='grc'>496.</span> 
     </span>
    </p>
   </div>
   <div class='ocr_carea' id='block_1_10' title="bbox 293 1057 1922 1130">
    <p class='ocr_par' dir='ltr' id='par_1_10' title="bbox 293 1057 1922 1130">
     <span class='ocr_line' id='line_1_10' title="bbox 293 1057 1922 1130; baseline 0 -16"><span class='ocrx_word' id='word_1_51' title='bbox 293 1060 396 1114; x_wconf 79' lang='grc'>498</span> <span class='ocrx_word' id='word_1_52' title='bbox 428 1059 636 1126; x_wconf 85' lang='lat' dir='ltr'>Isauri,</span> <span class='ocrx_word' id='word_1_53' title='bbox 661 1060 850 1116; x_wconf 89' lang='lat' dir='ltr'>occiso</span> <span class='ocrx_word' id='word_1_54' title='bbox 884 1058 1104 1130; x_wconf 89' lang='lat' dir='ltr'>Lilingo</span> <span class='ocrx_word' id='word_1_55' title='bbox 1127 1060 1271 1114; x_wconf 90' lang='lat' dir='ltr'>duce</span> <span class='ocrx_word' id='word_1_56' title='bbox 1304 1076 1430 1127; x_wconf 90' lang='lat' dir='ltr'>suo,</span> <span class='ocrx_word' id='word_1_57' title='bbox 1463 1060 1534 1113; x_wconf 92' lang='lat' dir='ltr'>ab</span> <span class='ocrx_word' id='word_1_58' title='bbox 1567 1058 1874 1116; x_wconf 84' lang='lat' dir='ltr'>Anastasio</span> <span class='ocrx_word' id='word_1_59' title='bbox 1913 1057 1922 1084; x_wconf 71' lang='lat'><strong>’</strong></span> 
     </span>
    </p>
   </div>
   <div class='ocr_carea' id='block_1_11' title="bbox 221 1148 1876 1220">
    <p class='ocr_par' dir='ltr' id='par_1_11' title="bbox 221 1148 1876 1220">
     <span class='ocr_line' id='line_1_11' title="bbox 221 1148 1876 1220; baseline 0 -17"><span class='ocrx_word' id='word_1_60' title='bbox 221 1150 571 1220; x_wconf 83' lang='lat' dir='ltr'>imperatore</span> <span class='ocrx_word' id='word_1_61' title='bbox 598 1150 737 1204; x_wconf 90' lang='lat' dir='ltr'>victi</span> <span class='ocrx_word' id='word_1_62' title='bbox 771 1149 1044 1203; x_wconf 87' lang='lat' dir='ltr'>trucidati</span> <span class='ocrx_word' id='word_1_63' title='bbox 1106 1151 1265 1203; x_wconf 90' lang='lat' dir='ltr'>sunt.</span> <span class='ocrx_word' id='word_1_64' title='bbox 1328 1148 1568 1202; x_wconf 67' lang='lat' dir='ltr'>Illarvcll.</span> <span class='ocrx_word' id='word_1_65' title='bbox 1632 1180 1697 1188; x_wconf 75' lang='lat'>—~</span> <span class='ocrx_word' id='word_1_66' title='bbox 1757 1153 1876 1203; x_wconf 83' lang='lat' dir='ltr'>Hoc</span> 
     </span>
    </p>
   </div>
   <div class='ocr_carea' id='block_1_12' title="bbox 223 1235 1874 1309">
    <p class='ocr_par' dir='ltr' id='par_1_12' title="bbox 223 1235 1874 1309">
     <span class='ocr_line' id='line_1_12' title="bbox 223 1235 1874 1309; baseline -0.001 -16"><span class='ocrx_word' id='word_1_67' title='bbox 223 1243 483 1309; x_wconf 87' lang='lat' dir='ltr'>tempore</span> <span class='ocrx_word' id='word_1_68' title='bbox 513 1238 838 1293; x_wconf 87' lang='lat' dir='ltr'>Ludovicus</span> <span class='ocrx_word' id='word_1_69' title='bbox 868 1254 966 1292; x_wconf 86' lang='lat' dir='ltr'>rex</span> <span class='ocrx_word' id='word_1_70' title='bbox 1010 1241 1364 1292; x_wconf 83' lang='lat' dir='ltr'>Francorum</span> <span class='ocrx_word' id='word_1_71' title='bbox 1422 1235 1874 1292; x_wconf 88' lang='lat' dir='ltr'>Gundebaldum</span> 
     </span>
    </p>
   </div>
   <div class='ocr_carea' id='block_1_13' title="bbox 221 1325 1874 1398">
    <p class='ocr_par' dir='ltr' id='par_1_13' title="bbox 221 1325 1874 1398">
     <span class='ocr_line' id='line_1_13' title="bbox 221 1325 1874 1398; baseline -0.001 -17"><span class='ocrx_word' id='word_1_72' title='bbox 221 1331 276 1382; x_wconf 88' lang='lat' dir='ltr'>et</span> <span class='ocrx_word' id='word_1_73' title='bbox 319 1325 777 1398; x_wconf 88' lang='lat' dir='ltr'>Gondegiselum</span> <span class='ocrx_word' id='word_1_74' title='bbox 846 1326 1081 1393; x_wconf 87' lang='lat' dir='ltr'>fratres,</span> <span class='ocrx_word' id='word_1_75' title='bbox 1135 1325 1622 1397; x_wconf 88' lang='lat' dir='ltr'>Burgundionum</span> <span class='ocrx_word' id='word_1_76' title='bbox 1688 1341 1874 1397; x_wconf 87' lang='lat' dir='ltr'>reges,</span> 
     </span>
    </p>
   </div>
   <div class='ocr_carea' id='block_1_14' title="bbox 221 1414 1879 1488">
    <p class='ocr_par' dir='ltr' id='par_1_14' title="bbox 221 1414 1879 1488">
     <span class='ocr_line' id='line_1_14' title="bbox 221 1414 1879 1488; baseline -0.001 -18"><span class='ocrx_word' id='word_1_77' title='bbox 221 1432 421 1488; x_wconf 88' lang='lat' dir='ltr'>pngna</span> <span class='ocrx_word' id='word_1_78' title='bbox 453 1415 634 1488; x_wconf 76' lang='lat' dir='ltr'>[vicit]</span> <span class='ocrx_word' id='word_1_79' title='bbox 657 1419 715 1471; x_wconf 90' lang='lat' dir='ltr'>et</span> <span class='ocrx_word' id='word_1_80' title='bbox 745 1415 985 1487; x_wconf 83' lang='lat' dir='ltr'>fugavit,</span> <span class='ocrx_word' id='word_1_81' title='bbox 1019 1418 1077 1470; x_wconf 92' lang='lat' dir='ltr'>et</span> <span class='ocrx_word' id='word_1_82' title='bbox 1107 1414 1553 1470; x_wconf 83' lang='lat' dir='ltr'>Gundebaldum</span> <span class='ocrx_word' id='word_1_83' title='bbox 1584 1414 1879 1470; x_wconf 84' lang='lat' dir='ltr'>Avenione</span> 
     </span>
    </p>
   </div>
   <div class='ocr_carea' id='block_1_15' title="bbox 223 1503 1879 1576">
    <p class='ocr_par' dir='ltr' id='par_1_15' title="bbox 223 1503 1879 1576">
     <span class='ocr_line' id='line_1_15' title="bbox 223 1503 1879 1576; baseline -0.001 -17"><span class='ocrx_word' id='word_1_84' title='bbox 223 1504 535 1560; x_wconf 88' lang='lat' dir='ltr'>obsessum</span> <span class='ocrx_word' id='word_1_85' title='bbox 565 1503 946 1559; x_wconf 80' lang='lat' dir='ltr'>tributariam</span> <span class='ocrx_word' id='word_1_86' title='bbox 971 1503 1125 1570; x_wconf 84' lang='lat' dir='ltr'>fecit,</span> <span class='ocrx_word' id='word_1_87' title='bbox 1157 1508 1214 1559; x_wconf 90' lang='lat' dir='ltr'>et</span> <span class='ocrx_word' id='word_1_88' title='bbox 1243 1519 1377 1557; x_wconf 90' lang='lat' dir='ltr'>cum</span> <span class='ocrx_word' id='word_1_89' title='bbox 1410 1519 1626 1576; x_wconf 87' lang='lat' dir='ltr'>magna</span> <span class='ocrx_word' id='word_1_90' title='bbox 1685 1503 1879 1574; x_wconf 88' lang='lat' dir='ltr'>praeda</span> 
     </span>
    </p>
   </div>
   <div class='ocr_carea' id='block_1_16' title="bbox 223 1591 1233 1663">
    <p class='ocr_par' dir='ltr' id='par_1_16' title="bbox 223 1591 1233 1663">
     <span class='ocr_line' id='line_1_16' title="bbox 223 1591 1233 1663; baseline -0.001 -16"><span class='ocrx_word' id='word_1_91' title='bbox 223 1592 387 1647; x_wconf 82' lang='lat' dir='ltr'>redit.</span> <span class='ocrx_word' id='word_1_92' title='bbox 426 1591 582 1663; x_wconf 86' lang='lat' dir='ltr'>Greg.</span> <span class='ocrx_word' id='word_1_93' title='bbox 619 1593 742 1647; x_wconf 86' lang='lat' dir='ltr'>Tur.</span> <span class='ocrx_word' id='word_1_94' title='bbox 777 1593 998 1647; x_wconf 86' lang='lat' dir='ltr'>Marius.</span> <span class='ocrx_word' id='word_1_95' title='bbox 1031 1608 1084 1646; x_wconf 91' lang='lat' dir='ltr'>a.</span> <span class='ocrx_word' id='word_1_96' title='bbox 1109 1592 1233 1646; x_wconf 84' lang='lat'>500.</span> 
     </span>
    </p>
   </div>
   <div class='ocr_carea' id='block_1_17' title="bbox 293 1679 1880 1750">
    <p class='ocr_par' dir='ltr' id='par_1_17' title="bbox 293 1679 1880 1750">
     <span class='ocr_line' id='line_1_17' title="bbox 293 1679 1880 1750; baseline -0.001 -14"><span class='ocrx_word' id='word_1_97' title='bbox 293 1682 398 1736; x_wconf 78' lang='grc'>499</span> <span class='ocrx_word' id='word_1_98' title='bbox 430 1681 830 1736; x_wconf 88' lang='lat' dir='ltr'>Theodoricus</span> <span class='ocrx_word' id='word_1_99' title='bbox 862 1697 960 1737; x_wconf 86' lang='lat' dir='ltr'>rex</span> <span class='ocrx_word' id='word_1_100' title='bbox 1012 1681 1205 1736; x_wconf 70' lang='lat' dir='ltr'>Romae</span> <span class='ocrx_word' id='word_1_101' title='bbox 1251 1683 1308 1736; x_wconf 86' lang='lat' dir='ltr'>et</span> <span class='ocrx_word' id='word_1_102' title='bbox 1365 1679 1503 1735; x_wconf 90' lang='lat' dir='ltr'>alibi</span> <span class='ocrx_word' id='word_1_103' title='bbox 1561 1679 1748 1735; x_wconf 87' lang='lat' dir='ltr'>multa</span> <span class='ocrx_word' id='word_1_104' title='bbox 1778 1695 1880 1750; x_wconf 89' lang='lat' dir='ltr'>per</span> 
     </span>
    </p>
   </div>
   <div class='ocr_carea' id='block_1_18' title="bbox 224 1767 1874 1842">
    <p class='ocr_par' dir='ltr' id='par_1_18' title="bbox 224 1767 1874 1842">
     <span class='ocr_line' id='line_1_18' title="bbox 224 1767 1874 1842; baseline -0.001 -18"><span class='ocrx_word' id='word_1_105' title='bbox 224 1770 342 1824; x_wconf 58' lang='lat' dir='ltr'>hac</span> <span class='ocrx_word' id='word_1_106' title='bbox 370 1775 643 1842; x_wconf 88' lang='lat' dir='ltr'>tempora</span> <span class='ocrx_word' id='word_1_107' title='bbox 674 1770 923 1825; x_wconf 82' lang='lat' dir='ltr'>mirifica</span> <span class='ocrx_word' id='word_1_108' title='bbox 953 1769 1280 1828; x_wconf 82' lang='lat' dir='ltr'>construxit</span> <span class='ocrx_word' id='word_1_109' title='bbox 1311 1767 1572 1823; x_wconf 65' lang='lat' dir='ltr'>mdilicia.</span> <span class='ocrx_word' id='word_1_110' title='bbox 1637 1767 1874 1823; x_wconf 77' lang='lat' dir='ltr'>Cassiod.</span> 
     </span>
    </p>
   </div>
   <div class='ocr_carea' id='block_1_19' title="bbox 223 1856 1879 1932">
    <p class='ocr_par' dir='ltr' id='par_1_19' title="bbox 223 1856 1879 1932">
     <span class='ocr_line' id='line_1_19' title="bbox 223 1856 1879 1932; baseline -0.002 -19"><span class='ocrx_word' id='word_1_111' title='bbox 223 1877 274 1914; x_wconf 89' lang='lat' dir='ltr'>a.</span> <span class='ocrx_word' id='word_1_112' title='bbox 304 1876 414 1932; x_wconf 85' lang='lat' dir='ltr'>seq.</span> <span class='ocrx_word' id='word_1_113' title='bbox 450 1891 521 1899; x_wconf 92' lang='lat'><strong><em>—</em></strong></span> <span class='ocrx_word' id='word_1_114' title='bbox 550 1860 745 1915; x_wconf 76' lang='lat' dir='ltr'>Romae</span> <span class='ocrx_word' id='word_1_115' title='bbox 771 1857 1158 1930; x_wconf 79' lang='lat' dir='ltr'>Symmachus</span> <span class='ocrx_word' id='word_1_116' title='bbox 1179 1875 1329 1930; x_wconf 90' lang='lat' dir='ltr'>papa</span> <span class='ocrx_word' id='word_1_117' title='bbox 1361 1858 1483 1912; x_wconf 89' lang='lat' dir='ltr'><strong>LIII</strong></span> <span class='ocrx_word' id='word_1_118' title='bbox 1515 1857 1666 1914; x_wconf 89' lang='lat' dir='ltr'>sedit</span> <span class='ocrx_word' id='word_1_119' title='bbox 1709 1856 1879 1912; x_wconf 90' lang='lat' dir='ltr'>annis</span> 
     </span>
    </p>
   </div>
   <div class='ocr_carea' id='block_1_20' title="bbox 1983 707 3624 792">
    <p class='ocr_par' dir='ltr' id='par_1_20' title="bbox 1983 707 3624 792">
     <span class='ocr_line' id='line_1_20' title="bbox 1983 707 3624 792; baseline 0.014 -33"><span class='ocrx_word' id='word_1_120' title='bbox 1983 710 2139 770; x_wconf 90' lang='lat' dir='ltr'>runt,</span> <span class='ocrx_word' id='word_1_121' title='bbox 2174 710 2230 760; x_wconf 93' lang='lat' dir='ltr'>et</span> <span class='ocrx_word' id='word_1_122' title='bbox 2259 707 2467 762; x_wconf 86' lang='lat' dir='ltr'>Petrus</span> <span class='ocrx_word' id='word_1_123' title='bbox 2497 707 2704 763; x_wconf 79' lang='lat' dir='ltr'>Altinae</span> <span class='ocrx_word' id='word_1_124' title='bbox 2737 712 2900 767; x_wconf 90' lang='lat' dir='ltr'>urbis</span> <span class='ocrx_word' id='word_1_125' title='bbox 2959 715 3269 788; x_wconf 86' lang='lat' dir='ltr'>episcopus</span> <span class='ocrx_word' id='word_1_126' title='bbox 3330 724 3624 792; x_wconf 83' lang='lat' dir='ltr'>permissu</span> 
     </span>
    </p>
   </div>
   <div class='ocr_carea' id='block_1_21' title="bbox 1983 792 3622 885">
    <p class='ocr_par' dir='ltr' id='par_1_21' title="bbox 1983 792 3622 885">
     <span class='ocr_line' id='line_1_21' title="bbox 1983 792 3622 885; baseline 0.013 -37"><span class='ocrx_word' id='word_1_127' title='bbox 1983 792 2323 885; x_wconf 69' lang='lat' dir='ltr'>Theoderici</span> <span class='ocrx_word' id='word_1_128' title='bbox 2354 794 2552 885; x_wconf 85' lang='lat' dir='ltr'>sedem</span> <span class='ocrx_word' id='word_1_129' title='bbox 2583 798 2965 869; x_wconf 82' lang='lat' dir='ltr'>apostolicam</span> <span class='ocrx_word' id='word_1_130' title='bbox 2996 804 3224 861; x_wconf 87' lang='lat' dir='ltr'>invasit.</span> <span class='ocrx_word' id='word_1_131' title='bbox 3257 811 3451 867; x_wconf 77' lang='lat' dir='ltr'>Anast.</span> <span class='ocrx_word' id='word_1_132' title='bbox 3486 814 3622 885; x_wconf 86' lang='lat' dir='ltr'>Pag.</span> 
     </span>
    </p>
   </div>
   <div class='ocr_carea' id='block_1_22' title="bbox 2053 881 3628 966">
    <p class='ocr_par' dir='ltr' id='par_1_22' title="bbox 2053 881 3628 966">
     <span class='ocr_line' id='line_1_22' title="bbox 2053 881 3628 966; baseline 0.017 -32"><span class='ocrx_word' id='word_1_133' title='bbox 2053 881 2161 936; x_wconf 84' lang='grc'>504</span> <span class='ocrx_word' id='word_1_134' title='bbox 2201 883 2430 954; x_wconf 81' lang='lat' dir='ltr'>Synodo</span> <span class='ocrx_word' id='word_1_135' title='bbox 2489 901 2594 940; x_wconf 86' lang='lat' dir='ltr'>cxv</span> <span class='ocrx_word' id='word_1_136' title='bbox 2643 886 3049 961; x_wconf 89' lang='lat' dir='ltr'>episcoporum</span> <span class='ocrx_word' id='word_1_137' title='bbox 3107 895 3364 966; x_wconf 88' lang='lat' dir='ltr'>collecta,</span> <span class='ocrx_word' id='word_1_138' title='bbox 3421 881 3628 961; x_wconf 76' lang='lat' dir='ltr'>beatus</span> 
     </span>
    </p>
   </div>
   <div class='ocr_carea' id='block_1_23' title="bbox 1985 972 3625 1051">
    <p class='ocr_par' dir='ltr' id='par_1_23' title="bbox 1985 972 3625 1051">
     <span class='ocr_line' id='line_1_23' title="bbox 1985 972 3625 1051; baseline 0.016 -29"><span class='ocrx_word' id='word_1_139' title='bbox 1985 987 2135 1042; x_wconf 86' lang='lat' dir='ltr'>papa</span> <span class='ocrx_word' id='word_1_140' title='bbox 2165 972 2552 1041; x_wconf 74' lang='lat' dir='ltr'>Symmachus</span> <span class='ocrx_word' id='word_1_141' title='bbox 2583 975 2652 1028; x_wconf 85' lang='lat' dir='ltr'>dc</span> <span class='ocrx_word' id='word_1_142' title='bbox 2685 975 2860 1032; x_wconf 83' lang='lat' dir='ltr'>illatis</span> <span class='ocrx_word' id='word_1_143' title='bbox 2893 985 3174 1051; x_wconf 85' lang='lat' dir='ltr'>purgatur</span> <span class='ocrx_word' id='word_1_144' title='bbox 3215 990 3270 1040; x_wconf 90' lang='lat' dir='ltr'>et</span> <span class='ocrx_word' id='word_1_145' title='bbox 3327 989 3452 1043; x_wconf 89' lang='lat' dir='ltr'>sedi</span> <span class='ocrx_word' id='word_1_146' title='bbox 3506 1007 3625 1048; x_wconf 61' lang='lat' dir='ltr'>sua:</span> 
     </span>
    </p>
   </div>
   <div class='ocr_carea' id='block_1_24' title="bbox 1986 1059 3627 1150">
    <p class='ocr_par' dir='ltr' id='par_1_24' title="bbox 1986 1059 3627 1150">
     <span class='ocr_line' id='line_1_24' title="bbox 1986 1059 3627 1150; baseline 0.015 -38"><span class='ocrx_word' id='word_1_147' title='bbox 1986 1074 2118 1112; x_wconf 88' lang='lat' dir='ltr'>cum</span> <span class='ocrx_word' id='word_1_148' title='bbox 2153 1059 2337 1130; x_wconf 85' lang='lat' dir='ltr'>gloria</span> <span class='ocrx_word' id='word_1_149' title='bbox 2365 1061 2709 1128; x_wconf 86' lang='lat' dir='ltr'>restituitur,</span> <span class='ocrx_word' id='word_1_150' title='bbox 2770 1070 2826 1119; x_wconf 90' lang='lat' dir='ltr'>et</span> <span class='ocrx_word' id='word_1_151' title='bbox 2888 1084 3223 1138; x_wconf 87' lang='lat' dir='ltr'>pervasores</span> <span class='ocrx_word' id='word_1_152' title='bbox 3281 1077 3441 1132; x_wconf 89' lang='lat' dir='ltr'>sedis</span> <span class='ocrx_word' id='word_1_153' title='bbox 3499 1081 3627 1150; x_wconf 85' lang='lat' dir='ltr'>ejus</span> 
     </span>
    </p>
   </div>
   <div class='ocr_carea' id='block_1_25' title="bbox 1989 1148 3627 1230">
    <p class='ocr_par' dir='ltr' id='par_1_25' title="bbox 1989 1148 3627 1230">
     <span class='ocr_line' id='line_1_25' title="bbox 1989 1148 3627 1230; baseline 0.014 -29"><span class='ocrx_word' id='word_1_154' title='bbox 1989 1148 2336 1202; x_wconf 83' lang='lat' dir='ltr'>Laurentius</span> <span class='ocrx_word' id='word_1_155' title='bbox 2370 1149 2691 1204; x_wconf 82' lang='lat' dir='ltr'>Nucerinus</span> <span class='ocrx_word' id='word_1_156' title='bbox 2723 1158 2778 1206; x_wconf 86' lang='lat' dir='ltr'>et</span> <span class='ocrx_word' id='word_1_157' title='bbox 2813 1155 3009 1210; x_wconf 87' lang='lat' dir='ltr'>Petrus</span> <span class='ocrx_word' id='word_1_158' title='bbox 3048 1159 3294 1230; x_wconf 86' lang='lat' dir='ltr'>Altinas,</span> <span class='ocrx_word' id='word_1_159' title='bbox 3354 1148 3627 1224; x_wconf 81' lang='lat' dir='ltr'>condem-</span> 
     </span>
    </p>
   </div>
   <div class='ocr_carea' id='block_1_26' title="bbox 1987 1238 3626 1328">
    <p class='ocr_par' dir='ltr' id='par_1_26' title="bbox 1987 1238 3626 1328">
     <span class='ocr_line' id='line_1_26' title="bbox 1987 1238 3626 1328; baseline 0.013 -38"><span class='ocrx_word' id='word_1_160' title='bbox 1987 1239 2220 1291; x_wconf 79' lang='lat' dir='ltr'>nentur.</span> <span class='ocrx_word' id='word_1_161' title='bbox 2253 1238 2434 1292; x_wconf 82' lang='lat' dir='ltr'>Anast.</span> <span class='ocrx_word' id='word_1_162' title='bbox 2469 1256 2519 1291; x_wconf 81' lang='grc' dir='ltr'>ιι.</span> <span class='ocrx_word' id='word_1_163' title='bbox 2549 1255 2638 1308; x_wconf 84' lang='lat' dir='ltr'>pr.</span> <span class='ocrx_word' id='word_1_164' title='bbox 2672 1271 2740 1279; x_wconf 86' lang='lat'>--</span> <span class='ocrx_word' id='word_1_165' title='bbox 2772 1241 3098 1301; x_wconf 86' lang='lat' dir='ltr'>Ludovicus</span> <span class='ocrx_word' id='word_1_166' title='bbox 3123 1266 3220 1303; x_wconf 91' lang='lat' dir='ltr'>rex</span> <span class='ocrx_word' id='word_1_167' title='bbox 3253 1252 3626 1328; x_wconf 82' lang='lat' dir='ltr'>Francorum,</span> 
     </span>
    </p>
   </div>
   <div class='ocr_carea' id='block_1_27' title="bbox 1989 1325 3694 1403">
    <p class='ocr_par' dir='ltr' id='par_1_27' title="bbox 1989 1325 3694 1403">
     <span class='ocr_line' id='line_1_27' title="bbox 1989 1325 3694 1403; baseline 0.014 -26"><span class='ocrx_word' id='word_1_168' title='bbox 1989 1340 2089 1396; x_wconf 89' lang='lat' dir='ltr'>per</span> <span class='ocrx_word' id='word_1_169' title='bbox 2120 1325 2396 1396; x_wconf 76' lang='lat' dir='ltr'>suffragia</span> <span class='ocrx_word' id='word_1_170' title='bbox 2426 1328 2610 1381; x_wconf 85' lang='lat' dir='ltr'>sancti</span> <span class='ocrx_word' id='word_1_171' title='bbox 2643 1328 2793 1383; x_wconf 89' lang='lat' dir='ltr'>Petri</span> <span class='ocrx_word' id='word_1_172' title='bbox 2827 1332 3128 1403; x_wconf 89' lang='lat' dir='ltr'>sanctique</span> <span class='ocrx_word' id='word_1_173' title='bbox 3156 1337 3387 1395; x_wconf 91' lang='lat' dir='ltr'>Martini</span> <span class='ocrx_word' id='word_1_174' title='bbox 3418 1347 3474 1398; x_wconf 92' lang='lat' dir='ltr'>et</span> <span class='ocrx_word' id='word_1_175' title='bbox 3494 1325 3632 1400; x_wconf 50' lang='lat' dir='ltr'>alio;</span> <span class='ocrx_word' id='word_1_176' title='bbox 3680 1359 3694 1369; x_wconf 71' lang='lat'>‘</span> 
     </span>
    </p>
   </div>
   <div class='ocr_carea' id='block_1_28' title="bbox 1987 1415 3632 1496">
    <p class='ocr_par' dir='ltr' id='par_1_28' title="bbox 1987 1415 3632 1496">
     <span class='ocr_line' id='line_1_28' title="bbox 1987 1415 3632 1496; baseline 0.013 -28"><span class='ocrx_word' id='word_1_177' title='bbox 1987 1431 2119 1468; x_wconf 92' lang='lat' dir='ltr'>rum</span> <span class='ocrx_word' id='word_1_178' title='bbox 2152 1419 2482 1470; x_wconf 90' lang='lat' dir='ltr'>sanctorum</span> <span class='ocrx_word' id='word_1_179' title='bbox 2517 1415 2780 1473; x_wconf 89' lang='lat' dir='ltr'>divinum</span> <span class='ocrx_word' id='word_1_180' title='bbox 2813 1418 3134 1492; x_wconf 87' lang='lat' dir='ltr'>implorans</span> <span class='ocrx_word' id='word_1_181' title='bbox 3163 1428 3467 1496; x_wconf 86' lang='lat' dir='ltr'>auxilium,</span> <span class='ocrx_word' id='word_1_182' title='bbox 3521 1435 3632 1489; x_wconf 85' lang='lat' dir='ltr'>Go-</span> 
     </span>
    </p>
   </div>
   <div class='ocr_carea' id='block_1_29' title="bbox 1987 1502 3634 1595">
    <p class='ocr_par' dir='ltr' id='par_1_29' title="bbox 1987 1502 3634 1595">
     <span class='ocr_line' id='line_1_29' title="bbox 1987 1502 3634 1595; baseline 0.014 -39"><span class='ocrx_word' id='word_1_183' title='bbox 1987 1502 2128 1595; x_wconf 40' lang='lat' dir='ltr'>thos-</span> <span class='ocrx_word' id='word_1_184' title='bbox 2152 1503 2334 1595; x_wconf 75' lang='lat' dir='ltr'>petiit,</span> <span class='ocrx_word' id='word_1_185' title='bbox 2359 1521 2581 1595; x_wconf 80' lang='lat' dir='ltr'>eosque</span> <span class='ocrx_word' id='word_1_186' title='bbox 2603 1505 2774 1576; x_wconf 85' lang='lat' dir='ltr'>juxta</span> <span class='ocrx_word' id='word_1_187' title='bbox 2802 1508 3048 1566; x_wconf 88' lang='lat' dir='ltr'>Pictavis</span> <span class='ocrx_word' id='word_1_188' title='bbox 3080 1516 3282 1572; x_wconf 89' lang='lat' dir='ltr'>urbem</span> <span class='ocrx_word' id='word_1_189' title='bbox 3313 1518 3372 1574; x_wconf 91' lang='lat' dir='ltr'>in</span> <span class='ocrx_word' id='word_1_190' title='bbox 3425 1536 3634 1595; x_wconf 88' lang='lat' dir='ltr'>campo</span> 
     </span>
    </p>
   </div>
   <div class='ocr_carea' id='block_1_30' title="bbox 1987 1589 3634 1673">
    <p class='ocr_par' dir='ltr' id='par_1_30' title="bbox 1987 1589 3634 1673">
     <span class='ocr_line' id='line_1_30' title="bbox 1987 1589 3634 1673; baseline 0.014 -29"><span class='ocrx_word' id='word_1_191' title='bbox 1987 1589 2261 1663; x_wconf 88' lang='lat' dir='ltr'>Voglensi</span> <span class='ocrx_word' id='word_1_192' title='bbox 2293 1593 2442 1661; x_wconf 90' lang='lat'><strong>(131)</strong></span> <span class='ocrx_word' id='word_1_193' title='bbox 2472 1611 2672 1666; x_wconf 85' lang='lat' dir='ltr'>pugna</span> <span class='ocrx_word' id='word_1_194' title='bbox 2694 1596 2850 1666; x_wconf 80' lang='lat' dir='ltr'>vicit,</span> <span class='ocrx_word' id='word_1_195' title='bbox 2883 1603 2940 1653; x_wconf 90' lang='lat' dir='ltr'>et</span> <span class='ocrx_word' id='word_1_196' title='bbox 2970 1617 3164 1673; x_wconf 84' lang='lat' dir='ltr'>regem</span> <span class='ocrx_word' id='word_1_197' title='bbox 3211 1622 3414 1664; x_wconf 91' lang='lat' dir='ltr'>eorum</span> <span class='ocrx_word' id='word_1_198' title='bbox 3443 1589 3634 1666; x_wconf 72' lang='lat' dir='ltr'>Alari-</span> 
     </span>
    </p>
   </div>
   <div class='ocr_carea' id='block_1_31' title="bbox 1989 1679 3637 1770">
    <p class='ocr_par' dir='ltr' id='par_1_31' title="bbox 1989 1679 3637 1770">
     <span class='ocr_line' id='line_1_31' title="bbox 1989 1679 3637 1770; baseline 0.013 -35"><span class='ocrx_word' id='word_1_199' title='bbox 1989 1696 2146 1747; x_wconf 90' lang='lat' dir='ltr'>cum,</span> <span class='ocrx_word' id='word_1_200' title='bbox 2172 1679 2280 1770; x_wconf 88' lang='lat' dir='ltr'>qui</span> <span class='ocrx_word' id='word_1_201' title='bbox 2303 1681 2431 1750; x_wconf 89' lang='lat' dir='ltr'>jam</span> <span class='ocrx_word' id='word_1_202' title='bbox 2461 1699 2575 1736; x_wconf 82' lang='lat' dir='ltr'>xxii</span> <span class='ocrx_word' id='word_1_203' title='bbox 2610 1684 2779 1740; x_wconf 88' lang='lat' dir='ltr'>annis</span> <span class='ocrx_word' id='word_1_204' title='bbox 2802 1689 3082 1759; x_wconf 82' lang='lat' dir='ltr'>regnavit,</span> <span class='ocrx_word' id='word_1_205' title='bbox 3107 1693 3342 1763; x_wconf 88' lang='lat' dir='ltr'>occidit,</span> <span class='ocrx_word' id='word_1_206' title='bbox 3364 1714 3637 1770; x_wconf 85' lang='lat' dir='ltr'>regnum-</span> 
     </span>
    </p>
   </div>
   <div class='ocr_carea' id='block_1_32' title="bbox 1989 1769 3635 1846">
    <p class='ocr_par' dir='ltr' id='par_1_32' title="bbox 1989 1769 3635 1846">
     <span class='ocr_line' id='line_1_32' title="bbox 1989 1769 3635 1846; baseline 0.015 -24"><span class='ocrx_word' id='word_1_207' title='bbox 1989 1785 2102 1840; x_wconf 89' lang='lat' dir='ltr'>que</span> <span class='ocrx_word' id='word_1_208' title='bbox 2131 1769 2279 1838; x_wconf 87' lang='lat' dir='ltr'>ejus,</span> <span class='ocrx_word' id='word_1_209' title='bbox 2312 1770 2464 1839; x_wconf 90' lang='lat' dir='ltr'>quod</span> <span class='ocrx_word' id='word_1_210' title='bbox 2499 1770 2555 1823; x_wconf 92' lang='lat' dir='ltr'>in</span> <span class='ocrx_word' id='word_1_211' title='bbox 2587 1771 2766 1827; x_wconf 89' lang='lat' dir='ltr'>Galiis</span> <span class='ocrx_word' id='word_1_212' title='bbox 2798 1774 3070 1845; x_wconf 83' lang='lat' dir='ltr'>habebat,</span> <span class='ocrx_word' id='word_1_213' title='bbox 3103 1797 3169 1836; x_wconf 87' lang='lat' dir='ltr'>ac</span> <span class='ocrx_word' id='word_1_214' title='bbox 3200 1769 3510 1844; x_wconf 76' lang='lat' dir='ltr'>thesauros</span> <span class='ocrx_word' id='word_1_215' title='bbox 3541 1807 3635 1846; x_wconf 86' lang='lat' dir='ltr'>ac-</span> 
     </span>
    </p>
   </div>
   <div class='ocr_carea' id='block_1_33' title="bbox 1989 1856 3634 1942">
    <p class='ocr_par' dir='ltr' id='par_1_33' title="bbox 1989 1856 3634 1942">
     <span class='ocr_line' id='line_1_33' title="bbox 1989 1856 3634 1942; baseline 0.013 -31"><span class='ocrx_word' id='word_1_216' title='bbox 1989 1856 2160 1928; x_wconf 88' lang='lat' dir='ltr'>cepit.</span> <span class='ocrx_word' id='word_1_217' title='bbox 2188 1856 2514 1942; x_wconf 80' lang='lat' dir='ltr'>Amalricus</span> <span class='ocrx_word' id='word_1_218' title='bbox 2546 1859 2666 1928; x_wconf 78' lang='lat' dir='ltr'>(aL,</span> <span class='ocrx_word' id='word_1_219' title='bbox 2698 1862 3084 1939; x_wconf 85' lang='lat' dir='ltr'>Amalaricus]</span> <span class='ocrx_word' id='word_1_220' title='bbox 3132 1886 3264 1926; x_wconf 91' lang='lat' dir='ltr'>vero</span> <span class='ocrx_word' id='word_1_221' title='bbox 3296 1873 3453 1931; x_wconf 84' lang='lat' dir='ltr'>ﬁlius</span> <span class='ocrx_word' id='word_1_222' title='bbox 3502 1877 3634 1933; x_wconf 87' lang='lat' dir='ltr'>Ala-</span> 
     </span>
    </p>
   </div>
   <div class='ocr_carea' id='block_1_34' title="bbox 224 1937 3630 2044">
    <p class='ocr_par' dir='ltr' id='par_1_34' title="bbox 224 1937 3630 2044">
     <span class='ocr_line' id='line_1_34' title="bbox 224 1937 3630 2044; baseline 0.006 -42"><span class='ocrx_word' id='word_1_223' title='bbox 224 1966 312 2018; x_wconf 81' lang='lat' dir='ltr'>xv,</span> <span class='ocrx_word' id='word_1_224' title='bbox 347 1949 660 2004; x_wconf 87' lang='lat' dir='ltr'>mensibus</span> <span class='ocrx_word' id='word_1_225' title='bbox 695 1948 810 2003; x_wconf 84' lang='lat' dir='ltr'>fere</span> <span class='ocrx_word' id='word_1_226' title='bbox 839 1965 963 2013; x_wconf 82' lang='lat' dir='ltr'><strong>VIII,</strong></span> <span class='ocrx_word' id='word_1_227' title='bbox 996 1964 1132 2002; x_wconf 89' lang='lat' dir='ltr'>cum</span> <span class='ocrx_word' id='word_1_228' title='bbox 1163 1963 1276 2018; x_wconf 91' lang='lat' dir='ltr'>quo</span> <span class='ocrx_word' id='word_1_229' title='bbox 1298 1946 1477 2002; x_wconf 90' lang='lat' dir='ltr'>simul</span> <span class='ocrx_word' id='word_1_230' title='bbox 1501 1963 1604 2019; x_wconf 87' lang='lat' dir='ltr'>per</span> <span class='ocrx_word' id='word_1_231' title='bbox 1633 1946 1878 2001; x_wconf 88' lang='lat' dir='ltr'>nimiam</span> <span class='ocrx_word' id='word_1_232' title='bbox 1910 1979 1958 2044; x_wconf 85' lang='lat' dir='ltr'><strong>B</strong></span> <span class='ocrx_word' id='word_1_233' title='bbox 1991 1944 2091 2000; x_wconf 89' lang='lat' dir='ltr'>rici</span> <span class='ocrx_word' id='word_1_234' title='bbox 2125 1937 2376 2016; x_wconf 65' lang='lat' dir='ltr'>fugiens,</span> <span class='ocrx_word' id='word_1_235' title='bbox 2398 1962 2641 2018; x_wconf 88' lang='lat' dir='ltr'>regnum</span> <span class='ocrx_word' id='word_1_236' title='bbox 2665 1949 2846 2019; x_wconf 84' lang='lat' dir='ltr'>patris</span> <span class='ocrx_word' id='word_1_237' title='bbox 2869 1953 2960 2006; x_wconf 90' lang='lat' dir='ltr'>sui</span> <span class='ocrx_word' id='word_1_238' title='bbox 2993 1953 3051 2008; x_wconf 91' lang='lat' dir='ltr'>in</span> <span class='ocrx_word' id='word_1_239' title='bbox 3070 1937 3369 2030; x_wconf 77' lang='lat' dir='ltr'>Hispaniis</span> <span class='ocrx_word' id='word_1_240' title='bbox 3396 1965 3630 2036; x_wconf 88' lang='lat' dir='ltr'>recepit.</span> 
     </span>
    </p>
   </div>
   <div class='ocr_carea' id='block_1_35' title="bbox 227 2034 3078 2111">
    <p class='ocr_par' dir='ltr' id='par_1_35' title="bbox 227 2034 3078 2111">
     <span class='ocr_line' id='line_1_35' title="bbox 227 2034 3078 2111; baseline 0.001 -18"><span class='ocrx_word' id='word_1_241' title='bbox 227 2037 669 2094; x_wconf 79' lang='lat' dir='ltr'>dissensionem</span> <span class='ocrx_word' id='word_1_242' title='bbox 719 2037 1024 2093; x_wconf 87' lang='lat' dir='ltr'>ordinatus</span> <span class='ocrx_word' id='word_1_243' title='bbox 1078 2040 1168 2092; x_wconf 89' lang='lat' dir='ltr'>est</span> <span class='ocrx_word' id='word_1_244' title='bbox 1219 2036 1366 2107; x_wconf 83' lang='lat'><strong>(129)</strong></span> <span class='ocrx_word' id='word_1_245' title='bbox 1420 2035 1790 2101; x_wconf 89' lang='lat' dir='ltr'>Laurentius,</span> <span class='ocrx_word' id='word_1_246' title='bbox 1825 2037 1882 2089; x_wconf 88' lang='lat' dir='ltr'>et</span> <span class='ocrx_word' id='word_1_247' title='bbox 1910 2034 2211 2111; x_wconf 69' lang='lat' dir='ltr'>&quot;‘Procop.</span> <span class='ocrx_word' id='word_1_248' title='bbox 2243 2034 2308 2088; x_wconf 84' lang='lat' dir='ltr'>dc</span> <span class='ocrx_word' id='word_1_249' title='bbox 2338 2034 2460 2089; x_wconf 84' lang='lat' dir='ltr'>bell.</span> <span class='ocrx_word' id='word_1_250' title='bbox 2499 2036 2650 2092; x_wconf 86' lang='lat' dir='ltr'>Goth.</span> <span class='ocrx_word' id='word_1_251' title='bbox 2687 2054 2739 2092; x_wconf 82' lang='grc' dir='ltr'>(ι.</span> <span class='ocrx_word' id='word_1_252' title='bbox 2769 2039 2895 2094; x_wconf 88' lang='lat'>507.</span> <span class='ocrx_word' id='word_1_253' title='bbox 2929 2043 3078 2097; x_wconf 89' lang='lat' dir='ltr'>Jorn.</span> 
     </span>
    </p>
   </div>
   <div class='ocr_carea' id='block_1_36' title="bbox 226 2123 1880 2197">
    <p class='ocr_par' dir='ltr' id='par_1_36' title="bbox 226 2123 1880 2197">
     <span class='ocr_line' id='line_1_36' title="bbox 226 2123 1880 2197; baseline -0.003 -16"><span class='ocrx_word' id='word_1_254' title='bbox 226 2142 440 2197; x_wconf 87' lang='lat' dir='ltr'>magna</span> <span class='ocrx_word' id='word_1_255' title='bbox 474 2127 670 2180; x_wconf 61' lang='lat' dir='ltr'>Roma:</span> <span class='ocrx_word' id='word_1_256' title='bbox 698 2125 852 2180; x_wconf 89' lang='lat' dir='ltr'>inter</span> <span class='ocrx_word' id='word_1_257' title='bbox 881 2125 1100 2180; x_wconf 90' lang='lat' dir='ltr'>clerum</span> <span class='ocrx_word' id='word_1_258' title='bbox 1130 2128 1186 2179; x_wconf 90' lang='lat' dir='ltr'>et</span> <span class='ocrx_word' id='word_1_259' title='bbox 1244 2123 1524 2196; x_wconf 90' lang='lat' dir='ltr'>populum</span> <span class='ocrx_word' id='word_1_260' title='bbox 1585 2123 1880 2179; x_wconf 88' lang='lat' dir='ltr'>discordia</span> 
     </span>
    </p>
   </div>
   <div class='ocr_carea' id='block_1_37' title="bbox 226 2211 1878 2286">
    <p class='ocr_par' dir='ltr' id='par_1_37' title="bbox 226 2211 1878 2286">
     <span class='ocr_line' id='line_1_37' title="bbox 226 2211 1878 2286; baseline -0.003 -16"><span class='ocrx_word' id='word_1_261' title='bbox 226 2216 392 2284; x_wconf 88' lang='lat' dir='ltr'>facta,</span> <span class='ocrx_word' id='word_1_262' title='bbox 429 2216 618 2270; x_wconf 85' lang='lat' dir='ltr'>donec</span> <span class='ocrx_word' id='word_1_263' title='bbox 648 2213 874 2286; x_wconf 90' lang='lat' dir='ltr'>judicio</span> <span class='ocrx_word' id='word_1_264' title='bbox 926 2213 1269 2269; x_wconf 85' lang='lat' dir='ltr'>Theoderici</span> <span class='ocrx_word' id='word_1_265' title='bbox 1320 2213 1474 2284; x_wconf 88' lang='lat' dir='ltr'>regis</span> <span class='ocrx_word' id='word_1_266' title='bbox 1533 2217 1589 2267; x_wconf 87' lang='lat' dir='ltr'>et</span> <span class='ocrx_word' id='word_1_267' title='bbox 1639 2211 1878 2282; x_wconf 84' lang='lat' dir='ltr'>majoris</span> 
     </span>
    </p>
   </div>
   <div class='ocr_carea' id='block_1_38' title="bbox 229 2301 1876 2375">
    <p class='ocr_par' dir='ltr' id='par_1_38' title="bbox 229 2301 1876 2375">
     <span class='ocr_line' id='line_1_38' title="bbox 229 2301 1876 2375; baseline -0.002 -16"><span class='ocrx_word' id='word_1_268' title='bbox 229 2302 631 2360; x_wconf 88' lang='lat' dir='ltr'>multitudinis</span> <span class='ocrx_word' id='word_1_269' title='bbox 670 2301 1060 2375; x_wconf 80' lang='lat' dir='ltr'>Symmachus</span> <span class='ocrx_word' id='word_1_270' title='bbox 1098 2301 1157 2356; x_wconf 91' lang='lat' dir='ltr'>in</span> <span class='ocrx_word' id='word_1_271' title='bbox 1217 2301 1353 2356; x_wconf 90' lang='lat' dir='ltr'>sede</span> <span class='ocrx_word' id='word_1_272' title='bbox 1411 2302 1876 2356; x_wconf 83' lang='lat' dir='ltr'>confirmaretur.</span> 
     </span>
    </p>
   </div>
   <div class='ocr_carea' id='block_1_39' title="bbox 228 2390 1042 2448">
    <p class='ocr_par' dir='ltr' id='par_1_39' title="bbox 228 2390 1042 2448">
     <span class='ocr_line' id='line_1_39' title="bbox 228 2390 1042 2448; baseline -0.005 0"><span class='ocrx_word' id='word_1_273' title='bbox 228 2396 408 2448; x_wconf 80' lang='lat' dir='ltr'>Anast.</span> <span class='ocrx_word' id='word_1_274' title='bbox 448 2394 587 2447; x_wconf 81' lang='lat' dir='ltr'>Vict.</span> <span class='ocrx_word' id='word_1_275' title='bbox 622 2393 752 2446; x_wconf 88' lang='lat' dir='ltr'>Tun.</span> <span class='ocrx_word' id='word_1_276' title='bbox 786 2409 884 2446; x_wconf 91' lang='lat' dir='ltr'>an.</span> <span class='ocrx_word' id='word_1_277' title='bbox 918 2390 1042 2444; x_wconf 90' lang='grc'>498.</span> 
     </span>
    </p>
   </div>
   <div class='ocr_carea' id='block_1_40' title="bbox 297 2479 1875 2553">
    <p class='ocr_par' dir='ltr' id='par_1_40' title="bbox 297 2479 1875 2553">
     <span class='ocr_line' id='line_1_40' title="bbox 297 2479 1875 2553; baseline -0.004 -15"><span class='ocrx_word' id='word_1_278' title='bbox 297 2484 398 2538; x_wconf 74' lang='lat'>59</span> <span class='ocrx_word' id='word_1_279' title='bbox 427 2483 540 2536; x_wconf 86' lang='lat'>500</span> <span class='ocrx_word' id='word_1_280' title='bbox 565 2479 956 2553; x_wconf 82' lang='lat' dir='ltr'>Symmachus</span> <span class='ocrx_word' id='word_1_281' title='bbox 983 2495 1151 2550; x_wconf 88' lang='lat' dir='ltr'>papa,</span> <span class='ocrx_word' id='word_1_282' title='bbox 1203 2479 1420 2550; x_wconf 83' lang='lat' dir='ltr'>synodo</span> <span class='ocrx_word' id='word_1_283' title='bbox 1475 2479 1669 2533; x_wconf 82' lang='lat' dir='ltr'>Romae</span> <span class='ocrx_word' id='word_1_284' title='bbox 1729 2480 1875 2544; x_wconf 90' lang='lat' dir='ltr'>acta,</span> 
     </span>
    </p>
   </div>
   <div class='ocr_carea' id='block_1_41' title="bbox 227 2565 1880 2638">
    <p class='ocr_par' dir='ltr' id='par_1_41' title="bbox 227 2565 1880 2638">
     <span class='ocr_line' id='line_1_41' title="bbox 227 2565 1880 2638; baseline -0.004 -11"><span class='ocrx_word' id='word_1_285' title='bbox 227 2571 376 2626; x_wconf 88' lang='lat' dir='ltr'>inter</span> <span class='ocrx_word' id='word_1_286' title='bbox 404 2569 524 2625; x_wconf 87' lang='lat' dir='ltr'>alia</span> <span class='ocrx_word' id='word_1_287' title='bbox 558 2569 938 2624; x_wconf 89' lang='lat' dir='ltr'>Laurentium</span> <span class='ocrx_word' id='word_1_288' title='bbox 970 2568 1244 2623; x_wconf 73' lang='lat' dir='ltr'>zemulum</span> <span class='ocrx_word' id='word_1_289' title='bbox 1276 2584 1450 2622; x_wconf 89' lang='lat' dir='ltr'>suum</span> <span class='ocrx_word' id='word_1_290' title='bbox 1475 2565 1732 2622; x_wconf 65' lang='lat' dir='ltr'>Nuceriae</span> <span class='ocrx_word' id='word_1_291' title='bbox 1761 2565 1880 2638; x_wconf 87' lang='lat' dir='ltr'>epi-</span> 
     </span>
    </p>
   </div>
   <div class='ocr_carea' id='block_1_42' title="bbox 224 2656 1393 2732">
    <p class='ocr_par' dir='ltr' id='par_1_42' title="bbox 224 2656 1393 2732">
     <span class='ocr_line' id='line_1_42' title="bbox 224 2656 1393 2732; baseline -0.005 -16"><span class='ocrx_word' id='word_1_292' title='bbox 224 2677 468 2732; x_wconf 86' lang='lat' dir='ltr'>scopum</span> <span class='ocrx_word' id='word_1_293' title='bbox 493 2657 816 2714; x_wconf 86' lang='lat' dir='ltr'>constituit.</span> <span class='ocrx_word' id='word_1_294' title='bbox 850 2659 1038 2712; x_wconf 84' lang='lat' dir='ltr'>A-nast.</span> <span class='ocrx_word' id='word_1_295' title='bbox 1074 2658 1220 2726; x_wconf 85' lang='lat' dir='ltr'>Mog.</span> <span class='ocrx_word' id='word_1_296' title='bbox 1255 2656 1308 2712; x_wconf 84' lang='lat' dir='ltr'>h.</span> <span class='ocrx_word' id='word_1_297' title='bbox 1340 2673 1393 2711; x_wconf 92' lang='lat' dir='ltr'>a.</span> 
     </span>
    </p>
   </div>
   <div class='ocr_carea' id='block_1_43' title="bbox 290 2743 1876 2817">
    <p class='ocr_par' dir='ltr' id='par_1_43' title="bbox 290 2743 1876 2817">
     <span class='ocr_line' id='line_1_43' title="bbox 290 2743 1876 2817; baseline -0.004 -13"><span class='ocrx_word' id='word_1_298' title='bbox 290 2749 387 2804; x_wconf 87' lang='grc'>501</span> <span class='ocrx_word' id='word_1_299' title='bbox 421 2745 827 2802; x_wconf 91' lang='lat' dir='ltr'>Theodoricus</span> <span class='ocrx_word' id='word_1_300' title='bbox 849 2763 948 2802; x_wconf 88' lang='lat' dir='ltr'>rex</span> <span class='ocrx_word' id='word_1_301' title='bbox 975 2746 1386 2817; x_wconf 66' lang='lat' dir='ltr'>aquaaductum</span> <span class='ocrx_word' id='word_1_302' title='bbox 1414 2745 1697 2799; x_wconf 80' lang='lat' dir='ltr'>Ravennze</span> <span class='ocrx_word' id='word_1_303' title='bbox 1719 2743 1876 2799; x_wconf 86' lang='lat' dir='ltr'>fecit.</span> 
     </span>
    </p>
   </div>
   <div class='ocr_carea' id='block_1_44' title="bbox 225 2832 1878 2907">
    <p class='ocr_par' dir='ltr' id='par_1_44' title="bbox 225 2832 1878 2907">
     <span class='ocr_line' id='line_1_44' title="bbox 225 2832 1878 2907; baseline -0.004 -14"><span class='ocrx_word' id='word_1_304' title='bbox 225 2837 467 2893; x_wconf 83' lang='lat' dir='ltr'>Cassiod.</span> <span class='ocrx_word' id='word_1_305' title='bbox 495 2854 547 2891; x_wconf 90' lang='lat' dir='ltr'>a.</span> <span class='ocrx_word' id='word_1_306' title='bbox 571 2852 685 2907; x_wconf 82' lang='lat' dir='ltr'>seq.</span> <span class='ocrx_word' id='word_1_307' title='bbox 704 2867 773 2877; x_wconf 94' lang='lat'><strong>—</strong></span> <span class='ocrx_word' id='word_1_308' title='bbox 805 2835 906 2890; x_wconf 84' lang='lat' dir='ltr'>His</span> <span class='ocrx_word' id='word_1_309' title='bbox 926 2833 1288 2906; x_wconf 88' lang='lat' dir='ltr'>temporibus</span> <span class='ocrx_word' id='word_1_310' title='bbox 1313 2836 1550 2888; x_wconf 90' lang='lat' dir='ltr'>sanctus</span> <span class='ocrx_word' id='word_1_311' title='bbox 1569 2832 1878 2887; x_wconf 86' lang='lat' dir='ltr'>Mammer-</span> 
     </span>
    </p>
   </div>
   <div class='ocr_carea' id='block_1_45' title="bbox 223 2918 1877 2994">
    <p class='ocr_par' dir='ltr' id='par_1_45' title="bbox 223 2918 1877 2994">
     <span class='ocr_line' id='line_1_45' title="bbox 223 2918 1877 2994; baseline -0.004 -14"><span class='ocrx_word' id='word_1_312' title='bbox 223 2929 316 2982; x_wconf 87' lang='lat' dir='ltr'>tus</span> <span class='ocrx_word' id='word_1_313' title='bbox 341 2923 702 2980; x_wconf 76' lang='lat' dir='ltr'>Viennensis</span> <span class='ocrx_word' id='word_1_314' title='bbox 751 2921 1222 2994; x_wconf 90' lang='lat' dir='ltr'>archiepiscopus</span> <span class='ocrx_word' id='word_1_315' title='bbox 1278 2919 1614 2976; x_wconf 87' lang='lat' dir='ltr'>virtutibus</span> <span class='ocrx_word' id='word_1_316' title='bbox 1647 2918 1877 2988; x_wconf 87' lang='lat' dir='ltr'>claruit,</span> 
     </span>
    </p>
   </div>
   <div class='ocr_carea' id='block_1_46' title="bbox 225 3008 1876 3087">
    <p class='ocr_par' dir='ltr' id='par_1_46' title="bbox 225 3008 1876 3087">
     <span class='ocr_line' id='line_1_46' title="bbox 225 3008 1876 3087; baseline -0.002 -19"><span class='ocrx_word' id='word_1_317' title='bbox 225 3013 344 3087; x_wconf 83' lang='lat' dir='ltr'>qui,</span> <span class='ocrx_word' id='word_1_318' title='bbox 377 3017 624 3086; x_wconf 90' lang='lat' dir='ltr'>propter</span> <span class='ocrx_word' id='word_1_319' title='bbox 669 3011 945 3082; x_wconf 90' lang='lat' dir='ltr'>luporum</span> <span class='ocrx_word' id='word_1_320' title='bbox 1000 3014 1056 3065; x_wconf 89' lang='lat' dir='ltr'>et</span> <span class='ocrx_word' id='word_1_321' title='bbox 1106 3026 1377 3065; x_wconf 89' lang='lat' dir='ltr'>ursorum</span> <span class='ocrx_word' id='word_1_322' title='bbox 1426 3008 1876 3076; x_wconf 87' lang='lat' dir='ltr'>immanitatem,</span> 
     </span>
    </p>
   </div>
   <div class='ocr_carea' id='block_1_47' title="bbox 225 3095 1881 3174">
    <p class='ocr_par' dir='ltr' id='par_1_47' title="bbox 225 3095 1881 3174">
     <span class='ocr_line' id='line_1_47' title="bbox 225 3095 1881 3174; baseline -0.005 -15"><span class='ocrx_word' id='word_1_323' title='bbox 225 3103 496 3174; x_wconf 82' lang='lat' dir='ltr'>aliasque</span> <span class='ocrx_word' id='word_1_324' title='bbox 517 3099 725 3173; x_wconf 87' lang='lat' dir='ltr'>plagas</span> <span class='ocrx_word' id='word_1_325' title='bbox 740 3099 1046 3154; x_wconf 89' lang='lat' dir='ltr'>triduanas</span> <span class='ocrx_word' id='word_1_326' title='bbox 1069 3103 1199 3154; x_wconf 89' lang='lat' dir='ltr'>ante</span> <span class='ocrx_word' id='word_1_327' title='bbox 1219 3098 1634 3154; x_wconf 80' lang='lat' dir='ltr'>Ascensionem</span> <span class='ocrx_word' id='word_1_328' title='bbox 1651 3095 1881 3153; x_wconf 91' lang='lat' dir='ltr'>Domini</span> 
     </span>
    </p>
   </div>
   <div class='ocr_carea' id='block_1_48' title="bbox 227 3186 1879 3261">
    <p class='ocr_par' dir='ltr' id='par_1_48' title="bbox 227 3186 1879 3261">
     <span class='ocr_line' id='line_1_48' title="bbox 227 3186 1879 3261; baseline -0.003 -15"><span class='ocrx_word' id='word_1_329' title='bbox 227 3192 463 3246; x_wconf 88' lang='lat' dir='ltr'>litanias</span> <span class='ocrx_word' id='word_1_330' title='bbox 499 3189 731 3261; x_wconf 88' lang='lat' dir='ltr'>primus</span> <span class='ocrx_word' id='word_1_331' title='bbox 764 3188 1101 3253; x_wconf 88' lang='lat' dir='ltr'>instituens,</span> <span class='ocrx_word' id='word_1_332' title='bbox 1134 3186 1366 3242; x_wconf 89' lang='lat' dir='ltr'>Domini</span> <span class='ocrx_word' id='word_1_333' title='bbox 1417 3186 1879 3242; x_wconf 88' lang='lat' dir='ltr'>misericordiam</span> 
     </span>
    </p>
   </div>
   <div class='ocr_carea' id='block_1_49' title="bbox 225 3275 1612 3353">
    <p class='ocr_par' dir='ltr' id='par_1_49' title="bbox 225 3275 1612 3353">
     <span class='ocr_line' id='line_1_49' title="bbox 225 3275 1612 3353; baseline -0.004 -18"><span class='ocrx_word' id='word_1_334' title='bbox 225 3280 657 3353; x_wconf 87' lang='lat' dir='ltr'>plagarumque</span> <span class='ocrx_word' id='word_1_335' title='bbox 688 3276 1074 3333; x_wconf 88' lang='lat' dir='ltr'>cessationem</span> <span class='ocrx_word' id='word_1_336' title='bbox 1100 3275 1422 3348; x_wconf 89' lang='lat' dir='ltr'>promeruit</span> <span class='ocrx_word' id='word_1_337' title='bbox 1441 3275 1612 3348; x_wconf 90' lang='lat'><strong>(130).</strong></span> 
     </span>
    </p>
   </div>
   <div class='ocr_carea' id='block_1_50' title="bbox 2057 2123 3633 2198">
    <p class='ocr_par' dir='ltr' id='par_1_50' title="bbox 2057 2123 3633 2198">
     <span class='ocr_line' id='line_1_50' title="bbox 2057 2123 3633 2198; baseline 0.013 -21"><span class='ocrx_word' id='word_1_338' title='bbox 2057 2125 2162 2178; x_wconf 81' lang='lat'>505</span> <span class='ocrx_word' id='word_1_339' title='bbox 2193 2123 2516 2178; x_wconf 89' lang='lat' dir='ltr'>Ludovicus</span> <span class='ocrx_word' id='word_1_340' title='bbox 2547 2141 2646 2180; x_wconf 85' lang='lat' dir='ltr'>rex</span> <span class='ocrx_word' id='word_1_341' title='bbox 2676 2127 3027 2186; x_wconf 87' lang='lat' dir='ltr'>Francorum</span> <span class='ocrx_word' id='word_1_342' title='bbox 3059 2133 3316 2193; x_wconf 89' lang='lat' dir='ltr'>Parisius</span> <span class='ocrx_word' id='word_1_343' title='bbox 3348 2139 3497 2195; x_wconf 88' lang='lat' dir='ltr'>beati</span> <span class='ocrx_word' id='word_1_344' title='bbox 3533 2142 3633 2198; x_wconf 88' lang='lat' dir='ltr'>Pe-</span> 
     </span>
    </p>
   </div>
   <div class='ocr_carea' id='block_1_51' title="bbox 1991 2211 3284 2285">
    <p class='ocr_par' dir='ltr' id='par_1_51' title="bbox 1991 2211 3284 2285">
     <span class='ocr_line' id='line_1_51' title="bbox 1991 2211 3284 2285; baseline 0.011 -19"><span class='ocrx_word' id='word_1_345' title='bbox 1991 2212 2064 2266; x_wconf 92' lang='lat' dir='ltr'>tri</span> <span class='ocrx_word' id='word_1_346' title='bbox 2096 2211 2398 2267; x_wconf 89' lang='lat' dir='ltr'>basilicam</span> <span class='ocrx_word' id='word_1_347' title='bbox 2421 2213 2686 2268; x_wconf 74' lang='lat' dir='ltr'>zediﬁcat.</span> <span class='ocrx_word' id='word_1_348' title='bbox 2725 2216 2884 2285; x_wconf 83' lang='lat' dir='ltr'>Greg.</span> <span class='ocrx_word' id='word_1_349' title='bbox 2919 2221 3041 2275; x_wconf 84' lang='lat' dir='ltr'>Tur.</span> <span class='ocrx_word' id='word_1_350' title='bbox 3073 2240 3126 2277; x_wconf 90' lang='lat' dir='ltr'>a.</span> <span class='ocrx_word' id='word_1_351' title='bbox 3157 2224 3284 2280; x_wconf 88' lang='grc'>508.</span> 
     </span>
    </p>
   </div>
   <div class='ocr_carea' id='block_1_52' title="bbox 2062 2301 3635 2374">
    <p class='ocr_par' dir='ltr' id='par_1_52' title="bbox 2062 2301 3635 2374">
     <span class='ocr_line' id='line_1_52' title="bbox 2062 2301 3635 2374; baseline 0.013 -20"><span class='ocrx_word' id='word_1_352' title='bbox 2062 2301 2162 2354; x_wconf 77' lang='lat'>60</span> <span class='ocrx_word' id='word_1_353' title='bbox 2191 2301 2298 2354; x_wconf 86' lang='lat'>506</span> <span class='ocrx_word' id='word_1_354' title='bbox 2327 2301 2442 2355; x_wconf 92' lang='lat' dir='ltr'>Hoc</span> <span class='ocrx_word' id='word_1_355' title='bbox 2473 2305 2734 2373; x_wconf 87' lang='lat' dir='ltr'>tempore</span> <span class='ocrx_word' id='word_1_356' title='bbox 2765 2305 3085 2364; x_wconf 83' lang='lat' dir='ltr'>Ludovicus</span> <span class='ocrx_word' id='word_1_357' title='bbox 3128 2329 3227 2368; x_wconf 89' lang='lat' dir='ltr'>rex</span> <span class='ocrx_word' id='word_1_358' title='bbox 3279 2315 3635 2374; x_wconf 88' lang='lat' dir='ltr'>Francorum</span> 
     </span>
    </p>
   </div>
   <div class='ocr_carea' id='block_1_53' title="bbox 1992 2387 3640 2477">
    <p class='ocr_par' dir='ltr' id='par_1_53' title="bbox 1992 2387 3640 2477">
     <span class='ocr_line' id='line_1_53' title="bbox 1992 2387 3640 2477; baseline 0.012 -35"><span class='ocrx_word' id='word_1_359' title='bbox 1992 2387 2458 2477; x_wconf 76' lang='lat' dir='ltr'>Ragnachariurn</span> <span class='ocrx_word' id='word_1_360' title='bbox 2491 2390 2637 2462; x_wconf 83' lang='lat'><strong>(132)</strong></span> <span class='ocrx_word' id='word_1_361' title='bbox 2669 2398 2981 2464; x_wconf 88' lang='lat' dir='ltr'>cognatum</span> <span class='ocrx_word' id='word_1_362' title='bbox 3001 2414 3175 2454; x_wconf 90' lang='lat' dir='ltr'>suum</span> <span class='ocrx_word' id='word_1_363' title='bbox 3209 2403 3489 2475; x_wconf 86' lang='lat' dir='ltr'>regnique</span> <span class='ocrx_word' id='word_1_364' title='bbox 3513 2423 3640 2477; x_wconf 90' lang='lat' dir='ltr'>par-</span> 
     </span>
    </p>
   </div>
   <div class='ocr_carea' id='block_1_54' title="bbox 1990 2476 3635 2564">
    <p class='ocr_par' dir='ltr' id='par_1_54' title="bbox 1990 2476 3635 2564">
     <span class='ocr_line' id='line_1_54' title="bbox 1990 2476 3635 2564; baseline 0.013 -34"><span class='ocrx_word' id='word_1_365' title='bbox 1990 2476 2245 2549; x_wconf 91' lang='lat' dir='ltr'>ticipem,</span> <span class='ocrx_word' id='word_1_366' title='bbox 2281 2478 2558 2549; x_wconf 88' lang='lat' dir='ltr'>ignavum</span> <span class='ocrx_word' id='word_1_367' title='bbox 2589 2485 2646 2536; x_wconf 88' lang='lat' dir='ltr'>et</span> <span class='ocrx_word' id='word_1_368' title='bbox 2673 2480 3058 2554; x_wconf 88' lang='lat' dir='ltr'>luxuriosum,</span> <span class='ocrx_word' id='word_1_369' title='bbox 3093 2506 3127 2544; x_wconf 95' lang='lat' dir='ltr'>a</span> <span class='ocrx_word' id='word_1_370' title='bbox 3157 2491 3282 2547; x_wconf 90' lang='lat' dir='ltr'>suis</span> <span class='ocrx_word' id='word_1_371' title='bbox 3314 2476 3635 2564; x_wconf 82' lang='lat' dir='ltr'>proditum,</span> 
     </span>
    </p>
   </div>
   <div class='ocr_carea' id='block_1_55' title="bbox 1989 2565 3639 2646">
    <p class='ocr_par' dir='ltr' id='par_1_55' title="bbox 1989 2565 3639 2646">
     <span class='ocr_line' id='line_1_55' title="bbox 1989 2565 3639 2646; baseline 0.015 -28"><span class='ocrx_word' id='word_1_372' title='bbox 1989 2565 2140 2620; x_wconf 89' lang='lat' dir='ltr'>bello</span> <span class='ocrx_word' id='word_1_373' title='bbox 2186 2567 2403 2622; x_wconf 90' lang='lat' dir='ltr'>victum</span> <span class='ocrx_word' id='word_1_374' title='bbox 2436 2569 2674 2641; x_wconf 86' lang='lat' dir='ltr'>fugavit,</span> <span class='ocrx_word' id='word_1_375' title='bbox 2707 2575 2762 2626; x_wconf 91' lang='lat' dir='ltr'>et</span> <span class='ocrx_word' id='word_1_376' title='bbox 2791 2576 3279 2646; x_wconf 89' lang='lat' dir='ltr'>comprehensum</span> <span class='ocrx_word' id='word_1_377' title='bbox 3320 2599 3429 2638; x_wconf 91' lang='lat' dir='ltr'>sua</span> <span class='ocrx_word' id='word_1_378' title='bbox 3461 2601 3639 2642; x_wconf 89' lang='lat' dir='ltr'>manu</span> 
     </span>
    </p>
   </div>
   <div class='ocr_carea' id='block_1_56' title="bbox 1991 2655 3635 2743">
    <p class='ocr_par' dir='ltr' id='par_1_56' title="bbox 1991 2655 3635 2743">
     <span class='ocr_line' id='line_1_56' title="bbox 1991 2655 3635 2743; baseline 0.013 -35"><span class='ocrx_word' id='word_1_379' title='bbox 1991 2671 2124 2708; x_wconf 89' lang='lat' dir='ltr'>cum</span> <span class='ocrx_word' id='word_1_380' title='bbox 2158 2655 2330 2710; x_wconf 82' lang='lat' dir='ltr'>fratre</span> <span class='ocrx_word' id='word_1_381' title='bbox 2354 2656 2621 2712; x_wconf 83' lang='lat' dir='ltr'>Richario</span> <span class='ocrx_word' id='word_1_382' title='bbox 2652 2659 2861 2715; x_wconf 90' lang='lat' dir='ltr'>occidit</span> <span class='ocrx_word' id='word_1_383' title='bbox 2890 2667 2946 2718; x_wconf 90' lang='lat' dir='ltr'>et</span> <span class='ocrx_word' id='word_1_384' title='bbox 2997 2667 3124 2735; x_wconf 88' lang='lat' dir='ltr'>ejus</span> <span class='ocrx_word' id='word_1_385' title='bbox 3183 2668 3295 2724; x_wconf 89' lang='lat' dir='ltr'>sibi</span> <span class='ocrx_word' id='word_1_386' title='bbox 3353 2672 3635 2743; x_wconf 90' lang='lat' dir='ltr'>populum</span> 
     </span>
    </p>
   </div>
   <div class='ocr_carea' id='block_1_57' title="bbox 1990 2743 3636 2818">
    <p class='ocr_par' dir='ltr' id='par_1_57' title="bbox 1990 2743 3636 2818">
     <span class='ocr_line' id='line_1_57' title="bbox 1990 2743 3636 2818; baseline 0.012 -20"><span class='ocrx_word' id='word_1_387' title='bbox 1990 2743 2256 2813; x_wconf 89' lang='lat' dir='ltr'>subjecit.</span> <span class='ocrx_word' id='word_1_388' title='bbox 2293 2743 2428 2812; x_wconf 83' lang='lat' dir='ltr'>Greg</span> <span class='ocrx_word' id='word_1_389' title='bbox 2461 2746 2582 2799; x_wconf 88' lang='lat' dir='ltr'>Tur.</span> <span class='ocrx_word' id='word_1_390' title='bbox 2615 2763 2667 2800; x_wconf 91' lang='lat' dir='ltr'>a.</span> <span class='ocrx_word' id='word_1_391' title='bbox 2703 2748 2828 2802; x_wconf 82' lang='lat'>500.</span> <span class='ocrx_word' id='word_1_392' title='bbox 2861 2782 2929 2790; x_wconf 90' lang='lat'><strong>—</strong></span> <span class='ocrx_word' id='word_1_393' title='bbox 2959 2752 3352 2812; x_wconf 89' lang='lat' dir='ltr'>Theodoricus</span> <span class='ocrx_word' id='word_1_394' title='bbox 3384 2775 3482 2814; x_wconf 88' lang='lat' dir='ltr'>rex</span> <span class='ocrx_word' id='word_1_395' title='bbox 3524 2762 3636 2818; x_wconf 89' lang='lat' dir='ltr'>Ita-</span> 
     </span>
    </p>
   </div>
   <div class='ocr_carea' id='block_1_58' title="bbox 1989 2831 3633 2908">
    <p class='ocr_par' dir='ltr' id='par_1_58' title="bbox 1989 2831 3633 2908">
     <span class='ocr_line' id='line_1_58' title="bbox 1989 2831 3633 2908; baseline 0.012 -22"><span class='ocrx_word' id='word_1_396' title='bbox 1989 2831 2078 2886; x_wconf 65' lang='lat' dir='ltr'>liae</span> <span class='ocrx_word' id='word_1_397' title='bbox 2106 2837 2308 2888; x_wconf 89' lang='lat' dir='ltr'>contra</span> <span class='ocrx_word' id='word_1_398' title='bbox 2361 2833 2612 2890; x_wconf 84' lang='lat' dir='ltr'>Francos</span> <span class='ocrx_word' id='word_1_399' title='bbox 2670 2836 2727 2890; x_wconf 92' lang='lat' dir='ltr'>in</span> <span class='ocrx_word' id='word_1_400' title='bbox 2778 2837 3024 2895; x_wconf 88' lang='lat' dir='ltr'>Galliam</span> <span class='ocrx_word' id='word_1_401' title='bbox 3077 2844 3394 2903; x_wconf 89' lang='lat' dir='ltr'>exercitum</span> <span class='ocrx_word' id='word_1_402' title='bbox 3451 2849 3633 2908; x_wconf 82' lang='lat' dir='ltr'>misit.</span> 
     </span>
    </p>
   </div>
   <div class='ocr_carea' id='block_1_59' title="bbox 1991 2919 2464 2976">
    <p class='ocr_par' dir='ltr' id='par_1_59' title="bbox 1991 2919 2464 2976">
     <span class='ocr_line' id='line_1_59' title="bbox 1991 2919 2464 2976; baseline 0.002 -2"><span class='ocrx_word' id='word_1_403' title='bbox 1991 2919 2226 2974; x_wconf 78' lang='lat' dir='ltr'>Cassiod.</span> <span class='ocrx_word' id='word_1_404' title='bbox 2260 2936 2312 2974; x_wconf 89' lang='lat' dir='ltr'>a.</span> <span class='ocrx_word' id='word_1_405' title='bbox 2338 2920 2464 2976; x_wconf 89' lang='lat'>508.</span> 
     </span>
    </p>
   </div>
   <div class='ocr_carea' id='block_1_60' title="bbox 2058 3008 3636 3085">
    <p class='ocr_par' dir='ltr' id='par_1_60' title="bbox 2058 3008 3636 3085">
     <span class='ocr_line' id='line_1_60' title="bbox 2058 3008 3636 3085; baseline 0.015 -23"><span class='ocrx_word' id='word_1_406' title='bbox 2058 3009 2162 3062; x_wconf 88' lang='lat'>507</span> <span class='ocrx_word' id='word_1_407' title='bbox 2176 3008 2276 3062; x_wconf 90' lang='lat' dir='ltr'>His</span> <span class='ocrx_word' id='word_1_408' title='bbox 2290 3009 2674 3081; x_wconf 90' lang='lat' dir='ltr'>temporibus,</span> <span class='ocrx_word' id='word_1_409' title='bbox 2691 3012 2882 3069; x_wconf 61' lang='lat' dir='ltr'>Roma</span> <span class='ocrx_word' id='word_1_410' title='bbox 2898 3015 3110 3075; x_wconf 89' lang='lat' dir='ltr'>iterum</span> <span class='ocrx_word' id='word_1_411' title='bbox 3125 3022 3487 3082; x_wconf 89' lang='lat' dir='ltr'>dissensione</span> <span class='ocrx_word' id='word_1_412' title='bbox 3505 3044 3636 3085; x_wconf 86' lang='lat' dir='ltr'>con-</span> 
     </span>
    </p>
   </div>
   <div class='ocr_carea' id='block_1_61' title="bbox 1988 3096 3634 3174">
    <p class='ocr_par' dir='ltr' id='par_1_61' title="bbox 1988 3096 3634 3174">
     <span class='ocr_line' id='line_1_61' title="bbox 1988 3096 3634 3174; baseline 0.012 -23"><span class='ocrx_word' id='word_1_413' title='bbox 1988 3101 2079 3152; x_wconf 90' lang='lat' dir='ltr'>tra</span> <span class='ocrx_word' id='word_1_414' title='bbox 2109 3096 2527 3166; x_wconf 82' lang='lat' dir='ltr'>Symmachum</span> <span class='ocrx_word' id='word_1_415' title='bbox 2549 3115 2760 3170; x_wconf 90' lang='lat' dir='ltr'>papam</span> <span class='ocrx_word' id='word_1_416' title='bbox 2783 3107 2838 3157; x_wconf 90' lang='lat' dir='ltr'>et</span> <span class='ocrx_word' id='word_1_417' title='bbox 2853 3104 3167 3163; x_wconf 89' lang='lat' dir='ltr'>Ecclesiam</span> <span class='ocrx_word' id='word_1_418' title='bbox 3197 3115 3340 3174; x_wconf 89' lang='lat' dir='ltr'>orta,</span> <span class='ocrx_word' id='word_1_419' title='bbox 3367 3115 3634 3170; x_wconf 91' lang='lat' dir='ltr'>nonnulli</span> 
     </span>
    </p>
   </div>
   <div class='ocr_carea' id='block_1_62' title="bbox 1988 3185 3628 3272">
    <p class='ocr_par' dir='ltr' id='par_1_62' title="bbox 1988 3185 3628 3272">
     <span class='ocr_line' id='line_1_62' title="bbox 1988 3185 3628 3272; baseline 0.012 -34"><span class='ocrx_word' id='word_1_420' title='bbox 1988 3203 2057 3241; x_wconf 90' lang='lat' dir='ltr'>ex</span> <span class='ocrx_word' id='word_1_421' title='bbox 2088 3187 2249 3272; x_wconf 82' lang='lat' dir='ltr'>parte</span> <span class='ocrx_word' id='word_1_422' title='bbox 2272 3185 2398 3253; x_wconf 86' lang='lat' dir='ltr'>ejus</span> <span class='ocrx_word' id='word_1_423' title='bbox 2443 3185 2696 3242; x_wconf 86' lang='lat' dir='ltr'>fustibus</span> <span class='ocrx_word' id='word_1_424' title='bbox 2753 3193 2807 3242; x_wconf 90' lang='lat' dir='ltr'>et</span> <span class='ocrx_word' id='word_1_425' title='bbox 2863 3191 3106 3250; x_wconf 91' lang='lat' dir='ltr'>diversis</span> <span class='ocrx_word' id='word_1_426' title='bbox 3163 3195 3350 3268; x_wconf 88' lang='lat' dir='ltr'>plagis</span> <span class='ocrx_word' id='word_1_427' title='bbox 3409 3201 3628 3272; x_wconf 86' lang='lat' dir='ltr'>afﬂicti,</span> 
     </span>
    </p>
   </div>
   <div class='ocr_carea' id='block_1_63' title="bbox 1990 3271 3632 3359">
    <p class='ocr_par' dir='ltr' id='par_1_63' title="bbox 1990 3271 3632 3359">
     <span class='ocr_line' id='line_1_63' title="bbox 1990 3271 3632 3359; baseline 0.011 -31"><span class='ocrx_word' id='word_1_428' title='bbox 1990 3271 2255 3328; x_wconf 91' lang='lat' dir='ltr'>nonnulli</span> <span class='ocrx_word' id='word_1_429' title='bbox 2285 3272 2560 3328; x_wconf 89' lang='lat' dir='ltr'>trucidati</span> <span class='ocrx_word' id='word_1_430' title='bbox 2585 3277 2641 3328; x_wconf 91' lang='lat' dir='ltr'>et</span> <span class='ocrx_word' id='word_1_431' title='bbox 2670 3277 2878 3346; x_wconf 88' lang='lat' dir='ltr'>necati,</span> <span class='ocrx_word' id='word_1_432' title='bbox 2933 3285 2991 3335; x_wconf 89' lang='lat' dir='ltr'>et</span> <span class='ocrx_word' id='word_1_433' title='bbox 3048 3282 3232 3339; x_wconf 88' lang='lat' dir='ltr'>multa</span> <span class='ocrx_word' id='word_1_434' title='bbox 3278 3285 3521 3359; x_wconf 83' lang='lat' dir='ltr'>indigna</span> <span class='ocrx_word' id='word_1_435' title='bbox 3575 3271 3632 3346; x_wconf 89' lang='lat' dir='ltr'>et</span> 
     </span>
    </p>
   </div>
   <div class='ocr_carea' id='block_1_64' title="bbox 289 3349 3632 3442">
    <p class='ocr_par' dir='ltr' id='par_1_64' title="bbox 289 3349 3632 3442">
     <span class='ocr_line' id='line_1_64' title="bbox 289 3349 3632 3442; baseline 0.003 -17"><span class='ocrx_word' id='word_1_436' title='bbox 289 3349 398 3425; x_wconf 81' lang='lat'>502</span> <span class='ocrx_word' id='word_1_437' title='bbox 426 3349 832 3424; x_wconf 84' lang='lat' dir='ltr'>Theodoricus</span> <span class='ocrx_word' id='word_1_438' title='bbox 855 3383 956 3422; x_wconf 85' lang='lat' dir='ltr'>rex</span> <span class='ocrx_word' id='word_1_439' title='bbox 984 3365 1152 3420; x_wconf 87' lang='lat' dir='ltr'>victis</span> <span class='ocrx_word' id='word_1_440' title='bbox 1181 3363 1560 3435; x_wconf 84' lang='lat' dir='ltr'>Vulgaribus,</span> <span class='ocrx_word' id='word_1_441' title='bbox 1591 3362 1714 3436; x_wconf 87' lang='lat' dir='ltr'>[al.,</span> <span class='ocrx_word' id='word_1_442' title='bbox 1749 3362 1878 3418; x_wconf 91' lang='lat' dir='ltr'>Bul-</span> <span class='ocrx_word' id='word_1_443' title='bbox 1907 3349 1949 3416; x_wconf 90' lang='lat' dir='ltr'>C</span> <span class='ocrx_word' id='word_1_444' title='bbox 1991 3361 2210 3416; x_wconf 89' lang='lat' dir='ltr'>nefaria</span> <span class='ocrx_word' id='word_1_445' title='bbox 2239 3365 2440 3419; x_wconf 87' lang='lat' dir='ltr'>contra</span> <span class='ocrx_word' id='word_1_446' title='bbox 2467 3361 2784 3420; x_wconf 88' lang='lat' dir='ltr'>Ecclesiam</span> <span class='ocrx_word' id='word_1_447' title='bbox 2817 3370 2874 3422; x_wconf 92' lang='lat' dir='ltr'>et</span> <span class='ocrx_word' id='word_1_448' title='bbox 2921 3369 3261 3442; x_wconf 88' lang='lat' dir='ltr'>religionem</span> <span class='ocrx_word' id='word_1_449' title='bbox 3315 3349 3632 3436; x_wconf 74' lang='lat' dir='ltr'>commissa</span> 
     </span>
    </p>
   </div>
   <div class='ocr_carea' id='block_1_65' title="bbox 227 3453 1881 3531">
    <p class='ocr_par' dir='ltr' id='par_1_65' title="bbox 227 3453 1881 3531">
     <span class='ocr_line' id='line_1_65' title="bbox 227 3453 1881 3531; baseline -0.004 -17"><span class='ocrx_word' id='word_1_450' title='bbox 227 3457 488 3531; x_wconf 82' lang='lat' dir='ltr'>garibus]</span> <span class='ocrx_word' id='word_1_451' title='bbox 522 3456 810 3512; x_wconf 89' lang='lat' dir='ltr'>Sirmium</span> <span class='ocrx_word' id='word_1_452' title='bbox 843 3471 1021 3528; x_wconf 83' lang='lat' dir='ltr'>regno</span> <span class='ocrx_word' id='word_1_453' title='bbox 1046 3454 1222 3510; x_wconf 67' lang='lat' dir='ltr'>Italiae</span> <span class='ocrx_word' id='word_1_454' title='bbox 1254 3453 1531 3510; x_wconf 86' lang='lat' dir='ltr'>restituit.</span> <span class='ocrx_word' id='word_1_455' title='bbox 1575 3453 1813 3508; x_wconf 82' lang='lat' dir='ltr'>Marcell.</span> <span class='ocrx_word' id='word_1_456' title='bbox 1846 3469 1881 3508; x_wconf 90' lang='lat' dir='ltr'>a</span> 
     </span>
    </p>
   </div>
   <div class='ocr_carea' id='block_1_66' title="bbox 224 3549 1885 3704">
    <p class='ocr_par' dir='ltr' id='par_1_66' title="bbox 224 3549 1885 3704">
     <span class='ocr_line' id='line_1_66' title="bbox 224 3549 1885 3704; baseline -0.003 -14"><span class='ocrx_word' id='word_1_457' title='bbox 224 3549 404 3694; x_wconf 65' lang='lat'>50:03</span> <span class='ocrx_word' id='word_1_458' title='bbox 433 3634 688 3698; x_wconf 90' lang='lat' dir='ltr'>Quidam</span> <span class='ocrx_word' id='word_1_459' title='bbox 724 3650 791 3688; x_wconf 85' lang='lat' dir='ltr'>ex</span> <span class='ocrx_word' id='word_1_460' title='bbox 837 3633 1138 3699; x_wconf 87' lang='lat' dir='ltr'>Romanis,</span> <span class='ocrx_word' id='word_1_461' title='bbox 1198 3631 1616 3704; x_wconf 90' lang='lat' dir='ltr'>Symmachum</span> <span class='ocrx_word' id='word_1_462' title='bbox 1674 3646 1885 3702; x_wconf 89' lang='lat' dir='ltr'>papam</span> 
     </span>
    </p>
   </div>
   <div class='ocr_carea' id='block_1_67' title="bbox 231 3717 1889 3792">
    <p class='ocr_par' dir='ltr' id='par_1_67' title="bbox 231 3717 1889 3792">
     <span class='ocr_line' id='line_1_67' title="bbox 231 3717 1889 3792; baseline -0.002 -16"><span class='ocrx_word' id='word_1_463' title='bbox 231 3722 370 3778; x_wconf 80' lang='lat' dir='ltr'>falso</span> <span class='ocrx_word' id='word_1_464' title='bbox 394 3721 782 3777; x_wconf 87' lang='lat' dir='ltr'>criminantes</span> <span class='ocrx_word' id='word_1_465' title='bbox 805 3724 861 3776; x_wconf 90' lang='lat' dir='ltr'>et</span> <span class='ocrx_word' id='word_1_466' title='bbox 881 3720 1035 3792; x_wconf 90' lang='lat' dir='ltr'>apud</span> <span class='ocrx_word' id='word_1_467' title='bbox 1053 3733 1248 3792; x_wconf 89' lang='lat' dir='ltr'>regem</span> <span class='ocrx_word' id='word_1_468' title='bbox 1271 3723 1616 3775; x_wconf 89' lang='lat' dir='ltr'>accusantes</span> <span class='ocrx_word' id='word_1_469' title='bbox 1633 3717 1889 3774; x_wconf 89' lang='lat' dir='ltr'>Lauren-</span> 
     </span>
    </p>
   </div>
   <div class='ocr_carea' id='block_1_68' title="bbox 1991 3451 2344 3505">
    <p class='ocr_par' dir='ltr' id='par_1_68' title="bbox 1991 3451 2344 3505">
     <span class='ocr_line' id='line_1_68' title="bbox 1991 3451 2344 3505; baseline 0 -1"><span class='ocrx_word' id='word_1_470' title='bbox 1991 3453 2128 3505; x_wconf 90' lang='lat' dir='ltr'>sunt</span> <span class='ocrx_word' id='word_1_471' title='bbox 2157 3451 2344 3505; x_wconf 85' lang='lat' dir='ltr'>Anast.</span> 
     </span>
    </p>
   </div>
   <div class='ocr_carea' id='block_1_69' title="bbox 2061 3539 3638 3614">
    <p class='ocr_par' dir='ltr' id='par_1_69' title="bbox 2061 3539 3638 3614">
     <span class='ocr_line' id='line_1_69' title="bbox 2061 3539 3638 3614; baseline 0.015 -23"><span class='ocrx_word' id='word_1_472' title='bbox 2061 3539 2166 3593; x_wconf 88' lang='lat'>508</span> <span class='ocrx_word' id='word_1_473' title='bbox 2197 3539 2312 3594; x_wconf 88' lang='lat' dir='ltr'>Hoc</span> <span class='ocrx_word' id='word_1_474' title='bbox 2343 3557 2495 3595; x_wconf 91' lang='lat' dir='ltr'>anno</span> <span class='ocrx_word' id='word_1_475' title='bbox 2524 3541 2673 3614; x_wconf 88' lang='grc'>(133)</span> <span class='ocrx_word' id='word_1_476' title='bbox 2709 3544 2905 3600; x_wconf 81' lang='lat' dir='ltr'>Romae</span> <span class='ocrx_word' id='word_1_477' title='bbox 2936 3547 3169 3606; x_wconf 90' lang='lat' dir='ltr'>Boetius</span> <span class='ocrx_word' id='word_1_478' title='bbox 3198 3553 3285 3609; x_wconf 91' lang='lat' dir='ltr'>vir</span> <span class='ocrx_word' id='word_1_479' title='bbox 3311 3556 3638 3613; x_wconf 89' lang='lat' dir='ltr'>eruditissi-</span> 
     </span>
    </p>
   </div>
   <div class='ocr_carea' id='block_1_70' title="bbox 1996 3628 3204 3697">
    <p class='ocr_par' dir='ltr' id='par_1_70' title="bbox 1996 3628 3204 3697">
     <span class='ocr_line' id='line_1_70' title="bbox 1996 3628 3204 3697; baseline 0.011 -14"><span class='ocrx_word' id='word_1_480' title='bbox 1996 3644 2130 3683; x_wconf 89' lang='lat' dir='ltr'>mus</span> <span class='ocrx_word' id='word_1_481' title='bbox 2160 3628 2531 3686; x_wconf 88' lang='lat' dir='ltr'>consulatum</span> <span class='ocrx_word' id='word_1_482' title='bbox 2563 3629 3011 3693; x_wconf 86' lang='lat' dir='ltr'>administravit.</span> <span class='ocrx_word' id='word_1_483' title='bbox 3058 3639 3204 3697; x_wconf 87' lang='lat' dir='ltr'>Cass.</span> 
     </span>
    </p>
   </div>
   <div class='ocr_carea' id='block_1_71' title="bbox 1297 3884 2613 3946">
    <p class='ocr_par' dir='ltr' id='par_1_71' title="bbox 1297 3884 2613 3946">
     <span class='ocr_line' id='line_1_71' title="bbox 1297 3884 2613 3946; baseline 0.002 -4"><span class='ocrx_word' id='word_1_484' title='bbox 1297 3885 1775 3946; x_wconf 89' lang='lat' dir='ltr'>COMPENDIUM</span> <span class='ocrx_word' id='word_1_485' title='bbox 1813 3886 1905 3942; x_wconf 90' lang='lat' dir='ltr'>EX</span> <span class='ocrx_word' id='word_1_486' title='bbox 1941 3884 2194 3943; x_wconf 86' lang='lat' dir='ltr'>CODICE</span> <span class='ocrx_word' id='word_1_487' title='bbox 2232 3887 2613 3944; x_wconf 83' lang='lat' dir='ltr'>BERNOLDI.</span> 
     </span>
    </p>
   </div>
   <div class='ocr_carea' id='block_1_72' title="bbox 298 4029 1891 4098">
    <p class='ocr_par' dir='ltr' id='par_1_72' title="bbox 298 4029 1891 4098">
     <span class='ocr_line' id='line_1_72' title="bbox 298 4029 1891 4098; baseline -0.001 -12"><span class='ocrx_word' id='word_1_488' title='bbox 298 4031 411 4086; x_wconf 82' lang='grc'>498</span> <span class='ocrx_word' id='word_1_489' title='bbox 440 4030 646 4098; x_wconf 80' lang='lat' dir='ltr'>Isauri,</span> <span class='ocrx_word' id='word_1_490' title='bbox 679 4030 851 4085; x_wconf 86' lang='lat' dir='ltr'>occiso</span> <span class='ocrx_word' id='word_1_491' title='bbox 878 4029 1098 4098; x_wconf 85' lang='lat' dir='ltr'>Lilingo</span> <span class='ocrx_word' id='word_1_492' title='bbox 1139 4029 1275 4085; x_wconf 86' lang='lat' dir='ltr'>duce</span> <span class='ocrx_word' id='word_1_493' title='bbox 1303 4045 1421 4096; x_wconf 87' lang='lat' dir='ltr'>suo,</span> <span class='ocrx_word' id='word_1_494' title='bbox 1481 4031 1549 4084; x_wconf 85' lang='lat' dir='ltr'>ab</span> <span class='ocrx_word' id='word_1_495' title='bbox 1607 4030 1891 4085; x_wconf 82' lang='lat' dir='ltr'>Anastasio</span> 
     </span>
    </p>
   </div>
   <div class='ocr_carea' id='block_1_73' title="bbox 234 4117 964 4194">
    <p class='ocr_par' dir='ltr' id='par_1_73' title="bbox 234 4117 964 4194">
     <span class='ocr_line' id='line_1_73' title="bbox 234 4117 964 4194; baseline -0.004 -19"><span class='ocrx_word' id='word_1_496' title='bbox 234 4123 566 4194; x_wconf 74' lang='lat' dir='ltr'>imperatore</span> <span class='ocrx_word' id='word_1_497' title='bbox 595 4117 964 4174; x_wconf 85' lang='lat' dir='ltr'>trucidantur.</span> 
     </span>
    </p>
   </div>
   <div class='ocr_carea' id='block_1_74' title="bbox 298 4207 1893 4277">
    <p class='ocr_par' dir='ltr' id='par_1_74' title="bbox 298 4207 1893 4277">
     <span class='ocr_line' id='line_1_74' title="bbox 298 4207 1893 4277; baseline -0.003 -11"><span class='ocrx_word' id='word_1_498' title='bbox 298 4210 412 4266; x_wconf 83' lang='grc'>499</span> <span class='ocrx_word' id='word_1_499' title='bbox 471 4207 827 4263; x_wconf 82' lang='lat' dir='ltr'>Theodoricus</span> <span class='ocrx_word' id='word_1_500' title='bbox 883 4223 984 4263; x_wconf 78' lang='lat' dir='ltr'>rex</span> <span class='ocrx_word' id='word_1_501' title='bbox 1018 4250 1030 4262; x_wconf 96' lang='lat'>.</span> <span class='ocrx_word' id='word_1_502' title='bbox 1079 4250 1090 4262; x_wconf 95' lang='lat'>.</span> <span class='ocrx_word' id='word_1_503' title='bbox 1131 4248 1143 4260; x_wconf 94' lang='lat'>.</span> <span class='ocrx_word' id='word_1_504' title='bbox 1183 4207 1444 4276; x_wconf 66' lang='lat' dir='ltr'>aediﬁcia,</span> <span class='ocrx_word' id='word_1_505' title='bbox 1496 4207 1679 4263; x_wconf 68' lang='lat' dir='ltr'>Romae</span> <span class='ocrx_word' id='word_1_506' title='bbox 1737 4207 1893 4277; x_wconf 86' lang='lat' dir='ltr'>Sym-</span> 
     </span>
    </p>
   </div>
   <div class='ocr_carea' id='block_1_75' title="bbox 238 4295 1893 4366">
    <p class='ocr_par' dir='ltr' id='par_1_75' title="bbox 238 4295 1893 4366">
     <span class='ocr_line' id='line_1_75' title="bbox 238 4295 1893 4366; baseline -0.002 -13"><span class='ocrx_word' id='word_1_507' title='bbox 238 4299 464 4353; x_wconf 83' lang='lat' dir='ltr'>machus</span> <span class='ocrx_word' id='word_1_508' title='bbox 500 4339 512 4351; x_wconf 94' lang='lat'>.</span> <span class='ocrx_word' id='word_1_509' title='bbox 555 4337 566 4349; x_wconf 95' lang='lat'>.</span> <span class='ocrx_word' id='word_1_510' title='bbox 603 4339 616 4351; x_wconf 95' lang='lat'>.</span> <span class='ocrx_word' id='word_1_511' title='bbox 650 4295 816 4350; x_wconf 84' lang='lat' dir='ltr'>donec</span> <span class='ocrx_word' id='word_1_512' title='bbox 835 4295 1048 4366; x_wconf 85' lang='lat' dir='ltr'>judicio</span> <span class='ocrx_word' id='word_1_513' title='bbox 1087 4296 1396 4352; x_wconf 81' lang='lat' dir='ltr'>Theodorici</span> <span class='ocrx_word' id='word_1_514' title='bbox 1444 4298 1588 4364; x_wconf 88' lang='lat' dir='ltr'>regis</span> <span class='ocrx_word' id='word_1_515' title='bbox 1644 4297 1893 4366; x_wconf 80' lang='lat' dir='ltr'>Symma-</span> 
     </span>
    </p>
   </div>
   <div class='ocr_carea' id='block_1_76' title="bbox 235 4385 1474 4454">
    <p class='ocr_par' dir='ltr' id='par_1_76' title="bbox 235 4385 1474 4454">
     <span class='ocr_line' id='line_1_76' title="bbox 235 4385 1474 4454; baseline -0.002 -14"><span class='ocrx_word' id='word_1_516' title='bbox 235 4387 356 4442; x_wconf 75' lang='lat' dir='ltr'>chus</span> <span class='ocrx_word' id='word_1_517' title='bbox 393 4387 461 4441; x_wconf 79' lang='lat' dir='ltr'>in</span> <span class='ocrx_word' id='word_1_518' title='bbox 492 4385 617 4440; x_wconf 81' lang='lat' dir='ltr'>sede</span> <span class='ocrx_word' id='word_1_519' title='bbox 638 4385 1010 4454; x_wconf 82' lang='lat' dir='ltr'>conﬁrmatur.</span> <span class='ocrx_word' id='word_1_520' title='bbox 1471 4405 1474 4408; x_wconf 61' lang='grc'><strong>’</strong></span> 
     </span>
    </p>
   </div>
   <div class='ocr_carea' id='block_1_77' title="bbox 302 4471 1898 4545">
    <p class='ocr_par' dir='ltr' id='par_1_77' title="bbox 302 4471 1898 4545">
     <span class='ocr_line' id='line_1_77' title="bbox 302 4471 1898 4545; baseline -0.001 -15"><span class='ocrx_word' id='word_1_521' title='bbox 302 4475 420 4530; x_wconf 91' lang='grc'>500</span> <span class='ocrx_word' id='word_1_522' title='bbox 449 4472 814 4545; x_wconf 79' lang='lat' dir='ltr'>Symmachus</span> <span class='ocrx_word' id='word_1_523' title='bbox 838 4488 1006 4543; x_wconf 86' lang='lat' dir='ltr'>papa,</span> <span class='ocrx_word' id='word_1_524' title='bbox 1053 4471 1256 4544; x_wconf 85' lang='lat' dir='ltr'>synodo</span> <span class='ocrx_word' id='word_1_525' title='bbox 1313 4473 1492 4527; x_wconf 75' lang='lat' dir='ltr'>Romae</span> <span class='ocrx_word' id='word_1_526' title='bbox 1543 4474 1687 4535; x_wconf 88' lang='lat' dir='ltr'>acta,</span> <span class='ocrx_word' id='word_1_527' title='bbox 1748 4476 1898 4528; x_wconf 80' lang='lat' dir='ltr'>Lau-</span> 
     </span>
    </p>
   </div>
   <div class='ocr_carea' id='block_1_78' title="bbox 2071 4029 3380 4114">
    <p class='ocr_par' dir='ltr' id='par_1_78' title="bbox 2071 4029 3380 4114">
     <span class='ocr_line' id='line_1_78' title="bbox 2071 4029 3380 4114; baseline 0.011 -30"><span class='ocrx_word' id='word_1_528' title='bbox 2071 4030 2177 4084; x_wconf 85' lang='grc'>504</span> <span class='ocrx_word' id='word_1_529' title='bbox 2205 4029 2420 4101; x_wconf 84' lang='lat' dir='ltr'>Synodo</span> <span class='ocrx_word' id='word_1_530' title='bbox 2443 4048 2546 4086; x_wconf 86' lang='lat' dir='ltr'>cxv</span> <span class='ocrx_word' id='word_1_531' title='bbox 2574 4033 2967 4104; x_wconf 82' lang='lat' dir='ltr'>episcoporum,</span> <span class='ocrx_word' id='word_1_532' title='bbox 2999 4040 3108 4094; x_wconf 88' lang='lat' dir='ltr'>etc.</span> <span class='ocrx_word' id='word_1_533' title='bbox 3142 4043 3206 4095; x_wconf 92' lang='lat' dir='ltr'>ut</span> <span class='ocrx_word' id='word_1_534' title='bbox 3232 4043 3380 4114; x_wconf 88' lang='lat' dir='ltr'>Aug.</span> 
     </span>
    </p>
   </div>
   <div class='ocr_carea' id='block_1_79' title="bbox 2071 4119 3075 4198">
    <p class='ocr_par' dir='ltr' id='par_1_79' title="bbox 2071 4119 3075 4198">
     <span class='ocr_line' id='line_1_79' title="bbox 2071 4119 3075 4198; baseline 0.009 -26"><span class='ocrx_word' id='word_1_535' title='bbox 2071 4119 2177 4172; x_wconf 87' lang='lat'>505</span> <span class='ocrx_word' id='word_1_536' title='bbox 2206 4119 2505 4174; x_wconf 83' lang='lat' dir='ltr'>Ludovicus</span> <span class='ocrx_word' id='word_1_537' title='bbox 2530 4137 2646 4187; x_wconf 72' lang='lat' dir='ltr'>rex,</span> <span class='ocrx_word' id='word_1_538' title='bbox 2680 4125 2814 4190; x_wconf 92' lang='lat' dir='ltr'>etc.,</span> <span class='ocrx_word' id='word_1_539' title='bbox 2839 4127 2902 4179; x_wconf 92' lang='lat' dir='ltr'>ut</span> <span class='ocrx_word' id='word_1_540' title='bbox 2929 4125 3075 4198; x_wconf 85' lang='lat' dir='ltr'>Aug.</span> 
     </span>
    </p>
   </div>
   <div class='ocr_carea' id='block_1_80' title="bbox 2072 4206 3306 4274">
    <p class='ocr_par' dir='ltr' id='par_1_80' title="bbox 2072 4206 3306 4274">
     <span class='ocr_line' id='line_1_80' title="bbox 2072 4206 3306 4274; baseline 0.014 -16"><span class='ocrx_word' id='word_1_541' title='bbox 2072 4207 2178 4260; x_wconf 88' lang='lat'>506</span> <span class='ocrx_word' id='word_1_542' title='bbox 2213 4206 2563 4262; x_wconf 85' lang='lat' dir='ltr'>Theodoricus</span> <span class='ocrx_word' id='word_1_543' title='bbox 2592 4225 2757 4264; x_wconf 72' lang='lat' dir='ltr'>rex...</span> <span class='ocrx_word' id='word_1_544' title='bbox 2790 4216 3091 4270; x_wconf 74' lang='lat' dir='ltr'>exercitum</span> <span class='ocrx_word' id='word_1_545' title='bbox 3121 4221 3306 4274; x_wconf 87' lang='lat' dir='ltr'>movit.</span> 
     </span>
    </p>
   </div>
   <div class='ocr_carea' id='block_1_81' title="bbox 2071 4295 3649 4384">
    <p class='ocr_par' dir='ltr' id='par_1_81' title="bbox 2071 4295 3649 4384">
     <span class='ocr_line' id='line_1_81' title="bbox 2071 4295 3649 4384; baseline 0.016 -38"><span class='ocrx_word' id='word_1_546' title='bbox 2071 4295 2178 4384; x_wconf 87' lang='lat'>507</span> <span class='ocrx_word' id='word_1_547' title='bbox 2207 4295 2476 4350; x_wconf 84' lang='lat' dir='ltr'>Dissensio</span> <span class='ocrx_word' id='word_1_548' title='bbox 2505 4299 2704 4352; x_wconf 81' lang='lat' dir='ltr'>iterum</span> <span class='ocrx_word' id='word_1_549' title='bbox 2735 4301 2878 4356; x_wconf 80' lang='lat' dir='ltr'>inter</span> <span class='ocrx_word' id='word_1_550' title='bbox 2909 4302 3296 4374; x_wconf 86' lang='lat' dir='ltr'>Symmachum</span> <span class='ocrx_word' id='word_1_551' title='bbox 3340 4327 3542 4384; x_wconf 83' lang='lat' dir='ltr'>papam</span> <span class='ocrx_word' id='word_1_552' title='bbox 3600 4321 3649 4371; x_wconf 86' lang='lat' dir='ltr'>et</span> 
     </span>
    </p>
   </div>
   <div class='ocr_carea' id='block_1_82' title="bbox 2003 4383 2518 4440">
    <p class='ocr_par' dir='ltr' id='par_1_82' title="bbox 2003 4383 2518 4440">
     <span class='ocr_line' id='line_1_82' title="bbox 2003 4383 2518 4440; baseline 0.008 -4"><span class='ocrx_word' id='word_1_553' title='bbox 2003 4383 2295 4438; x_wconf 86' lang='lat' dir='ltr'>Ecclesiam</span> <span class='ocrx_word' id='word_1_554' title='bbox 2322 4387 2518 4440; x_wconf 89' lang='lat' dir='ltr'>oritur.</span> 
     </span>
    </p>
   </div>
   <div class='ocr_carea' id='block_1_83' title="bbox 2074 4471 3652 4560">
    <p class='ocr_par' dir='ltr' id='par_1_83' title="bbox 2074 4471 3652 4560">
     <span class='ocr_line' id='line_1_83' title="bbox 2074 4471 3652 4560; baseline 0.015 -37"><span class='ocrx_word' id='word_1_555' title='bbox 2074 4471 2180 4524; x_wconf 89' lang='lat'>508</span> <span class='ocrx_word' id='word_1_556' title='bbox 2209 4473 2478 4528; x_wconf 85' lang='lat' dir='ltr'>Ilocanno</span> <span class='ocrx_word' id='word_1_557' title='bbox 2508 4474 2709 4542; x_wconf 72' lang='lat' dir='ltr'>Romae,</span> <span class='ocrx_word' id='word_1_558' title='bbox 2745 4481 2879 4544; x_wconf 90' lang='lat' dir='ltr'>etc.,</span> <span class='ocrx_word' id='word_1_559' title='bbox 2932 4484 2997 4535; x_wconf 91' lang='lat' dir='ltr'>ut</span> <span class='ocrx_word' id='word_1_560' title='bbox 3024 4483 3170 4555; x_wconf 83' lang='lat' dir='ltr'>Aug.</span> <span class='ocrx_word' id='word_1_561' title='bbox 3229 4517 3298 4525; x_wconf 87' lang='lat'>-—</span> <span class='ocrx_word' id='word_1_562' title='bbox 3358 4489 3463 4544; x_wconf 85' lang='lat' dir='ltr'>Hoc</span> <span class='ocrx_word' id='word_1_563' title='bbox 3521 4506 3652 4560; x_wconf 85' lang='lat' dir='ltr'>quo-</span> 
     </span>
    </p>
   </div>
   <div class='ocr_carea' id='block_1_84' title="bbox 239 4560 3657 4634">
    <p class='ocr_par' dir='ltr' id='par_1_84' title="bbox 239 4560 3657 4634">
     <span class='ocr_line' id='line_1_84' title="bbox 239 4560 3657 4634; baseline 0.004 -15"><span class='ocrx_word' id='word_1_564' title='bbox 239 4566 482 4619; x_wconf 78' lang='lat' dir='ltr'>rentium</span> <span class='ocrx_word' id='word_1_565' title='bbox 503 4561 769 4615; x_wconf 73' lang='lat' dir='ltr'>aemulum</span> <span class='ocrx_word' id='word_1_566' title='bbox 786 4577 951 4616; x_wconf 88' lang='lat' dir='ltr'>suum</span> <span class='ocrx_word' id='word_1_567' title='bbox 979 4563 1230 4617; x_wconf 69' lang='lat' dir='ltr'>Nuceria:</span> <span class='ocrx_word' id='word_1_568' title='bbox 1257 4560 1533 4615; x_wconf 81' lang='lat' dir='ltr'>ordinavit</span> <span class='ocrx_word' id='word_1_569' title='bbox 1564 4561 1894 4632; x_wconf 86' lang='lat' dir='ltr'>episcopum.</span> <span class='ocrx_word' id='word_1_570' title='bbox 1926 4560 1974 4624; x_wconf 93' lang='lat' dir='ltr'><strong>D</strong></span> <span class='ocrx_word' id='word_1_571' title='bbox 2005 4575 2105 4629; x_wconf 90' lang='lat' dir='ltr'>que</span> <span class='ocrx_word' id='word_1_572' title='bbox 2136 4562 2369 4631; x_wconf 81' lang='lat' dir='ltr'>tempore</span> <span class='ocrx_word' id='word_1_573' title='bbox 2396 4563 2585 4617; x_wconf 83' lang='lat' dir='ltr'>Avitus</span> <span class='ocrx_word' id='word_1_574' title='bbox 2604 4564 2772 4620; x_wconf 85' lang='lat' dir='ltr'>abbas</span> <span class='ocrx_word' id='word_1_575' title='bbox 2802 4567 3215 4627; x_wconf 83' lang='lat' dir='ltr'>Aurelianensis</span> <span class='ocrx_word' id='word_1_576' title='bbox 3262 4574 3558 4632; x_wconf 85' lang='lat' dir='ltr'>virtutibus</span> <span class='ocrx_word' id='word_1_577' title='bbox 3604 4586 3657 4634; x_wconf 84' lang='lat' dir='ltr'>et</span> 
     </span>
    </p>
   </div>
   <div class='ocr_carea' id='block_1_85' title="bbox 303 4648 1893 4720">
    <p class='ocr_par' dir='ltr' id='par_1_85' title="bbox 303 4648 1893 4720">
     <span class='ocr_line' id='line_1_85' title="bbox 303 4648 1893 4720; baseline -0.002 -14"><span class='ocrx_word' id='word_1_578' title='bbox 303 4652 406 4707; x_wconf 88' lang='lat'>501</span> <span class='ocrx_word' id='word_1_579' title='bbox 448 4648 804 4704; x_wconf 80' lang='lat' dir='ltr'>Theodericus</span> <span class='ocrx_word' id='word_1_580' title='bbox 835 4665 936 4704; x_wconf 75' lang='lat' dir='ltr'>rex</span> <span class='ocrx_word' id='word_1_581' title='bbox 968 4692 980 4704; x_wconf 95' lang='lat'>.</span> <span class='ocrx_word' id='word_1_582' title='bbox 1021 4688 1034 4704; x_wconf 94' lang='lat'>.</span> <span class='ocrx_word' id='word_1_583' title='bbox 1067 4691 1078 4703; x_wconf 91' lang='lat'>.</span> <span class='ocrx_word' id='word_1_584' title='bbox 1109 4651 1257 4720; x_wconf 78' lang='lat' dir='ltr'>fecit.</span> <span class='ocrx_word' id='word_1_585' title='bbox 1287 4649 1381 4704; x_wconf 83' lang='lat' dir='ltr'>His</span> <span class='ocrx_word' id='word_1_586' title='bbox 1412 4648 1746 4718; x_wconf 84' lang='lat' dir='ltr'>temporibus</span> <span class='ocrx_word' id='word_1_587' title='bbox 1779 4689 1790 4702; x_wconf 93' lang='lat'>.</span> <span class='ocrx_word' id='word_1_588' title='bbox 1831 4691 1842 4702; x_wconf 95' lang='lat'>.</span> <span class='ocrx_word' id='word_1_589' title='bbox 1882 4691 1893 4703; x_wconf 97' lang='lat'>.</span> 
     </span>
    </p>
   </div>
   <div class='ocr_carea' id='block_1_86' title="bbox 244 4739 848 4811">
    <p class='ocr_par' dir='ltr' id='par_1_86' title="bbox 244 4739 848 4811">
     <span class='ocr_line' id='line_1_86' title="bbox 244 4739 848 4811; baseline -0.007 -15"><span class='ocrx_word' id='word_1_590' title='bbox 244 4740 573 4811; x_wconf 79' lang='lat' dir='ltr'>promeruit,</span> <span class='ocrx_word' id='word_1_591' title='bbox 607 4741 676 4792; x_wconf 88' lang='lat' dir='ltr'>ut</span> <span class='ocrx_word' id='word_1_592' title='bbox 701 4739 848 4809; x_wconf 86' lang='lat' dir='ltr'>Aug.</span> 
     </span>
    </p>
   </div>
   <div class='ocr_carea' id='block_1_87' title="bbox 307 4825 1540 4898">
    <p class='ocr_par' dir='ltr' id='par_1_87' title="bbox 307 4825 1540 4898">
     <span class='ocr_line' id='line_1_87' title="bbox 307 4825 1540 4898; baseline -0.004 -14"><span class='ocrx_word' id='word_1_593' title='bbox 307 4830 412 4884; x_wconf 91' lang='lat'>503</span> <span class='ocrx_word' id='word_1_594' title='bbox 447 4825 694 4896; x_wconf 81' lang='lat' dir='ltr'>Quidom</span> <span class='ocrx_word' id='word_1_595' title='bbox 724 4842 792 4881; x_wconf 76' lang='lat' dir='ltr'>ea:</span> <span class='ocrx_word' id='word_1_596' title='bbox 819 4826 1102 4895; x_wconf 84' lang='lat' dir='ltr'>Romanis,</span> <span class='ocrx_word' id='word_1_597' title='bbox 1135 4831 1268 4897; x_wconf 89' lang='lat' dir='ltr'>etc.,</span> <span class='ocrx_word' id='word_1_598' title='bbox 1297 4831 1362 4882; x_wconf 93' lang='lat' dir='ltr'>ut</span> <span class='ocrx_word' id='word_1_599' title='bbox 1391 4830 1540 4898; x_wconf 79' lang='lat' dir='ltr'>Aug.</span> 
     </span>
    </p>
   </div>
   <div class='ocr_carea' id='block_1_88' title="bbox 2005 4647 3654 4792">
    <p class='ocr_par' dir='ltr' id='par_1_88' title="bbox 2005 4647 3654 4792">
     <span class='ocr_line' id='line_1_88' title="bbox 2005 4647 3654 4792; baseline 0.013 -90"><span class='ocrx_word' id='word_1_600' title='bbox 2005 4647 2534 4792; x_wconf 49' lang='lat' dir='ltr'>proqltetiiggpiritu</span> <span class='ocrx_word' id='word_1_601' title='bbox 2561 4653 2743 4708; x_wconf 86' lang='lat' dir='ltr'>clarus</span> <span class='ocrx_word' id='word_1_602' title='bbox 2774 4657 2995 4726; x_wconf 70' lang='lat' dir='ltr'>effulsit.</span> <span class='ocrx_word' id='word_1_603' title='bbox 3028 4657 3197 4731; x_wconf 88' lang='lat' dir='ltr'>Greg.</span> <span class='ocrx_word' id='word_1_604' title='bbox 3226 4661 3362 4717; x_wconf 89' lang='lat' dir='ltr'>Tur.</span> <span class='ocrx_word' id='word_1_605' title='bbox 3397 4663 3467 4720; x_wconf 93' lang='lat' dir='ltr'>de</span> <span class='ocrx_word' id='word_1_606' title='bbox 3506 4663 3654 4737; x_wconf 89' lang='lat' dir='ltr'>glor.</span> 
     </span>
     <span class='ocr_line' id='line_1_89' title="bbox 2010 4752 2369 4792; baseline 0.003 -1"><span class='ocrx_word' id='word_1_607' title='bbox 2010 4752 2116 4792; x_wconf 91' lang='lat' dir='ltr'>con</span> <span class='ocrx_word' id='word_1_608' title='bbox 2149 4779 2161 4791; x_wconf 95' lang='lat'>.</span> <span class='ocrx_word' id='word_1_609' title='bbox 2196 4753 2244 4792; x_wconf 90' lang='lat' dir='ltr'>c.</span> <span class='ocrx_word' id='word_1_610' title='bbox 2358 4781 2369 4792; x_wconf 93' lang='lat'>.</span> 
     </span>
    </p>
   </div>
   <div class='ocr_carea' id='block_1_89' title="bbox 2010 4752 2369 4792">
    <p class='ocr_par' dir='ltr' id='par_1_89' title="bbox 2010 4752 2369 4792">
     <span class='ocr_line' id='line_1_90' title="bbox 2010 4752 2369 4792; baseline 0.003 -1"><span class='ocrx_word' id='word_1_611' title='bbox 2010 4752 2161 4792; x_wconf 78' lang='grc' dir='ltr'>ΟΟΠῙ.</span> <span class='ocrx_word' id='word_1_612' title='bbox 2196 4753 2244 4792; x_wconf 81' lang='lat'>0.</span> <span class='ocrx_word' id='word_1_613' title='bbox 2280 4752 2369 4792; x_wconf 65' lang='lat'>99.</span> 
     </span>
    </p>
   </div>
   <div class='ocr_carea' id='block_1_90' title="bbox 1836 4948 2067 5005">
    <p class='ocr_par' dir='ltr' id='par_1_90' title="bbox 1836 4948 2067 5005">
     <span class='ocr_line' id='line_1_91' title="bbox 1836 4948 2067 5005; baseline 0 0"><span class='ocrx_word' id='word_1_614' title='bbox 1836 4948 2067 5005; x_wconf 68' lang='lat' dir='ltr'>NOT/E.</span> 
     </span>
    </p>
   </div>
   <div class='ocr_carea' id='block_1_91' title="bbox 259 5090 1908 5218">
    <p class='ocr_par' dir='ltr' id='par_1_91' title="bbox 259 5090 1908 5218">
     <span class='ocr_line' id='line_1_92' title="bbox 259 5090 1908 5218; baseline -0.002 -69"><span class='ocrx_word' id='word_1_615' title='bbox 259 5096 470 5218; x_wconf 44' lang='lat' dir='ltr'>A9928)</span> <span class='ocrx_word' id='word_1_616' title='bbox 504 5091 860 5149; x_wconf 84' lang='lat' dir='ltr'>Anastasius</span> <span class='ocrx_word' id='word_1_617' title='bbox 887 5109 1041 5166; x_wconf 90' lang='lat' dir='ltr'>papa</span> <span class='ocrx_word' id='word_1_618' title='bbox 1061 5092 1368 5148; x_wconf 89' lang='lat' dir='ltr'>ordinatus</span> <span class='ocrx_word' id='word_1_619' title='bbox 1400 5094 1490 5148; x_wconf 88' lang='lat' dir='ltr'>est</span> <span class='ocrx_word' id='word_1_620' title='bbox 1515 5092 1585 5146; x_wconf 90' lang='grc'>24</span> <span class='ocrx_word' id='word_1_621' title='bbox 1606 5090 1745 5147; x_wconf 90' lang='lat' dir='ltr'>Nov.</span> <span class='ocrx_word' id='word_1_622' title='bbox 1770 5090 1908 5146; x_wconf 90' lang='lat' dir='ltr'>anni</span> 
     </span>
    </p>
   </div>
   <div class='ocr_carea' id='block_1_92' title="bbox 326 5231 1908 5306">
    <p class='ocr_par' dir='ltr' id='par_1_92' title="bbox 326 5231 1908 5306">
     <span class='ocr_line' id='line_1_93' title="bbox 326 5231 1908 5306; baseline -0.002 -16"><span class='ocrx_word' id='word_1_623' title='bbox 326 5236 476 5306; x_wconf 78' lang='lat'><strong>(129)</strong></span> <span class='ocrx_word' id='word_1_624' title='bbox 508 5231 926 5306; x_wconf 77' lang='lat' dir='ltr'>Symmachus,</span> <span class='ocrx_word' id='word_1_625' title='bbox 987 5233 1408 5306; x_wconf 52' lang='lat' dir='ltr'>ordinatus}?</span> <span class='ocrx_word' id='word_1_626' title='bbox 1460 5233 1598 5287; x_wconf 87' lang='lat' dir='ltr'>Nov.</span> <span class='ocrx_word' id='word_1_627' title='bbox 1652 5250 1724 5306; x_wconf 81' lang='lat' dir='ltr'>a._</span> <span class='ocrx_word' id='word_1_628' title='bbox 1767 5233 1908 5300; x_wconf 71' lang='lat'>498;</span> 
     </span>
    </p>
   </div>
   <div class='ocr_carea' id='block_1_93' title="bbox 262 5303 1914 5375">
    <p class='ocr_par' dir='ltr' id='par_1_93' title="bbox 262 5303 1914 5375">
     <span class='ocr_line' id='line_1_94' title="bbox 262 5303 1914 5375; baseline 0 -15"><span class='ocrx_word' id='word_1_629' title='bbox 262 5303 784 5360; x_wconf 51' lang='lat' dir='ltr'>amulum&#39;habuit</span> <span class='ocrx_word' id='word_1_630' title='bbox 807 5303 1209 5370; x_wconf 86' lang='lat' dir='ltr'>Laurentium,</span> <span class='ocrx_word' id='word_1_631' title='bbox 1239 5321 1273 5358; x_wconf 90' lang='lat' dir='ltr'>a</span> <span class='ocrx_word' id='word_1_632' title='bbox 1309 5304 1473 5375; x_wconf 85' lang='lat' dir='ltr'>Festo</span> <span class='ocrx_word' id='word_1_633' title='bbox 1524 5303 1764 5375; x_wconf 89' lang='lat' dir='ltr'>patricio</span> <span class='ocrx_word' id='word_1_634' title='bbox 1812 5322 1914 5360; x_wconf 89' lang='lat' dir='ltr'>su-</span> 
     </span>
    </p>
   </div>
   <div class='ocr_carea' id='block_1_94' title="bbox 262 5374 1446 5448">
    <p class='ocr_par' dir='ltr' id='par_1_94' title="bbox 262 5374 1446 5448">
     <span class='ocr_line' id='line_1_95' title="bbox 262 5374 1446 5448; baseline -0.001 -19"><span class='ocrx_word' id='word_1_635' title='bbox 262 5375 599 5431; x_wconf 77' lang='lat' dir='ltr'>bornatum.</span> <span class='ocrx_word' id='word_1_636' title='bbox 631 5376 764 5448; x_wconf 86' lang='lat' dir='ltr'>Vid.</span> <span class='ocrx_word' id='word_1_637' title='bbox 799 5377 1015 5448; x_wconf 88' lang='lat' dir='ltr'>Pagius</span> <span class='ocrx_word' id='word_1_638' title='bbox 1043 5376 1104 5448; x_wconf 84' lang='lat' dir='ltr'>in</span> <span class='ocrx_word' id='word_1_639' title='bbox 1135 5376 1265 5448; x_wconf 83' lang='lat' dir='ltr'>ejus</span> <span class='ocrx_word' id='word_1_640' title='bbox 1295 5374 1446 5448; x_wconf 86' lang='lat' dir='ltr'>Vita.</span> 
     </span>
    </p>
   </div>
   <div class='ocr_carea' id='block_1_95' title="bbox 329 5445 1913 5518">
    <p class='ocr_par' dir='ltr' id='par_1_95' title="bbox 329 5445 1913 5518">
     <span class='ocr_line' id='line_1_96' title="bbox 329 5445 1913 5518; baseline -0.001 -16"><span class='ocrx_word' id='word_1_641' title='bbox 329 5448 482 5518; x_wconf 84' lang='lat'><strong>(130)</strong></span> <span class='ocrx_word' id='word_1_642' title='bbox 511 5448 633 5502; x_wconf 84' lang='lat' dir='ltr'>Ado</span> <span class='ocrx_word' id='word_1_643' title='bbox 665 5445 1153 5518; x_wconf 79' lang='lat' dir='ltr'>Viennensishoc</span> <span class='ocrx_word' id='word_1_644' title='bbox 1173 5446 1298 5517; x_wconf 89' lang='lat' dir='ltr'>jam</span> <span class='ocrx_word' id='word_1_645' title='bbox 1332 5446 1404 5518; x_wconf 88' lang='lat' dir='ltr'>ad</span> <span class='ocrx_word' id='word_1_646' title='bbox 1426 5462 1524 5518; x_wconf 87' lang='lat' dir='ltr'>an.</span> <span class='ocrx_word' id='word_1_647' title='bbox 1559 5445 1683 5518; x_wconf 32' lang='grc' dir='ltr'>452ι</span> <span class='ocrx_word' id='word_1_648' title='bbox 1717 5445 1913 5518; x_wconf 83' lang='lat' dir='ltr'>habet,</span> 
     </span>
    </p>
   </div>
   <div class='ocr_carea' id='block_1_96' title="bbox 269 5516 1913 5588">
    <p class='ocr_par' dir='ltr' id='par_1_96' title="bbox 269 5516 1913 5588">
     <span class='ocr_line' id='line_1_97' title="bbox 269 5516 1913 5588; baseline 0 -16"><span class='ocrx_word' id='word_1_649' title='bbox 269 5516 599 5574; x_wconf 78' lang='lat' dir='ltr'>communis</span> <span class='ocrx_word' id='word_1_650' title='bbox 628 5535 761 5574; x_wconf 86' lang='lat' dir='ltr'>vero</span> <span class='ocrx_word' id='word_1_651' title='bbox 784 5517 1074 5573; x_wconf 89' lang='lat' dir='ltr'>sententia</span> <span class='ocrx_word' id='word_1_652' title='bbox 1104 5516 1237 5572; x_wconf 76' lang='lat' dir='ltr'>cuin</span> <span class='ocrx_word' id='word_1_653' title='bbox 1288 5517 1586 5588; x_wconf 86' lang='lat' dir='ltr'>Sigeberto</span> <span class='ocrx_word' id='word_1_654' title='bbox 1645 5516 1913 5588; x_wconf 81' lang='lat' dir='ltr'>Gembla-</span> 
     </span>
    </p>
   </div>
   <div class='ocr_carea' id='block_1_97' title="bbox 270 5586 1917 5646">
    <p class='ocr_par' dir='ltr' id='par_1_97' title="bbox 270 5586 1917 5646">
     <span class='ocr_line' id='line_1_98' title="bbox 270 5586 1917 5646; baseline -0.001 0"><span class='ocrx_word' id='word_1_655' title='bbox 270 5591 420 5646; x_wconf 82' lang='lat' dir='ltr'>censi</span> <span class='ocrx_word' id='word_1_656' title='bbox 453 5589 529 5646; x_wconf 87' lang='lat' dir='ltr'>ad</span> <span class='ocrx_word' id='word_1_657' title='bbox 578 5606 672 5646; x_wconf 91' lang='lat' dir='ltr'>an.</span> <span class='ocrx_word' id='word_1_658' title='bbox 726 5591 833 5644; x_wconf 84' lang='grc'>468</span> <span class='ocrx_word' id='word_1_659' title='bbox 889 5589 1084 5645; x_wconf 79' lang='lat' dir='ltr'>refert.</span> <span class='ocrx_word' id='word_1_660' title='bbox 1136 5588 1266 5643; x_wconf 90' lang='lat' dir='ltr'>Vid.</span> <span class='ocrx_word' id='word_1_661' title='bbox 1316 5586 1680 5644; x_wconf 78' lang='lat' dir='ltr'>Bollandiani</span> <span class='ocrx_word' id='word_1_662' title='bbox 1730 5587 1802 5643; x_wconf 91' lang='lat' dir='ltr'>ad</span> <span class='ocrx_word' id='word_1_663' title='bbox 1857 5605 1917 5644; x_wconf 86' lang='lat' dir='ltr'>x1</span> 
     </span>
    </p>
   </div>
   <div class='ocr_carea' id='block_1_98' title="bbox 271 5656 1918 5733">
    <p class='ocr_par' dir='ltr' id='par_1_98' title="bbox 271 5656 1918 5733">
     <span class='ocr_line' id='line_1_99' title="bbox 271 5656 1918 5733; baseline 0 -14"><span class='ocrx_word' id='word_1_664' title='bbox 271 5659 422 5733; x_wconf 72' lang='lat' dir='ltr'>Maii,</span> <span class='ocrx_word' id='word_1_665' title='bbox 456 5665 518 5721; x_wconf 88' lang='lat' dir='ltr'>et</span> <span class='ocrx_word' id='word_1_666' title='bbox 544 5660 829 5719; x_wconf 85' lang='lat' dir='ltr'>Baronius</span> <span class='ocrx_word' id='word_1_667' title='bbox 852 5661 923 5718; x_wconf 82' lang='lat' dir='ltr'>ad</span> <span class='ocrx_word' id='word_1_668' title='bbox 943 5677 1037 5719; x_wconf 88' lang='lat' dir='ltr'>an.</span> <span class='ocrx_word' id='word_1_669' title='bbox 1069 5661 1198 5730; x_wconf 87' lang='grc'>475,</span> <span class='ocrx_word' id='word_1_670' title='bbox 1218 5675 1324 5718; x_wconf 86' lang='lat' dir='ltr'>nec</span> <span class='ocrx_word' id='word_1_671' title='bbox 1346 5675 1463 5719; x_wconf 89' lang='lat' dir='ltr'>non</span> <span class='ocrx_word' id='word_1_672' title='bbox 1484 5657 1783 5720; x_wconf 79' lang='lat' dir='ltr'>Mabillon.</span> <span class='ocrx_word' id='word_1_673' title='bbox 1808 5656 1848 5720; x_wconf 93' lang='lat'>1.</span> <span class='ocrx_word' id='word_1_674' title='bbox 1874 5677 1918 5719; x_wconf 89' lang='grc' dir='ltr'>ιι</span> 
     </span>
    </p>
   </div>
   <div class='ocr_carea' id='block_1_99' title="bbox 589 5785 1164 5873">
    <p class='ocr_par' dir='ltr' id='par_1_99' title="bbox 589 5785 1164 5873">
     <span class='ocr_line' id='line_1_100' title="bbox 589 5785 1164 5873; baseline -0.005 -17"><span class='ocrx_word' id='word_1_675' title='bbox 589 5787 860 5857; x_wconf 61' lang='lat' dir='ltr'>Panos.</span> <span class='ocrx_word' id='word_1_676' title='bbox 902 5785 1164 5873; x_wconf 62' lang='lat' dir='ltr'>CXLIII,</span> 
     </span>
    </p>
   </div>
   <div class='ocr_carea' id='block_1_100' title="bbox 2018 5090 2588 5219">
    <p class='ocr_par' dir='ltr' id='par_1_100' title="bbox 2018 5090 2588 5219">
     <span class='ocr_line' id='line_1_101' title="bbox 2018 5090 2588 5149; baseline 0.004 -3"><span class='ocrx_word' id='word_1_677' title='bbox 2018 5092 2087 5147; x_wconf 91' lang='lat' dir='ltr'>de</span> <span class='ocrx_word' id='word_1_678' title='bbox 2129 5091 2349 5147; x_wconf 74' lang='lat' dir='ltr'>Litur&#39;r.</span> <span class='ocrx_word' id='word_1_679' title='bbox 2385 5090 2588 5149; x_wconf 90' lang='lat' dir='ltr'>Gallic.</span> 
     </span>
     <span class='ocr_line' id='line_1_102' title="bbox 2091 5121 2588 5219; baseline 0 0"><span class='ocrx_word' id='word_1_680' title='bbox 2091 5164 2236 5219; x_wconf 80' lang='lat'><strong>(131)</strong></span> <span class='ocrx_word' id='word_1_681' title='bbox 2269 5121 2588 5219; x_wconf 51' lang='lat' dir='ltr'>(fragorio&#39;l</span> 
     </span>
    </p>
   </div>
   <div class='ocr_carea' id='block_1_101' title="bbox 2091 5164 3664 5250">
    <p class='ocr_par' dir='ltr' id='par_1_101' title="bbox 2091 5164 3664 5250">
     <span class='ocr_line' id='line_1_103' title="bbox 2091 5164 3664 5250; baseline 0.015 -35"><span class='ocrx_word' id='word_1_682' title='bbox 2091 5164 2236 5250; x_wconf 73' lang='lat'><strong>(131)</strong></span> <span class='ocrx_word' id='word_1_683' title='bbox 2269 5164 2544 5250; x_wconf 55' lang='lat' dir='ltr'>Gregorio</span> <span class='ocrx_word' id='word_1_684' title='bbox 2569 5167 2710 5250; x_wconf 63' lang='lat' dir='ltr'>Tur.</span> <span class='ocrx_word' id='word_1_685' title='bbox 2738 5166 2778 5223; x_wconf 94' lang='lat'>1.</span> <span class='ocrx_word' id='word_1_686' title='bbox 2810 5187 2872 5238; x_wconf 87' lang='grc' dir='ltr'>ιι,</span> <span class='ocrx_word' id='word_1_687' title='bbox 2904 5188 2953 5227; x_wconf 93' lang='lat' dir='ltr'>c.</span> <span class='ocrx_word' id='word_1_688' title='bbox 2987 5173 3058 5228; x_wconf 86' lang='lat'><strong>37</strong></span> <span class='ocrx_word' id='word_1_689' title='bbox 3087 5179 3159 5234; x_wconf 86' lang='lat' dir='ltr'>ad</span> <span class='ocrx_word' id='word_1_690' title='bbox 3191 5196 3285 5237; x_wconf 92' lang='lat' dir='ltr'>an.</span> <span class='ocrx_word' id='word_1_691' title='bbox 3324 5183 3449 5250; x_wconf 90' lang='lat'>507,</span> <span class='ocrx_word' id='word_1_692' title='bbox 3500 5198 3664 5238; x_wconf 87' lang='lat' dir='ltr'>cam-</span> 
     </span>
    </p>
   </div>
   <div class='ocr_carea' id='block_1_102' title="bbox 2022 5233 2810 5307">
    <p class='ocr_par' dir='ltr' id='par_1_102' title="bbox 2022 5233 2810 5307">
     <span class='ocr_line' id='line_1_104' title="bbox 2022 5233 2810 5307; baseline 0.009 -19"><span class='ocrx_word' id='word_1_693' title='bbox 2022 5251 2132 5307; x_wconf 86' lang='lat' dir='ltr'>pus</span> <span class='ocrx_word' id='word_1_694' title='bbox 2159 5233 2548 5307; x_wconf 58' lang='lat' dir='ltr'>VagladEnsis</span> <span class='ocrx_word' id='word_1_695' title='bbox 2580 5238 2810 5295; x_wconf 91' lang='lat' dir='ltr'>dicitur.</span> 
     </span>
    </p>
   </div>
   <div class='ocr_carea' id='block_1_103' title="bbox 2093 5305 3661 5391">
    <p class='ocr_par' dir='ltr' id='par_1_103' title="bbox 2093 5305 3661 5391">
     <span class='ocr_line' id='line_1_105' title="bbox 2093 5305 3661 5391; baseline 0.014 -34"><span class='ocrx_word' id='word_1_696' title='bbox 2093 5305 2248 5391; x_wconf 46' lang='lat' dir='ltr'><strong>(13g),</strong></span> <span class='ocrx_word' id='word_1_697' title='bbox 2269 5305 2708 5391; x_wconf 71' lang='lat' dir='ltr'>Ragnacharius</span> <span class='ocrx_word' id='word_1_698' title='bbox 2738 5311 3173 5391; x_wconf 62' lang='lat' dir='ltr'>Cameracensis</span> <span class='ocrx_word' id='word_1_699' title='bbox 3204 5321 3460 5391; x_wconf 88' lang='lat' dir='ltr'>regulus.</span> <span class='ocrx_word' id='word_1_700' title='bbox 3529 5323 3661 5381; x_wconf 89' lang='lat' dir='ltr'>Vid.</span> 
     </span>
    </p>
   </div>
   <div class='ocr_carea' id='block_1_104' title="bbox 2023 5377 3665 5458">
    <p class='ocr_par' dir='ltr' id='par_1_104' title="bbox 2023 5377 3665 5458">
     <span class='ocr_line' id='line_1_106' title="bbox 2023 5377 3665 5458; baseline 0.014 -30"><span class='ocrx_word' id='word_1_701' title='bbox 2023 5392 2117 5458; x_wconf 75' lang='lat' dir='ltr'>an.</span> <span class='ocrx_word' id='word_1_702' title='bbox 2154 5377 2275 5446; x_wconf 83' lang='grc'>484,</span> <span class='ocrx_word' id='word_1_703' title='bbox 2309 5379 2480 5449; x_wconf 89' lang='lat' dir='ltr'>cujus</span> <span class='ocrx_word' id='word_1_704' title='bbox 2511 5381 2689 5436; x_wconf 84' lang='lat' dir='ltr'>frater</span> <span class='ocrx_word' id='word_1_705' title='bbox 2717 5388 2839 5439; x_wconf 91' lang='lat' dir='ltr'>erat</span> <span class='ocrx_word' id='word_1_706' title='bbox 2868 5385 3197 5444; x_wconf 86' lang='lat' dir='ltr'>Richiarius</span> <span class='ocrx_word' id='word_1_707' title='bbox 3254 5377 3387 5446; x_wconf 51' lang='lat' dir='ltr'>dum</span> <span class='ocrx_word' id='word_1_708' title='bbox 3445 5409 3510 5448; x_wconf 87' lang='lat' dir='ltr'>eo</span> <span class='ocrx_word' id='word_1_709' title='bbox 3569 5377 3665 5452; x_wconf 66' lang='lat' dir='ltr'>eél</span> 
     </span>
    </p>
   </div>
   <div class='ocr_carea' id='block_1_105' title="bbox 2023 5464 2200 5502">
    <p class='ocr_par' dir='ltr' id='par_1_105' title="bbox 2023 5464 2200 5502">
     <span class='ocr_line' id='line_1_107' title="bbox 2023 5464 2200 5502; baseline -0.006 0"><span class='ocrx_word' id='word_1_710' title='bbox 2023 5464 2200 5502; x_wconf 81' lang='lat' dir='ltr'>OISUS.</span> 
     </span>
    </p>
   </div>
   <div class='ocr_carea' id='block_1_106' title="bbox 2095 5518 3668 5592">
    <p class='ocr_par' dir='ltr' id='par_1_106' title="bbox 2095 5518 3668 5592">
     <span class='ocr_line' id='line_1_108' title="bbox 2095 5518 3668 5592; baseline 0.013 -21"><span class='ocrx_word' id='word_1_711' title='bbox 2095 5518 2243 5592; x_wconf 81' lang='lat'><strong>(133)</strong></span> <span class='ocrx_word' id='word_1_712' title='bbox 2271 5519 2510 5592; x_wconf 75' lang='lat' dir='ltr'>Boetius</span> <span class='ocrx_word' id='word_1_713' title='bbox 2532 5522 2703 5592; x_wconf 90' lang='lat' dir='ltr'>juxta</span> <span class='ocrx_word' id='word_1_714' title='bbox 2734 5526 2938 5582; x_wconf 84' lang='lat' dir='ltr'>Fastos</span> <span class='ocrx_word' id='word_1_715' title='bbox 2970 5529 3306 5586; x_wconf 88' lang='lat' dir='ltr'>consulares</span> <span class='ocrx_word' id='word_1_716' title='bbox 3353 5549 3505 5590; x_wconf 87' lang='lat' dir='ltr'>anno</span> <span class='ocrx_word' id='word_1_717' title='bbox 3563 5537 3668 5592; x_wconf 91' lang='lat'>510</span> 
     </span>
    </p>
   </div>
   <div class='ocr_carea' id='block_1_107' title="bbox 2025 5589 3666 5674">
    <p class='ocr_par' dir='ltr' id='par_1_107' title="bbox 2025 5589 3666 5674">
     <span class='ocr_line' id='line_1_109' title="bbox 2025 5589 3666 5674; baseline 0.012 -30"><span class='ocrx_word' id='word_1_718' title='bbox 2025 5589 2228 5646; x_wconf 88' lang='lat' dir='ltr'>consul</span> <span class='ocrx_word' id='word_1_719' title='bbox 2259 5590 2410 5674; x_wconf 86' lang='lat' dir='ltr'>fuit_;</span> <span class='ocrx_word' id='word_1_720' title='bbox 2445 5596 2510 5648; x_wconf 90' lang='lat' dir='ltr'>ut</span> <span class='ocrx_word' id='word_1_721' title='bbox 2534 5589 2846 5674; x_wconf 68' lang='lat' dir='ltr'>adeoanni</span> <span class='ocrx_word' id='word_1_722' title='bbox 2878 5597 2972 5674; x_wconf 85' lang='lat' dir='ltr'>hic</span> <span class='ocrx_word' id='word_1_723' title='bbox 3001 5604 3058 5653; x_wconf 90' lang='lat' dir='ltr'>et</span> <span class='ocrx_word' id='word_1_724' title='bbox 3088 5600 3147 5653; x_wconf 88' lang='lat' dir='ltr'>in</span> <span class='ocrx_word' id='word_1_725' title='bbox 3203 5589 3666 5674; x_wconf 65' lang='lat' dir='ltr'>praecedentibus</span> 
     </span>
    </p>
   </div>
   <div class='ocr_carea' id='block_1_108' title="bbox 2027 5664 3670 5741">
    <p class='ocr_par' dir='ltr' id='par_1_108' title="bbox 2027 5664 3670 5741">
     <span class='ocr_line' id='line_1_110' title="bbox 2027 5664 3670 5741; baseline 0.011 -20"><span class='ocrx_word' id='word_1_726' title='bbox 2027 5677 2189 5736; x_wconf 76' lang='lat' dir='ltr'>teque</span> <span class='ocrx_word' id='word_1_727' title='bbox 2219 5678 2285 5721; x_wconf 80' lang='lat' dir='ltr'>ac</span> <span class='ocrx_word' id='word_1_728' title='bbox 2307 5664 2804 5741; x_wconf 86' lang='lat' dir='ltr'>subsequentibus</span> <span class='ocrx_word' id='word_1_729' title='bbox 2826 5669 3020 5726; x_wconf 88' lang='lat' dir='ltr'>minus</span> <span class='ocrx_word' id='word_1_730' title='bbox 3044 5664 3310 5733; x_wconf 66' lang='lat' dir='ltr'>accurate</span> <span class='ocrx_word' id='word_1_731' title='bbox 3328 5677 3445 5736; x_wconf 85' lang='lat' dir='ltr'>sint</span> <span class='ocrx_word' id='word_1_732' title='bbox 3465 5677 3670 5739; x_wconf 87' lang='lat' dir='ltr'>notati.</span> 
     </span>
    </p>
   </div>
   <div class='ocr_carea' id='block_1_109' title="bbox 3316 5803 3358 5883">
    <p class='ocr_par' dir='ltr' id='par_1_109' title="bbox 3316 5803 3358 5883">
     <span class='ocr_line' id='line_1_111' title="bbox 3316 5803 3358 5883; baseline 0 -1"><span class='ocrx_word' id='word_1_733' title='bbox 3316 5803 3358 5883; x_wconf 65' lang='lat'>.4.</span> 
     </span>
    </p>
   </div>
  </div>
