4124 6188
451 253 565 314 107

1257 253 1672 317 ΗΕΡιΜΑΝΝΙ
1718 252 2160 315 CONTRACTI
2202 251 2613 315 AUGIENSIS
2658 252 3035 317 MONACHI.

3731 253 3849 314 108

1859 411 2089 468 CODEX
2127 410 2522 467 AUGIENSIS.

524 527 632 583 509
657 526 1008 597 Ludovicus,
1039 527 1140 601 qui
1166 532 1223 583 et
1251 527 1570 583 Clodoveus
1600 528 1866 600 Magnus,
1916 528 2092 582 Fran-
2124 527 2178 594 Α
2208 530 2410 599 petens
2443 543 2640 599 pugna
2668 527 2908 601 fugavit,
2949 533 3004 584 et
3057 529 3183 601 ipse
3234 529 3387 584 inter
3443 528 3645 584 hostes
3700 543 3851 600 equo

457 632 660 674 corum
689 631 788 671 rex
807 620 935 688 post
955 615 1173 673 multas
1192 617 1461 673 victorias
1482 620 1664 672 totam
1687 632 1830 687 pene
1851 615 2096 672 Galliam

460 704 790 778 possidens,
823 705 1104 774 Parisius,
1139 705 1239 760 ubi
1271 706 1469 761 sedem
1503 704 1954 777 regniinstituit,
1980 721 2102 760 mo-

460 793 628 865 ritur,
660 798 718 849 et
740 793 799 848 in
823 794 1062 850 basilica
1078 799 1131 848 S.
1153 793 1305 848 Petri
1327 811 1360 847 a
1381 810 1441 848 se
1471 796 1802 849 constructa
1823 793 2103 865 sepelitur

462 899 616 940 anno
645 883 807 955 regni
835 900 968 951 xxx,
1000 886 1130 954 post
1158 882 1473 937 transitum
1501 883 1558 937 S.
1607 882 1860 949 Martini,
1917 887 1983 936 ut
2041 882 2099 936 in

461 972 643 1046 gestis
668 972 1021 1026 Francorum
1062 970 1329 1037 habetur,
1380 987 1530 1025 anno
1586 987 1697 1026 cm
1742 970 1906 1042 (134).
1970 971 2105 1026 Post

465 1076 639 1133 quem
672 1062 922 1131 quatuor
953 1058 1054 1113 filii
1086 1059 1215 1130 ejus
1245 1058 1431 1114 diviso
1463 1075 1664 1131 regno,
1687 1059 2103 1127 Theodericus,

463 1148 631 1205 Metis
664 1148 862 1202 sedem
892 1147 1116 1204 habens
1147 1149 1318 1203 annis
1345 1166 1508 1214 xxm,
1542 1166 1675 1203 cum
1709 1153 1945 1204 strenuo
1985 1149 2102 1204 filio

462 1253 570 1296 suo
601 1235 997 1292 Theodeberto
1015 1237 1274 1308 regnavit
1297 1255 1310 1306 ;
1334 1237 1729 1294 Chlodomeris
1752 1239 2102 1306 Aureli‘anis,

462 1325 873 1381 Childebertus
902 1325 1189 1392 Parisius,
1222 1329 1278 1380 et
1306 1329 1551 1396 quartus
1581 1325 1910 1382 Chletarius
1933 1328 2105 1382 Sues-

461 1413 650 1469 sionis
681 1413 880 1468 sedem
914 1417 1180 1468 statuens
1212 1413 1382 1469 annis
1434 1432 1485 1468 LI
1543 1415 1826 1487 regnavit.
1889 1416 2107 1470 Horum

466 1517 631 1559 soror
662 1500 1018 1565 Hrodhildis,
1051 1502 1345 1574 aequivoca
1374 1502 1599 1571 matris,
1647 1507 1704 1558 et
1754 1521 1919 1575 eaque
1975 1503 2107 1559 reli—

465 1591 652 1664 giosa,
673 1589 962 1645 Amalrico
993 1590 1112 1662 regi
1145 1590 1465 1646 Gothorum
1497 1592 1710 1646 Ariano
1732 1593 1790 1646 in
1813 1592 2109 1664 Hispaniis

469 1680 690 1751 nupsit,
721 1683 1022 1750 materque
1049 1678 1224 1734 vidua
1253 1680 1407 1750 apud
1438 1681 1496 1734 S.
1523 1680 1836 1736 Martinum
1859 1681 2111 1736 Turonis

468 1767 530 1823 in
557 1767 916 1824 orationibus
949 1772 1005 1822 et
1026 1767 1405 1840 eleemosynis
1437 1770 1774 1840 permansit.
1809 1772 1960 1841 Greg.
1983 1771 2104 1826 Tur.

467 1857 706 1922 Aimoin,
737 1858 926 1912 caeteri
955 1864 1093 1911 recte
1119 1857 1189 1910 ad
1218 1874 1310 1911 an.
1340 1858 1465 1910 511.
1725 1899 1749 1922 δ

542 1946 633 2000 8|
671 1946 776 1999 510
810 1944 907 1999 llis
937 1944 1303 2016 temporibus
1332 1947 1716 2016 Symmachus
1754 1965 1905 2019 papa
1963 1948 2112 2003 inter

470 2032 586 2089 alia
609 2034 764 2088 bona
792 2033 1140 2088 Manichaeos
1172 2034 1229 2089 in
1264 2035 1406 2088 urbe
1462 2035 1730 2090 inventos
1788 2037 2108 2104 damnavit,

469 2120 774 2178 ecclesiam
806 2121 864 2176 S.
898 2121 1141 2177 Andreae
1171 2123 1241 2177 ad
1273 2128 1328 2176 S.
1355 2127 1588 2178 Petrum
1621 2125 1964 2195 construxit,
1989 2144 2114 2181 ora-

470 2211 686 2267 torium
704 2211 762 2266 S.
783 2210 1038 2278 Thomas,
1054 2209 1476 2266 confessionem
1493 2216 1549 2266 S.
1575 2213 1835 2268 Cassiani
1859 2215 2114 2286 itemque

470 2303 808 2356 sanctorum
835 2297 989 2353 Preti
1018 2303 1076 2353 et
1104 2298 1432 2371 Hyacinthi,
1465 2302 1783 2356 oratorium
1814 2303 1869 2357 S.
1902 2302 2116 2374 Apolli-

473 2386 654 2454 naris,
677 2385 934 2458 itemque
951 2386 1008 2441 S.
1029 2386 1200 2452 Sosii,
1221 2388 1361 2443 item
1384 2389 1441 2443 S.
1463 2390 1682 2456 Crucis,
1705 2389 1844 2457 item
1867 2391 2113 2446 S.Joan-

474 2475 568 2532 nis
588 2474 879 2548 Baptista,
903 2474 1042 2531 item
1065 2475 1121 2530 S.
1135 2475 1380 2532 Joannis
1396 2477 1794 2549 Evangelistaa,
1811 2478 2114 2534 basilicam

476 2565 535 2622 S.
569 2563 742 2635 Petri,
767 2568 824 2620 et
854 2564 1140 2637 porticum
1189 2580 1479 2620 marmore
1537 2567 1745 2622 stravit
1802 2572 1858 2622 et
1915 2568 2116 2625 multis

478 2652 671 2710 modis
683 2652 1299 2708 ornavit.Xenodochia
1319 2653 1656 2721 instituit,et
1678 2655 1926 2728 singulis
1945 2658 2116 2713 annis

475 2740 815 2810 catholicos,
835 2758 870 2796 a
887 2743 1289 2798 Trasamundo
1311 2757 1443 2814 rege
1458 2742 1879 2799 Wandalorum
1903 2745 2116 2800 Ariano

479 2846 583 2904 per
609 2829 813 2886 exsilia
841 2829 1159 2903 dispersos,
1200 2829 1476 2885 alimonia
1525 2835 1582 2886 et
1627 2832 1892 2889 vestibus
1942 2834 2111 2904 juvit.

479 2918 816 2974 Construxit
843 2918 1017 2974 etiam
1049 2917 1348 2974 basilicam
1376 2919 1433 2974 S.
1465 2919 1699 2991 Agatha
1722 2919 1813 2974 via
1861 2920 2114 2988 Aurelia,

477 3007 618 3063 item
647 3007 706 3062 S.
735 3006 1044 3072 Pancratii,
1064 3006 1200 3061 item
1231 3011 1286 3060 S.
1319 3006 1598 3074 Silvestri,
1619 3007 1757 3063 item
1783 3009 1838 3064 S.
1861 3008 2114 3078 Martini,

478 3095 621 3153 item
651 3096 753 3152 SS.
783 3096 1004 3151 Cosme:
1036 3099 1093 3151 et
1141 3095 1429 3166 Damiani,
1483 3100 1540 3151 et
1597 3095 1743 3152 alias
1804 3096 2118 3153 nonnullas

477 3185 710 3254 struxit,
743 3186 1037 3241 renovavit
1065 3188 1122 3240 et
1151 3183 1396 3240 ornavit.
1429 3185 1619 3240 Anast.
1653 3185 1784 3240 Bed.
1820 3185 2007 3242 chron.

2211 614 2458 682 delatus,
2492 616 2564 670 ab
2595 615 2740 687 ipsis
2764 617 3090 690 jugulatur,
3115 623 3172 674 et
3200 616 3540 691 Burgundia
3560 634 3594 672 a
3615 617 3852 674 Francis

2210 705 2577 776 subjugatur.
2614 705 2766 776 Greg.
2801 709 2932 761 Tur.
2955 708 3157 762 Marius
3177 707 3272 762 Av.
3296 723 3348 761 α.
3370 707 3497 761 515.
3529 721 3636 777 seq.

2279 793 2386 848 512
2412 792 2772 848 Amalaricus
2803 794 2862 848 in
2889 794 3188 866 Hispaniis
3219 811 3317 850 rex
3348 793 3668 849 Gothorum
3696 795 3856 850 Aria.

2211 897 2324 937 nus
2356 881 2733 937 Hrodhildem
2767 899 3000 938 uxorem
3036 900 3204 939 suam
3248 881 3591 938 catholicam
3651 883 3855 939 multis

2213 970 2409 1024 modis
2440 971 2662 1025 afﬂixit.
2699 971 2806 1035 Qui
2832 976 3033 1043 postea
3060 990 3094 1027 a
3125 972 3268 1026 fatre
3319 972 3446 1043 ejus
3491 971 3855 1028 Childeberto

2213 1074 2411 1130 pugna
2432 1059 2617 1113 victus
2645 1062 2703 1114 et
2732 1063 3069 1131 peremptus
3100 1064 3218 1128 est;
3253 1063 3309 1116 et
3338 1077 3440 1132 pro
3499 1076 3565 1116 eo
3616 1061 3860 1118 Theuda

2214 1146 2475 1216 regnavit
2505 1147 2668 1217 (136).
2705 1146 2853 1218 Greg.
2891 1150 3014 1203 Tur.
3046 1166 3099 1204 a.
3133 1148 3256 1203 531.

2284 1234 2388 1288 513
2419 1234 2800 1291 Cassiodorus
2825 1237 3002 1309 hujus
3032 1238 3169 1292 anni
3200 1237 3403 1294 consul
3435 1238 3562 1306 fuit,
3593 1239 3691 1312 qui
3750 1257 3859 1312 po-

2216 1327 2340 1376 stea
2364 1339 2676 1378 conversus
2693 1329 2749 1378 et
2765 1324 3089 1381 monachus
3107 1326 3346 1382 effectus
3365 1327 3694 1382 coenobium
3720 1344 3858 1382 con-

2216 1410 2449 1476 struxit,
2482 1414 2538 1465 et
2570 1411 2628 1465 in
2661 1412 2921 1467 saeculari
2945 1412 3255 1485 divinaque
3275 1414 3601 1470 litteratura
3621 1417 3721 1472 62
3743 1415 3859 1472 cla-

2216 1515 2317 1554 rus
2349 1499 2585 1554 ell‘ulsit.
2622 1500 2879 1556 Psalmos
2904 1501 3188 1574 exposuit,
3222 1501 3402 1558 libros
3423 1503 3860 1560 institutionum

2219 1592 2276 1642 et
2305 1587 2578 1642 chronica
2610 1588 2759 1644 fecit.
2788 1589 2980 1645 Romae
3008 1592 3267 1659 tandem,
3322 1593 3689 1649 dissensione
3736 1611 3861 1650 ces-

2221 1681 2384 1730 sante
2415 1676 2564 1731 inter
2592 1676 2810 1732 clerum
2843 1683 2898 1732 et
2929 1678 3232 1750 pepulum,
3266 1684 3467 1751 Optata
3499 1681 3666 1736 rediit
3722 1699 3861 1737 con-

2221 1765 2437 1829 cordia,
2486 1770 2543 1819 et
2589 1766 2976 1838 Symmachus
3035 1785 3188 1840 papa
3242 1769 3446 1825 beatus
3496 1770 3639 1825 obiit
3686 1771 3858 1840 (137).

2219 1854 2404 1908 Anast.
2433 1855 2583 1909 Cass.

2286 1944 2391 1998 514
2425 1943 2820 1999 Theodoricus
2852 1961 2950 2000 rex
2981 1945 3158 1999 Italiae
3198 1945 3381 2002 ﬁliam
3439 1964 3607 2002 suam
3664 1947 3865 2004 Amal-

2221 2033 2492 2088 suindam
2528 2033 2835 2087 Eutharico
2857 2033 3066 2088 Cillica:
3091 2035 3147 2089 in
3183 2035 3620 2092 matrimonium
3645 2038 3863 2108 junxit.

2223 2122 2464 2176 Cassiod.
2497 2139 2590 2176 an.
2623 2139 2731 2192 seq.
2762 2123 3026 2178 Jornand.
3060 2155 3127 2164 —-
3162 2125 3353 2180 Romae
3388 2126 3695 2182 Hormisda
3717 2143 3868 2199 papa

2222 2209 2339 2265 LIV
2368 2210 2522 2265 sedit
2552 2227 2735 2266 annos
2760 2229 2834 2278 Ix,
2867 2213 2966 2284 qui
2989 2213 3141 2268 inter
3163 2211 3276 2268 alia
3296 2213 3450 2268 bona
3476 2215 3867 2286 Eutychianos

2220 2299 2479 2370 itemque
2526 2299 2876 2355 Manichmos
2931 2301 3250 2370 damnavit,
3311 2301 3531 2357 clerum
3589 2303 3865 2373 erudivit,

2224 2387 2497 2442 basilicas
2528 2387 2854 2443 adornavit.
2884 2390 3070 2444 Anast.

2294 2475 2400 2530 515
2428 2480 2547 2531 Hoc
2576 2479 2836 2548 tempore
2864 2477 3191 2534 Vitalianus
3223 2481 3463 2551 quidam
3523 2498 3723 2537 servus
3778 2483 3868 2538 di-

2225 2564 2549 2636 gnitatibus
2578 2565 2767 2621 elatus
2797 2567 3104 2622 Anastasio
3136 2568 3471 2640 imperatori
3502 2570 3762 2638 rebellat,
3815 2575 3874 2627 et

2225 2653 2457 2724 Scythis
2493 2655 2804 2725 adjunctus
2826 2655 3044 2711 crebris
3067 2655 3283 2728 praeliis
3307 2657 3522 2715 milites
3543 2660 3669 2730 ejus
3686 2661 3872 2718 victos

2226 2742 2458 2814 fugans,
2490 2759 2701 2815 magno
2733 2743 3063 2816 reipublicae
3103 2745 3365 2802 dedecori
3417 2752 3474 2802 et
3521 2749 3871 2806 detrimento

2229 2831 2357 2885 fuit.
2384 2832 2631 2886 Marcell.

2297 2919 2402 2974 516
2430 2919 2530 2974 His
2560 2920 2766 2976 diebus
2797 2921 3106 2977 Hormisda
3125 2939 3293 2996 papa,
3314 2940 3417 2995 pro
3449 2925 3562 2980 ﬁde
3583 2926 3874 2984 catholica

2227 3008 2297 3063 ad
2323 3008 2729 3080 imperatorem
2744 3009 3120 3065 Anastasium
3135 3011 3698 3086 Constantinopolim
3723 3016 3873 3084 lega-

2227 3103 2316 3152 tos
2347 3097 2584 3152 mittens
2613 3104 2668 3153 et
2698 3098 2842 3152 nihil
2893 3100 3222 3171 proficiens,
3280 3100 3426 3158 alios
3479 3102 3680 3158 itidem
3733 3120 3870 3160 cum

2227 3184 2490 3256 epistolis
2519 3185 2738 3257 legatos
2765 3187 2959 3242 mittit.
2994 3191 3148 3254 Quos
3176 3190 3520 3247 Anastasius
3556 3209 3689 3247 cum
3743 3209 3872 3248 cor-

545 3277 647 3331 511
682 3273 799 3329 Hoc
820 3278 1080 3345 tempore
1111 3289 1274 3345 reges
1306 3274 1660 3328 Francorum
1693 3273 2116 3341 Chlodomeris,
2149 3270 2191 3335 C
2231 3291 2499 3346 rumpere
2525 3291 2634 3330 non
2673 3281 2884 3348 posset,
2919 3276 3120 3333 exsilio
3151 3279 3450 3350 deputavit
3479 3285 3534 3334 et
3563 3280 3715 3336 inter
3759 3282 3875 3338 alia

475 3363 898 3428 Childebertus,
931 3367 989 3417 et
1017 3360 1368 3428 Clotharius,
1412 3361 1893 3433 Burgundionum
1954 3380 2118 3434 reges

475 3451 922 3523 Sigismundum
954 3455 1009 3504 et
1039 3449 1433 3504 Godomarum
1465 3454 1690 3520 petunt,
1724 3454 1781 3505 et
1810 3466 2008 3522 pugna
2026 3452 2116 3506 vi-

471 3543 595 3596 ctos
627 3540 848 3611 fugant.
875 3539 917 3593 E
935 3537 1150 3609 quibus
1169 3537 1582 3609 Sigismundus
1601 3554 1698 3592 rex
1717 3538 2024 3610 religiosus
2042 3540 2113 3594 ad

469 3633 705 3684 sanctos
734 3629 1110 3699 Agauncnses
1143 3626 1290 3697 (135)
1349 3625 1714 3697 confugiens,
1769 3627 2115 3698 insequente

467 3716 868 3784 Chlodomere,
895 3715 1110 3770 ibidem
1137 3719 1343 3786 captus
1374 3718 1429 3769 et
1458 3713 1787 3770 Aurelianis
1819 3715 1878 3770 in
1920 3732 2110 3772 carce-

467 3823 588 3863 rem
618 3805 834 3862 missus
865 3822 982 3860 una
1011 3821 1144 3859 cum
1176 3820 1352 3859 uxore
1383 3821 1448 3858 ac
1477 3802 1614 3858 filiis
1643 3804 1968 3859 trucidatus
1991 3808 2106 3873 est;

466 3899 523 3953 et
541 3900 740 3953 secuto
752 3900 1012 3966 tempore
1023 3892 1648 3950 Chlodomerisiterum
1665 3894 2109 3965 Burgundiones

2229 3363 2441 3417 domno
2476 3380 2633 3433 pupae
2666 3364 2964 3435 rescripsit
2993 3365 3229 3422 dicens:
3261 3367 3366 3422 Nos
3378 3369 3571 3439 jubere
3597 3371 3871 3436 volumus,

2224 3467 2334 3505 non
2362 3452 2515 3505 nobis
2533 3452 2739 3521 juberi.
2775 3453 2961 3508 Anast.

2291 3541 2396 3594 517
2427 3539 2528 3593 llis
2561 3541 2923 3610 temporibus
2954 3543 3350 3600 Theodoricus
3382 3562 3480 3601 rex
3512 3548 3871 3604 Francorum

2221 3627 2413 3682 Danos
2447 3644 2508 3683 se
2539 3629 2879 3685 invadentes
2909 3647 3012 3702 per
3042 3632 3227 3688 filium
3250 3634 3716 3691 Theodebertum
3749 3654 3872 3693 una

2220 3723 2353 3772 Cum
2386 3733 2518 3789 rege
2551 3735 2655 3772 suo
2688 3719 2759 3773 ad
2792 3718 3244 3778 internecionem
3277 3723 3509 3780 delevit.
3554 3725 3705 3795 Greg.
3742 3727 3869 3783 Tur.

2219 3823 2271 3860 a.
2301 3822 2388 3877 pr.
2411 3823 2432 3866 ;
2463 3807 2562 3872 al.,
2586 3809 2735 3863 circa
2760 3824 2849 3862 an.
2880 3809 3005 3863 515.

1514 4043 1984 4101 COMPENDIUM
2025 4045 2117 4101 EX
2154 4045 2405 4102 CODICE
2443 4046 2823 4103 BERNOLDI.

529 4163 636 4220 509
667 4160 980 4230 Ludovicus,
1011 4162 1120 4234 aqui
1166 4164 1219 4217 et
1258 4159 1564 4230 Clodoveus,
1621 4162 1957 4218 Francorum
2014 4178 2112 4217 rex
2144 4165 2186 4229 D
2286 4163 2389 4217 514
2420 4165 2606 4219 Romae
2631 4163 2992 4220 Hor-misda...
3025 4165 3329 4234 adornavit,
3371 4177 3423 4224 et
3469 4177 3704 4242 quatuor
3757 4174 3866 4229 de-

457 4254 693 4309 Parisiis
721 4251 859 4306 obtii
886 4251 986 4305 ubi
1013 4250 1191 4304 sedem
1213 4251 1370 4320 regni
1390 4251 1652 4304 instituit.
2214 4258 2361 4305 creta
2389 4253 2541 4321 fecit.

527 4341 638 4397 510
663 4340 758 4396 His
802 4338 1136 4410 temporibus
1187 4337 1544 4409 Symmachus
1589 4354 1732 4410 papa
1787 4340 1932 4394 inter
1987 4340 2105 4394 alia
2281 4340 2385 4393 515
2419 4340 2724 4394 Vitalianus
2755 4342 2985 4411 quidam
3011 4359 3197 4399 servus
3225 4360 3351 4399 cum
3381 4346 3595 4417 Scythis
3623 4349 3862 4405 Anasta-

459 4430 599 4487 bona
627 4428 960 4488 Manichazos
981 4430 1042 4483 in
1066 4427 1198 4482 urbe
1229 4428 1470 4482 inventos
1491 4425 1802 4484 damnavit:
1819 4428 2104 4482 basilicam
2208 4427 2288 4482 sio
2311 4429 2633 4497 imperatori
2650 4429 2894 4484 rebellat.

455 4519 510 4576 S.
544 4520 699 4575 Petri
723 4522 776 4574 et
800 4519 1070 4590 porticum
1098 4532 1372 4572 marmore
1416 4518 1611 4572 stravit
1666 4520 1716 4572 et
1761 4515 1877 4571 alia
1905 4515 2102 4586 hujus-
2277 4515 2383 4570 516
2414 4517 2710 4572 Hormisda
2729 4534 2876 4588 papa
2912 4520 3196 4574 Anastasio
3238 4523 3558 4592 imperatori
3601 4540 3699 4595 pro
3747 4525 3861 4596 ﬁde
3911 4515 3930 4524 “

449 4609 617 4665 modi.
2207 4602 2473 4659 catholica
2502 4605 3028 4678 Constantinopolim
3070 4609 3267 4679 legatos
3310 4613 3482 4677 misit,
3535 4615 3629 4668 cui
3678 4615 3858 4685 impe-

519 4697 625 4751 513
658 4695 1001 4751 Cassiodorus
1030 4694 1261 4765 hujus...
1291 4694 1546 4749 chronica
1575 4694 1723 4764 fecit,
1783 4702 1834 4748 et
1889 4696 2099 4764 tripar-
2207 4694 2358 4748 ναίον
2387 4693 2531 4748 inter
2556 4693 2673 4749 alia
2699 4697 2976 4767 rescripsit
3007 4697 3084 4751 ita
3105 4715 3122 4751 :
3155 4697 3270 4754 Nos
3300 4699 3508 4769 jubere
3558 4700 3856 4771 volumus,

450 4785 610 4839 titam
639 4785 928 4838 historiam
955 4783 1254 4838 ordinavit.
1291 4784 1466 4838 Romae
1498 4781 1717 4837 tandem
1763 4781 2099 4838 dissensione
2207 4797 2322 4837 non
2357 4781 2528 4838 nobis
2549 4783 2765 4853 juberi.

448 4874 707 4938 cessante,
739 4871 1100 4942 Symmachus
1130 4887 1274 4943 papa
1304 4873 1438 4927 obiit
1466 4873 1525 4926 in
1551 4885 1702 4942 pace.

2027 4967 2253 5025 NOT/E.

521 5091 670 5165 (134)
698 5092 902 5165 Annus
931 5109 1042 5165 xxx
1065 5093 1227 5165 regni
1258 5091 1522 5149 Clodovei
1554 5091 1624 5147 ab
1656 5109 1806 5148 anno
1837 5091 1931 5148 481
2000 5097 2088 5149 est

449 5164 642 5222 annus
669 5164 805 5236 511,7
832 5181 945 5236 quo
975 5164 1152 5219 etiam
1180 5165 1345 5226 obiit.
1379 5166 1643 5236 quamvis
1693 5165 1829 5220 anni
1883 5181 1997 5219 exn
2056 5181 2089 5219 a

447 5240 636 5292 morte
663 5238 719 5290 Β.
755 5235 985 5290 Martini
1016 5252 1068 5292 a.
1092 5237 1195 5292 397
1228 5235 1484 5291 defuncti
1515 5236 1893 5291 convenirent
1934 5253 2087 5292 anno

446 5307 554 5363 509
584 5307 677 5362 hic
705 5311 923 5363 notato.

517 5379 667 5449 (135)
699 5377 826 5460 liae
857 5395 925 5460 ex
955 5377 1228 5460 Cregorio
1256 5375 1393 5460 ’l‘ur.
1428 5381 1483 5431 et
1516 5376 1692 5460 Μαι-ῖς)
1721 5376 2087 5460 Aventicensi

446 5446 757 5521 desumpta
778 5446 1115 5521 posterioris
1145 5452 1286 5504 sunt
1303 5446 1586 5518 temporis
1611 5464 1624 5513 ;
1647 5449 1993 5521 Agaunense
2014 5450 2088 5504 si-

487 5519 680 5576 uidem
710 5519 1130 5577 monasterium
1163 5521 1563 5575 constructum
1592 5522 1680 5573 est
1718 5533 1869 5574 anno
1901 5519 2007 5575 5l5
2055 5536 2089 5575 a

481 5589 834 5677 igiamgndo,
868 5591 969 5669 qui
990 5608 1085 5651 an.
1112 5590 1218 5650 516
1245 5606 1349 5667 pro
1371 5589 1644 5650 defuncto
1675 5595 1836 5666 patre
1857 5588 2089 5652 Gundo-

2198 5091 2370 5150 baldo
2402 5111 2499 5150 rex
2530 5094 2738 5162 factus,
2774 5112 2866 5150 an.
2898 5095 3002 5151 5‘33
3033 5098 3220 5154 victus
3277 5117 3344 5155 ac
3375 5099 3610 5157 demum
3657 5117 3709 5157 a.
3745 5103 3858 5158 524

2199 5167 2537 5246 ροίξίειυξεξι
2566 5183 2600 5246 ξι
2628 5166 3027 5246 αδέράρτὲθςβ,
3061 5170 3158 5246 qui
3191 5173 3260 5246 et
3284 5171 3409 5246 ipse
3438 5173 3496 5228 in
3527 5190 3720 5246 pugna
3758 5173 3850 5229 in-

2197 5237 2370 5291 teriit.
2405 5235 2534 5291 Vid.
2568 5242 2607 5291 t.
2643 5260 2670 5287 »
2707 5238 2839 5293 Maii
2870 5235 3155 5306 Bolland.,
3191 5243 3264 5296 ad
3295 5235 3353 5298 ἃ.
3396 5245 3442 5300 1.

2269 5307 2575 5390 (136))71ἀ.
2611 5309 2926 5390 Procopius
2956 5312 3027 5367 de
3053 5311 3201 5367 bello
3223 5313 3486 5385 Gothico,
3519 5320 3576 5371 et
3593 5315 3848 5372 Jornan-

2197 5379 2309 5452 des
2332 5379 2408 5452 de»
2427 5381 2700 5452 Getarum
2733 5379 2972 5452 origine.

2267 5449 2726 5530 (137)_Spectant
2756 5449 2877 5530 11559
2902 5453 2972 5530 ad
3030 5468 3252 5512 annum
3308 5456 3435 5526 514,
3494 5474 3610 5530 quo
3664 5457 3853 5516 etiam

2195 5519 2576 5580 Caesiodorus
2606 5521 2812 5580 consul
2847 5522 2973 5581 fuit.
