4124 6188
243 330 355 395 109

1470 328 1949 398 CHRONICON.’
1980 360 2060 380 --
2092 326 2283 396 SJEC.
2332 332 2434 395 Vl.

3544 329 3663 392 110

1623 491 1858 550 CODEX
1895 492 2295 549 AUGIENSIS.

311 608 426 664 518
444 607 791 665 Anastasius
814 607 1153 680 imperator,
1175 626 1312 667 cum
1333 609 1542 666 hzeresi
1565 607 1902 682 Eutychetis
1930 609 1985 676 Α
2014 607 2110 673 tis,
2148 606 2405 662 donariis
2436 608 2494 662 et
2514 605 2859 663 muneribus
2890 606 3143 661 donatus
3173 605 3499 661 revertitur.
3526 596 3662 662 Mar-

242 696 489 753 favisset
516 699 574 753 et
601 695 924 753 catholicos
954 701 1425 770 persequeretur,
1461 697 1706 754 fulmine
1751 697 1903 752 ictus

236 783 486 852 interiit,
509 785 701 856 major
721 784 1119 857 octogenario.
1149 784 1255 841 Pro
1280 802 1396 857 quo
1414 785 1689 841 Justinus
1717 783 1900 856 impe-

240 877 401 928 rator
418 873 751 939 catholicus
773 873 1280 946 Constantinopoli
1301 874 1565 947 regnavit
1585 873 1757 930 annis
1775 890 1898 941 vm;

240 959 339 1033 qui
370 960 695 1017 nonnullos
726 961 971 1034 imperio
993 961 1288 1018 inhiantes
1309 962 1544 1030 occidit,
1567 967 1621 1018 et
1644 979 1780 1018 cum
1802 960 1900 1015 Vi-

240 1048 460 1106 taliano
492 1054 743 1123 tyranno
773 1067 914 1123 pace
958 1050 1125 1123 prius
1174 1051 1345 1118 facta,
1392 1053 1668 1108 eumdem
1699 1054 1902 1122 postea

239 1138 505 1209 peremit.
538 1139 784 1195 Marcell.

305 1226 407 1281 83
460 1226 571 1280 519
612 1226 888 1282 Justinus
943 1228 1249 1300 Augustus
1298 1226 1517 1299 legatos
1570 1225 1896 1298 apostolica;

238 1313 414 1382 sedis,
452 1314 527 1369 ab
558 1314 873 1370 Hormisda
896 1331 1050 1387 papa
1068 1314 1634 1388 Constantinopolim
1657 1332 1762 1387 pro
1786 1315 1899 1370 fide

239 1402 477 1469 missos,
510 1419 747 1458 summo
777 1405 998 1459 honore
1029 1403 1305 1476 suscepit,
1330 1404 1531 1476 eisque
1564 1404 1622 1458 in
1654 1404 1895 1459 damna-

234 1491 388 1547 tione
410 1491 709 1571 haereseos
733 1508 837 1564 per
852 1492 1050 1548 omnia
1068 1496 1498 1548 consentaneus
1521 1491 1777 1565 plurima
1796 1508 1898 1564 per

234 1593 325 1636 eos
351 1579 612 1636 donaria
640 1580 885 1635 Romam
924 1579 1104 1636 misit.
1128 1581 1321 1636 Anast.

294 1670 400 1723 520
430 1670 550 1724 Hac
583 1672 935 1742 tempestate
965 1667 1496 1724 Theodericusrex
1542 1669 1896 1723 Francorum

233 1772 358 1811 cum
386 1754 518 1810 ﬁlio
540 1756 949 1811 Theodeberto
982 1755 1319 1828 Thuringos
1350 1758 1574 1827 petens,
1608 1755 1899 1811 immensa

231 1860 320 1899 eos
346 1845 511 1899 caede
542 1843 836 1917 protrivit,
890 1848 946 1900 et
982 1842 1416 1900 Ermenfridum
1464 1861 1659 1917 regem
1691 1860 1895 1900 eorum

234 1931 486 2004 fugavit;
517 1949 700 2004 quem
729 1936 936 2003 postea
968 1932 1079 1987 ﬁde
1133 1933 1273 1988 data
1321 1932 1394 1986 ad
1456 1949 1518 1988 se
1568 1934 1893 1989 venientem

232 2020 566 2093 suscipiens
586 2038 618 2076 e
645 2038 814 2077 muro
846 2021 1249 2094 praecipitavit,
1281 2024 1339 2075 et
1370 2019 1520 2077 filios
1559 2023 1690 2093 ejus
1713 2020 1894 2077 occidi

230 2109 374 2164 fecit.
413 2109 579 2180 Greg.
616 2111 740 2164 Tur.
775 2126 868 2164 an.
900 2110 1026 2165 530.

291 2200 393 2253 521
428 2198 717 2255 Justinus
738 2203 1043 2271 Augustus
1064 2196 1354 2253 haereticis
1376 2198 1625 2253 infestus
1650 2198 1896 2253 Arianos

230 2287 401 2343 etiam
458 2285 974 2358 Constantinopoli
1032 2286 1437 2359 persequitur;
1496 2287 1652 2343 unde
1708 2287 1894 2342 iratus

228 2375 633 2433 Theodoricus
662 2392 761 2431 rex
811 2374 989 2430 Italiae
1034 2374 1290 2430 Arianus
1347 2374 1590 2431 exitium
1640 2375 1697 2430 in
1729 2374 1896 2431 Italia

230 2464 541 2521 catholicis
570 2463 850 2520 minatur.
876 2465 1014 2519 Hist.
1046 2464 1274 2522 miscell.

289 2556 401 2608 522
434 2554 504 2609 In
533 2553 733 2610 Africa
781 2557 1016 2609 mortuo
1045 2554 1284 2608 tandem
1317 2553 1728 2609 Trasamundo
1760 2568 1895 2625 rege

229 2642 666 2698 Wandalorum
723 2642 960 2711 Ariano,
1015 2641 1351 2698 Heldericus
1401 2658 1505 2714 pro
1537 2659 1602 2697 eo
1634 2642 1896 2715 regnavit

230 2732 399 2787 annis
417 2749 559 2799 vni;
586 2730 689 2804 qui
711 2731 911 2788 statim
930 2731 988 2786 in
1004 2730 1291 2803 principio
1315 2731 1478 2804 regni
1493 2730 1770 2786 ecclesias
1791 2731 1891 2786 diu

229 2819 466 2877 clausas
492 2820 749 2892 aperuit,
782 2823 839 2876 et
867 2837 1071 2876 omnes
1100 2819 1422 2875 catholicos
1453 2821 1524 2875 de
1555 2819 1778 2875 exsiliis
1800 2836 1891 2875 re-

229 2927 435 2967 vocare
456 2908 717 2979 studuit,
739 2911 796 2964 et
815 2912 1073 2982 aptatam
1097 2909 1364 2965 Ecclesiae
1386 2925 1588 2980 pacem
1613 2908 1890 2978 restituit,

231 3000 458 3071 Procop.
495 2998 697 3053 Victor.
734 2999 867 3052 Tun.
901 3015 995 3053 an.
1025 3013 1136 3070 seq.

292 3090 406 3143 523
436 3087 642 3144 Romae
672 3086 929 3143 Joannes
959 3103 1110 3159 papa
1130 3086 1225 3140 LV
1251 3085 1402 3143 sedit
1431 3085 1603 3141 annis
1637 3103 1698 3153 ιι,
1727 3103 1889 3141 men-

230 3177 397 3233 sibus
428 3194 531 3243 Ix;
564 3175 689 3249 qui,
707 3174 1039 3231 cmmeteria
1066 3173 1123 3229 in
1148 3175 1291 3229 urbe
1313 3178 1648 3230 restaurans
1678 3178 1736 3228 et
1760 3172 1890 3230 aliis

228 3264 403 3322 bonis
426 3265 691 3333 instans,
713 3281 749 3320 a
771 3263 1129 3320 Theodorico
1153 3262 1718 3334 Constantinopolim
1740 3261 1891 3335 lega-

2010 696 2131 751 cell.
2167 713 2261 750 an.
2295 697 2419 751 525.

2079 785 2185 839 521i
2216 781 2611 839 Theodoricus
2644 800 2742 838 rex
2794 782 3118 839 Gothorum
3149 786 3207 837 et
3236 785 3521 855 tyrannus
3548 782 3661 839 Ro-

2013 888 2325 927 manorum
2357 871 2514 927 inter
2543 871 2658 927 alia
2688 873 2790 927 04
2813 870 2966 927 mala
2985 870 3250 927 Boetium
3275 871 3585 943 patricium
3606 876 3663 928 et

2009 959 2429 1032 philosophum
2449 960 2549 1015 diu
2567 963 2923 1015 carceratum
2946 959 3157 1015 occidit
3174 978 3186 1027 ;
3204 975 3308 1016 nec
3326 960 3512 1016 multo
3528 964 3661 1032 post

2008 1064 2276 1104 socerum
2290 1048 2340 1119 ej
2354 1066 2420 1104 us
2438 1048 2856 1120 Symmachum
2870 1047 3180 1120 patricium
3196 1047 3396 1103 itidem
3413 1049 3660 1121 peremit

2005 1135 2292 1191 Joannem
2309 1152 2539 1208 quoque
2562 1152 2773 1208 papam
2797 1136 3031 1191 beatum
3060 1137 3129 1191 de
3152 1135 3656 1208 Constantinopoli

2006 1241 2302 1280 reversum
2352 1224 2625 1279 Ravenna
2680 1241 2796 1278 una
2846 1240 2980 1279 cum
3036 1223 3348 1279 comitibus
3406 1224 3654 1280 carceris

2005 1313 2319 1368 afﬂictione
2351 1312 2575 1368 necavit
2600 1330 2673 1367 xv
2703 1312 2825 1366 Kal.
2850 1312 3034 1382 Junii,
3057 1312 3157 1384 qui
3178 1330 3293 1391 non
3313 1313 3498 1368 multo
3522 1318 3655 1386 post

2005 1401 2250 1457 Romam
2283 1401 2523 1468 relatus,
2546 1401 2701 1474 apud
2724 1402 2781 1456 S.
2806 1400 3041 1456 Petrum
3074 1401 3341 1473 seplutus
3367 1405 3457 1457 est
3481 1402 3651 1473 (138).

2004 1490 2169 1546 Beda.
2196 1492 2332 1546 Hist.
2366 1491 2602 1545 miscell.

2074 1580 2180 1634 525
2207 1577 2604 1634 Theodoricus
2654 1581 2965 1650 tyrannus,
3026 1582 3160 1650 post
3216 1596 3277 1634 ιιι
3318 1595 3550 1635 menses
3583 1580 3655 1636 ab

2005 1667 2170 1723 obitu
2187 1684 2346 1739 papae
2366 1666 2634 1734 Joannis,
2654 1670 2787 1739 post
2809 1667 2996 1723 multa
3013 1667 3167 1723 mala
3189 1684 3295 1723 sua
3315 1668 3415 1724 Dei
3431 1668 3656 1741 judicio

2006 1756 2313 1812 subitanea
2334 1760 2520 1811 morte
2542 1756 2829 1811 Ravennae
2852 1744 3094 1821 interiit,
3119 1761 3197 1825 et,
3222 1756 3376 1812 sicut
3396 1758 3656 1815 solitario

2005 1844 2239 1899 cuidam
2262 1844 2577 1900 revelatum
2601 1848 2710 1909 est,
2744 1862 2778 1899 a
2806 1845 3031 1899 Joanne
3055 1861 3205 1916 papa
3225 1849 3281 1900 et
3304 1846 3655 1917 Symmacho

2004 1932 2245 2005 patricio
2279 1933 2339 1987 in
2371 1932 2545 1988 ollam
2591 1932 2835 1988 Vulcani
2868 1933 3128 2003 dejectus
3171 1937 3259 1987 est
3308 1950 3461 1988 anno
3493 1934 3654 2005 regni

2004 2022 2185 2078 Italici
2205 2021 2717 2093 xxxn.Postquem
2751 2037 2929 2092 nepos
2963 2022 3091 2092 ejus
3132 2021 3652 2092 Atharicus[Atha-

2002 2110 2238 2183 laricus]
2263 2128 2407 2183 puer
2430 2128 2564 2165 cum
2589 2114 2774 2165 matre
2795 2108 3179 2165 Amalsuinda
3204 2110 3462 2182 regnavit
3480 2112 3652 2169 annis

2000 2216 2125 2255 VIII.
2159 2200 2292 2254 Hist.
2324 2199 2531 2253 miscel.
2564 2201 2790 2270 Procop.
2823 2200 2974 2253 Jorn.
3000 2229 3067 2238 —-
3089 2198 3284 2253 Roma:
3310 2199 3465 2254 Felix
3483 2217 3653 2272 quar-

2004 2293 2099 2343 tus
2131 2305 2280 2360 papa
2307 2287 2425 2342 LVI
2452 2286 2603 2342 sedit
2634 2285 2805 2342 annis
2838 2304 2915 2353 ιν,
2948 2286 3254 2343 mensibus
3284 2305 3322 2342 ιι
3349 2306 3363 2356 ;
3396 2289 3494 2360 qui
3520 2290 3656 2346 fecit

2002 2375 2304 2431 basilicam
2336 2379 2674 2431 sanctorum
2708 2374 2928 2431 Cosmae
2961 2379 3016 2430 et
3046 2376 3312 2431 Damiani
3336 2377 3427 2433 via
3452 2379 3651 2448 Sacra,

2002 2468 2060 2519 et
2090 2465 2147 2520 S.
2177 2464 2477 2520 Saturnini
2509 2465 2603 2519 via
2632 2464 2854 2520 Salaria
2884 2464 3055 2535 (139).
3086 2466 3275 2521 Anast.

2071 2554 2176 2609 526
2204 2552 2707 2625 Constantinopoli
2740 2553 3013 2609 Justinus
3064 2553 3402 2626 imperator,
3463 2557 3653 2614 Justi-

2002 2641 2246 2697 nianum
2304 2641 2469 2714 regni
2525 2646 2852 2697 consortem
2883 2644 2938 2696 et
2965 2658 3365 2698 successorem
3410 2644 3648 2717 faciens,

2002 2730 2181 2800 obiit;
2206 2748 2307 2802 pro
2331 2747 2445 2802 quo
2468 2729 2840 2786 Justinianus
2861 2747 2928 2786 ex
2971 2746 3168 2786 sorore
3190 2749 3368 2803 nepos
3392 2733 3518 2803 ejus
3542 2735 3651 2790 im-

2001 2820 2223 2891 peravit
2269 2820 2442 2875 annis
2496 2836 2714 2875 xxxvm
2765 2817 2951 2875 multa
3007 2819 3223 2891 pietate
3252 2824 3311 2876 et
3340 2822 3653 2894 prudentia

2000 2909 2376 2980 conspicuus,
2410 2908 2524 2964 nisi
2552 2907 2612 2963 in
2662 2907 3015 2981 quihusdam
3064 2907 3353 2966 haereticis
3394 2909 3646 2969 favisset.

1999 2998 2239 3053 Marcell.
2274 3015 2366 3052 an.
2399 3013 2510 3067 seq.

2068 3088 2175 3141 527
2198 3085 2571 3141 Justinianus
2630 3089 2935 3155 Augustus
2994 3085 3354 3142 Belesarium
3387 3088 3644 3145 amicum

1999 3191 2172 3231 suum
2205 3172 2529 3245 principem
2555 3172 2775 3228 militia:
2808 3173 2960 3238 fecit,
2994 3189 3095 3244 per
3125 3190 3300 3245 quem
3331 3178 3389 3230 et
3420 3175 3488 3231 de
3510 3177 3645 3233 Par-

1998 3263 2116 3321 this
2145 3261 2529 3334 triumphavit
2573 3266 2628 3316 et
2675 3278 2887 3334 magna
2917 3278 2985 3317 ex
3015 3267 3178 3333 parte
3218 3263 3643 3336 rempublicam

226 3358 318 3410 tus
349 3354 641 3422 mittitur,
672 3357 731 3408 et
759 3369 993 3408 summo
1017 3351 1236 3408 honore
1265 3356 1323 3407 et
1350 3333 1567 3424 gaudio
1596 3369 1630 3407 a
1657 3333 1889 3407 Justi-no
1919 3333 1961 3400 Ο
1998 3333 2376 3423 recuperavit.
2407 3352 2546 3406 Hist.
2580 3333 2795 3407 miscet."
2837 3383 2906 3392 —
2950 3350 3103 3415 Gens
3143 3333 3491 3409 Winilorum
3523 3355 3645 3413 sive

225 3443 499 3516 Augusto
553 3446 615 3497 et
663 3441 893 3497 cunctis
937 3440 1162 3497 civibus
1194 3444 1504 3513 susceptus
1533 3441 1605 3496 ad
1638 3444 1889 3512 portam,

227 3549 353 3603 qua:
386 3531 615 3588 dicitur
642 3532 834 3586 Aurea
860 3546 1076 3585 cazcum
1126 3528 1439 3597 illuminat,
1472 3534 1530 3584 et
1558 3534 1832 3585 coronato
1859 3546 1893 3584 a

231 3636 287 3675 se
312 3622 597 3694 Augusto
629 3619 888 3687 Jastino,
909 3622 967 3674 et
995 3635 1098 3690 pro
1124 3618 1340 3690 quibus
1363 3622 1599 3674 venerat
1617 3618 1894 3690 impetra-

2002 3440 2537 3513 Longobardorum,
2560 3455 2694 3511 rege
2716 3439 2986 3508 Odwino,
3010 3441 3134 3512 [al.,
3155 3441 3480 3515 Audoinus]
3504 3445 3651 3528 Pan-

1999 3530 2238 3585 noniam
2268 3528 2501 3597 invasit,
2534 3528 2734 3601 ibique
2763 3528 3026 3585 habitare
3059 3529 3250 3603 cmpit.
3297 3532 3461 3588 Paul.
3494 3534 3648 3595 Diae.

2005 3620 2133 3674 hist.
2159 3617 2391 3690 Longob.
2423 3619 2648 3690 Procop.

1299 3768 1775 3825 CQMPENDIUM
1814 3769 1909 3826 EX
1945 3768 2196 3826 CODICE
2236 3769 2617 3826 BERNOLDI.

291 3889 404 3945 518
434 3888 776 3945 Anastasius
805 3886 966 3958 imp.,
1015 3884 1215 3942 haeresi
1268 3887 1458 3957 favens
1507 3884 1819 3957 Eutychetis
1844 3889 1899 3941 et

228 3978 535 4032 catholicos
560 3990 909 4047 persequens,
963 3976 1105 4030 ictus
1158 3974 1400 4045 fulmine
1449 3974 1681 4041 interiit,
1722 3976 1901 4047 major

226 4065 627 4136 octogenario;
656 4079 758 4136 pro
787 4080 891 4136 quo
943 4064 1189 4119 Justinus
1247 4064 1546 4135 imperator
1598 4063 1899 4119 catholicus

230 4153 721 4224 Constantinopoli
747 4154 1000 4220 regnavit
1023 4154 1190 4207 annis
1208 4156 1355 4215 octo,
1387 4160 1438 4207 et
1466 4167 1590 4206 cum
1627 4151 1901 4208 Vitaliano
1926 4162 1929 4167 '

226 4252 477 4315 tyranno
500 4257 701 4313 pacem
719 4242 872 4313 fecit,
906 4256 1065 4311 quem
1087 4248 1278 4313 postea
1309 4248 1496 4296 tamen
1523 4243 1773 4311 peremit.

288 4332 405 4388 519
432 4332 702 4389 Justinus
738 4333 1013 4398 Augustus
1041 4330 1242 4401 legatos
1272 4329 1571 4386 Hormisdie
1616 4345 1779 4402 papae
1805 4347 1901 4402 pro

224 4420 329 4491 ﬁde
356 4423 579 4476 missos
630 4418 926 4487 honoriﬁce
963 4420 1216 4490 suscepit,
1267 4420 1448 4490 eisque
1494 4420 1554 4473 in
1594 4418 1902 4475 damnatio-

226 4526 351 4565 nem
378 4511 666 4565 haereseos
694 4508 1054 4576 consentiens,
1085 4507 1262 4562 multa
1285 4523 1386 4579 per
1422 4522 1510 4562 eos
1536 4507 1772 4563 donaria
1802 4509 1904 4565 Ro-

226 4615 375 4655 mam
409 4598 607 4654 misit.

288 4690 397 4743 521
437 4686 708 4744 Justinus
754 4685 1090 4757 Augustus...
1123 4685 1358 4741 exitium
1395 4685 1679 4742 catholicis
1710 4686 1770 4741 in
1798 4687 1908 4742 Ita-

231 4777 307 4832 lia
333 4778 683 4832 minitatur.

297 4867 412 4921 522
442 4867 519 4922 In
578 4863 773 4934 Africa
825 4870 1039 4920 mortuo
1100 4863 1470 4920 Trasamundo
1516 4880 1643 4935 rege
1680 4865 1911 4921 Wanda-

234 4956 419 5011 lorum
451 4954 697 5019 Ariona,
729 4952 1040 5008 Hilderieus
1060 4968 1163 5024 pro
1190 4969 1251 5009 eo
1279 4955 1532 5023 regnavit
1559 4955 1723 5008 annis
1755 4957 1908 5021 octo;

2004 3887 2221 3955 missus,
2252 3891 2306 3942 et
2356 3902 2390 3940 a
2445 3872 2657 3941 Iustino
2687 3885 2822 3956 Aug.
2855 3892 2909 3940 et
2952 3885 3161 3940 cunctis
3190 3886 3400 3941 civibus
3430 3885 3656 3944 honori-

2006 3973 2105 4045 ﬁce
2133 3978 2433 4046 susceptus,
2467 3974 2537 4029 ad
2564 3982 2779 4045 portam
2816 3990 2942 4045 quae
2991 3974 3196 4030 dicitur
3243 3977 3421 4033 Aurea
3451 3992 3658 4034 caecum

2008 4064 2293 4118 illuminat
2321 4071 2391 4129 et,
2424 4066 2677 4119 coronato
2701 4081 2734 4118 (ι
2755 4080 2812 4118 se
2838 4065 3061 4120 Jusiino
3084 4065 3341 4136 Augusto,
3366 4082 3493 4123 cum
3516 4066 3661 4123 mul-

2009 4153 2080 4208 tis
2107 4151 2426 4207 muneribus
2456 4150 2641 4208 rediit.

2077 4242 2183 4296 524
2213 4240 2566 4297 Theodoricus
2620 4257 2720 4297 rex
2765 4240 3053 4298 Gothorum
3083 4245 3133 4299 et
3162 4250 3433 4315 tyrannus
3460 4246 3663 4302 Roma-

2008 4345 2207 4386 norum
2266 4332 2578 4386 Boetium...
2644 4330 2835 4386 itidem
2888 4332 3189 4387 interemit.
3231 4334 3499 4390 Joannem
3531 4350 3663 4407 quo-

2012 4434 2115 4490 que
2138 4434 2343 4491 papam
2374 4418 2590 4475 beatum
2618 4420 2853 4476 careeris
2877 4421 3179 4491 afﬂictione
3199 4424 3412 4478 necavit
3436 4440 3511 4479 xv
3537 4424 3660 4479 Kal.

2010 4509 2188 4564 Junii.

2083 4598 2190 4653 523
2220 4597 2640 4654 Theodoricus...
2699 4598 2768 4652 ab
2823 4598 2975 4653 obitu
3019 4598 3247 4653 Joannis
3291 4615 3449 4671 papae
3488 4600 3670 4655 subito

2016 4688 2288 4743 Ravenna
2316 4687 2472 4758 obiit,
2493 4691 2545 4742 et
2565 4688 2774 4742 sicut...
2804 4688 3040 4758 dejeetus
3059 4694 3155 4742 est.
3179 4688 3307 4743 Post
3327 4704 3488 4760 quem
3507 4705 3673 4763 nepos

1940 4757 1986 4821 D
2016 4777 2154 4848 ejus,
2212 4757 2584 4841 Athalaricus,
2634 4791 2776 4846 puer
2827 4791 2949 4830 cum
2993 4784 3169 4833 matre
3221 4757 3475 4849 regnavit
3504 4757 3674 4836 annis

2017 4873 2151 4921 octo.
2184 4896 2251 4906 -—
2282 4866 2535 4921 Romae...
2569 4865 2794 4919 Felizc...
2825 4865 3105 4920 mensibus
3135 4883 3197 4921 ιι.

2087 4953 2195 5007 526
2223 4951 2694 5023 Constantinopoli
2745 4954 2992 5008 Justinus
3044 4955 3179 5026 imp.
3213 4956 3391 5019 obiit;
3431 4973 3531 5029 pro
3559 4973 3664 5031 quo

236 5048 330 5115 qui
356 5044 573 5100 statim
598 5042 856 5098 ecclesias
882 5041 981 5097 diu
1006 5042 1225 5097 clausas
1252 5044 1487 5113 aperuit,
1517 5046 1568 5098 et
1613 5058 1795 5098 omnes
1814 5058 1913 5097 ca-
2018 5042 2361 5097 Justinianus
2388 5057 2555 5113 nepos
2588 5041 2705 5113 ejus
2735 5043 3025 5115 imperavit
3054 5046 3217 5100 annis
3245 5061 3480 5101 xxxvm.

235 5132 474 5188 tholicos
506 5130 578 5185 de
603 5131 807 5186 exsilio
834 5131 1120 5187 revocavit.

301 5220 420 5275 523
486 5222 705 5305 Rom,
732 5218 966 5274 Joannes
1000 5233 1167 5289 ,papa
1224 5218 1307 5272 LV
1358 5217 1498 5274 sedit
1555 5234 1727 5281 annos
1754 5218 1910 5286 duos,

235 5323 459 5364 menses
496 5322 714 5376 novem,
774 5309 871 5378 qui
924 5324 959 5363 a
1018 5306 1338 5363 Theodorico
1392 5308 1917 5380 Constantinopolim

2089 5131 2197 5184 527
2222 5131 2577 5187 Justinianus
2597 5132 2778 5203 Aug...
2810 5133 3035 5191 militiae
3084 5136 3237 5206 fecit.
3275 5134 3411 5192 Gens
3447 5132 3670 5190 Winilo-

2020 5234 2214 5274 rum...
2245 5221 2466 5288 invasit,
2499 5227 2551 5277 et
2579 5220 2661 5276 ibi
2681 5221 2965 5278 habitavit.

1886 5432 2120 5489 NOT/E.

306 5548 475 5623 (138)
531 5549 807 5623 _Mortem_
832 5545 1013 5603 Boetii
1044 5548 1286 5623 pariter
1329 5546 1467 5606 huic
1498 5565 1650 5623 anno
1676 5546 1924 5623 ascribit

2103 5547 2250 5623 (139)
2309 5548 2529 5610 Cuncta
2585 5552 2695 5610 hoc
2747 5569 2899 5611 anno
2957 5552 3151 5608 notata
3200 5549 3273 5608 ad
3332 5554 3675 5624 sequentem

239 5618 1323 5709 Alariusgﬁvent.,_$ymm‘pphiagtem
1347 5636 1500 5686 anno
1521 5621 1644 5681 525.
1666 5620 1923 5685 Joannes
2031 5618 2316 5709 spectant.

242 5705 402 5775 papa
431 5689 708 5769 primum
739 5689 896 5753 anno
924 5690 1032 5755 526
1062 5690 1223 5752 obiit.
