4124 6188
476 312 590 381 Mi

1288 302 1703 367 HERMANNI
1750 303 2191 368 CONTBACTI
2236 301 2650 372 AUGIENSIS
2696 303 3071 371 MONACHI.

3756 307 3871 372 112

1863 463 2091 518 CODEX
2128 463 2527 522 AUGIENSIS.

550 566 649 625 05
679 564 784 623 528
816 563 916 620 His
944 560 1307 635 temporibus
1337 560 1541 617 beatus
1572 560 1751 614 abbas
1770 559 2117 615 Benedictus
2145 563 2201 630 Α
2229 561 2459 629 delevit,
2477 562 2864 620 Geilamerum
2887 580 3083 638 regem
3104 579 3306 620 eorum
3331 565 3569 636 captum
3588 563 3869 621 Constan-

477 657 769 714 immensa
785 653 1066 710 virtutum
1085 649 1271 725 gloria
1289 649 1517 705 claruit.
1538 646 1871 703 Priscianus
1889 665 2119 721 quoque

475 743 898 820 grammaticus
926 740 1019 797 his
1049 740 1159 795 fuit
1187 737 1569 810 temporibus.
1600 735 1729 792 Bed.
1762 737 1876 791 chr.

549 834 656 891 529
687 831 982 889 Exercitus
1013 830 1311 885 Romanus
1360 825 1602 883 sabbato
1652 824 1884 881 Pascha
1914 842 1948 882 a
1975 826 2116 882 Par-

478 924 597 981 this
630 924 957 994 superatur.

547 1012 653 1067 530
681 1014 747 1065 In
775 1006 966 1063 Africa
994 1005 1184 1061 occiso
1216 1002 1367 1059 male
1398 1003 1697 1059 Helderico
1720 1019 1850 1077 rege
1870 1005 2120 1062 Wanda~

476 1100 667 1156 lorum
698 1094 1004 1160 catholico,
1036 1092 1325 1149 Geilamer
1354 1108 1598 1165 regnum
1649 1093 1930 1149 invadens
1958 1098 2120 1149 tanta

475 1187 703 1242 feritate
731 1184 792 1239 in
840 1181 1154 1240 catholicos
1185 1186 1241 1237 et
1268 1182 1328 1236 in
1358 1198 1560 1238 omnes
1609 1181 2019 1251 debacchatur,
2056 1186 2118 1238 ut

472 1291 578 1332 nec
607 1273 948 1348 parentibus
979 1272 1103 1329 suis
1135 1275 1413 1343 parceret.
1446 1263 1672 1343 Procop.
1708 1271 1839 1327 Vict.
1880 1273 2013 1326 Tun.
2047 1302 2116 1312 —-

471 1365 666 1423 Roma:
685 1361 1018 1420 Bonifacius
1038 1360 1332 1416 secundus
1354 1376 1505 1432 papa
1524 1359 1669 1415 LVII
1692 1359 2028 1415 seditannis
2050 1377 2112 1425 ιι,

471 1470 674 1513 mense
696 1454 876 1509 ferme
897 1469 936 1522 ι,
951 1466 1085 1506 cum
1106 1465 1223 1521 quo
1241 1465 1343 1521 per
1362 1449 1788 1506 dissensionem
1810 1448 2114 1505 ordinatus

422 1552 431 1563 ‘
470 1547 560 1603 est
579 1544 914 1610 Dioscorus,
932 1543 989 1595 et
1002 1536 1205 1612 paucis
1230 1540 1361 1610 post
1381 1537 1587 1593 diebus
1609 1541 1877 1593 mortuus
1900 1555 1912 1605 ;
1937 1553 2111 1609 quem

467 1636 666 1691 tamen
697 1628 1028 1686 Bonifacius
1058 1625 1297 1682 collecta
1325 1626 1544 1698 synodo
1574 1626 1853 1681 damnare
1875 1623 2111 1680 molitus

468 1727 575 1780 est.
607 1721 796 1777 Anast.

537 1812 638 1868 531
665 1807 996 1867 Bonifacius
1014 1822 1165 1879 papa
1178 1803 1459 1877 Vigilium
1480 1803 1790 1859 diaconum
1813 1803 1873 1858 in
1894 1804 2111 1876 synodo

468 1904 602 1977 post
627 1917 689 1957 se
715 1913 928 1972 papam
944 1895 1077 1969 eligi
1106 1894 1217 1950 sub
1238 1892 1624 1965 chirographo
1645 1893 1929 1961 decrevit;
1956 1892 2110 1965 quod

469 1996 665 2047 tamen
697 1990 900 2060 postea
929 1984 1286 2052 rescindens,
1311 1983 1450 2056 quia
1469 1985 1670 2038 contra
1693 1998 1945 2038 canones
1967 1984 2110 2049 erat,

471 2078 817 2138 combussit.
851 2075 980 2148 Ipse
1007 2073 1067 2127 in
1098 2071 1355 2145 periculo
1405 2070 1577 2127 famis
1607 2069 1824 2127 clerum
1861 2074 1916 2126 et
1968 2086 2109 2142 pau—

469 2184 637 2243 peres
662 2163 938 2222 alimonia
960 2162 1132 2235 juvit.
1165 2162 1350 2216 Anost.

535 2257 643 2311 532
670 2255 754 2310 Ab
783 2253 893 2307 hoc
923 2267 1096 2316 anno,
1128 2248 1349 2304 scilicet
1375 2246 1692 2303 Justiniani
1742 2246 2112 2319 imperatoris

467 2347 649 2412 sexto,
681 2340 994 2414 Dionysius
1023 2339 1322 2394 Romanus
1342 2336 1544 2406 abbas,
1571 2336 1875 2407 utriusque
1898 2334 2110 2408 lingua:

462 2430 883 2508 peritissimus,
917 2427 1145 2502 cyclum
1175 2442 1457 2500 magnum
1488 2423 1819 2497 paschalem
1854 2424 2108 2491 inchoat,

467 2520 717 2595 quijam
748 2517 929 2576 semel
968 2517 1040 2573 ab
1085 2514 1486 2571 incarnatione
1542 2512 1774 2569 Domini
1826 2513 1887 2567 in
1940 2512 2110 2568 annis

466 2627 658 2669 nxxxn
688 2611 945 2677 exactus,
973 2605 1216 2662 totidem
1246 2603 1306 2658 in
1337 2620 1400 2659 se
1438 2618 1624 2658 annos
1653 2601 1929 2658 continet.
1961 2600 2110 2656 Inci-

464 2699 552 2777 pit
597 2703 791 2763 autem
823 2715 858 2753 a
887 2695 1075 2769 primo
1105 2691 1443 2750 Diocletiani
1503 2708 1677 2758 anno,
1718 2691 1875 2746 unde
1926 2690 2107 2745 Graeci

464 2789 654 2864 cyclos
683 2803 823 2844 suos
869 2784 1241 2851 inchoabant,
1282 2780 1457 2855 cyclis
1504 2777 2110 2837 decennovennalibus

463 2865 569 2935 χιιι
598 2875 837 2942 exactis,
867 2874 927 2929 id
958 2877 1064 2942 est,
1091 2890 1185 2928 an.
1218 2886 1460 2926 ccxnvu.
1490 2869 1620 2925 Bed.
1664 2868 1781 2924 chr.
1815 2900 1881 2913 ς-
1917 2868 2108 2923 Romae.

466 2964 721 3021 Joannes
733 2961 1048 3025 secundus,
1065 2959 1164 3031 qui
1179 2962 1235 3014 et
1245 2957 1582 3026 Mercurius,
1600 2973 1752 3029 papa
1769 2956 1939 3011 LVIII
1961 2956 2112 3012 sedit

468 3051 641 3110 annis
657 3067 719 3119 II,
739 3049 1041 3105 mensibus
1063 3064 1139 3103 ιν.
1153 3047 1239 3101 Ad
1258 3045 1415 3101 hunc
1429 3044 1801 3101 Justinianus
1813 3044 2112 3116 Augustus

468 3142 541 3199 de
571 3140 685 3196 ﬁde
715 3137 1063 3196 sualitteras
1085 3139 1142 3193 et
1167 3133 1407 3191 donaria
1427 3137 1628 3189 sancto
1649 3132 1814 3188 Petro
1838 3134 2111 3188 transmi-

461 3231 557 3289 sit.
590 3230 786 3286 Anast.
817 3244 910 3281 an.
943 3226 1067 3281 533.
1102 3256 1168 3265 —
1199 3216 1603 3279 Theodoricu’s‘
1626 3237 1725 3276 rex
1752 3221 2107 3278 Francorum

2225 650 2530 723 tinopolim
2558 651 2821 720 abduxit,
2845 655 2900 709 et
2921 652 3330 725 Carthaginem
3354 650 3684 725 reipublicae.
3708 653 3871 710 resti-

2225 739 2337 795 tuit
2366 743 2496 812 post
2534 757 2718 796 annos
2746 758 2878 798 xcrv
2906 758 2975 798 ex
3005 758 3121 813 quo
3152 758 3186 796 a
3216 740 3504 797 Geiserico
3563 745 3731 814 capta
3759 746 3867 799 est.

2224 828 2775 902 Geilamerlquoque
2811 835 2945 902 post
2993 829 3218 902 aliquot
3256 846 3440 886 annos
3471 846 3505 885 a
3533 831 3869 888 Justiniano

2225 919 2488 989 Augusto
2519 934 2714 973 comes
2768 918 3025 985 effectus,
3080 924 3137 974 et
3192 917 3252 974 in
3306 918 3590 975 terminos
3630 919 3868 977 Partho-

2226 1023 2355 1061 rum
2379 1008 2449 1062 ad
2469 1023 2567 1063 eos
2590 1007 2871 1063 arcendos
2892 1008 3369 1064 constitutusest.
3387 1006 3623 1063 Marcell.
3639 1011 3866 1065 Marius.

2223 1096 2447 1167 Proc0p.
3543 1128 3555 1141 -

2295 1186 2401 1239 535
2430 1185 2623 1240 Romae
2655 1184 2931 1257 Agapitus
2961 1201 3112 1257 papa
3166 1184 3285 1240 LIX
3310 1186 3465 1242 sedit
3492 1203 3645 1244 anno
3678 1186 3796 1244 fere
3826 1205 3867 1243 1.

2222 1272 2325 1328 Hic
2352 1290 2385 1329 a
2411 1273 2706 1329 Theodato
2747 1277 3016 1346 tyranno,
3048 1290 3152 1345 pro
3184 1273 3373 1346 gratia
3395 1274 3714 1331 Justiniani
3744 1278 3869 1333 Au-

2220 1361 2399 1433 gusti,
2435 1365 2669 1434 propter
2697 1360 2948 1417 occisam
2988 1360 3436 1418 Amalsuindam
3487 1364 3597 1420 sibi
3630 1364 3868 1434 infensi,

2220 1448 2779 1523 Constantinopolim
2803 1450 3041 1522 missus,
3075 1455 3409 1528 constanter
3437 1469 3572 1508 cum
3602 1454 3866 1527 Augusto

2219 1555 2323 1611 pro
2353 1539 2468 1594 ﬁde
2497 1538 2712 1594 Christi
2769 1538 3115 1607 decertavit;
3173 1539 3550 1597 Anthemium
3597 1543 3866 1614 ejusdem

2219 1627 2384 1683 urbis
2413 1628 2753 1700 episcopum
2784 1627 3120 1685 hmreticum
3168 1628 3497 1684 convictum
3543 1631 3866 1702 damnavit,

2217 1716 2352 1772 etin
2376 1716 2570 1772 locum
2590 1717 2717 1787 ejus
2742 1716 2963 1772 favente
2986 1718 3249 1788 Augusto
3272 1716 3522 1773 Moenum
3546 1718 3675 1789 (al.,
3699 1720 3863 1775 Men-

2218 1806 2378 1873 nam)
2399 1805 2722 1873 ordinavit;
2750 1804 2993 1877 ipseque
3017 1804 3234 1861 ibidem
3259 1806 3461 1862 morbo
3482 1809 3672 1863 tactus
3697 1808 3865 1879 obiit,

2218 1898 2275 1950 et
2304 1894 2363 1949 in
2395 1893 2584 1950 loculo
2617 1893 2892 1966 plumbeo
2922 1894 3167 1949 Romam
3197 1892 3416 1950 relatus
3458 1895 3529 1950 ad
3584 1899 3868 1954 Sanctum

2219 1983 2452 2039 Petrum
2486 1982 2752 2054 sepultus
2782 1986 2887 2038 est.
2924 1984 3109 2038 Anast.
3143 1982 3382 2039 Marcell.
3422 1985 3549 2041 Vict.
3585 1986 3718 2040 Tun.

2287 2073 2393 2127 536
2416 2072 2609 2128 Romae
2627 2071 3253 2139 Silverius,liormisd&
3272 2090 3432 2145 papae
3446 2074 3670 2130 dudum
3684 2075 3868 2144 filius,

2218 2164 2419 2217 contra
2445 2160 2803 2218 voluntatem
2833 2156 2973 2216 cieri
3016 2176 3051 2215 a
3092 2159 3388 2217 Theodoto
3421 2165 3661 2235 tyranno
3691 2180 3867 2236 pecu-

2219 2249 2316 2306 nia
2345 2254 2615 2322 corrupto
2672 2248 2819 2321 (149)
2869 2248 2959 2303 LX
3010 2266 3162 2321 papa
3215 2249 3495 2307 violenter
3534 2258 3865 2324 promotus,

2218 2339 2369 2395 sedit
2388 2356 2540 2394 anno
2567 2356 2605 2404 ι,
2632 2338 2934 2394 mensibus
2954 2355 3008 2393 v.
3034 2338 3272 2394 Marcell.
3297 2340 3484 2395 Anast.
3512 2372 3575 2381 —
3598 2341 3869 2399 Theoda-

2217 2428 2393 2483 datus
2424 2431 2707 2500 tyrannus
2739 2425 2951 2482 abhinc
2982 2432 3113 2498 post
3166 2445 3206 2482 II
3264 2444 3495 2484 menses
3528 2446 3559 2483 a
3593 2430 3866 2504 Witigiso

2218 2521 2574 2588 peremptus,
2610 2520 2666 2571 et
2693 2514 2930 2588 Witigis
2959 2515 3081 2587 (al.,
3117 2515 3380 2589 Witiges)
3414 2535 3512 2573 rex
3538 2517 3868 2578 Gothorum

2217 2604 2404 2660 factus
2417 2604 2771 2659 est.Ai~moin.
2786 2634 2854 2643 —
2867 2602 3182 2659 Belisarius
3195 2604 3473 2676 patricius
3486 2606 3869 2666 aJustiniano

2215 2693 2475 2765 Augusto
2502 2691 2560 2747 in
2588 2691 2818 2747 Italiam
2850 2696 3052 2748 contra
3079 2693 3296 2749 Gothos
3328 2695 3567 2762 missus,
3599 2713 3700 2769 per
3723 2698 3870 2754 Sici-

2218 2778 2358 2836 liam
2404 2780 2714 2849 transiens,
2765 2784 2821 2836 et
2864 2781 3153 2836 Sunderat
3201 2779 3411 2838 ducem
3458 2784 3584 2855 ejus
3621 2784 3866 2845 vincens

2216 2868 2586 2943 Africamque
2604 2871 2675 2925 de
2698 2869 2960 2942 tyrannis
2982 2871 3076 2927 07
3106 2887 3338 2939 eruens,
3354 2872 3651 2941 Neapolim
3675 2880 3869 2934 trans-

2219 2957 2448 3014 fretavit
2475 2957 2782 3031 ipsamque
2803 2959 3007 3015 urbem
3031 2960 3142 3015 sibi
3170 2959 3535 3017 resistentem
3556 2963 3865 3023 obsessam

2216 3047 2271 3101 vi
2303 3046 2473 3118 cepit,
2508 3051 2568 3102 et
2597 3050 2715 3102 tam
2747 3047 2900 3103 cives
2931 3064 3108 3120 quam
3136 3047 3373 3117 Gothos,
3414 3048 3559 3105 nulli
3590 3069 3861 3123 parcens,

2215 3134 2543 3193 trucidavit.
2564 3135 2700 3191 Inde
2721 3153 2854 3191 cum
2877 3137 3081 3192 urbem
3104 3137 3346 3193 Romam
3364 3137 3662 3212 ingressus
3682 3147 3864 3217 esset,

2215 3225 2386 3280 Gothi
2417 3242 2622 3282 omnes
2652 3224 2750 3297 qui
2783 3225 2859 3281 ibi
2885 3225 3129 3295 fuerant,
3164 3231 3329 3283 nocte
3358 3229 3597 3300 egressi,
3634 3230 3864 3287 Raven-

462 3335 613 3377 unno
644 3315 808 3388 regni
838 3330 983 3370 xxm
1014 3312 1280 3381 moritur,
1331 3315 1388 3368 et
1435 3311 1603 3367 Metis
1651 3310 1966 3382 sepelitur:
2000 3328 2103 3382 pro
2136 3297 2178 3364 C
2216 3330 2353 3370 nam
2386 3315 2672 3387 fugientes
2703 3314 3013 3387 petierunt,
3048 3331 3195 3386 quos
3236 3297 3556 3386 insecutus,
3587 3297 3860 3378 conserto

460 3423 578 3480 quo
609 3404 765 3461 filius
802 3404 930 3474 ejus
985 3400 1421 3457 Theodebertus
1479 3397 1739 3471 regnavit
1795 3399 1933 3453 anni
1984 3417 2099 3455 xw.

460 3494 614 3568 Greg.
652 3496 776 3551 Tur.
803 3508 898 3548 an.
928 3492 1055 3546 534.

525 3585 632 3641 533
666 3584 857 3640 Romae
889 3584 1116 3636 mortuo
1173 3576 1506 3635 Athalarico
1563 3593 1697 3650 rege
1755 3576 2099 3649 Gothorum,

454 3672 836 3732 Amalsuinda
865 3670 1233 3727 Theodatum
1265 3669 1366 3724 66
1405 3667 1464 3723 in
1524 3666 1885 3723 consortium
1935 3667 2098 3740 regni

454 3761 742 3830 assumit;
768 3759 870 3833 qui
901 3759 1092 3831 ipsam
1118 3773 1231 3812 non
1254 3754 1439 3815 multo
1460 3758 1592 3827 post
1608 3753 1799 3809 occidi
1816 3754 2021 3827 jussit,
2044 3757 2101 3811 et

451 3868 699 3927 regnum
730 3849 842 3907 sibi
872 3847 980 3905 soli
1014 3845 1333 3917 usurpavit.
1358 3843 1598 3900 Marcell.
1625 3860 1719 3899 an.
1752 3859 1861 3915 seq.

520 3942 625 3997 534
654 3937 969 3997 Belisarius
999 3934 1277 4009 patricius
1308 3951 1342 3990 a
1369 3932 1702 3989 Justiniano
1749 3933 2098 4006 imperatore

450 4028 671 4086 missus
692 4026 1118 4084 Wandalorum
1141 4028 1370 4097 gentem
1405 4022 1464 4078 in
1494 4022 1689 4077 Africa
1708 4021 1857 4077 bello
1882 4021 2094 4077 victam

2215 3402 2409 3474 praelio
2441 3408 2665 3475 septem
2697 3401 2883 3458 millia
2933 3418 3002 3458 ex
3050 3403 3134 3458 eis
3194 3403 3423 3460 occidit.
3456 3405 3691 3479 Witigis
3718 3424 3858 3465 vero

2209 3489 2448 3546 collecto
2478 3491 2684 3562 grandi
2717 3489 2970 3545 exercitu
3003 3490 3347 3547 Belisarium
3385 3494 3707 3567 urbemque
3738 3495 3862 3552 Ro-

2209 3595 2366 3634 mam
2390 3596 2503 3635 uno
2518 3596 2670 3633 anno
2688 3579 2935 3647 obsedit,
2952 3580 3269 3652 omniaque
3288 3580 3507 3637 circum
3522 3583 3858 3657 devastans,

2208 3667 2412 3723 urbem
2446 3665 2595 3722 bello
2629 3671 2684 3722 et
2717 3667 2867 3722 fame
2885 3667 3136 3739 graviter
3156 3669 3466 3741 oppressit.
3492 3669 3698 3728 Postea
3721 3689 3859 3730 vero

2204 3771 2437 3828 egresso
2468 3755 2764 3824 Belisario,
2797 3773 2995 3829 pugna
3026 3758 3342 3813 commissa
3365 3758 3576 3825 victus,
3629 3761 3860 3820 Raven-

2204 3861 2341 3900 nam
2382 3843 2627 3917 aufugit.
2680 3847 2903 3916 Procop.
2962 3846 3097 3902 Mar.
3131 3848 3283 3903 Jorn.
3333 3879 3399 3889 —
3449 3848 3654 3905 Fames
3686 3853 3859 3905 tanta

2204 3933 2355 3989 facta
2387 3938 2497 4000 est,
2533 3937 2595 3989 ut
2626 3934 2684 3987 in
2719 3933 2955 4006 Liguria
2985 3936 3253 4007 quaedam
3279 3936 3553 3994 mulieres
3578 3936 3861 4010 parvulos

2202 4039 2342 4079 suos
2368 4023 2757 4078 comederent.
2790 4022 3037 4079 Marcell.
3072 4024 3126 4080 h.
3159 4042 3211 4080 a.

1481 4146 1955 4204 COMPENDIUM
1997 4146 2088 4203 EX
2124 4146 2375 4204 CODIGE
2415 4147 2797 4204 BERNOLDI.

519 4269 625 4324 528
655 4268 749 4322 His
774 4264 1128 4337 temporibus,
1160 4266 1298 4330 etc.,
1330 4264 1396 4316 ut
1423 4264 1571 4334 Aug.

519 4356 625 4412 330
652 4357 713 4412 In
745 4355 933 4426 Africa
961 4353 1133 4409 occiso
1168 4351 1514 4407 Hilderico...
1557 4350 1840 4418 invadens,
1892 4352 1952 4406 in
1995 4366 2087 4406 ca-

446 4447 675 4504 tholicos
697 4453 747 4501 et
776 4447 836 4500 in
864 4459 1048 4500 omnes
1074 4441 1454 4497 debacchatur.
1485 4442 1666 4496 Romae
1687 4441 1999 4507 Bonifacius
2023 4442 2092 4513 II,

438 4552 587 4609 popa
616 4536 773 4602 LVII,
801 4533 937 4589 sedit
966 4532 1132 4587 annis
1162 4548 1226 4598 ιι,
1256 4545 1439 4585 mense
1465 4532 1636 4601 ferme
1664 4544 1793 4585 uno.

511 4625 612 4680 531
647 4624 964 4694 Bonifacius
990 4637 1135 4693 papa
1163 4621 1486 4690 Vigilium...
1522 4618 1827 4674 combussit.

509 4714 617 4768 532
643 4713 721 4768 Ab
749 4713 846 4768 hoc
901 4727 1111 4767 anno...
1170 4712 1444 4766 Romanus
1496 4708 1662 4763 abbas
1714 4707 1993 4779 cyclum...
2028 4709 2087 4763 in

437 4816 499 4856 se
524 4816 698 4856 annos
725 4802 982 4856 continet.
1019 4801 1199 4855 Romae
1225 4800 1529 4854 Joannes...
1561 4796 1700 4852 sedit
1725 4812 1900 4851 annos
1929 4796 2081 4864 clauos,

2124 4264 2168 4329 D
2196 4268 2414 4335 gentem
2449 4264 2834 4321 Wandalorum
2860 4265 2922 4319 in
2968 4264 3158 4335 Africa
3191 4265 3330 4321 bello
3370 4268 3576 4323 victam
3628 4267 3856 4339 delevit,

2195 4360 2457 4424 captoque
2482 4369 2607 4425 rege
2627 4368 2813 4409 eorum
2836 4352 3125 4409 Gevamero
3145 4353 3423 4427 (Gelimer)
3438 4354 3859 4425 Carthaginem

2203 4442 2440 4498 Romano
2469 4443 2669 4514 p0pulo
2708 4443 2969 4497 restituit.

2268 4531 2376 4586 535
2406 4532 2581 4586 Romae
2610 4530 2872 4602 Agapitus
2895 4546 3041 4602 papa
3069 4533 3181 4587 LIX
3222 4532 3362 4588 sedit
3390 4549 3534 4589 anno
3561 4536 3680 4605 fere
3706 4550 3845 4591 uno.

2200 4620 2295 4674 Hic
2322 4637 2356 4674 o
2381 4619 2648 4675 Theodoto
2677 4624 2913 4691 tyranno
2964 4636 3064 4692 pro
3121 4623 3305 4688 gratio
3351 4624 3666 4678 Justiniani
3705 4625 3848 4693 Aug.

2194 4708 2396 4762 missus
2423 4708 2973 4779 Constantinopolim,
3017 4710 3365 4764 Anthemium
3419 4710 3660 4781 ejusdem
3688 4711 3851 4767 urbis

2192 4797 2502 4867 episcopum
2531 4796 2848 4861 haereticum
2876 4797 3180 4863 damnavit,
3212 4798 3569 4871 ordinataque
3586 4800 3700 4854 alio
3720 4802 3851 4871 epi-

436 4905 647 4945 menses
696 4892 953 4960 quatuor,
1004 4890 1095 4943 cui
1146 4889 1491 4943 Justinianus
1540 4888 1675 4957 Aug.
1738 4885 1802 4940 de
1846 4885 1953 4955 ﬁde
1981 4901 2083 4940 sua
2189 4901 2343 4956 scopo
2372 4884 2428 4939 id
2458 4885 2795 4953 est,.Menete
2828 4887 3113 4953 catholico,
3176 4887 3294 4957 ipse
3349 4887 3550 4943 ibidem
3594 4887 3752 4958 obiit,
3780 4890 3849 4943 in

436 4978 645 5034 litteras
672 4978 996 5033 transmisit.
2188 4975 2569 5029 ecclesiasticis
2592 4974 2794 5044 regulis
2822 4977 3073 5048 apprime
3101 4976 3367 5031 eruditus.

503 5067 611 5122 533
636 5066 821 5123 Romae
846 5074 1057 5121 mortuo
1083 5065 1392 5120 Athalarico
1423 5080 1546 5133 rege
1576 5061 1866 5119 Gothorum
1887 5063 2075 5118 Amal-
2254 5063 2362 5118 536
2392 5064 2568 5119 Romae
2598 5063 2882 5133 Silverius,
2916 5064 3218 5122 llormisdaz
3237 5065 3447 5121 dudum
3469 5081 3633 5138 papae
3661 5067 3842 5137 ﬁlius,

429 5155 629 5213 suinda
655 5159 833 5211 mater
860 5157 975 5227 ejus
1034 5154 1357 5210 Theodotum
1414 5156 1475 5209 in
1529 5153 1860 5208 consortium
1916 5154 2079 5222 regni
2182 5159 2372 5208 contra
2400 5152 2734 5208 voluntatem
2760 5153 2916 5218 cleri,
2957 5170 2989 5207 a
3025 5153 3280 5210 Theodoto
3308 5158 3568 5227 tyranno,
3599 5158 3845 5226 pecunia

428 5247 631 5302 sumit:
665 5246 761 5318 qui
789 5252 971 5301 tamen
1024 5260 1147 5299 eam
1184 5238 1377 5315 postea
1432 5242 1605 5298 occidi
1652 5242 1843 5314 jussit,
1880 5243 1933 5296 et
1963 5243 2078 5313 ipse
2182 5249 2452 5313 corrupto,
2483 5242 2568 5296 LX
2592 5256 2737 5313 papa
2792 5242 3057 5298 violenter
3107 5247 3409 5315 promotus,
3451 5245 3594 5301 sedit
3621 5260 3841 5301 annum

427 5335 573 5391 solus
599 5336 875 5406 regnavit.
2181 5346 2377 5400 unum,
2424 5345 2633 5387 menses
2664 5330 2927 5403 quinque.

496 5422 602 5480 534
631 5423 932 5481 Belisarius
954 5423 1226 5495 patricius
1260 5439 1294 5477 a
1343 5421 1653 5478 Justiniano
1684 5421 1816 5493 imp.
1850 5420 2069 5491 missus,

2011 5544 2242 5603 NOTAE.

489 5663 637 5752 (440)
668 5661 882 5747 Pagina
912 5662 972 5727 in
1026 5662 1189 5727 Brev.
1238 5662 1402 5724 Pent.
1446 5660 1637 5737 Rom.,
1678 5662 1821 5721 tom.
1858 5659 1902 5736 Ι,
1934 5676 2066 5739 pag.
2179 5663 2306 5739 284,
2366 5662 2673 5725 Silverium
2732 5661 2805 5726 ab
2863 5659 2970 5725 hac
3034 5660 3168 5727 labe
3221 5662 3407 5727 solide
3485 5661 3830 5728 vindicavit.
