  <div class='ocr_page' id='page_1' title='image "/cluster/home/n/w/nwhite01/storage/ocr_20150623/143/hvd.32044054760038/069.png"; bbox 0 0 4124 6188; ppageno 0'>
   <div class='ocr_carea' id='block_1_1' title="bbox 398 398 513 468">
    <p class='ocr_par' dir='ltr' id='par_1_1' title="bbox 398 398 513 468">
     <span class='ocr_line' id='line_1_1' title="bbox 398 398 513 468; baseline 0.017 -2"><span class='ocrx_word' id='word_1_1' title='bbox 398 398 513 468; x_wconf 71' lang='grc'><strong>193</strong></span> 
     </span>
    </p>
   </div>
   <div class='ocr_carea' id='block_1_2' title="bbox 1183 394 2976 493">
    <p class='ocr_par' dir='ltr' id='par_1_2' title="bbox 1183 394 2976 493">
     <span class='ocr_line' id='line_1_2' title="bbox 1183 394 2976 493; baseline 0.001 -30"><span class='ocrx_word' id='word_1_2' title='bbox 1183 397 1617 493; x_wconf 66' lang='grc' dir='ltr'><strong>⁵ΗΕΗΜΑΝΝΙ</strong></span> <span class='ocrx_word' id='word_1_3' title='bbox 1658 394 2099 461; x_wconf 81' lang='lat' dir='ltr'><strong>CONTRAGTl</strong></span> <span class='ocrx_word' id='word_1_4' title='bbox 2138 394 2550 466; x_wconf 65' lang='lat' dir='ltr'><strong>AUGIENSIS</strong></span> <span class='ocrx_word' id='word_1_5' title='bbox 2593 396 2976 466; x_wconf 81' lang='lat' dir='ltr'><strong>MONACHI.</strong></span> 
     </span>
    </p>
   </div>
   <div class='ocr_carea' id='block_1_3' title="bbox 3677 380 3795 457">
    <p class='ocr_par' dir='ltr' id='par_1_3' title="bbox 3677 380 3795 457">
     <span class='ocr_line' id='line_1_3' title="bbox 3677 380 3795 457; baseline 0.008 -1"><span class='ocrx_word' id='word_1_6' title='bbox 3677 380 3795 457; x_wconf 57' lang='grc'>128</span> 
     </span>
    </p>
   </div>
   <div class='ocr_carea' id='block_1_4' title="bbox 1759 556 2429 617">
    <p class='ocr_par' dir='ltr' id='par_1_4' title="bbox 1759 556 2429 617">
     <span class='ocr_line' id='line_1_4' title="bbox 1759 556 2429 617; baseline 0.003 -4"><span class='ocrx_word' id='word_1_7' title='bbox 1759 557 1995 613; x_wconf 88' lang='lat' dir='ltr'><strong>CODEX</strong></span> <span class='ocrx_word' id='word_1_8' title='bbox 2034 556 2429 617; x_wconf 81' lang='lat' dir='ltr'><strong>AUGIENSIS.</strong></span> 
     </span>
    </p>
   </div>
   <div class='ocr_carea' id='block_1_5' title="bbox 463 614 3796 735">
    <p class='ocr_par' dir='ltr' id='par_1_5' title="bbox 463 614 3796 735">
     <span class='ocr_line' id='line_1_5' title="bbox 463 614 3796 735; baseline -0.004 -12"><span class='ocrx_word' id='word_1_9' title='bbox 463 664 560 723; x_wconf 87' lang='lat'><strong>584</strong></span> <span class='ocrx_word' id='word_1_10' title='bbox 598 662 717 720; x_wconf 88' lang='lat' dir='ltr'><strong>Hoc</strong></span> <span class='ocrx_word' id='word_1_11' title='bbox 744 664 1004 735; x_wconf 88' lang='lat' dir='ltr'><strong>tempore</strong></span> <span class='ocrx_word' id='word_1_12' title='bbox 1059 659 1344 718; x_wconf 88' lang='lat' dir='ltr'><strong>exercitus</strong></span> <span class='ocrx_word' id='word_1_13' title='bbox 1391 656 1604 714; x_wconf 84' lang='lat' dir='ltr'><strong>Tiberii</strong></span> <span class='ocrx_word' id='word_1_14' title='bbox 1660 655 2036 728; x_wconf 81' lang='lat' dir='ltr'><strong>imperatoris</strong></span> <span class='ocrx_word' id='word_1_15' title='bbox 2064 658 2120 724; x_wconf 81' lang='grc' dir='ltr'><strong>Α</strong></span> <span class='ocrx_word' id='word_1_16' title='bbox 2150 657 2368 715; x_wconf 88' lang='lat' dir='ltr'><strong>scelera</strong></span> <span class='ocrx_word' id='word_1_17' title='bbox 2397 662 2454 715; x_wconf 92' lang='lat' dir='ltr'><strong>et</strong></span> <span class='ocrx_word' id='word_1_18' title='bbox 2481 659 2636 715; x_wconf 88' lang='lat' dir='ltr'><strong>mala</strong></span> <span class='ocrx_word' id='word_1_19' title='bbox 2665 676 2792 729; x_wconf 89' lang='lat' dir='ltr'><strong>sua,</strong></span> <span class='ocrx_word' id='word_1_20' title='bbox 2814 658 3046 717; x_wconf 80' lang='lat' dir='ltr'><strong>insidiis</strong></span> <span class='ocrx_word' id='word_1_21' title='bbox 3060 614 3360 732; x_wconf 83' lang='lat' dir='ltr'><strong>perempto</strong></span> <span class='ocrx_word' id='word_1_22' title='bbox 3379 654 3526 730; x_wconf 87' lang='grc'>(167)</span> <span class='ocrx_word' id='word_1_23' title='bbox 3557 652 3796 711; x_wconf 82' lang='lat' dir='ltr'><strong>etPari-</strong></span> 
     </span>
    </p>
   </div>
   <div class='ocr_carea' id='block_1_6' title="bbox 394 744 2035 824">
    <p class='ocr_par' dir='ltr' id='par_1_6' title="bbox 394 744 2035 824">
     <span class='ocr_line' id='line_1_6' title="bbox 394 744 2035 824; baseline -0.007 -12"><span class='ocrx_word' id='word_1_24' title='bbox 394 755 616 812; x_wconf 87' lang='lat' dir='ltr'><strong>missus</strong></span> <span class='ocrx_word' id='word_1_25' title='bbox 638 753 843 809; x_wconf 82' lang='lat' dir='ltr'><strong>Persas</strong></span> <span class='ocrx_word' id='word_1_26' title='bbox 874 754 1139 824; x_wconf 89' lang='lat' dir='ltr'><strong>potenter</strong></span> <span class='ocrx_word' id='word_1_27' title='bbox 1168 746 1483 820; x_wconf 84' lang='lat' dir='ltr'><strong>superavit,</strong></span> <span class='ocrx_word' id='word_1_28' title='bbox 1515 749 1573 801; x_wconf 89' lang='lat' dir='ltr'><strong>et</strong></span> <span class='ocrx_word' id='word_1_29' title='bbox 1596 744 1749 800; x_wconf 90' lang='lat' dir='ltr'><strong>inter</strong></span> <span class='ocrx_word' id='word_1_30' title='bbox 1802 744 2035 800; x_wconf 89' lang='lat' dir='ltr'><strong>inume-</strong></span> 
     </span>
    </p>
   </div>
   <div class='ocr_carea' id='block_1_7' title="bbox 393 831 2037 915">
    <p class='ocr_par' dir='ltr' id='par_1_7' title="bbox 393 831 2037 915">
     <span class='ocr_line' id='line_1_7' title="bbox 393 831 2037 915; baseline -0.009 -13"><span class='ocrx_word' id='word_1_31' title='bbox 393 843 638 902; x_wconf 86' lang='lat' dir='ltr'><strong>rabilem</strong></span> <span class='ocrx_word' id='word_1_32' title='bbox 670 842 873 915; x_wconf 61' lang='lat' dir='ltr'><strong>praedae</strong></span> <span class='ocrx_word' id='word_1_33' title='bbox 905 840 1131 911; x_wconf 89' lang='lat' dir='ltr'><strong>copiam</strong></span> <span class='ocrx_word' id='word_1_34' title='bbox 1168 855 1239 891; x_wconf 97' lang='lat' dir='ltr'><strong>xx</strong></span> <span class='ocrx_word' id='word_1_35' title='bbox 1296 835 1640 907; x_wconf 81' lang='lat' dir='ltr'><strong>elephantos</strong></span> <span class='ocrx_word' id='word_1_36' title='bbox 1698 831 2037 905; x_wconf 85' lang='lat' dir='ltr'><strong>imperatori</strong></span> 
     </span>
    </p>
   </div>
   <div class='ocr_carea' id='block_1_8' title="bbox 2146 742 3799 820">
    <p class='ocr_par' dir='ltr' id='par_1_8' title="bbox 2146 742 3799 820">
     <span class='ocr_line' id='line_1_8' title="bbox 2146 742 3799 820; baseline -0.002 -18"><span class='ocrx_word' id='word_1_37' title='bbox 2146 747 2271 803; x_wconf 89' lang='lat' dir='ltr'><strong>sius</strong></span> <span class='ocrx_word' id='word_1_38' title='bbox 2291 748 2351 802; x_wconf 90' lang='lat' dir='ltr'><strong>in</strong></span> <span class='ocrx_word' id='word_1_39' title='bbox 2372 747 2616 803; x_wconf 89' lang='lat' dir='ltr'><strong>basilica</strong></span> <span class='ocrx_word' id='word_1_40' title='bbox 2635 749 2693 804; x_wconf 93' lang='lat' dir='ltr'><strong>S.</strong></span> <span class='ocrx_word' id='word_1_41' title='bbox 2713 747 3003 804; x_wconf 83' lang='lat' dir='ltr'><strong>Vincentii</strong></span> <span class='ocrx_word' id='word_1_42' title='bbox 3026 745 3280 820; x_wconf 89' lang='lat' dir='ltr'><strong>sepulto,</strong></span> <span class='ocrx_word' id='word_1_43' title='bbox 3300 742 3630 801; x_wconf 88' lang='lat' dir='ltr'><strong>Clotharius</strong></span> <span class='ocrx_word' id='word_1_44' title='bbox 3652 758 3799 815; x_wconf 85' lang='lat' dir='ltr'><strong>puer</strong></span> 
     </span>
    </p>
   </div>
   <div class='ocr_carea' id='block_1_9' title="bbox 2145 830 3792 909">
    <p class='ocr_par' dir='ltr' id='par_1_9' title="bbox 2145 830 3792 909">
     <span class='ocr_line' id='line_1_9' title="bbox 2145 830 3792 909; baseline -0.003 -18"><span class='ocrx_word' id='word_1_45' title='bbox 2145 835 2301 893; x_wconf 79' lang='lat' dir='ltr'><strong>illius</strong></span> <span class='ocrx_word' id='word_1_46' title='bbox 2321 838 2449 908; x_wconf 90' lang='lat' dir='ltr'><strong>ejus</strong></span> <span class='ocrx_word' id='word_1_47' title='bbox 2481 853 2516 892; x_wconf 91' lang='lat' dir='ltr'><strong>a</strong></span> <span class='ocrx_word' id='word_1_48' title='bbox 2538 836 2924 892; x_wconf 88' lang='lat' dir='ltr'><strong>Guntrammo</strong></span> <span class='ocrx_word' id='word_1_49' title='bbox 2950 853 3083 909; x_wconf 87' lang='lat' dir='ltr'><strong>rege</strong></span> <span class='ocrx_word' id='word_1_50' title='bbox 3113 838 3322 909; x_wconf 88' lang='lat' dir='ltr'><strong>patruo</strong></span> <span class='ocrx_word' id='word_1_51' title='bbox 3353 849 3459 889; x_wconf 90' lang='lat' dir='ltr'><strong>suo</strong></span> <span class='ocrx_word' id='word_1_52' title='bbox 3509 830 3792 904; x_wconf 82' lang='lat' dir='ltr'><strong>baptizari</strong></span> 
     </span>
    </p>
   </div>
   <div class='ocr_carea' id='block_1_10' title="bbox 395 907 3794 1003">
    <p class='ocr_par' dir='ltr' id='par_1_10' title="bbox 395 907 3794 1003">
     <span class='ocr_line' id='line_1_10' title="bbox 395 907 3794 1003; baseline -0.005 -13"><span class='ocrx_word' id='word_1_53' title='bbox 395 933 606 990; x_wconf 87' lang='lat' dir='ltr'><strong>reddit.</strong></span> <span class='ocrx_word' id='word_1_54' title='bbox 642 907 769 1003; x_wconf 77' lang='lat' dir='ltr'><strong>Ipse</strong></span> <span class='ocrx_word' id='word_1_55' title='bbox 798 907 1134 1000; x_wconf 74' lang='lat' dir='ltr'><strong>imperator,</strong></span> <span class='ocrx_word' id='word_1_56' title='bbox 1168 942 1303 980; x_wconf 90' lang='lat' dir='ltr'><strong>cum</strong></span> <span class='ocrx_word' id='word_1_57' title='bbox 1338 923 1504 978; x_wconf 86' lang='lat' dir='ltr'><strong>Italia</strong></span> <span class='ocrx_word' id='word_1_58' title='bbox 1557 926 1615 978; x_wconf 90' lang='lat' dir='ltr'><strong>et</strong></span> <span class='ocrx_word' id='word_1_59' title='bbox 1668 923 1797 994; x_wconf 85' lang='lat' dir='ltr'><strong>ipsa</strong></span> <span class='ocrx_word' id='word_1_60' title='bbox 1852 923 2039 977; x_wconf 86' lang='lat' dir='ltr'><strong>Roma</strong></span> <span class='ocrx_word' id='word_1_61' title='bbox 2138 907 2412 996; x_wconf 61' lang='lat' dir='ltr'><strong>jussus“</strong></span> <span class='ocrx_word' id='word_1_62' title='bbox 2426 925 2511 997; x_wconf 88' lang='lat'><strong>68)</strong></span> <span class='ocrx_word' id='word_1_63' title='bbox 2529 925 2673 981; x_wconf 89' lang='lat' dir='ltr'><strong>etde</strong></span> <span class='ocrx_word' id='word_1_64' title='bbox 2694 941 2859 981; x_wconf 87' lang='lat' dir='ltr'><strong>sacro</strong></span> <span class='ocrx_word' id='word_1_65' title='bbox 2884 907 3041 981; x_wconf 78' lang='lat' dir='ltr'><strong>fonte</strong></span> <span class='ocrx_word' id='word_1_66' title='bbox 3062 907 3590 993; x_wconf 72' lang='lat' dir='ltr'><strong>susceptus,inque</strong></span> <span class='ocrx_word' id='word_1_67' title='bbox 3614 935 3794 992; x_wconf 88' lang='lat' dir='ltr'><strong>regno</strong></span> 
     </span>
    </p>
   </div>
   <div class='ocr_carea' id='block_1_11' title="bbox 392 1010 2038 1089">
    <p class='ocr_par' dir='ltr' id='par_1_11' title="bbox 392 1010 2038 1089">
     <span class='ocr_line' id='line_1_11' title="bbox 392 1010 2038 1089; baseline -0.009 -10"><span class='ocrx_word' id='word_1_68' title='bbox 392 1021 547 1079; x_wconf 90' lang='lat' dir='ltr'><strong>bello</strong></span> <span class='ocrx_word' id='word_1_69' title='bbox 576 1018 1112 1089; x_wconf 83' lang='lat' dir='ltr'><strong>Langobardorum,</strong></span> <span class='ocrx_word' id='word_1_70' title='bbox 1142 1012 1471 1085; x_wconf 76' lang='lat' dir='ltr'><strong>pestilentia</strong></span> <span class='ocrx_word' id='word_1_71' title='bbox 1500 1015 1556 1067; x_wconf 92' lang='lat' dir='ltr'><strong>et</strong></span> <span class='ocrx_word' id='word_1_72' title='bbox 1586 1012 1826 1082; x_wconf 85' lang='lat' dir='ltr'><strong>insuper</strong></span> <span class='ocrx_word' id='word_1_73' title='bbox 1885 1010 2038 1065; x_wconf 85' lang='lat' dir='ltr'><strong>fame</strong></span> 
     </span>
    </p>
   </div>
   <div class='ocr_carea' id='block_1_12' title="bbox 394 1099 2036 1185">
    <p class='ocr_par' dir='ltr' id='par_1_12' title="bbox 394 1099 2036 1185">
     <span class='ocr_line' id='line_1_12' title="bbox 394 1099 2036 1185; baseline -0.008 -19"><span class='ocrx_word' id='word_1_74' title='bbox 394 1109 644 1185; x_wconf 85' lang='lat' dir='ltr'><strong>graviter</strong></span> <span class='ocrx_word' id='word_1_75' title='bbox 672 1106 977 1170; x_wconf 87' lang='lat' dir='ltr'><strong>laboraret,</strong></span> <span class='ocrx_word' id='word_1_76' title='bbox 1008 1119 1183 1158; x_wconf 86' lang='lat' dir='ltr'><strong>naves</strong></span> <span class='ocrx_word' id='word_1_77' title='bbox 1206 1102 1496 1157; x_wconf 82' lang='lat' dir='ltr'><strong>frumento</strong></span> <span class='ocrx_word' id='word_1_78' title='bbox 1519 1105 1761 1155; x_wconf 87' lang='lat' dir='ltr'><strong>onustas</strong></span> <span class='ocrx_word' id='word_1_79' title='bbox 1792 1099 2036 1154; x_wconf 82' lang='lat' dir='ltr'><strong>Romam</strong></span> 
     </span>
    </p>
   </div>
   <div class='ocr_carea' id='block_1_13' title="bbox 394 1187 2035 1263">
    <p class='ocr_par' dir='ltr' id='par_1_13' title="bbox 394 1187 2035 1263">
     <span class='ocr_line' id='line_1_13' title="bbox 394 1187 2035 1263; baseline -0.007 -10"><span class='ocrx_word' id='word_1_80' title='bbox 394 1197 577 1261; x_wconf 86' lang='lat' dir='ltr'><strong>misit,</strong></span> <span class='ocrx_word' id='word_1_81' title='bbox 610 1200 667 1249; x_wconf 87' lang='lat' dir='ltr'><strong>et</strong></span> <span class='ocrx_word' id='word_1_82' title='bbox 707 1210 948 1249; x_wconf 67' lang='lat' dir='ltr'><strong>annonae</strong></span> <span class='ocrx_word' id='word_1_83' title='bbox 1003 1191 1228 1263; x_wconf 88' lang='lat' dir='ltr'><strong>copiam</strong></span> <span class='ocrx_word' id='word_1_84' title='bbox 1284 1189 1495 1262; x_wconf 86' lang='lat' dir='ltr'><strong>populo</strong></span> <span class='ocrx_word' id='word_1_85' title='bbox 1549 1187 2035 1245; x_wconf 82' lang='lat' dir='ltr'><strong>subministravit.</strong></span> 
     </span>
    </p>
   </div>
   <div class='ocr_carea' id='block_1_14' title="bbox 395 1281 1099 1342">
    <p class='ocr_par' dir='ltr' id='par_1_14' title="bbox 395 1281 1099 1342">
     <span class='ocr_line' id='line_1_14' title="bbox 395 1281 1099 1342; baseline -0.011 0"><span class='ocrx_word' id='word_1_86' title='bbox 395 1287 539 1342; x_wconf 86' lang='lat' dir='ltr'><strong>Paul</strong></span> <span class='ocrx_word' id='word_1_87' title='bbox 560 1286 709 1338; x_wconf 87' lang='lat' dir='ltr'><strong>Diae.</strong></span> <span class='ocrx_word' id='word_1_88' title='bbox 746 1284 783 1337; x_wconf 93' lang='lat' dir='ltr'><strong>l.</strong></span> <span class='ocrx_word' id='word_1_89' title='bbox 820 1299 900 1335; x_wconf 86' lang='grc' dir='ltr'><strong>ιιι.</strong></span> <span class='ocrx_word' id='word_1_90' title='bbox 933 1298 980 1335; x_wconf 90' lang='lat' dir='ltr'><strong>c.</strong></span> <span class='ocrx_word' id='word_1_91' title='bbox 1016 1281 1099 1335; x_wconf 83' lang='grc'>12.</span> 
     </span>
    </p>
   </div>
   <div class='ocr_carea' id='block_1_15' title="bbox 467 1363 2037 1439">
    <p class='ocr_par' dir='ltr' id='par_1_15' title="bbox 467 1363 2037 1439">
     <span class='ocr_line' id='line_1_15' title="bbox 467 1363 2037 1439; baseline -0.007 -11"><span class='ocrx_word' id='word_1_92' title='bbox 467 1375 565 1428; x_wconf 74' lang='lat'><strong>79</strong></span> <span class='ocrx_word' id='word_1_93' title='bbox 591 1374 697 1426; x_wconf 87' lang='lat'><strong>582</strong></span> <span class='ocrx_word' id='word_1_94' title='bbox 725 1366 1221 1439; x_wconf 81' lang='lat' dir='ltr'><strong>Constantinopoli</strong></span> <span class='ocrx_word' id='word_1_95' title='bbox 1254 1367 1523 1421; x_wconf 88' lang='lat' dir='ltr'><strong>Tiberius</strong></span> <span class='ocrx_word' id='word_1_96' title='bbox 1548 1367 1863 1437; x_wconf 83' lang='lat' dir='ltr'><strong>imperator</strong></span> <span class='ocrx_word' id='word_1_97' title='bbox 1878 1363 2037 1418; x_wconf 90' lang='lat' dir='ltr'><strong>omni</strong></span> 
     </span>
    </p>
   </div>
   <div class='ocr_carea' id='block_1_16' title="bbox 391 1454 2040 1530">
    <p class='ocr_par' dir='ltr' id='par_1_16' title="bbox 391 1454 2040 1530">
     <span class='ocr_line' id='line_1_16' title="bbox 391 1454 2040 1530; baseline -0.006 -14"><span class='ocrx_word' id='word_1_98' title='bbox 391 1462 563 1516; x_wconf 88' lang='lat' dir='ltr'><strong>laude</strong></span> <span class='ocrx_word' id='word_1_99' title='bbox 592 1458 1000 1530; x_wconf 83' lang='lat' dir='ltr'><strong>dignissimus,</strong></span> <span class='ocrx_word' id='word_1_100' title='bbox 1038 1456 1239 1510; x_wconf 91' lang='lat' dir='ltr'><strong>morbo</strong></span> <span class='ocrx_word' id='word_1_101' title='bbox 1270 1459 1486 1521; x_wconf 84' lang='lat' dir='ltr'><strong>tactus,</strong></span> <span class='ocrx_word' id='word_1_102' title='bbox 1531 1454 1709 1507; x_wconf 80' lang='lat' dir='ltr'><strong>filiam</strong></span> <span class='ocrx_word' id='word_1_103' title='bbox 1760 1470 1926 1507; x_wconf 85' lang='lat' dir='ltr'><strong>suam</strong></span> <span class='ocrx_word' id='word_1_104' title='bbox 1983 1456 2040 1505; x_wconf 83' lang='lat' dir='ltr'><strong>et</strong></span> 
     </span>
    </p>
   </div>
   <div class='ocr_carea' id='block_1_17' title="bbox 388 1540 2037 1622">
    <p class='ocr_par' dir='ltr' id='par_1_17' title="bbox 388 1540 2037 1622">
     <span class='ocr_line' id='line_1_17' title="bbox 388 1540 2037 1622; baseline -0.007 -17"><span class='ocrx_word' id='word_1_105' title='bbox 388 1549 703 1622; x_wconf 89' lang='lat' dir='ltr'><strong>imperium</strong></span> <span class='ocrx_word' id='word_1_106' title='bbox 739 1545 1017 1603; x_wconf 87' lang='lat' dir='ltr'><strong>Mauricio</strong></span> <span class='ocrx_word' id='word_1_107' title='bbox 1042 1544 1301 1611; x_wconf 86' lang='lat' dir='ltr'><strong>tradidit,</strong></span> <span class='ocrx_word' id='word_1_108' title='bbox 1321 1547 1377 1599; x_wconf 91' lang='lat' dir='ltr'><strong>et</strong></span> <span class='ocrx_word' id='word_1_109' title='bbox 1401 1543 1526 1614; x_wconf 87' lang='lat' dir='ltr'><strong>ipse</strong></span> <span class='ocrx_word' id='word_1_110' title='bbox 1549 1559 1617 1597; x_wconf 89' lang='lat' dir='ltr'><strong>ex</strong></span> <span class='ocrx_word' id='word_1_111' title='bbox 1638 1542 1747 1597; x_wconf 88' lang='lat' dir='ltr'><strong>hac</strong></span> <span class='ocrx_word' id='word_1_112' title='bbox 1769 1542 1887 1596; x_wconf 89' lang='lat' dir='ltr'><strong>vita</strong></span> <span class='ocrx_word' id='word_1_113' title='bbox 1907 1540 2037 1594; x_wconf 77' lang='lat' dir='ltr'><strong>feli-</strong></span> 
     </span>
    </p>
   </div>
   <div class='ocr_carea' id='block_1_18' title="bbox 391 1630 2035 1705">
    <p class='ocr_par' dir='ltr' id='par_1_18' title="bbox 391 1630 2035 1705">
     <span class='ocr_line' id='line_1_18' title="bbox 391 1630 2035 1705; baseline -0.007 -11"><span class='ocrx_word' id='word_1_114' title='bbox 391 1639 536 1694; x_wconf 90' lang='lat' dir='ltr'><strong>citer</strong></span> <span class='ocrx_word' id='word_1_115' title='bbox 564 1634 852 1692; x_wconf 86' lang='lat' dir='ltr'><strong>discessit.</strong></span> <span class='ocrx_word' id='word_1_116' title='bbox 880 1639 986 1689; x_wconf 87' lang='lat' dir='ltr'><strong>Pro</strong></span> <span class='ocrx_word' id='word_1_117' title='bbox 1008 1650 1122 1705; x_wconf 89' lang='lat' dir='ltr'><strong>quo</strong></span> <span class='ocrx_word' id='word_1_118' title='bbox 1146 1633 1299 1687; x_wconf 90' lang='lat' dir='ltr'><strong>idem</strong></span> <span class='ocrx_word' id='word_1_119' title='bbox 1322 1631 1640 1686; x_wconf 88' lang='lat' dir='ltr'><strong>Mauricius</strong></span> <span class='ocrx_word' id='word_1_120' title='bbox 1663 1646 1869 1703; x_wconf 86' lang='lat' dir='ltr'><strong>genere</strong></span> <span class='ocrx_word' id='word_1_121' title='bbox 1891 1630 2035 1701; x_wconf 87' lang='lat' dir='ltr'><strong>Cap-</strong></span> 
     </span>
    </p>
   </div>
   <div class='ocr_carea' id='block_1_19' title="bbox 389 1714 2037 1800">
    <p class='ocr_par' dir='ltr' id='par_1_19' title="bbox 389 1714 2037 1800">
     <span class='ocr_line' id='line_1_19' title="bbox 389 1714 2037 1800; baseline -0.007 -17"><span class='ocrx_word' id='word_1_122' title='bbox 389 1728 580 1800; x_wconf 85' lang='lat' dir='ltr'><strong>padox</strong></span> <span class='ocrx_word' id='word_1_123' title='bbox 610 1723 871 1797; x_wconf 86' lang='lat' dir='ltr'><strong>regnavit</strong></span> <span class='ocrx_word' id='word_1_124' title='bbox 901 1714 1215 1777; x_wconf 37' lang='lat' dir='ltr'><strong>annis&#39;xxn</strong></span> <span class='ocrx_word' id='word_1_125' title='bbox 1259 1720 1411 1790; x_wconf 77' lang='lat' dir='ltr'><strong>Greg.</strong></span> <span class='ocrx_word' id='word_1_126' title='bbox 1450 1722 1574 1775; x_wconf 92' lang='lat' dir='ltr'><strong>Tur.</strong></span> <span class='ocrx_word' id='word_1_127' title='bbox 1609 1750 1678 1759; x_wconf 91' lang='lat'><strong>—</strong></span> <span class='ocrx_word' id='word_1_128' title='bbox 1709 1719 1903 1774; x_wconf 60' lang='lat' dir='ltr'><strong>Romae</strong></span> <span class='ocrx_word' id='word_1_129' title='bbox 1936 1718 2037 1771; x_wconf 91' lang='lat' dir='ltr'><strong>Pe-</strong></span> 
     </span>
    </p>
   </div>
   <div class='ocr_carea' id='block_1_20' title="bbox 389 1808 2039 1889">
    <p class='ocr_par' dir='ltr' id='par_1_20' title="bbox 389 1808 2039 1889">
     <span class='ocr_line' id='line_1_20' title="bbox 389 1808 2039 1889; baseline -0.008 -16"><span class='ocrx_word' id='word_1_130' title='bbox 389 1816 583 1889; x_wconf 87' lang='lat' dir='ltr'><strong>lagius</strong></span> <span class='ocrx_word' id='word_1_131' title='bbox 613 1813 908 1870; x_wconf 90' lang='lat' dir='ltr'><strong>secundus</strong></span> <span class='ocrx_word' id='word_1_132' title='bbox 939 1810 1085 1882; x_wconf 89' lang='grc' dir='ltr'>(16¹ι)</span> <span class='ocrx_word' id='word_1_133' title='bbox 1107 1826 1259 1881; x_wconf 88' lang='lat' dir='ltr'><strong>papa</strong></span> <span class='ocrx_word' id='word_1_134' title='bbox 1278 1808 1414 1863; x_wconf 84' lang='lat' dir='ltr'><strong>LXV</strong></span> <span class='ocrx_word' id='word_1_135' title='bbox 1436 1808 1776 1863; x_wconf 82' lang='lat' dir='ltr'><strong>sedit‘annis</strong></span> <span class='ocrx_word' id='word_1_136' title='bbox 1793 1808 2039 1875; x_wconf 85' lang='lat' dir='ltr'><strong>x,&#39;men-</strong></span> 
     </span>
    </p>
   </div>
   <div class='ocr_carea' id='block_1_21' title="bbox 390 1894 2038 1971">
    <p class='ocr_par' dir='ltr' id='par_1_21' title="bbox 390 1894 2038 1971">
     <span class='ocr_line' id='line_1_21' title="bbox 390 1894 2038 1971; baseline -0.008 -10"><span class='ocrx_word' id='word_1_137' title='bbox 390 1906 555 1962; x_wconf 89' lang='lat' dir='ltr'><strong>sibus</strong></span> <span class='ocrx_word' id='word_1_138' title='bbox 583 1921 647 1958; x_wconf 86' lang='lat' dir='ltr'><strong>II.</strong></span> <span class='ocrx_word' id='word_1_139' title='bbox 680 1902 783 1956; x_wconf 87' lang='lat' dir='ltr'><strong>Hic</strong></span> <span class='ocrx_word' id='word_1_140' title='bbox 813 1898 1099 1971; x_wconf 89' lang='lat' dir='ltr'><strong>templum</strong></span> <span class='ocrx_word' id='word_1_141' title='bbox 1150 1900 1206 1951; x_wconf 84' lang='lat'><strong>8.</strong></span> <span class='ocrx_word' id='word_1_142' title='bbox 1270 1896 1421 1951; x_wconf 89' lang='lat' dir='ltr'><strong>Petri</strong></span> <span class='ocrx_word' id='word_1_143' title='bbox 1472 1896 1690 1952; x_wconf 88' lang='lat' dir='ltr'><strong>tabulis</strong></span> <span class='ocrx_word' id='word_1_144' title='bbox 1749 1894 2038 1967; x_wconf 80' lang='lat' dir='ltr'><strong>argenteis</strong></span> 
     </span>
    </p>
   </div>
   <div class='ocr_carea' id='block_1_22' title="bbox 389 1983 2035 2054">
    <p class='ocr_par' dir='ltr' id='par_1_22' title="bbox 389 1983 2035 2054">
     <span class='ocr_line' id='line_1_22' title="bbox 389 1983 2035 2054; baseline -0.007 -6"><span class='ocrx_word' id='word_1_145' title='bbox 389 1990 687 2048; x_wconf 87' lang='lat' dir='ltr'><strong>deauratis</strong></span> <span class='ocrx_word' id='word_1_146' title='bbox 718 1989 875 2054; x_wconf 81' lang='lat' dir='ltr'><strong>texit,</strong></span> <span class='ocrx_word' id='word_1_147' title='bbox 911 1988 1154 2041; x_wconf 87' lang='lat' dir='ltr'><strong>domum</strong></span> <span class='ocrx_word' id='word_1_148' title='bbox 1188 2002 1355 2041; x_wconf 86' lang='lat' dir='ltr'><strong>suam</strong></span> <span class='ocrx_word' id='word_1_149' title='bbox 1408 1984 1833 2040; x_wconf 89' lang='lat' dir='ltr'><strong>xenodochium</strong></span> <span class='ocrx_word' id='word_1_150' title='bbox 1884 1983 2035 2046; x_wconf 86' lang='lat' dir='ltr'><strong>fecit,</strong></span> 
     </span>
    </p>
   </div>
   <div class='ocr_carea' id='block_1_23' title="bbox 386 2072 2035 2145">
    <p class='ocr_par' dir='ltr' id='par_1_23' title="bbox 386 2072 2035 2145">
     <span class='ocr_line' id='line_1_23' title="bbox 386 2072 2035 2145; baseline -0.006 -9"><span class='ocrx_word' id='word_1_151' title='bbox 386 2080 690 2137; x_wconf 86' lang='lat' dir='ltr'><strong>basilicam</strong></span> <span class='ocrx_word' id='word_1_152' title='bbox 722 2079 780 2133; x_wconf 90' lang='lat' dir='ltr'><strong>S.</strong></span> <span class='ocrx_word' id='word_1_153' title='bbox 839 2075 1133 2132; x_wconf 88' lang='lat' dir='ltr'><strong>Laurentii</strong></span> <span class='ocrx_word' id='word_1_154' title='bbox 1191 2075 1537 2138; x_wconf 86' lang='lat' dir='ltr'><strong>construxit,</strong></span> <span class='ocrx_word' id='word_1_155' title='bbox 1594 2078 1651 2128; x_wconf 91' lang='lat' dir='ltr'><strong>et</strong></span> <span class='ocrx_word' id='word_1_156' title='bbox 1699 2072 2035 2145; x_wconf 85' lang='lat' dir='ltr'><strong>sepulcrum</strong></span> 
     </span>
    </p>
   </div>
   <div class='ocr_carea' id='block_1_24' title="bbox 388 2162 1581 2242">
    <p class='ocr_par' dir='ltr' id='par_1_24' title="bbox 388 2162 1581 2242">
     <span class='ocr_line' id='line_1_24' title="bbox 388 2162 1581 2242; baseline -0.007 -16"><span class='ocrx_word' id='word_1_157' title='bbox 388 2171 518 2242; x_wconf 86' lang='lat' dir='ltr'><strong>ejus</strong></span> <span class='ocrx_word' id='word_1_158' title='bbox 548 2165 765 2223; x_wconf 84' lang='lat' dir='ltr'><strong>tabulis</strong></span> <span class='ocrx_word' id='word_1_159' title='bbox 798 2163 1088 2237; x_wconf 82' lang='lat' dir='ltr'><strong>argenteis</strong></span> <span class='ocrx_word' id='word_1_160' title='bbox 1120 2162 1364 2218; x_wconf 89' lang='lat' dir='ltr'><strong>ornavit.</strong></span> <span class='ocrx_word' id='word_1_161' title='bbox 1396 2164 1581 2218; x_wconf 85' lang='lat' dir='ltr'><strong>Anast.</strong></span> 
     </span>
    </p>
   </div>
   <div class='ocr_carea' id='block_1_25' title="bbox 458 2251 2036 2313">
    <p class='ocr_par' dir='ltr' id='par_1_25' title="bbox 458 2251 2036 2313">
     <span class='ocr_line' id='line_1_25' title="bbox 458 2251 2036 2313; baseline -0.007 1"><span class='ocrx_word' id='word_1_162' title='bbox 458 2259 581 2313; x_wconf 88' lang='lat'><strong>583.</strong></span> <span class='ocrx_word' id='word_1_163' title='bbox 616 2254 1017 2312; x_wconf 86' lang='lat' dir='ltr'><strong>Childebertus</strong></span> <span class='ocrx_word' id='word_1_164' title='bbox 1050 2269 1149 2307; x_wconf 85' lang='lat' dir='ltr'><strong>rex</strong></span> <span class='ocrx_word' id='word_1_165' title='bbox 1182 2252 1534 2307; x_wconf 86' lang='lat' dir='ltr'><strong>Francorum</strong></span> <span class='ocrx_word' id='word_1_166' title='bbox 1572 2268 1706 2306; x_wconf 90' lang='lat' dir='ltr'><strong>cum</strong></span> <span class='ocrx_word' id='word_1_167' title='bbox 1739 2251 1849 2305; x_wconf 91' lang='lat' dir='ltr'><strong>hoc</strong></span> <span class='ocrx_word' id='word_1_168' title='bbox 1888 2254 2036 2305; x_wconf 88' lang='lat' dir='ltr'><strong>tem-</strong></span> 
     </span>
    </p>
   </div>
   <div class='ocr_carea' id='block_1_26' title="bbox 390 2338 2105 2419">
    <p class='ocr_par' dir='ltr' id='par_1_26' title="bbox 390 2338 2105 2419">
     <span class='ocr_line' id='line_1_26' title="bbox 390 2338 2105 2419; baseline -0.007 -16"><span class='ocrx_word' id='word_1_169' title='bbox 390 2363 582 2419; x_wconf 74' lang='lat' dir='ltr'><strong>porci.</strong></span> <span class='ocrx_word' id='word_1_170' title='bbox 610 2343 796 2398; x_wconf 88' lang='lat' dir='ltr'><strong>millia</strong></span> <span class='ocrx_word' id='word_1_171' title='bbox 825 2341 1042 2397; x_wconf 88' lang='lat' dir='ltr'><strong>solidos</strong></span> <span class='ocrx_word' id='word_1_172' title='bbox 1072 2339 1197 2395; x_wconf 86' lang='lat' dir='ltr'><strong>auri</strong></span> <span class='ocrx_word' id='word_1_173' title='bbox 1256 2356 1290 2393; x_wconf 92' lang='lat' dir='ltr'><strong>a</strong></span> <span class='ocrx_word' id='word_1_174' title='bbox 1348 2338 1627 2394; x_wconf 87' lang='lat' dir='ltr'><strong>Mauricio</strong></span> <span class='ocrx_word' id='word_1_175' title='bbox 1688 2339 2037 2411; x_wconf 82' lang='lat' dir='ltr'><strong>imperatore</strong></span> <span class='ocrx_word' id='word_1_176' title='bbox 2098 2340 2105 2349; x_wconf 91' lang='lat'><em>&#39;</em></span> 
     </span>
    </p>
   </div>
   <div class='ocr_carea' id='block_1_27' title="bbox 389 2425 2034 2505">
    <p class='ocr_par' dir='ltr' id='par_1_27' title="bbox 389 2425 2034 2505">
     <span class='ocr_line' id='line_1_27' title="bbox 389 2425 2034 2505; baseline -0.008 -13"><span class='ocrx_word' id='word_1_177' title='bbox 389 2433 731 2505; x_wconf 85' lang='lat' dir='ltr'><strong>accepisset,</strong></span> <span class='ocrx_word' id='word_1_178' title='bbox 751 2434 1043 2504; x_wconf 83' lang='lat' dir='ltr'><strong>quatenus</strong></span> <span class='ocrx_word' id='word_1_179' title='bbox 1067 2428 1478 2500; x_wconf 85' lang='lat' dir='ltr'><strong>Longobardos</strong></span> <span class='ocrx_word' id='word_1_180' title='bbox 1500 2444 1568 2483; x_wconf 87' lang='lat' dir='ltr'><strong>ex</strong></span> <span class='ocrx_word' id='word_1_181' title='bbox 1592 2427 1756 2482; x_wconf 88' lang='lat' dir='ltr'><strong>Italia</strong></span> <span class='ocrx_word' id='word_1_182' title='bbox 1771 2425 2034 2499; x_wconf 89' lang='lat' dir='ltr'><strong>pelleret,</strong></span> 
     </span>
    </p>
   </div>
   <div class='ocr_carea' id='block_1_28' title="bbox 387 2513 2037 2587">
    <p class='ocr_par' dir='ltr' id='par_1_28' title="bbox 387 2513 2037 2587">
     <span class='ocr_line' id='line_1_28' title="bbox 387 2513 2037 2587; baseline -0.007 -8"><span class='ocrx_word' id='word_1_183' title='bbox 387 2522 580 2580; x_wconf 88' lang='lat' dir='ltr'><strong>valido</strong></span> <span class='ocrx_word' id='word_1_184' title='bbox 609 2537 743 2577; x_wconf 90' lang='lat' dir='ltr'><strong>cum</strong></span> <span class='ocrx_word' id='word_1_185' title='bbox 775 2518 1026 2575; x_wconf 86' lang='lat' dir='ltr'><strong>exercitu</strong></span> <span class='ocrx_word' id='word_1_186' title='bbox 1060 2515 1284 2572; x_wconf 84' lang='lat' dir='ltr'><strong>Italiam</strong></span> <span class='ocrx_word' id='word_1_187' title='bbox 1303 2516 1495 2587; x_wconf 88' lang='lat' dir='ltr'><strong>petiit;</strong></span> <span class='ocrx_word' id='word_1_188' title='bbox 1520 2517 1619 2571; x_wconf 88' lang='lat' dir='ltr'><strong>sed</strong></span> <span class='ocrx_word' id='word_1_189' title='bbox 1642 2513 2037 2586; x_wconf 84' lang='lat' dir='ltr'><strong>Longobardis</strong></span> 
     </span>
    </p>
   </div>
   <div class='ocr_carea' id='block_1_29' title="bbox 390 2603 2036 2685">
    <p class='ocr_par' dir='ltr' id='par_1_29' title="bbox 390 2603 2036 2685">
     <span class='ocr_line' id='line_1_29' title="bbox 390 2603 2036 2685; baseline -0.007 -18"><span class='ocrx_word' id='word_1_190' title='bbox 390 2610 743 2685; x_wconf 88' lang='lat' dir='ltr'><strong>petentibus,</strong></span> <span class='ocrx_word' id='word_1_191' title='bbox 769 2612 828 2663; x_wconf 91' lang='lat' dir='ltr'><strong>et</strong></span> <span class='ocrx_word' id='word_1_192' title='bbox 856 2623 1103 2662; x_wconf 90' lang='lat' dir='ltr'><strong>munera</strong></span> <span class='ocrx_word' id='word_1_193' title='bbox 1132 2605 1533 2672; x_wconf 75' lang='lat' dir='ltr'><strong>offerentibus,</strong></span> <span class='ocrx_word' id='word_1_194' title='bbox 1560 2621 1759 2676; x_wconf 87' lang='lat' dir='ltr'><strong>pacem</strong></span> <span class='ocrx_word' id='word_1_195' title='bbox 1784 2621 1916 2658; x_wconf 90' lang='lat' dir='ltr'><strong>cum</strong></span> <span class='ocrx_word' id='word_1_196' title='bbox 1952 2603 2036 2659; x_wconf 92' lang='lat' dir='ltr'><strong>eis</strong></span> 
     </span>
    </p>
   </div>
   <div class='ocr_carea' id='block_1_30' title="bbox 391 2693 2036 2772">
    <p class='ocr_par' dir='ltr' id='par_1_30' title="bbox 391 2693 2036 2772">
     <span class='ocr_line' id='line_1_30' title="bbox 391 2693 2036 2772; baseline -0.005 -17"><span class='ocrx_word' id='word_1_197' title='bbox 391 2703 745 2772; x_wconf 89' lang='lat' dir='ltr'><strong>pactumque</strong></span> <span class='ocrx_word' id='word_1_198' title='bbox 774 2696 1152 2761; x_wconf 88' lang='lat' dir='ltr'><strong>confirmans,</strong></span> <span class='ocrx_word' id='word_1_199' title='bbox 1192 2694 1320 2749; x_wconf 91' lang='lat' dir='ltr'><strong>sine</strong></span> <span class='ocrx_word' id='word_1_200' title='bbox 1367 2693 1518 2749; x_wconf 90' lang='lat' dir='ltr'><strong>bello</strong></span> <span class='ocrx_word' id='word_1_201' title='bbox 1571 2693 1764 2761; x_wconf 89' lang='lat' dir='ltr'><strong>rediit,</strong></span> <span class='ocrx_word' id='word_1_202' title='bbox 1820 2693 2036 2747; x_wconf 90' lang='lat' dir='ltr'><strong>Mauri-</strong></span> 
     </span>
    </p>
   </div>
   <div class='ocr_carea' id='block_1_31' title="bbox 394 2781 2033 2860">
    <p class='ocr_par' dir='ltr' id='par_1_31' title="bbox 394 2781 2033 2860">
     <span class='ocr_line' id='line_1_31' title="bbox 394 2781 2033 2860; baseline -0.005 -17"><span class='ocrx_word' id='word_1_203' title='bbox 394 2788 603 2860; x_wconf 88' lang='lat' dir='ltr'><strong>cioque</strong></span> <span class='ocrx_word' id='word_1_204' title='bbox 634 2785 941 2859; x_wconf 87' lang='lat' dir='ltr'><strong>pecuniam</strong></span> <span class='ocrx_word' id='word_1_205' title='bbox 975 2782 1256 2856; x_wconf 88' lang='lat' dir='ltr'><strong>repetenti</strong></span> <span class='ocrx_word' id='word_1_206' title='bbox 1288 2799 1391 2838; x_wconf 90' lang='lat' dir='ltr'><strong>nec</strong></span> <span class='ocrx_word' id='word_1_207' title='bbox 1449 2799 1795 2854; x_wconf 87' lang='lat' dir='ltr'><strong>responsum</strong></span> <span class='ocrx_word' id='word_1_208' title='bbox 1856 2781 2033 2836; x_wconf 88' lang='lat' dir='ltr'><strong>dedit.</strong></span> 
     </span>
    </p>
   </div>
   <div class='ocr_carea' id='block_1_32' title="bbox 394 2873 1382 2948">
    <p class='ocr_par' dir='ltr' id='par_1_32' title="bbox 394 2873 1382 2948">
     <span class='ocr_line' id='line_1_32' title="bbox 394 2873 1382 2948; baseline -0.008 -15"><span class='ocrx_word' id='word_1_209' title='bbox 394 2882 557 2948; x_wconf 84' lang='lat' dir='ltr'><strong>Greg.</strong></span> <span class='ocrx_word' id='word_1_210' title='bbox 599 2878 721 2931; x_wconf 88' lang='lat' dir='ltr'><strong>Tur.</strong></span> <span class='ocrx_word' id='word_1_211' title='bbox 749 2893 763 2941; x_wconf 90' lang='lat'><strong>;</strong></span> <span class='ocrx_word' id='word_1_212' title='bbox 794 2874 956 2928; x_wconf 89' lang='lat' dir='ltr'><strong>Paul.</strong></span> <span class='ocrx_word' id='word_1_213' title='bbox 989 2875 1139 2927; x_wconf 87' lang='lat' dir='ltr'><strong>Diae.</strong></span> <span class='ocrx_word' id='word_1_214' title='bbox 1171 2889 1225 2926; x_wconf 89' lang='lat' dir='ltr'><strong>a.</strong></span> <span class='ocrx_word' id='word_1_215' title='bbox 1256 2873 1382 2926; x_wconf 83' lang='grc'>584.</span> 
     </span>
    </p>
   </div>
   <div class='ocr_carea' id='block_1_33' title="bbox 464 2957 2036 3026">
    <p class='ocr_par' dir='ltr' id='par_1_33' title="bbox 464 2957 2036 3026">
     <span class='ocr_line' id='line_1_33' title="bbox 464 2957 2036 3026; baseline -0.004 -9"><span class='ocrx_word' id='word_1_216' title='bbox 464 2965 569 3018; x_wconf 84' lang='grc'><strong>584</strong></span> <span class='ocrx_word' id='word_1_217' title='bbox 609 2964 971 3018; x_wconf 88' lang='lat' dir='ltr'><strong>Guntramus</strong></span> <span class='ocrx_word' id='word_1_218' title='bbox 999 2976 1120 3026; x_wconf 85' lang='lat' dir='ltr'><strong>rex,</strong></span> <span class='ocrx_word' id='word_1_219' title='bbox 1153 2960 1211 3014; x_wconf 91' lang='lat' dir='ltr'><strong>in</strong></span> <span class='ocrx_word' id='word_1_220' title='bbox 1256 2959 1595 3014; x_wconf 89' lang='lat' dir='ltr'><strong>suburbano</strong></span> <span class='ocrx_word' id='word_1_221' title='bbox 1652 2957 2036 3013; x_wconf 88' lang='lat' dir='ltr'><strong>Cavillonensi</strong></span> 
     </span>
    </p>
   </div>
   <div class='ocr_carea' id='block_1_34' title="bbox 392 3046 2036 3114">
    <p class='ocr_par' dir='ltr' id='par_1_34' title="bbox 392 3046 2036 3114">
     <span class='ocr_line' id='line_1_34' title="bbox 392 3046 2036 3114; baseline -0.004 -6"><span class='ocrx_word' id='word_1_222' title='bbox 392 3067 625 3108; x_wconf 90' lang='lat' dir='ltr'><strong>summo</strong></span> <span class='ocrx_word' id='word_1_223' title='bbox 642 3051 834 3106; x_wconf 89' lang='lat' dir='ltr'><strong>studio</strong></span> <span class='ocrx_word' id='word_1_224' title='bbox 852 3048 1275 3105; x_wconf 87' lang='lat' dir='ltr'><strong>monasterium</strong></span> <span class='ocrx_word' id='word_1_225' title='bbox 1321 3048 1378 3103; x_wconf 90' lang='lat' dir='ltr'><strong>S.</strong></span> <span class='ocrx_word' id='word_1_226' title='bbox 1395 3046 1649 3103; x_wconf 90' lang='lat' dir='ltr'><strong>Marcelli</strong></span> <span class='ocrx_word' id='word_1_227' title='bbox 1670 3051 2036 3114; x_wconf 87' lang='lat' dir='ltr'><strong>construens,</strong></span> 
     </span>
    </p>
   </div>
   <div class='ocr_carea' id='block_1_35' title="bbox 396 3135 2037 3210">
    <p class='ocr_par' dir='ltr' id='par_1_35' title="bbox 396 3135 2037 3210">
     <span class='ocr_line' id='line_1_35' title="bbox 396 3135 2037 3210; baseline -0.004 -14"><span class='ocrx_word' id='word_1_228' title='bbox 396 3140 470 3197; x_wconf 85' lang='lat' dir='ltr'><strong>ad</strong></span> <span class='ocrx_word' id='word_1_229' title='bbox 503 3137 834 3210; x_wconf 84' lang='lat' dir='ltr'><strong>exemplum</strong></span> <span class='ocrx_word' id='word_1_230' title='bbox 863 3136 1233 3210; x_wconf 85' lang='lat' dir='ltr'><strong>Agaunensis</strong></span> <span class='ocrx_word' id='word_1_231' title='bbox 1266 3136 1541 3191; x_wconf 85' lang='lat' dir='ltr'><strong>instituit.</strong></span> <span class='ocrx_word' id='word_1_232' title='bbox 1594 3135 1749 3204; x_wconf 88' lang='lat' dir='ltr'><strong>Greg.</strong></span> <span class='ocrx_word' id='word_1_233' title='bbox 1788 3138 1910 3191; x_wconf 87' lang='lat' dir='ltr'><strong>Tur.</strong></span> <span class='ocrx_word' id='word_1_234' title='bbox 1970 3167 2037 3176; x_wconf 95' lang='lat'><strong>—</strong></span> 
     </span>
    </p>
   </div>
   <div class='ocr_carea' id='block_1_36' title="bbox 392 3223 2040 3299">
    <p class='ocr_par' dir='ltr' id='par_1_36' title="bbox 392 3223 2040 3299">
     <span class='ocr_line' id='line_1_36' title="bbox 392 3223 2040 3299; baseline -0.003 -15"><span class='ocrx_word' id='word_1_235' title='bbox 392 3228 772 3285; x_wconf 89' lang='lat' dir='ltr'><strong>Gundoaldus</strong></span> <span class='ocrx_word' id='word_1_236' title='bbox 790 3226 939 3299; x_wconf 84' lang='grc'>(165)</span> <span class='ocrx_word' id='word_1_237' title='bbox 963 3226 1226 3298; x_wconf 87' lang='lat' dir='ltr'><strong>quidam,</strong></span> <span class='ocrx_word' id='word_1_238' title='bbox 1245 3223 1612 3280; x_wconf 80' lang='lat' dir='ltr'><strong>cumauxilio</strong></span> <span class='ocrx_word' id='word_1_239' title='bbox 1637 3223 1947 3279; x_wconf 90' lang='lat' dir='ltr'><strong>Mummuli</strong></span> <span class='ocrx_word' id='word_1_240' title='bbox 1981 3227 2040 3279; x_wconf 89' lang='lat' dir='ltr'><strong>et</strong></span> 
     </span>
    </p>
   </div>
   <div class='ocr_carea' id='block_1_37' title="bbox 388 3312 2035 3387">
    <p class='ocr_par' dir='ltr' id='par_1_37' title="bbox 388 3312 2035 3387">
     <span class='ocr_line' id='line_1_37' title="bbox 388 3312 2035 3387; baseline -0.004 -15"><span class='ocrx_word' id='word_1_241' title='bbox 388 3316 673 3372; x_wconf 89' lang='lat' dir='ltr'><strong>Desiderii</strong></span> <span class='ocrx_word' id='word_1_242' title='bbox 704 3332 949 3387; x_wconf 88' lang='lat' dir='ltr'><strong>regnum</strong></span> <span class='ocrx_word' id='word_1_243' title='bbox 981 3316 1280 3380; x_wconf 78' lang='lat' dir='ltr'><strong>affectans,</strong></span> <span class='ocrx_word' id='word_1_244' title='bbox 1322 3316 1524 3368; x_wconf 90' lang='lat' dir='ltr'><strong>contra</strong></span> <span class='ocrx_word' id='word_1_245' title='bbox 1581 3312 2035 3367; x_wconf 87' lang='lat' dir='ltr'><strong>Guntrammum</strong></span> 
     </span>
    </p>
   </div>
   <div class='ocr_carea' id='block_1_38' title="bbox 387 3400 2035 3476">
    <p class='ocr_par' dir='ltr' id='par_1_38' title="bbox 387 3400 2035 3476">
     <span class='ocr_line' id='line_1_38' title="bbox 387 3400 2035 3476; baseline -0.001 -18"><span class='ocrx_word' id='word_1_246' title='bbox 387 3404 756 3476; x_wconf 84' lang='lat' dir='ltr'><strong>tyrannidem</strong></span> <span class='ocrx_word' id='word_1_247' title='bbox 788 3402 1022 3458; x_wconf 90' lang='lat' dir='ltr'><strong>invasit.</strong></span> <span class='ocrx_word' id='word_1_248' title='bbox 1055 3402 1166 3456; x_wconf 91' lang='lat' dir='ltr'><strong>Sed</strong></span> <span class='ocrx_word' id='word_1_249' title='bbox 1200 3418 1232 3455; x_wconf 89' lang='lat' dir='ltr'><strong>a</strong></span> <span class='ocrx_word' id='word_1_250' title='bbox 1262 3401 1515 3455; x_wconf 90' lang='lat' dir='ltr'><strong>ducibus</strong></span> <span class='ocrx_word' id='word_1_251' title='bbox 1555 3400 1684 3470; x_wconf 87' lang='lat' dir='ltr'><strong>ejus</strong></span> <span class='ocrx_word' id='word_1_252' title='bbox 1731 3401 2035 3456; x_wconf 87' lang='lat' dir='ltr'><strong>Leudiselo</strong></span> 
     </span>
    </p>
   </div>
   <div class='ocr_carea' id='block_1_39' title="bbox 390 3488 2035 3563">
    <p class='ocr_par' dir='ltr' id='par_1_39' title="bbox 390 3488 2035 3563">
     <span class='ocr_line' id='line_1_39' title="bbox 390 3488 2035 3563; baseline -0.002 -16"><span class='ocrx_word' id='word_1_253' title='bbox 390 3496 450 3547; x_wconf 86' lang='lat' dir='ltr'><strong>et</strong></span> <span class='ocrx_word' id='word_1_254' title='bbox 491 3491 729 3563; x_wconf 83' lang='lat' dir='ltr'><strong>Egilano</strong></span> <span class='ocrx_word' id='word_1_255' title='bbox 781 3492 1033 3561; x_wconf 84' lang='lat' dir='ltr'><strong>fugatus,</strong></span> <span class='ocrx_word' id='word_1_256' title='bbox 1076 3504 1210 3543; x_wconf 90' lang='lat' dir='ltr'><strong>cum</strong></span> <span class='ocrx_word' id='word_1_257' title='bbox 1244 3488 1526 3544; x_wconf 85' lang='lat' dir='ltr'><strong>latebram</strong></span> <span class='ocrx_word' id='word_1_258' title='bbox 1549 3489 2035 3561; x_wconf 88' lang='lat' dir='ltr'><strong>Cambanis(466)</strong></span> 
     </span>
    </p>
   </div>
   <div class='ocr_carea' id='block_1_40' title="bbox 390 3575 2034 3648">
    <p class='ocr_par' dir='ltr' id='par_1_40' title="bbox 390 3575 2034 3648">
     <span class='ocr_line' id='line_1_40' title="bbox 390 3575 2034 3648; baseline -0.001 -13"><span class='ocrx_word' id='word_1_259' title='bbox 390 3579 535 3636; x_wconf 90' lang='lat' dir='ltr'><strong>urbe</strong></span> <span class='ocrx_word' id='word_1_260' title='bbox 564 3579 796 3641; x_wconf 79' lang='lat' dir='ltr'><strong>foveret,</strong></span> <span class='ocrx_word' id='word_1_261' title='bbox 831 3595 866 3632; x_wconf 90' lang='lat' dir='ltr'><strong>a</strong></span> <span class='ocrx_word' id='word_1_262' title='bbox 922 3578 1145 3632; x_wconf 88' lang='lat' dir='ltr'><strong>Bosone</strong></span> <span class='ocrx_word' id='word_1_263' title='bbox 1176 3577 1246 3631; x_wconf 89' lang='lat' dir='ltr'><strong>de</strong></span> <span class='ocrx_word' id='word_1_264' title='bbox 1278 3593 1422 3648; x_wconf 92' lang='lat' dir='ltr'><strong>rupe</strong></span> <span class='ocrx_word' id='word_1_265' title='bbox 1448 3575 1841 3648; x_wconf 67' lang='lat' dir='ltr'><strong>praecipitatus</strong></span> <span class='ocrx_word' id='word_1_266' title='bbox 1890 3578 2034 3633; x_wconf 87' lang='lat' dir='ltr'><strong>inte-</strong></span> 
     </span>
    </p>
   </div>
   <div class='ocr_carea' id='block_1_41' title="bbox 389 3667 855 3738">
    <p class='ocr_par' dir='ltr' id='par_1_41' title="bbox 389 3667 855 3738">
     <span class='ocr_line' id='line_1_41' title="bbox 389 3667 855 3738; baseline -0.004 -13"><span class='ocrx_word' id='word_1_267' title='bbox 389 3667 511 3735; x_wconf 89' lang='lat' dir='ltr'><strong>riit,</strong></span> <span class='ocrx_word' id='word_1_268' title='bbox 544 3669 696 3738; x_wconf 88' lang='lat' dir='ltr'><strong>Greg.</strong></span> <span class='ocrx_word' id='word_1_269' title='bbox 731 3669 855 3723; x_wconf 89' lang='lat' dir='ltr'><strong>Tur.</strong></span> 
     </span>
    </p>
   </div>
   <div class='ocr_carea' id='block_1_42' title="bbox 461 3753 2040 3828">
    <p class='ocr_par' dir='ltr' id='par_1_42' title="bbox 461 3753 2040 3828">
     <span class='ocr_line' id='line_1_42' title="bbox 461 3753 2040 3828; baseline -0.002 -13"><span class='ocrx_word' id='word_1_270' title='bbox 461 3757 564 3815; x_wconf 74' lang='lat'><strong>80</strong></span> <span class='ocrx_word' id='word_1_271' title='bbox 600 3758 707 3812; x_wconf 85' lang='lat'><strong>585</strong></span> <span class='ocrx_word' id='word_1_272' title='bbox 735 3753 1060 3828; x_wconf 89' lang='lat' dir='ltr'><strong>Chilperico</strong></span> <span class='ocrx_word' id='word_1_273' title='bbox 1090 3768 1223 3827; x_wconf 89' lang='lat' dir='ltr'><strong>rege</strong></span> <span class='ocrx_word' id='word_1_274' title='bbox 1251 3754 1628 3823; x_wconf 88' lang='lat' dir='ltr'><strong>Francorum,</strong></span> <span class='ocrx_word' id='word_1_275' title='bbox 1662 3758 1797 3826; x_wconf 91' lang='lat' dir='ltr'><strong>post</strong></span> <span class='ocrx_word' id='word_1_276' title='bbox 1854 3755 2040 3813; x_wconf 88' lang='lat' dir='ltr'><strong>multa</strong></span> 
     </span>
    </p>
   </div>
   <div class='ocr_carea' id='block_1_43' title="bbox 2145 1008 3800 1084">
    <p class='ocr_par' dir='ltr' id='par_1_43' title="bbox 2145 1008 3800 1084">
     <span class='ocr_line' id='line_1_43' title="bbox 2145 1008 3800 1084; baseline -0.002 -19"><span class='ocrx_word' id='word_1_277' title='bbox 2145 1012 2329 1083; x_wconf 87' lang='lat' dir='ltr'><strong>patris</strong></span> <span class='ocrx_word' id='word_1_278' title='bbox 2351 1012 2725 1078; x_wconf 89' lang='lat' dir='ltr'><strong>sublimatus,</strong></span> <span class='ocrx_word' id='word_1_279' title='bbox 2745 1016 2981 1084; x_wconf 87' lang='lat' dir='ltr'><strong>regente</strong></span> <span class='ocrx_word' id='word_1_280' title='bbox 2999 1017 3184 1067; x_wconf 88' lang='lat' dir='ltr'><strong>matre</strong></span> <span class='ocrx_word' id='word_1_281' title='bbox 3201 1009 3566 1081; x_wconf 88' lang='lat' dir='ltr'><strong>Fridegunde</strong></span> <span class='ocrx_word' id='word_1_282' title='bbox 3578 1011 3635 1063; x_wconf 89' lang='lat' dir='ltr'><strong>et</strong></span> <span class='ocrx_word' id='word_1_283' title='bbox 3650 1008 3800 1077; x_wconf 80' lang='lat' dir='ltr'><strong>Lan-</strong></span> 
     </span>
    </p>
   </div>
   <div class='ocr_carea' id='block_1_44' title="bbox 2144 1096 3791 1173">
    <p class='ocr_par' dir='ltr' id='par_1_44' title="bbox 2144 1096 3791 1173">
     <span class='ocr_line' id='line_1_44' title="bbox 2144 1096 3791 1173; baseline -0.002 -19"><span class='ocrx_word' id='word_1_284' title='bbox 2144 1099 2337 1156; x_wconf 92' lang='lat' dir='ltr'><strong>derico</strong></span> <span class='ocrx_word' id='word_1_285' title='bbox 2369 1100 2591 1171; x_wconf 90' lang='lat' dir='ltr'><strong>majore</strong></span> <span class='ocrx_word' id='word_1_286' title='bbox 2611 1100 2842 1166; x_wconf 90' lang='lat' dir='ltr'><strong>domus,</strong></span> <span class='ocrx_word' id='word_1_287' title='bbox 2868 1099 3131 1173; x_wconf 88' lang='lat' dir='ltr'><strong>regnavit</strong></span> <span class='ocrx_word' id='word_1_288' title='bbox 3154 1099 3326 1154; x_wconf 86' lang='lat' dir='ltr'><strong>annis</strong></span> <span class='ocrx_word' id='word_1_289' title='bbox 3342 1114 3468 1153; x_wconf 70' lang='lat' dir='ltr'><strong>xcv.</strong></span> <span class='ocrx_word' id='word_1_290' title='bbox 3494 1096 3648 1167; x_wconf 87' lang='lat' dir='ltr'><strong>Greg.</strong></span> <span class='ocrx_word' id='word_1_291' title='bbox 3668 1096 3791 1150; x_wconf 91' lang='lat' dir='ltr'><strong>Tur.</strong></span> 
     </span>
    </p>
   </div>
   <div class='ocr_carea' id='block_1_45' title="bbox 2145 1183 3796 1262">
    <p class='ocr_par' dir='ltr' id='par_1_45' title="bbox 2145 1183 3796 1262">
     <span class='ocr_line' id='line_1_45' title="bbox 2145 1183 3796 1262; baseline -0.004 -19"><span class='ocrx_word' id='word_1_292' title='bbox 2145 1206 2198 1243; x_wconf 88' lang='lat' dir='ltr'><strong>a.</strong></span> <span class='ocrx_word' id='word_1_293' title='bbox 2232 1206 2316 1253; x_wconf 82' lang='lat' dir='ltr'><strong>pr.</strong></span> <span class='ocrx_word' id='word_1_294' title='bbox 2350 1188 2711 1245; x_wconf 87' lang='lat' dir='ltr'><strong>Mummulus</strong></span> <span class='ocrx_word' id='word_1_295' title='bbox 2741 1188 3043 1262; x_wconf 85' lang='lat' dir='ltr'><strong>patricius,</strong></span> <span class='ocrx_word' id='word_1_296' title='bbox 3077 1204 3211 1242; x_wconf 66' lang='lat' dir='ltr'><strong>reus</strong></span> <span class='ocrx_word' id='word_1_297' title='bbox 3246 1185 3569 1257; x_wconf 83' lang='lat' dir='ltr'><strong>majestatis</strong></span> <span class='ocrx_word' id='word_1_298' title='bbox 3600 1183 3796 1240; x_wconf 88' lang='lat' dir='ltr'><strong>convi-</strong></span> 
     </span>
    </p>
   </div>
   <div class='ocr_carea' id='block_1_46' title="bbox 2146 1271 3793 1349">
    <p class='ocr_par' dir='ltr' id='par_1_46' title="bbox 2146 1271 3793 1349">
     <span class='ocr_line' id='line_1_46' title="bbox 2146 1271 3793 1349; baseline -0.002 -19"><span class='ocrx_word' id='word_1_299' title='bbox 2146 1280 2294 1342; x_wconf 91' lang='lat' dir='ltr'><strong>ctus,</strong></span> <span class='ocrx_word' id='word_1_300' title='bbox 2319 1277 2494 1347; x_wconf 87' lang='lat' dir='ltr'><strong>jussu</strong></span> <span class='ocrx_word' id='word_1_301' title='bbox 2528 1276 2900 1332; x_wconf 89' lang='lat' dir='ltr'><strong>Guntrammi</strong></span> <span class='ocrx_word' id='word_1_302' title='bbox 2931 1275 3083 1349; x_wconf 90' lang='lat' dir='ltr'><strong>regis</strong></span> <span class='ocrx_word' id='word_1_303' title='bbox 3120 1274 3489 1342; x_wconf 82' lang='lat' dir='ltr'><strong>interﬁcitur,</strong></span> <span class='ocrx_word' id='word_1_304' title='bbox 3552 1277 3610 1328; x_wconf 89' lang='lat' dir='ltr'><strong>et</strong></span> <span class='ocrx_word' id='word_1_305' title='bbox 3664 1271 3793 1326; x_wconf 88' lang='lat' dir='ltr'><strong>the-</strong></span> 
     </span>
    </p>
   </div>
   <div class='ocr_carea' id='block_1_47' title="bbox 2146 1363 3561 1438">
    <p class='ocr_par' dir='ltr' id='par_1_47' title="bbox 2146 1363 3561 1438">
     <span class='ocr_line' id='line_1_47' title="bbox 2146 1363 3561 1438; baseline -0.004 -19"><span class='ocrx_word' id='word_1_306' title='bbox 2146 1366 2305 1419; x_wconf 89' lang='lat' dir='ltr'><strong>sauri</strong></span> <span class='ocrx_word' id='word_1_307' title='bbox 2336 1366 2465 1435; x_wconf 90' lang='lat' dir='ltr'><strong>ejus</strong></span> <span class='ocrx_word' id='word_1_308' title='bbox 2496 1365 2555 1419; x_wconf 92' lang='lat' dir='ltr'><strong>in</strong></span> <span class='ocrx_word' id='word_1_309' title='bbox 2589 1366 2796 1421; x_wconf 84' lang='lat' dir='ltr'><strong>fiscum</strong></span> <span class='ocrx_word' id='word_1_310' title='bbox 2829 1365 3194 1438; x_wconf 86' lang='lat' dir='ltr'><strong>rediguntur.</strong></span> <span class='ocrx_word' id='word_1_311' title='bbox 3232 1363 3388 1433; x_wconf 84' lang='lat' dir='ltr'><strong>Greg.</strong></span> <span class='ocrx_word' id='word_1_312' title='bbox 3423 1364 3480 1416; x_wconf 87' lang='lat' dir='ltr'><strong>h.</strong></span> <span class='ocrx_word' id='word_1_313' title='bbox 3509 1379 3561 1417; x_wconf 88' lang='lat' dir='ltr'><strong>a.</strong></span> 
     </span>
    </p>
   </div>
   <div class='ocr_carea' id='block_1_48' title="bbox 2215 1450 3798 1525">
    <p class='ocr_par' dir='ltr' id='par_1_48' title="bbox 2215 1450 3798 1525">
     <span class='ocr_line' id='line_1_48' title="bbox 2215 1450 3798 1525; baseline -0.003 -18"><span class='ocrx_word' id='word_1_314' title='bbox 2215 1455 2321 1507; x_wconf 89' lang='lat'><strong>586</strong></span> <span class='ocrx_word' id='word_1_315' title='bbox 2352 1453 2413 1508; x_wconf 90' lang='lat' dir='ltr'><strong>In</strong></span> <span class='ocrx_word' id='word_1_316' title='bbox 2434 1453 2599 1509; x_wconf 90' lang='lat' dir='ltr'><strong>Italia</strong></span> <span class='ocrx_word' id='word_1_317' title='bbox 2622 1453 2987 1525; x_wconf 74' lang='lat' dir='ltr'><strong>Langobardi</strong></span> <span class='ocrx_word' id='word_1_318' title='bbox 3012 1457 3192 1525; x_wconf 86' lang='lat' dir='ltr'><strong>postx</strong></span> <span class='ocrx_word' id='word_1_319' title='bbox 3220 1468 3425 1513; x_wconf 85' lang='lat' dir='ltr'><strong>annos,</strong></span> <span class='ocrx_word' id='word_1_320' title='bbox 3449 1451 3665 1522; x_wconf 88' lang='lat' dir='ltr'><strong>quibus</strong></span> <span class='ocrx_word' id='word_1_321' title='bbox 3687 1450 3798 1504; x_wconf 85' lang='lat' dir='ltr'><strong>du-</strong></span> 
     </span>
    </p>
   </div>
   <div class='ocr_carea' id='block_1_49' title="bbox 2148 1538 3797 1614">
    <p class='ocr_par' dir='ltr' id='par_1_49' title="bbox 2148 1538 3797 1614">
     <span class='ocr_line' id='line_1_49' title="bbox 2148 1538 3797 1614; baseline -0.002 -18"><span class='ocrx_word' id='word_1_322' title='bbox 2148 1557 2241 1596; x_wconf 89' lang='lat' dir='ltr'><strong>ccs</strong></span> <span class='ocrx_word' id='word_1_323' title='bbox 2273 1546 2579 1614; x_wconf 70' lang='lat' dir='ltr'><strong>praeerant,</strong></span> <span class='ocrx_word' id='word_1_324' title='bbox 2613 1542 2962 1597; x_wconf 87' lang='lat' dir='ltr'><strong>Autharium</strong></span> <span class='ocrx_word' id='word_1_325' title='bbox 2992 1541 3232 1597; x_wconf 83' lang='lat' dir='ltr'><strong>Flavum</strong></span> <span class='ocrx_word' id='word_1_326' title='bbox 3264 1538 3575 1611; x_wconf 87' lang='lat' dir='ltr'><strong>Clephonis</strong></span> <span class='ocrx_word' id='word_1_327' title='bbox 3606 1538 3797 1593; x_wconf 80' lang='lat' dir='ltr'><strong>ﬁlium</strong></span> 
     </span>
    </p>
   </div>
   <div class='ocr_carea' id='block_1_50' title="bbox 2146 1626 3790 1702">
    <p class='ocr_par' dir='ltr' id='par_1_50' title="bbox 2146 1626 3790 1702">
     <span class='ocr_line' id='line_1_50' title="bbox 2146 1626 3790 1702; baseline -0.003 -17"><span class='ocrx_word' id='word_1_328' title='bbox 2146 1646 2341 1702; x_wconf 85' lang='lat' dir='ltr'><strong>regem</strong></span> <span class='ocrx_word' id='word_1_329' title='bbox 2366 1633 2664 1699; x_wconf 89' lang='lat' dir='ltr'><strong>statuunt;</strong></span> <span class='ocrx_word' id='word_1_330' title='bbox 2697 1631 2797 1702; x_wconf 87' lang='lat' dir='ltr'><strong>qui</strong></span> <span class='ocrx_word' id='word_1_331' title='bbox 2832 1630 3039 1686; x_wconf 90' lang='lat' dir='ltr'><strong>bellico</strong></span> <span class='ocrx_word' id='word_1_332' title='bbox 3062 1630 3254 1685; x_wconf 88' lang='lat' dir='ltr'><strong>clarus</strong></span> <span class='ocrx_word' id='word_1_333' title='bbox 3283 1628 3501 1684; x_wconf 88' lang='lat' dir='ltr'><strong>virtute</strong></span> <span class='ocrx_word' id='word_1_334' title='bbox 3527 1626 3790 1699; x_wconf 87' lang='lat' dir='ltr'><strong>regnavit</strong></span> 
     </span>
    </p>
   </div>
   <div class='ocr_carea' id='block_1_51' title="bbox 2147 1715 3801 1791">
    <p class='ocr_par' dir='ltr' id='par_1_51' title="bbox 2147 1715 3801 1791">
     <span class='ocr_line' id='line_1_51' title="bbox 2147 1715 3801 1791; baseline -0.004 -16"><span class='ocrx_word' id='word_1_335' title='bbox 2147 1720 2316 1775; x_wconf 89' lang='lat' dir='ltr'><strong>annis</strong></span> <span class='ocrx_word' id='word_1_336' title='bbox 2332 1737 2412 1790; x_wconf 80' lang='lat' dir='ltr'><strong>v1,</strong></span> <span class='ocrx_word' id='word_1_337' title='bbox 2446 1719 2545 1791; x_wconf 92' lang='lat' dir='ltr'><strong>qui</strong></span> <span class='ocrx_word' id='word_1_338' title='bbox 2580 1720 2733 1775; x_wconf 86' lang='lat' dir='ltr'><strong>inter</strong></span> <span class='ocrx_word' id='word_1_339' title='bbox 2761 1719 2876 1775; x_wconf 88' lang='lat' dir='ltr'><strong>alia</strong></span> <span class='ocrx_word' id='word_1_340' title='bbox 2908 1718 3217 1775; x_wconf 85' lang='lat' dir='ltr'><strong>Brexillam</strong></span> <span class='ocrx_word' id='word_1_341' title='bbox 3256 1718 3462 1774; x_wconf 89' lang='lat' dir='ltr'><strong>urbem</strong></span> <span class='ocrx_word' id='word_1_342' title='bbox 3506 1715 3705 1782; x_wconf 88' lang='lat' dir='ltr'><strong>diruit,</strong></span> <span class='ocrx_word' id='word_1_343' title='bbox 3740 1719 3801 1770; x_wconf 88' lang='lat' dir='ltr'><strong>et</strong></span> 
     </span>
    </p>
   </div>
   <div class='ocr_carea' id='block_1_52' title="bbox 2145 1803 3799 1880">
    <p class='ocr_par' dir='ltr' id='par_1_52' title="bbox 2145 1803 3799 1880">
     <span class='ocr_line' id='line_1_52' title="bbox 2145 1803 3799 1880; baseline -0.003 -18"><span class='ocrx_word' id='word_1_344' title='bbox 2145 1811 2327 1862; x_wconf 87' lang='lat' dir='ltr'><strong>totam</strong></span> <span class='ocrx_word' id='word_1_345' title='bbox 2349 1823 2494 1880; x_wconf 87' lang='lat' dir='ltr'><strong>pene</strong></span> <span class='ocrx_word' id='word_1_346' title='bbox 2513 1807 2739 1863; x_wconf 87' lang='lat' dir='ltr'><strong>Italiam</strong></span> <span class='ocrx_word' id='word_1_347' title='bbox 2758 1812 2960 1864; x_wconf 91' lang='lat' dir='ltr'><strong>secuto</strong></span> <span class='ocrx_word' id='word_1_348' title='bbox 2991 1812 3254 1880; x_wconf 90' lang='lat' dir='ltr'><strong>tempore</strong></span> <span class='ocrx_word' id='word_1_349' title='bbox 3285 1805 3438 1863; x_wconf 93' lang='lat' dir='ltr'><strong>bello</strong></span> <span class='ocrx_word' id='word_1_350' title='bbox 3471 1803 3799 1877; x_wconf 84' lang='lat' dir='ltr'><strong>peragravit</strong></span> 
     </span>
    </p>
   </div>
   <div class='ocr_carea' id='block_1_53' title="bbox 2146 1891 3800 1968">
    <p class='ocr_par' dir='ltr' id='par_1_53' title="bbox 2146 1891 3800 1968">
     <span class='ocr_line' id='line_1_53' title="bbox 2146 1891 3800 1968; baseline -0.001 -19"><span class='ocrx_word' id='word_1_351' title='bbox 2146 1896 2288 1951; x_wconf 86' lang='lat' dir='ltr'><strong>Paul</strong></span> <span class='ocrx_word' id='word_1_352' title='bbox 2318 1898 2469 1952; x_wconf 89' lang='lat' dir='ltr'><strong>Diae.</strong></span> <span class='ocrx_word' id='word_1_353' title='bbox 2504 1895 2893 1968; x_wconf 87' lang='lat' dir='ltr'><strong>Leovigildus,</strong></span> <span class='ocrx_word' id='word_1_354' title='bbox 2928 1913 3028 1952; x_wconf 91' lang='lat' dir='ltr'><strong>rex</strong></span> <span class='ocrx_word' id='word_1_355' title='bbox 3059 1896 3381 1952; x_wconf 89' lang='lat' dir='ltr'><strong>Gothorum</strong></span> <span class='ocrx_word' id='word_1_356' title='bbox 3417 1895 3475 1949; x_wconf 89' lang='lat' dir='ltr'><strong>in</strong></span> <span class='ocrx_word' id='word_1_357' title='bbox 3517 1891 3800 1964; x_wconf 87' lang='lat' dir='ltr'><strong>Hispania</strong></span> 
     </span>
    </p>
   </div>
   <div class='ocr_carea' id='block_1_54' title="bbox 2146 1982 3800 2057">
    <p class='ocr_par' dir='ltr' id='par_1_54' title="bbox 2146 1982 3800 2057">
     <span class='ocr_line' id='line_1_54' title="bbox 2146 1982 3800 2057; baseline -0.002 -18"><span class='ocrx_word' id='word_1_358' title='bbox 2146 1985 2420 2052; x_wconf 82' lang='lat' dir='ltr'><strong>Arianus,</strong></span> <span class='ocrx_word' id='word_1_359' title='bbox 2436 1984 2821 2057; x_wconf 86' lang='lat' dir='ltr'><strong>Hermioigild</strong></span> <span class='ocrx_word' id='word_1_360' title='bbox 2832 2002 2932 2040; x_wconf 91' lang='lat' dir='ltr'><strong>um</strong></span> <span class='ocrx_word' id='word_1_361' title='bbox 2951 2000 3144 2057; x_wconf 88' lang='lat' dir='ltr'><strong>regem</strong></span> <span class='ocrx_word' id='word_1_362' title='bbox 3163 1983 3349 2038; x_wconf 85' lang='lat' dir='ltr'><strong>filium</strong></span> <span class='ocrx_word' id='word_1_363' title='bbox 3370 1999 3543 2039; x_wconf 89' lang='lat' dir='ltr'><strong>suum</strong></span> <span class='ocrx_word' id='word_1_364' title='bbox 3558 1982 3650 2036; x_wconf 87' lang='lat' dir='ltr'><strong>die</strong></span> <span class='ocrx_word' id='word_1_365' title='bbox 3668 1996 3800 2037; x_wconf 88' lang='lat' dir='ltr'><strong>san-</strong></span> 
     </span>
    </p>
   </div>
   <div class='ocr_carea' id='block_1_55' title="bbox 2146 2069 3798 2145">
    <p class='ocr_par' dir='ltr' id='par_1_55' title="bbox 2146 2069 3798 2145">
     <span class='ocr_line' id='line_1_55' title="bbox 2146 2069 3798 2145; baseline -0.003 -17"><span class='ocrx_word' id='word_1_366' title='bbox 2146 2076 2236 2128; x_wconf 89' lang='lat' dir='ltr'><strong>cto</strong></span> <span class='ocrx_word' id='word_1_367' title='bbox 2265 2074 2498 2129; x_wconf 61' lang='lat' dir='ltr'><strong>Pascha:</strong></span> <span class='ocrx_word' id='word_1_368' title='bbox 2531 2092 2694 2141; x_wconf 84' lang='lat' dir='ltr'><strong>xvm,</strong></span> <span class='ocrx_word' id='word_1_369' title='bbox 2728 2074 2855 2130; x_wconf 88' lang='lat' dir='ltr'><strong>Kal.</strong></span> <span class='ocrx_word' id='word_1_370' title='bbox 2891 2073 3026 2129; x_wconf 90' lang='lat' dir='ltr'><strong>Maii</strong></span> <span class='ocrx_word' id='word_1_371' title='bbox 3056 2073 3102 2145; x_wconf 90' lang='grc'><strong>(1</strong></span> <span class='ocrx_word' id='word_1_372' title='bbox 3114 2072 3205 2144; x_wconf 88' lang='grc'>69)</span> <span class='ocrx_word' id='word_1_373' title='bbox 3228 2071 3417 2128; x_wconf 87' lang='lat' dir='ltr'><strong>securi</strong></span> <span class='ocrx_word' id='word_1_374' title='bbox 3429 2069 3798 2143; x_wconf 84' lang='lat' dir='ltr'><strong>jussitinter-</strong></span> 
     </span>
    </p>
   </div>
   <div class='ocr_carea' id='block_1_56' title="bbox 2145 2157 3796 2232">
    <p class='ocr_par' dir='ltr' id='par_1_56' title="bbox 2145 2157 3796 2232">
     <span class='ocr_line' id='line_1_56' title="bbox 2145 2157 3796 2232; baseline -0.002 -15"><span class='ocrx_word' id='word_1_375' title='bbox 2145 2163 2260 2217; x_wconf 84' lang='lat' dir='ltr'><strong>fici.</strong></span> <span class='ocrx_word' id='word_1_376' title='bbox 2290 2164 2712 2219; x_wconf 81' lang='lat' dir='ltr'><strong>Guntrammus</strong></span> <span class='ocrx_word' id='word_1_377' title='bbox 2735 2179 2834 2218; x_wconf 87' lang='lat' dir='ltr'><strong>rex</strong></span> <span class='ocrx_word' id='word_1_378' title='bbox 2853 2162 3169 2218; x_wconf 85' lang='lat' dir='ltr'><strong>exercitum</strong></span> <span class='ocrx_word' id='word_1_379' title='bbox 3199 2161 3258 2217; x_wconf 92' lang='lat' dir='ltr'><strong>in</strong></span> <span class='ocrx_word' id='word_1_380' title='bbox 3281 2160 3592 2232; x_wconf 90' lang='lat' dir='ltr'><strong>Hispanias</strong></span> <span class='ocrx_word' id='word_1_381' title='bbox 3612 2157 3796 2226; x_wconf 88' lang='lat' dir='ltr'><strong>misit,</strong></span> 
     </span>
    </p>
   </div>
   <div class='ocr_carea' id='block_1_57' title="bbox 2146 2248 3636 2324">
    <p class='ocr_par' dir='ltr' id='par_1_57' title="bbox 2146 2248 3636 2324">
     <span class='ocr_line' id='line_1_57' title="bbox 2146 2248 3636 2324; baseline -0.003 -18"><span class='ocrx_word' id='word_1_382' title='bbox 2146 2251 2245 2324; x_wconf 92' lang='lat' dir='ltr'><strong>qui</strong></span> <span class='ocrx_word' id='word_1_383' title='bbox 2280 2252 2614 2307; x_wconf 85' lang='lat' dir='ltr'><strong>infirmatus</strong></span> <span class='ocrx_word' id='word_1_384' title='bbox 2646 2250 2845 2307; x_wconf 87' lang='lat' dir='ltr'><strong>statim</strong></span> <span class='ocrx_word' id='word_1_385' title='bbox 2872 2250 3042 2306; x_wconf 86' lang='lat' dir='ltr'><strong>redit.</strong></span> <span class='ocrx_word' id='word_1_386' title='bbox 3081 2250 3234 2321; x_wconf 86' lang='lat' dir='ltr'><strong>Greg.</strong></span> <span class='ocrx_word' id='word_1_387' title='bbox 3269 2251 3392 2305; x_wconf 87' lang='lat' dir='ltr'><strong>Tur.</strong></span> <span class='ocrx_word' id='word_1_388' title='bbox 3426 2265 3479 2302; x_wconf 87' lang='lat' dir='ltr'><strong>a.</strong></span> <span class='ocrx_word' id='word_1_389' title='bbox 3510 2248 3636 2303; x_wconf 92' lang='grc'>585.</span> 
     </span>
    </p>
   </div>
   <div class='ocr_carea' id='block_1_58' title="bbox 2217 2338 3793 2411">
    <p class='ocr_par' dir='ltr' id='par_1_58' title="bbox 2217 2338 3793 2411">
     <span class='ocr_line' id='line_1_58' title="bbox 2217 2338 3793 2411; baseline -0.003 -17"><span class='ocrx_word' id='word_1_390' title='bbox 2217 2342 2320 2395; x_wconf 84' lang='grc'><strong>587</strong></span> <span class='ocrx_word' id='word_1_391' title='bbox 2350 2339 2698 2395; x_wconf 85' lang='lat' dir='ltr'><strong>Leudisolus</strong></span> <span class='ocrx_word' id='word_1_392' title='bbox 2729 2338 3185 2411; x_wconf 88' lang='lat' dir='ltr'><strong>[Leudegiselus]</strong></span> <span class='ocrx_word' id='word_1_393' title='bbox 3217 2356 3251 2394; x_wconf 89' lang='lat' dir='ltr'><strong>a</strong></span> <span class='ocrx_word' id='word_1_394' title='bbox 3280 2338 3665 2395; x_wconf 90' lang='lat' dir='ltr'><strong>Guntrammo</strong></span> <span class='ocrx_word' id='word_1_395' title='bbox 3689 2352 3793 2409; x_wconf 89' lang='lat' dir='ltr'><strong>pa-</strong></span> 
     </span>
    </p>
   </div>
   <div class='ocr_carea' id='block_1_59' title="bbox 2145 2425 3801 2501">
    <p class='ocr_par' dir='ltr' id='par_1_59' title="bbox 2145 2425 3801 2501">
     <span class='ocr_line' id='line_1_59' title="bbox 2145 2425 3801 2501; baseline -0.002 -19"><span class='ocrx_word' id='word_1_396' title='bbox 2145 2428 2351 2484; x_wconf 90' lang='lat' dir='ltr'><strong>tricius</strong></span> <span class='ocrx_word' id='word_1_397' title='bbox 2380 2433 2772 2501; x_wconf 90' lang='lat' dir='ltr'><strong>promovetur.</strong></span> <span class='ocrx_word' id='word_1_398' title='bbox 2806 2427 2960 2499; x_wconf 88' lang='lat' dir='ltr'><strong>Greg.</strong></span> <span class='ocrx_word' id='word_1_399' title='bbox 2993 2428 3117 2484; x_wconf 86' lang='lat' dir='ltr'><strong>Tur.</strong></span> <span class='ocrx_word' id='word_1_400' title='bbox 3169 2444 3221 2483; x_wconf 92' lang='lat' dir='ltr'><strong>a.</strong></span> <span class='ocrx_word' id='word_1_401' title='bbox 3279 2427 3403 2482; x_wconf 88' lang='lat'><strong>586.</strong></span> <span class='ocrx_word' id='word_1_402' title='bbox 3462 2457 3530 2467; x_wconf 89' lang='lat'>-</span> <span class='ocrx_word' id='word_1_403' title='bbox 3589 2425 3801 2497; x_wconf 84' lang='lat' dir='ltr'><strong>Magna</strong></span> 
     </span>
    </p>
   </div>
   <div class='ocr_carea' id='block_1_60' title="bbox 2146 2511 3794 2588">
    <p class='ocr_par' dir='ltr' id='par_1_60' title="bbox 2146 2511 3794 2588">
     <span class='ocr_line' id='line_1_60' title="bbox 2146 2511 3794 2588; baseline -0.002 -17"><span class='ocrx_word' id='word_1_404' title='bbox 2146 2533 2432 2588; x_wconf 87' lang='lat' dir='ltr'><strong>aquarum</strong></span> <span class='ocrx_word' id='word_1_405' title='bbox 2462 2517 2769 2572; x_wconf 83' lang='lat' dir='ltr'><strong>inundatio</strong></span> <span class='ocrx_word' id='word_1_406' title='bbox 2800 2516 2972 2571; x_wconf 86' lang='lat' dir='ltr'><strong>facta.</strong></span> <span class='ocrx_word' id='word_1_407' title='bbox 2996 2515 3215 2571; x_wconf 86' lang='lat' dir='ltr'><strong>Globus</strong></span> <span class='ocrx_word' id='word_1_408' title='bbox 3237 2514 3446 2588; x_wconf 88' lang='lat' dir='ltr'><strong>igneus</strong></span> <span class='ocrx_word' id='word_1_409' title='bbox 3464 2511 3794 2569; x_wconf 85' lang='lat' dir='ltr'><strong>scintillans</strong></span> 
     </span>
    </p>
   </div>
   <div class='ocr_carea' id='block_1_61' title="bbox 2145 2601 3794 2678">
    <p class='ocr_par' dir='ltr' id='par_1_61' title="bbox 2145 2601 3794 2678">
     <span class='ocr_line' id='line_1_61' title="bbox 2145 2601 3794 2678; baseline -0.004 -16"><span class='ocrx_word' id='word_1_410' title='bbox 2145 2610 2203 2662; x_wconf 91' lang='lat' dir='ltr'><strong>et</strong></span> <span class='ocrx_word' id='word_1_411' title='bbox 2231 2605 2396 2677; x_wconf 90' lang='lat' dir='ltr'><strong>quasi</strong></span> <span class='ocrx_word' id='word_1_412' title='bbox 2428 2606 2666 2678; x_wconf 90' lang='lat' dir='ltr'><strong>rugiens</strong></span> <span class='ocrx_word' id='word_1_413' title='bbox 2696 2606 2767 2659; x_wconf 84' lang='lat' dir='ltr'><strong>de</strong></span> <span class='ocrx_word' id='word_1_414' title='bbox 2797 2604 2938 2660; x_wconf 74' lang='lat' dir='ltr'><strong>ccelo</strong></span> <span class='ocrx_word' id='word_1_415' title='bbox 2959 2604 3019 2660; x_wconf 92' lang='lat' dir='ltr'><strong>in</strong></span> <span class='ocrx_word' id='word_1_416' title='bbox 3049 2609 3269 2660; x_wconf 84' lang='lat' dir='ltr'><strong>terram</strong></span> <span class='ocrx_word' id='word_1_417' title='bbox 3299 2602 3527 2659; x_wconf 90' lang='lat' dir='ltr'><strong>cecidit.</strong></span> <span class='ocrx_word' id='word_1_418' title='bbox 3548 2601 3623 2658; x_wconf 84' lang='lat' dir='ltr'><strong>Id.</strong></span> <span class='ocrx_word' id='word_1_419' title='bbox 3657 2602 3710 2656; x_wconf 79' lang='lat' dir='ltr'><strong>Ii.</strong></span> <span class='ocrx_word' id='word_1_420' title='bbox 3739 2619 3794 2657; x_wconf 91' lang='lat' dir='ltr'><strong>a.</strong></span> 
     </span>
    </p>
   </div>
   <div class='ocr_carea' id='block_1_62' title="bbox 2145 2690 3793 2766">
    <p class='ocr_par' dir='ltr' id='par_1_62' title="bbox 2145 2690 3793 2766">
     <span class='ocr_line' id='line_1_62' title="bbox 2145 2690 3793 2766; baseline -0.003 -16"><span class='ocrx_word' id='word_1_421' title='bbox 2145 2727 2215 2735; x_wconf 88' lang='lat'><strong>—</strong></span> <span class='ocrx_word' id='word_1_422' title='bbox 2227 2695 2287 2750; x_wconf 91' lang='lat' dir='ltr'><strong>In</strong></span> <span class='ocrx_word' id='word_1_423' title='bbox 2305 2694 2586 2766; x_wconf 85' lang='lat' dir='ltr'><strong>Hispania</strong></span> <span class='ocrx_word' id='word_1_424' title='bbox 2597 2692 2969 2766; x_wconf 90' lang='lat' dir='ltr'><strong>Leovigildus</strong></span> <span class='ocrx_word' id='word_1_425' title='bbox 2984 2709 3084 2749; x_wconf 86' lang='lat' dir='ltr'><strong>rex</strong></span> <span class='ocrx_word' id='word_1_426' title='bbox 3105 2692 3427 2749; x_wconf 89' lang='lat' dir='ltr'><strong>Gothorum</strong></span> <span class='ocrx_word' id='word_1_427' title='bbox 3450 2690 3715 2759; x_wconf 89' lang='lat' dir='ltr'><strong>moritur,</strong></span> <span class='ocrx_word' id='word_1_428' title='bbox 3733 2694 3793 2745; x_wconf 90' lang='lat' dir='ltr'><strong>et</strong></span> 
     </span>
    </p>
   </div>
   <div class='ocr_carea' id='block_1_63' title="bbox 2148 2778 3787 2853">
    <p class='ocr_par' dir='ltr' id='par_1_63' title="bbox 2148 2778 3787 2853">
     <span class='ocr_line' id='line_1_63' title="bbox 2148 2778 3787 2853; baseline -0.004 -15"><span class='ocrx_word' id='word_1_429' title='bbox 2148 2782 2510 2838; x_wconf 79' lang='lat' dir='ltr'><strong>Reccarcdus</strong></span> <span class='ocrx_word' id='word_1_430' title='bbox 2541 2781 2701 2837; x_wconf 78' lang='lat' dir='ltr'><strong>filius</strong></span> <span class='ocrx_word' id='word_1_431' title='bbox 2725 2782 2854 2850; x_wconf 90' lang='lat' dir='ltr'><strong>ejus</strong></span> <span class='ocrx_word' id='word_1_432' title='bbox 2886 2797 2985 2836; x_wconf 86' lang='lat' dir='ltr'><strong>rex</strong></span> <span class='ocrx_word' id='word_1_433' title='bbox 3031 2797 3136 2853; x_wconf 90' lang='lat' dir='ltr'><strong>pro</strong></span> <span class='ocrx_word' id='word_1_434' title='bbox 3192 2796 3259 2835; x_wconf 90' lang='lat' dir='ltr'><strong>eo</strong></span> <span class='ocrx_word' id='word_1_435' title='bbox 3315 2778 3603 2844; x_wconf 76' lang='lat' dir='ltr'><strong>efﬁcitur;</strong></span> <span class='ocrx_word' id='word_1_436' title='bbox 3659 2778 3787 2850; x_wconf 90' lang='lat' dir='ltr'><strong>qui,</strong></span> 
     </span>
    </p>
   </div>
   <div class='ocr_carea' id='block_1_64' title="bbox 2144 2868 3790 2943">
    <p class='ocr_par' dir='ltr' id='par_1_64' title="bbox 2144 2868 3790 2943">
     <span class='ocr_line' id='line_1_64' title="bbox 2144 2868 3790 2943; baseline -0.002 -17"><span class='ocrx_word' id='word_1_437' title='bbox 2144 2872 2401 2926; x_wconf 88' lang='lat' dir='ltr'><strong>instante</strong></span> <span class='ocrx_word' id='word_1_438' title='bbox 2428 2871 2690 2926; x_wconf 89' lang='lat' dir='ltr'><strong>Leandro</strong></span> <span class='ocrx_word' id='word_1_439' title='bbox 2712 2868 3075 2943; x_wconf 88' lang='lat' dir='ltr'><strong>Hispalitano</strong></span> <span class='ocrx_word' id='word_1_440' title='bbox 3090 2870 3385 2941; x_wconf 87' lang='lat' dir='ltr'><strong>episcopo,</strong></span> <span class='ocrx_word' id='word_1_441' title='bbox 3415 2885 3448 2924; x_wconf 88' lang='lat' dir='ltr'><strong>a</strong></span> <span class='ocrx_word' id='word_1_442' title='bbox 3476 2884 3591 2939; x_wconf 90' lang='lat' dir='ltr'><strong>quo</strong></span> <span class='ocrx_word' id='word_1_443' title='bbox 3610 2868 3790 2923; x_wconf 87' lang='lat' dir='ltr'><strong>frater</strong></span> 
     </span>
    </p>
   </div>
   <div class='ocr_carea' id='block_1_65' title="bbox 2146 2958 3792 3032">
    <p class='ocr_par' dir='ltr' id='par_1_65' title="bbox 2146 2958 3792 3032">
     <span class='ocr_line' id='line_1_65' title="bbox 2146 2958 3792 3032; baseline -0.003 -16"><span class='ocrx_word' id='word_1_444' title='bbox 2146 2961 2274 3032; x_wconf 89' lang='lat' dir='ltr'><strong>ejus</strong></span> <span class='ocrx_word' id='word_1_445' title='bbox 2319 2958 2782 3031; x_wconf 86' lang='lat' dir='ltr'><strong>Herminigildus</strong></span> <span class='ocrx_word' id='word_1_446' title='bbox 2838 2975 3152 3015; x_wconf 88' lang='lat' dir='ltr'><strong>conversus</strong></span> <span class='ocrx_word' id='word_1_447' title='bbox 3210 2958 3417 3022; x_wconf 77' lang='lat' dir='ltr'><strong>fuerat,</strong></span> <span class='ocrx_word' id='word_1_448' title='bbox 3476 2973 3610 3012; x_wconf 90' lang='lat' dir='ltr'><strong>cum</strong></span> <span class='ocrx_word' id='word_1_449' title='bbox 3665 2960 3792 3012; x_wconf 85' lang='lat' dir='ltr'><strong>tota</strong></span> 
     </span>
    </p>
   </div>
   <div class='ocr_carea' id='block_1_66' title="bbox 2145 3045 3790 3122">
    <p class='ocr_par' dir='ltr' id='par_1_66' title="bbox 2145 3045 3790 3122">
     <span class='ocr_line' id='line_1_66' title="bbox 2145 3045 3790 3122; baseline -0.003 -19"><span class='ocrx_word' id='word_1_450' title='bbox 2145 3053 2316 3122; x_wconf 86' lang='lat' dir='ltr'><strong>gente</strong></span> <span class='ocrx_word' id='word_1_451' title='bbox 2346 3048 2667 3105; x_wconf 88' lang='lat' dir='ltr'><strong>Gothorum</strong></span> <span class='ocrx_word' id='word_1_452' title='bbox 2698 3064 2814 3104; x_wconf 91' lang='lat' dir='ltr'><strong>non</strong></span> <span class='ocrx_word' id='word_1_453' title='bbox 2847 3046 3031 3104; x_wconf 89' lang='lat' dir='ltr'><strong>multo</strong></span> <span class='ocrx_word' id='word_1_454' title='bbox 3062 3051 3196 3120; x_wconf 86' lang='lat' dir='ltr'><strong>post</strong></span> <span class='ocrx_word' id='word_1_455' title='bbox 3225 3047 3297 3102; x_wconf 89' lang='lat' dir='ltr'><strong>ad</strong></span> <span class='ocrx_word' id='word_1_456' title='bbox 3328 3045 3679 3102; x_wconf 85' lang='lat' dir='ltr'><strong>catholicam</strong></span> <span class='ocrx_word' id='word_1_457' title='bbox 3722 3045 3790 3098; x_wconf 85' lang='lat' dir='ltr'><strong>fi-</strong></span> 
     </span>
    </p>
   </div>
   <div class='ocr_carea' id='block_1_67' title="bbox 2146 3135 3484 3207">
    <p class='ocr_par' dir='ltr' id='par_1_67' title="bbox 2146 3135 3484 3207">
     <span class='ocr_line' id='line_1_67' title="bbox 2146 3135 3484 3207; baseline -0.001 -15"><span class='ocrx_word' id='word_1_458' title='bbox 2146 3138 2280 3194; x_wconf 91' lang='lat' dir='ltr'><strong>dem</strong></span> <span class='ocrx_word' id='word_1_459' title='bbox 2302 3137 2676 3193; x_wconf 89' lang='lat' dir='ltr'><strong>convertitur.</strong></span> <span class='ocrx_word' id='word_1_460' title='bbox 2710 3136 2867 3207; x_wconf 86' lang='lat' dir='ltr'><strong>Greg.</strong></span> <span class='ocrx_word' id='word_1_461' title='bbox 2903 3139 3025 3192; x_wconf 88' lang='lat' dir='ltr'><strong>Tur.</strong></span> <span class='ocrx_word' id='word_1_462' title='bbox 3058 3153 3115 3192; x_wconf 78' lang='grc' dir='ltr'><strong>α.</strong></span> <span class='ocrx_word' id='word_1_463' title='bbox 3143 3137 3248 3192; x_wconf 84' lang='grc'><strong>586</strong></span> <span class='ocrx_word' id='word_1_464' title='bbox 3277 3143 3331 3191; x_wconf 88' lang='lat' dir='ltr'><strong>et</strong></span> <span class='ocrx_word' id='word_1_465' title='bbox 3358 3135 3484 3191; x_wconf 87' lang='lat'><strong>588.</strong></span> 
     </span>
    </p>
   </div>
   <div class='ocr_carea' id='block_1_68' title="bbox 2219 3221 3799 3296">
    <p class='ocr_par' dir='ltr' id='par_1_68' title="bbox 2219 3221 3799 3296">
     <span class='ocr_line' id='line_1_68' title="bbox 2219 3221 3799 3296; baseline -0.003 -14"><span class='ocrx_word' id='word_1_466' title='bbox 2219 3227 2327 3282; x_wconf 89' lang='grc'><strong>588</strong></span> <span class='ocrx_word' id='word_1_467' title='bbox 2358 3226 2803 3293; x_wconf 87' lang='lat' dir='ltr'><strong>Guntrammus,</strong></span> <span class='ocrx_word' id='word_1_468' title='bbox 2836 3229 2893 3281; x_wconf 89' lang='lat' dir='ltr'><strong>et</strong></span> <span class='ocrx_word' id='word_1_469' title='bbox 2929 3224 3334 3281; x_wconf 89' lang='lat' dir='ltr'><strong>Childebertus</strong></span> <span class='ocrx_word' id='word_1_470' title='bbox 3364 3239 3530 3296; x_wconf 84' lang='lat' dir='ltr'><strong>reges</strong></span> <span class='ocrx_word' id='word_1_471' title='bbox 3556 3221 3708 3278; x_wconf 88' lang='lat' dir='ltr'><strong>inter</strong></span> <span class='ocrx_word' id='word_1_472' title='bbox 3735 3237 3799 3278; x_wconf 89' lang='lat' dir='ltr'><strong>se</strong></span> 
     </span>
    </p>
   </div>
   <div class='ocr_carea' id='block_1_69' title="bbox 2148 3313 3793 3387">
    <p class='ocr_par' dir='ltr' id='par_1_69' title="bbox 2148 3313 3793 3387">
     <span class='ocr_line' id='line_1_69' title="bbox 2148 3313 3793 3387; baseline -0.002 -16"><span class='ocrx_word' id='word_1_473' title='bbox 2148 3332 2351 3387; x_wconf 89' lang='lat' dir='ltr'><strong>pacem</strong></span> <span class='ocrx_word' id='word_1_474' title='bbox 2381 3319 2439 3370; x_wconf 90' lang='lat' dir='ltr'><strong>et</strong></span> <span class='ocrx_word' id='word_1_475' title='bbox 2463 3318 2698 3387; x_wconf 89' lang='lat' dir='ltr'><strong>pactum</strong></span> <span class='ocrx_word' id='word_1_476' title='bbox 2737 3318 2942 3370; x_wconf 91' lang='lat' dir='ltr'><strong>mutuo</strong></span> <span class='ocrx_word' id='word_1_477' title='bbox 2996 3313 3368 3380; x_wconf 82' lang='lat' dir='ltr'><strong>confirmant,</strong></span> <span class='ocrx_word' id='word_1_478' title='bbox 3427 3327 3793 3383; x_wconf 80' lang='lat' dir='ltr'><strong>regnumque</strong></span> 
     </span>
    </p>
   </div>
   <div class='ocr_carea' id='block_1_70' title="bbox 2071 3389 3790 3474">
    <p class='ocr_par' dir='ltr' id='par_1_70' title="bbox 2071 3389 3790 3474">
     <span class='ocr_line' id='line_1_70' title="bbox 2071 3389 3790 3474; baseline 0.001 -20"><span class='ocrx_word' id='word_1_479' title='bbox 2071 3389 2113 3454; x_wconf 91' lang='lat' dir='ltr'>C</span> <span class='ocrx_word' id='word_1_480' title='bbox 2141 3403 2513 3460; x_wconf 87' lang='lat' dir='ltr'><strong>Guntrammi</strong></span> <span class='ocrx_word' id='word_1_481' title='bbox 2547 3407 2681 3474; x_wconf 88' lang='lat' dir='ltr'><strong>post</strong></span> <span class='ocrx_word' id='word_1_482' title='bbox 2709 3401 2932 3457; x_wconf 83' lang='lat' dir='ltr'><strong>obitum</strong></span> <span class='ocrx_word' id='word_1_483' title='bbox 2959 3402 3090 3473; x_wconf 92' lang='lat' dir='ltr'><strong>ejus</strong></span> <span class='ocrx_word' id='word_1_484' title='bbox 3115 3400 3490 3456; x_wconf 88' lang='lat' dir='ltr'><strong>Childeberto</strong></span> <span class='ocrx_word' id='word_1_485' title='bbox 3522 3400 3618 3456; x_wconf 78' lang='lat'><strong>8|</strong></span> <span class='ocrx_word' id='word_1_486' title='bbox 3659 3416 3790 3472; x_wconf 85' lang='lat' dir='ltr'><strong>pro-</strong></span> 
     </span>
    </p>
   </div>
   <div class='ocr_carea' id='block_1_71' title="bbox 2145 3488 3797 3562">
    <p class='ocr_par' dir='ltr' id='par_1_71' title="bbox 2145 3488 3797 3562">
     <span class='ocr_line' id='line_1_71' title="bbox 2145 3488 3797 3562; baseline -0.004 -13"><span class='ocrx_word' id='word_1_487' title='bbox 2145 3493 2417 3549; x_wconf 88' lang='lat' dir='ltr'><strong>mittitur.</strong></span> <span class='ocrx_word' id='word_1_488' title='bbox 2440 3489 2719 3546; x_wconf 88' lang='lat' dir='ltr'><strong>Nonnulli</strong></span> <span class='ocrx_word' id='word_1_489' title='bbox 2742 3490 3077 3562; x_wconf 89' lang='lat' dir='ltr'><strong>principum</strong></span> <span class='ocrx_word' id='word_1_490' title='bbox 3094 3493 3153 3545; x_wconf 89' lang='lat' dir='ltr'><strong>et</strong></span> <span class='ocrx_word' id='word_1_491' title='bbox 3177 3490 3395 3546; x_wconf 91' lang='lat' dir='ltr'><strong>ducum</strong></span> <span class='ocrx_word' id='word_1_492' title='bbox 3417 3488 3797 3559; x_wconf 88' lang='lat' dir='ltr'><strong>Childeberti,</strong></span> 
     </span>
    </p>
   </div>
   <div class='ocr_carea' id='block_1_72' title="bbox 2145 3578 3799 3651">
    <p class='ocr_par' dir='ltr' id='par_1_72' title="bbox 2145 3578 3799 3651">
     <span class='ocr_line' id='line_1_72' title="bbox 2145 3578 3799 3651; baseline -0.001 -14"><span class='ocrx_word' id='word_1_493' title='bbox 2145 3581 2273 3651; x_wconf 90' lang='lat' dir='ltr'><strong>conj</strong></span> <span class='ocrx_word' id='word_1_494' title='bbox 2284 3579 2568 3636; x_wconf 85' lang='lat' dir='ltr'><strong>arationis</strong></span> <span class='ocrx_word' id='word_1_495' title='bbox 2598 3586 2798 3635; x_wconf 77' lang='lat' dir='ltr'><strong>contra</strong></span> <span class='ocrx_word' id='word_1_496' title='bbox 2827 3595 2963 3635; x_wconf 91' lang='lat' dir='ltr'><strong>eum</strong></span> <span class='ocrx_word' id='word_1_497' title='bbox 2985 3578 3252 3646; x_wconf 88' lang='lat' dir='ltr'><strong>convicti,</strong></span> <span class='ocrx_word' id='word_1_498' title='bbox 3276 3578 3465 3651; x_wconf 89' lang='lat' dir='ltr'><strong>puniti</strong></span> <span class='ocrx_word' id='word_1_499' title='bbox 3489 3582 3649 3635; x_wconf 88' lang='lat' dir='ltr'><strong>sunt.</strong></span> <span class='ocrx_word' id='word_1_500' title='bbox 3673 3580 3799 3637; x_wconf 83' lang='lat' dir='ltr'><strong>Fre-</strong></span> 
     </span>
    </p>
   </div>
   <div class='ocr_carea' id='block_1_73' title="bbox 2146 3667 3801 3742">
    <p class='ocr_par' dir='ltr' id='par_1_73' title="bbox 2146 3667 3801 3742">
     <span class='ocr_line' id='line_1_73' title="bbox 2146 3667 3801 3742; baseline -0.001 -16"><span class='ocrx_word' id='word_1_501' title='bbox 2146 3671 2263 3742; x_wconf 88' lang='lat' dir='ltr'><strong>deg.</strong></span> <span class='ocrx_word' id='word_1_502' title='bbox 2296 3687 2348 3725; x_wconf 83' lang='grc' dir='ltr'><strong>ιι.</strong></span> <span class='ocrx_word' id='word_1_503' title='bbox 2380 3669 2506 3724; x_wconf 89' lang='grc'>587.</span> <span class='ocrx_word' id='word_1_504' title='bbox 2537 3698 2607 3709; x_wconf 89' lang='grc'><strong><em>--</em></strong></span> <span class='ocrx_word' id='word_1_505' title='bbox 2637 3669 2697 3723; x_wconf 91' lang='lat' dir='ltr'><strong>In</strong></span> <span class='ocrx_word' id='word_1_506' title='bbox 2730 3667 3014 3740; x_wconf 89' lang='lat' dir='ltr'><strong>Hispania</strong></span> <span class='ocrx_word' id='word_1_507' title='bbox 3046 3667 3288 3724; x_wconf 66' lang='lat' dir='ltr'><strong>haeresis</strong></span> <span class='ocrx_word' id='word_1_508' title='bbox 3308 3667 3607 3739; x_wconf 85' lang='lat' dir='ltr'><strong>destructa</strong></span> <span class='ocrx_word' id='word_1_509' title='bbox 3636 3671 3694 3723; x_wconf 88' lang='lat' dir='ltr'><strong>et</strong></span> <span class='ocrx_word' id='word_1_510' title='bbox 3711 3684 3801 3740; x_wconf 81' lang='lat' dir='ltr'><strong>sy-</strong></span> 
     </span>
    </p>
   </div>
   <div class='ocr_carea' id='block_1_74' title="bbox 2148 3754 3797 3828">
    <p class='ocr_par' dir='ltr' id='par_1_74' title="bbox 2148 3754 3797 3828">
     <span class='ocr_line' id='line_1_74' title="bbox 2148 3754 3797 3828; baseline -0.002 -14"><span class='ocrx_word' id='word_1_511' title='bbox 2148 3759 2338 3814; x_wconf 92' lang='lat' dir='ltr'><strong>nodus</strong></span> <span class='ocrx_word' id='word_1_512' title='bbox 2365 3755 2645 3812; x_wconf 85' lang='lat' dir='ltr'><strong>Toletana</strong></span> <span class='ocrx_word' id='word_1_513' title='bbox 2675 3755 2916 3812; x_wconf 88' lang='lat' dir='ltr'><strong>collecta</strong></span> <span class='ocrx_word' id='word_1_514' title='bbox 2943 3759 3033 3813; x_wconf 87' lang='lat' dir='ltr'><strong>est</strong></span> <span class='ocrx_word' id='word_1_515' title='bbox 3062 3756 3358 3812; x_wconf 89' lang='lat' dir='ltr'><strong>industria</strong></span> <span class='ocrx_word' id='word_1_516' title='bbox 3378 3754 3626 3811; x_wconf 89' lang='lat' dir='ltr'><strong>Leandri</strong></span> <span class='ocrx_word' id='word_1_517' title='bbox 3651 3771 3797 3828; x_wconf 74' lang='lat' dir='ltr'><strong>pra:-</strong></span> 
     </span>
    </p>
   </div>
   <div class='ocr_carea' id='block_1_75' title="bbox 1435 3859 2748 3921">
    <p class='ocr_par' dir='ltr' id='par_1_75' title="bbox 1435 3859 2748 3921">
     <span class='ocr_line' id='line_1_75' title="bbox 1435 3859 2748 3921; baseline 0.002 -7"><span class='ocrx_word' id='word_1_518' title='bbox 1435 3859 1910 3917; x_wconf 88' lang='lat' dir='ltr'><strong>COMPENDIUM</strong></span> <span class='ocrx_word' id='word_1_519' title='bbox 1950 3864 2042 3919; x_wconf 90' lang='lat' dir='ltr'><strong>EX</strong></span> <span class='ocrx_word' id='word_1_520' title='bbox 2081 3865 2334 3921; x_wconf 88' lang='lat' dir='ltr'><strong>CODICE</strong></span> <span class='ocrx_word' id='word_1_521' title='bbox 2370 3862 2748 3920; x_wconf 86' lang='lat' dir='ltr'><strong>BERNOLDI.</strong></span> 
     </span>
    </p>
   </div>
   <div class='ocr_carea' id='block_1_76' title="bbox 456 3958 2037 4030">
    <p class='ocr_par' dir='ltr' id='par_1_76' title="bbox 456 3958 2037 4030">
     <span class='ocr_line' id='line_1_76' title="bbox 456 3958 2037 4030; baseline 0.001 -15"><span class='ocrx_word' id='word_1_522' title='bbox 456 3959 553 4015; x_wconf 89' lang='grc'><strong>581</strong></span> <span class='ocrx_word' id='word_1_523' title='bbox 590 3961 697 4015; x_wconf 85' lang='lat' dir='ltr'><strong>Hoc</strong></span> <span class='ocrx_word' id='word_1_524' title='bbox 724 3964 966 4030; x_wconf 86' lang='lat' dir='ltr'><strong>tempore</strong></span> <span class='ocrx_word' id='word_1_525' title='bbox 995 3959 1262 4014; x_wconf 86' lang='lat' dir='ltr'><strong>exercitus</strong></span> <span class='ocrx_word' id='word_1_526' title='bbox 1297 3959 1502 4013; x_wconf 81' lang='lat' dir='ltr'><strong>Tiberii</strong></span> <span class='ocrx_word' id='word_1_527' title='bbox 1529 3958 1873 4029; x_wconf 80' lang='lat' dir='ltr'><strong>imperatoris</strong></span> <span class='ocrx_word' id='word_1_528' title='bbox 1902 3963 2037 4017; x_wconf 65' lang='lat' dir='ltr'><strong>Pero</strong></span> 
     </span>
    </p>
   </div>
   <div class='ocr_carea' id='block_1_77' title="bbox 386 4048 1070 4120">
    <p class='ocr_par' dir='ltr' id='par_1_77' title="bbox 386 4048 1070 4120">
     <span class='ocr_line' id='line_1_77' title="bbox 386 4048 1070 4120; baseline -0.006 -16"><span class='ocrx_word' id='word_1_529' title='bbox 386 4064 475 4104; x_wconf 88' lang='lat' dir='ltr'><strong>sas</strong></span> <span class='ocrx_word' id='word_1_530' title='bbox 506 4050 756 4120; x_wconf 84' lang='lat' dir='ltr'><strong>potenter</strong></span> <span class='ocrx_word' id='word_1_531' title='bbox 773 4048 1070 4118; x_wconf 84' lang='lat' dir='ltr'><strong>superavit.</strong></span> 
     </span>
    </p>
   </div>
   <div class='ocr_carea' id='block_1_78' title="bbox 457 4135 2036 4207">
    <p class='ocr_par' dir='ltr' id='par_1_78' title="bbox 457 4135 2036 4207">
     <span class='ocr_line' id='line_1_78' title="bbox 457 4135 2036 4207; baseline 0.001 -15"><span class='ocrx_word' id='word_1_532' title='bbox 457 4135 566 4192; x_wconf 89' lang='lat'><strong>582</strong></span> <span class='ocrx_word' id='word_1_533' title='bbox 585 4135 1055 4205; x_wconf 78' lang='lat' dir='ltr'><strong>Constantinopoli</strong></span> <span class='ocrx_word' id='word_1_534' title='bbox 1084 4135 1326 4190; x_wconf 80' lang='lat' dir='ltr'><strong>Tiberius</strong></span> <span class='ocrx_word' id='word_1_535' title='bbox 1352 4137 1510 4191; x_wconf 88' lang='lat' dir='ltr'><strong>omni</strong></span> <span class='ocrx_word' id='word_1_536' title='bbox 1561 4136 1722 4191; x_wconf 83' lang='lat' dir='ltr'><strong>laude</strong></span> <span class='ocrx_word' id='word_1_537' title='bbox 1777 4137 2036 4207; x_wconf 85' lang='lat' dir='ltr'><strong>dignissi-</strong></span> 
     </span>
    </p>
   </div>
   <div class='ocr_carea' id='block_1_79' title="bbox 387 4224 2035 4295">
    <p class='ocr_par' dir='ltr' id='par_1_79' title="bbox 387 4224 2035 4295">
     <span class='ocr_line' id='line_1_79' title="bbox 387 4224 2035 4295; baseline 0.001 -14"><span class='ocrx_word' id='word_1_538' title='bbox 387 4241 512 4281; x_wconf 86' lang='lat' dir='ltr'><strong>mus</strong></span> <span class='ocrx_word' id='word_1_539' title='bbox 555 4224 692 4280; x_wconf 88' lang='lat' dir='ltr'><strong>obiit</strong></span> <span class='ocrx_word' id='word_1_540' title='bbox 735 4239 836 4295; x_wconf 88' lang='lat' dir='ltr'><strong>pro</strong></span> <span class='ocrx_word' id='word_1_541' title='bbox 880 4239 982 4295; x_wconf 88' lang='lat' dir='ltr'><strong>quo</strong></span> <span class='ocrx_word' id='word_1_542' title='bbox 1032 4224 1330 4279; x_wconf 75' lang='lat' dir='ltr'><strong>Mauricius</strong></span> <span class='ocrx_word' id='word_1_543' title='bbox 1390 4229 1642 4293; x_wconf 79' lang='lat' dir='ltr'><strong>regnavit</strong></span> <span class='ocrx_word' id='word_1_544' title='bbox 1709 4229 1875 4282; x_wconf 87' lang='lat' dir='ltr'><strong>annis</strong></span> <span class='ocrx_word' id='word_1_545' title='bbox 1919 4246 2035 4283; x_wconf 67' lang='lat' dir='ltr'><strong>xxx.</strong></span> 
     </span>
    </p>
   </div>
   <div class='ocr_carea' id='block_1_80' title="bbox 387 4312 2036 4385">
    <p class='ocr_par' dir='ltr' id='par_1_80' title="bbox 387 4312 2036 4385">
     <span class='ocr_line' id='line_1_80' title="bbox 387 4312 2036 4385; baseline 0 -14"><span class='ocrx_word' id='word_1_546' title='bbox 387 4316 575 4371; x_wconf 65' lang='lat' dir='ltr'><strong>Romae</strong></span> <span class='ocrx_word' id='word_1_547' title='bbox 603 4314 864 4382; x_wconf 76' lang='lat' dir='ltr'><strong>Pelagius</strong></span> <span class='ocrx_word' id='word_1_548' title='bbox 893 4312 1164 4367; x_wconf 85' lang='lat' dir='ltr'><strong>secundus</strong></span> <span class='ocrx_word' id='word_1_549' title='bbox 1207 4329 1356 4385; x_wconf 85' lang='lat' dir='ltr'><strong>papa</strong></span> <span class='ocrx_word' id='word_1_550' title='bbox 1385 4314 1511 4367; x_wconf 77' lang='lat' dir='ltr'><strong>LXV</strong></span> <span class='ocrx_word' id='word_1_551' title='bbox 1565 4313 1705 4368; x_wconf 87' lang='lat' dir='ltr'><strong>sedit</strong></span> <span class='ocrx_word' id='word_1_552' title='bbox 1759 4318 1923 4370; x_wconf 88' lang='lat' dir='ltr'><strong>annis</strong></span> <span class='ocrx_word' id='word_1_553' title='bbox 1981 4335 2036 4385; x_wconf 87' lang='lat' dir='ltr'><strong>x,</strong></span> 
     </span>
    </p>
   </div>
   <div class='ocr_carea' id='block_1_81' title="bbox 388 4401 2041 4475">
    <p class='ocr_par' dir='ltr' id='par_1_81' title="bbox 388 4401 2041 4475">
     <span class='ocr_line' id='line_1_81' title="bbox 388 4401 2041 4475; baseline 0.002 -18"><span class='ocrx_word' id='word_1_554' title='bbox 388 4401 671 4458; x_wconf 76' lang='lat' dir='ltr'><strong>mensibus</strong></span> <span class='ocrx_word' id='word_1_555' title='bbox 700 4419 762 4457; x_wconf 92' lang='grc' dir='ltr'><strong>ιι.</strong></span> <span class='ocrx_word' id='word_1_556' title='bbox 796 4403 892 4458; x_wconf 75' lang='lat' dir='ltr'><strong>llic</strong></span> <span class='ocrx_word' id='word_1_557' title='bbox 920 4401 1189 4472; x_wconf 79' lang='lat' dir='ltr'><strong>templum</strong></span> <span class='ocrx_word' id='word_1_558' title='bbox 1216 4402 1271 4458; x_wconf 91' lang='lat' dir='ltr'><strong>S.</strong></span> <span class='ocrx_word' id='word_1_559' title='bbox 1322 4403 1478 4457; x_wconf 84' lang='lat' dir='ltr'><strong>Petri</strong></span> <span class='ocrx_word' id='word_1_560' title='bbox 1517 4402 1719 4457; x_wconf 86' lang='lat' dir='ltr'><strong>tabulis</strong></span> <span class='ocrx_word' id='word_1_561' title='bbox 1771 4407 2041 4475; x_wconf 79' lang='lat' dir='ltr'><strong>argenteis</strong></span> 
     </span>
    </p>
   </div>
   <div class='ocr_carea' id='block_1_82' title="bbox 390 4491 1647 4563">
    <p class='ocr_par' dir='ltr' id='par_1_82' title="bbox 390 4491 1647 4563">
     <span class='ocr_line' id='line_1_82' title="bbox 390 4491 1647 4563; baseline -0.002 -16"><span class='ocrx_word' id='word_1_562' title='bbox 390 4492 672 4547; x_wconf 86' lang='lat' dir='ltr'><strong>deauratis</strong></span> <span class='ocrx_word' id='word_1_563' title='bbox 694 4492 851 4560; x_wconf 90' lang='lat' dir='ltr'><strong>texit,</strong></span> <span class='ocrx_word' id='word_1_564' title='bbox 882 4492 1100 4563; x_wconf 87' lang='lat' dir='ltr'><strong>aliaque</strong></span> <span class='ocrx_word' id='word_1_565' title='bbox 1128 4491 1305 4546; x_wconf 88' lang='lat' dir='ltr'><strong>multa</strong></span> <span class='ocrx_word' id='word_1_566' title='bbox 1331 4491 1470 4546; x_wconf 87' lang='lat' dir='ltr'><strong>bona</strong></span> <span class='ocrx_word' id='word_1_567' title='bbox 1497 4493 1647 4562; x_wconf 81' lang='lat' dir='ltr'><strong>fecit.</strong></span> 
     </span>
    </p>
   </div>
   <div class='ocr_carea' id='block_1_83' title="bbox 461 4580 2124 4672">
    <p class='ocr_par' dir='ltr' id='par_1_83' title="bbox 461 4580 2124 4672">
     <span class='ocr_line' id='line_1_83' title="bbox 461 4580 2124 4672; baseline 0.002 -37"><span class='ocrx_word' id='word_1_568' title='bbox 461 4580 570 4635; x_wconf 89' lang='lat'><strong>583</strong></span> <span class='ocrx_word' id='word_1_569' title='bbox 596 4580 974 4672; x_wconf 56' lang='lat' dir='ltr'><strong>Childebertus</strong></span> <span class='ocrx_word' id='word_1_570' title='bbox 1002 4582 1486 4672; x_wconf 18' lang='lat' dir='ltr'><strong>rexili‘rancorum,</strong></span> <span class='ocrx_word' id='word_1_571' title='bbox 1533 4583 1766 4652; x_wconf 82' lang='lat' dir='ltr'><strong>acceptis</strong></span> <span class='ocrx_word' id='word_1_572' title='bbox 1826 4600 1864 4672; x_wconf 68' lang='grc' dir='ltr'><strong>ι.</strong></span> <span class='ocrx_word' id='word_1_573' title='bbox 1909 4584 2041 4639; x_wconf 89' lang='lat' dir='ltr'><strong>mil-</strong></span> <span class='ocrx_word' id='word_1_574' title='bbox 2076 4607 2124 4672; x_wconf 82' lang='lat' dir='ltr'><strong>D</strong></span> 
     </span>
    </p>
   </div>
   <div class='ocr_carea' id='block_1_84' title="bbox 396 4668 2043 4743">
    <p class='ocr_par' dir='ltr' id='par_1_84' title="bbox 396 4668 2043 4743">
     <span class='ocr_line' id='line_1_84' title="bbox 396 4668 2043 4743; baseline 0.003 -19"><span class='ocrx_word' id='word_1_575' title='bbox 396 4671 538 4725; x_wconf 88' lang='lat' dir='ltr'><strong>libus</strong></span> <span class='ocrx_word' id='word_1_576' title='bbox 557 4668 859 4727; x_wconf 65' lang='lat' dir='ltr'><strong>solidorum</strong></span> <span class='ocrx_word' id='word_1_577' title='bbox 881 4671 1012 4725; x_wconf 86' lang='lat' dir='ltr'><strong>auri</strong></span> <span class='ocrx_word' id='word_1_578' title='bbox 1037 4687 1070 4725; x_wconf 90' lang='lat' dir='ltr'><strong>a</strong></span> <span class='ocrx_word' id='word_1_579' title='bbox 1098 4671 1360 4726; x_wconf 80' lang='lat' dir='ltr'><strong>Mauricio</strong></span> <span class='ocrx_word' id='word_1_580' title='bbox 1392 4671 1525 4736; x_wconf 63' lang='lat' dir='ltr'><strong>imp.</strong></span> <span class='ocrx_word' id='word_1_581' title='bbox 1564 4675 1623 4726; x_wconf 89' lang='lat' dir='ltr'><strong>ut</strong></span> <span class='ocrx_word' id='word_1_582' title='bbox 1671 4671 2043 4743; x_wconf 83' lang='lat' dir='ltr'><strong>Langobardos</strong></span> 
     </span>
    </p>
   </div>
   <div class='ocr_carea' id='block_1_85' title="bbox 394 4757 2040 4832">
    <p class='ocr_par' dir='ltr' id='par_1_85' title="bbox 394 4757 2040 4832">
     <span class='ocr_line' id='line_1_85' title="bbox 394 4757 2040 4832; baseline 0.001 -17"><span class='ocrx_word' id='word_1_583' title='bbox 394 4758 463 4815; x_wconf 84' lang='lat' dir='ltr'><strong>de</strong></span> <span class='ocrx_word' id='word_1_584' title='bbox 485 4757 646 4813; x_wconf 81' lang='lat' dir='ltr'><strong>Italia</strong></span> <span class='ocrx_word' id='word_1_585' title='bbox 669 4759 916 4829; x_wconf 83' lang='lat' dir='ltr'><strong>pelleret,</strong></span> <span class='ocrx_word' id='word_1_586' title='bbox 946 4775 1071 4813; x_wconf 87' lang='lat' dir='ltr'><strong>eum</strong></span> <span class='ocrx_word' id='word_1_587' title='bbox 1089 4759 1290 4814; x_wconf 85' lang='lat' dir='ltr'><strong>eisdem</strong></span> <span class='ocrx_word' id='word_1_588' title='bbox 1312 4766 1534 4831; x_wconf 85' lang='lat' dir='ltr'><strong>pactum</strong></span> <span class='ocrx_word' id='word_1_589' title='bbox 1565 4762 1830 4832; x_wconf 82' lang='lat' dir='ltr'><strong>ﬁrmavit,</strong></span> <span class='ocrx_word' id='word_1_590' title='bbox 1859 4765 1911 4817; x_wconf 89' lang='lat' dir='ltr'><strong>et</strong></span> <span class='ocrx_word' id='word_1_591' title='bbox 1935 4763 2040 4817; x_wconf 88' lang='lat' dir='ltr'><strong>im-</strong></span> 
     </span>
    </p>
   </div>
   <div class='ocr_carea' id='block_1_86' title="bbox 395 4847 1959 4920">
    <p class='ocr_par' dir='ltr' id='par_1_86' title="bbox 395 4847 1959 4920">
     <span class='ocr_line' id='line_1_86' title="bbox 395 4847 1959 4920; baseline 0.003 -20"><span class='ocrx_word' id='word_1_592' title='bbox 395 4847 639 4918; x_wconf 62' lang='lat' dir='ltr'><strong>peratori</strong></span> <span class='ocrx_word' id='word_1_593' title='bbox 664 4849 956 4918; x_wconf 88' lang='lat' dir='ltr'><strong>pecuniam</strong></span> <span class='ocrx_word' id='word_1_594' title='bbox 983 4848 1291 4918; x_wconf 86' lang='lat' dir='ltr'><strong>requirenti</strong></span> <span class='ocrx_word' id='word_1_595' title='bbox 1316 4864 1416 4902; x_wconf 89' lang='lat' dir='ltr'><strong>nec</strong></span> <span class='ocrx_word' id='word_1_596' title='bbox 1447 4864 1771 4920; x_wconf 77' lang='lat' dir='ltr'><strong>responsum</strong></span> <span class='ocrx_word' id='word_1_597' title='bbox 1796 4850 1959 4906; x_wconf 80' lang='lat' dir='ltr'><strong>dedit.</strong></span> 
     </span>
    </p>
   </div>
   <div class='ocr_carea' id='block_1_87' title="bbox 466 4933 2046 4996">
    <p class='ocr_par' dir='ltr' id='par_1_87' title="bbox 466 4933 2046 4996">
     <span class='ocr_line' id='line_1_87' title="bbox 466 4933 2046 4996; baseline 0.004 -6"><span class='ocrx_word' id='word_1_598' title='bbox 466 4934 574 4990; x_wconf 68' lang='grc'><strong>584</strong></span> <span class='ocrx_word' id='word_1_599' title='bbox 604 4933 995 4991; x_wconf 86' lang='lat' dir='ltr'><strong>Guntrammus</strong></span> <span class='ocrx_word' id='word_1_600' title='bbox 1041 4952 1144 4991; x_wconf 89' lang='lat' dir='ltr'><strong>rex</strong></span> <span class='ocrx_word' id='word_1_601' title='bbox 1203 4938 1265 4991; x_wconf 88' lang='lat' dir='ltr'><strong>in</strong></span> <span class='ocrx_word' id='word_1_602' title='bbox 1316 4936 1629 4994; x_wconf 88' lang='lat' dir='ltr'><strong>suburbano</strong></span> <span class='ocrx_word' id='word_1_603' title='bbox 1670 4939 2046 4996; x_wconf 82' lang='lat' dir='ltr'><strong>Cabillonensi</strong></span> 
     </span>
    </p>
   </div>
   <div class='ocr_carea' id='block_1_88' title="bbox 396 5023 1493 5082">
    <p class='ocr_par' dir='ltr' id='par_1_88' title="bbox 396 5023 1493 5082">
     <span class='ocr_line' id='line_1_88' title="bbox 396 5023 1493 5082; baseline 0.002 -3"><span class='ocrx_word' id='word_1_604' title='bbox 396 5026 793 5079; x_wconf 81' lang='lat' dir='ltr'><strong>monasterium</strong></span> <span class='ocrx_word' id='word_1_605' title='bbox 821 5023 876 5079; x_wconf 92' lang='lat' dir='ltr'><strong>S.</strong></span> <span class='ocrx_word' id='word_1_606' title='bbox 898 5023 1144 5081; x_wconf 83' lang='lat' dir='ltr'><strong>Marcelli</strong></span> <span class='ocrx_word' id='word_1_607' title='bbox 1164 5027 1493 5082; x_wconf 67' lang='lat' dir='ltr'><strong>construxit.</strong></span> 
     </span>
    </p>
   </div>
   <div class='ocr_carea' id='block_1_89' title="bbox 2218 3958 3795 4034">
    <p class='ocr_par' dir='ltr' id='par_1_89' title="bbox 2218 3958 3795 4034">
     <span class='ocr_line' id='line_1_89' title="bbox 2218 3958 3795 4034; baseline -0.002 -15"><span class='ocrx_word' id='word_1_608' title='bbox 2218 3964 2323 4019; x_wconf 88' lang='lat'><strong>585</strong></span> <span class='ocrx_word' id='word_1_609' title='bbox 2353 3962 2688 4034; x_wconf 82' lang='lat' dir='ltr'><strong>Chilpericus</strong></span> <span class='ocrx_word' id='word_1_610' title='bbox 2716 3976 2816 4015; x_wconf 84' lang='lat' dir='ltr'><strong>rex</strong></span> <span class='ocrx_word' id='word_1_611' title='bbox 2843 3961 3201 4030; x_wconf 86' lang='lat' dir='ltr'><strong>Francorum,</strong></span> <span class='ocrx_word' id='word_1_612' title='bbox 3230 3975 3331 4033; x_wconf 89' lang='lat' dir='ltr'><strong>per</strong></span> <span class='ocrx_word' id='word_1_613' title='bbox 3359 3958 3597 4016; x_wconf 83' lang='lat' dir='ltr'><strong>insidias</strong></span> <span class='ocrx_word' id='word_1_614' title='bbox 3652 3960 3795 4016; x_wconf 85' lang='lat' dir='ltr'><strong>inte-</strong></span> 
     </span>
    </p>
   </div>
   <div class='ocr_carea' id='block_1_90' title="bbox 2146 4049 3004 4123">
    <p class='ocr_par' dir='ltr' id='par_1_90' title="bbox 2146 4049 3004 4123">
     <span class='ocr_line' id='line_1_90' title="bbox 2146 4049 3004 4123; baseline -0.003 -17"><span class='ocrx_word' id='word_1_615' title='bbox 2146 4060 2405 4123; x_wconf 87' lang='lat' dir='ltr'><strong>remptus,</strong></span> <span class='ocrx_word' id='word_1_616' title='bbox 2438 4051 2691 4106; x_wconf 89' lang='lat' dir='ltr'><strong>Parisius</strong></span> <span class='ocrx_word' id='word_1_617' title='bbox 2720 4049 3004 4122; x_wconf 86' lang='lat' dir='ltr'><strong>sepelitur.</strong></span> 
     </span>
    </p>
   </div>
   <div class='ocr_carea' id='block_1_91' title="bbox 2217 4137 3796 4210">
    <p class='ocr_par' dir='ltr' id='par_1_91' title="bbox 2217 4137 3796 4210">
     <span class='ocr_line' id='line_1_91' title="bbox 2217 4137 3796 4210; baseline -0.002 -15"><span class='ocrx_word' id='word_1_618' title='bbox 2217 4142 2324 4195; x_wconf 90' lang='grc'><strong>586</strong></span> <span class='ocrx_word' id='word_1_619' title='bbox 2352 4138 2694 4210; x_wconf 83' lang='lat' dir='ltr'><strong>Langobardi</strong></span> <span class='ocrx_word' id='word_1_620' title='bbox 2723 4138 3054 4193; x_wconf 83' lang='lat' dir='ltr'><strong>Autharium</strong></span> <span class='ocrx_word' id='word_1_621' title='bbox 3084 4153 3267 4206; x_wconf 86' lang='lat' dir='ltr'><strong>regem</strong></span> <span class='ocrx_word' id='word_1_622' title='bbox 3291 4137 3404 4193; x_wconf 82' lang='lat' dir='ltr'><strong>sibi</strong></span> <span class='ocrx_word' id='word_1_623' title='bbox 3438 4138 3796 4194; x_wconf 83' lang='lat' dir='ltr'><strong>constituunt.</strong></span> 
     </span>
    </p>
   </div>
   <div class='ocr_carea' id='block_1_92' title="bbox 2216 4225 3796 4298">
    <p class='ocr_par' dir='ltr' id='par_1_92' title="bbox 2216 4225 3796 4298">
     <span class='ocr_line' id='line_1_92' title="bbox 2216 4225 3796 4298; baseline -0.001 -15"><span class='ocrx_word' id='word_1_624' title='bbox 2216 4230 2322 4284; x_wconf 90' lang='lat'><strong>587</strong></span> <span class='ocrx_word' id='word_1_625' title='bbox 2354 4227 2548 4283; x_wconf 89' lang='lat' dir='ltr'><strong>Globus</strong></span> <span class='ocrx_word' id='word_1_626' title='bbox 2582 4231 2840 4297; x_wconf 88' lang='lat' dir='ltr'><strong>igneus...</strong></span> <span class='ocrx_word' id='word_1_627' title='bbox 2884 4226 3096 4283; x_wconf 78' lang='lat' dir='ltr'><strong>cecidit.</strong></span> <span class='ocrx_word' id='word_1_628' title='bbox 3156 4228 3219 4282; x_wconf 90' lang='lat' dir='ltr'><strong>In</strong></span> <span class='ocrx_word' id='word_1_629' title='bbox 3275 4227 3541 4298; x_wconf 81' lang='lat' dir='ltr'><strong>Hispania</strong></span> <span class='ocrx_word' id='word_1_630' title='bbox 3593 4225 3796 4282; x_wconf 83' lang='lat' dir='ltr'><strong>Richa-</strong></span> 
     </span>
    </p>
   </div>
   <div class='ocr_carea' id='block_1_93' title="bbox 2148 4315 3807 4387">
    <p class='ocr_par' dir='ltr' id='par_1_93' title="bbox 2148 4315 3807 4387">
     <span class='ocr_line' id='line_1_93' title="bbox 2148 4315 3807 4387; baseline -0.001 -14"><span class='ocrx_word' id='word_1_631' title='bbox 2148 4317 2329 4384; x_wconf 85' lang='lat' dir='ltr'><strong>redus,</strong></span> <span class='ocrx_word' id='word_1_632' title='bbox 2364 4316 2640 4387; x_wconf 82' lang='lat' dir='ltr'><strong>Levigildi</strong></span> <span class='ocrx_word' id='word_1_633' title='bbox 2674 4318 2819 4387; x_wconf 89' lang='lat' dir='ltr'><strong>regis</strong></span> <span class='ocrx_word' id='word_1_634' title='bbox 2871 4315 3164 4372; x_wconf 82' lang='lat' dir='ltr'><strong>Gothorum</strong></span> <span class='ocrx_word' id='word_1_635' title='bbox 3219 4315 3419 4371; x_wconf 80' lang='lat' dir='ltr'><strong>Ariani</strong></span> <span class='ocrx_word' id='word_1_636' title='bbox 3464 4315 3639 4384; x_wconf 79' lang='lat' dir='ltr'><strong>ﬁlius,</strong></span> <span class='ocrx_word' id='word_1_637' title='bbox 3683 4322 3807 4387; x_wconf 82' lang='lat' dir='ltr'><strong>post</strong></span> 
     </span>
    </p>
   </div>
   <div class='ocr_carea' id='block_1_94' title="bbox 2148 4403 3796 4478">
    <p class='ocr_par' dir='ltr' id='par_1_94' title="bbox 2148 4403 3796 4478">
     <span class='ocr_line' id='line_1_94' title="bbox 2148 4403 3796 4478; baseline -0.001 -16"><span class='ocrx_word' id='word_1_638' title='bbox 2148 4411 2376 4463; x_wconf 88' lang='lat' dir='ltr'><strong>mortem</strong></span> <span class='ocrx_word' id='word_1_639' title='bbox 2392 4407 2569 4478; x_wconf 88' lang='lat' dir='ltr'><strong>patris</strong></span> <span class='ocrx_word' id='word_1_640' title='bbox 2623 4405 2842 4477; x_wconf 73' lang='lat' dir='ltr'><strong>effectus</strong></span> <span class='ocrx_word' id='word_1_641' title='bbox 2896 4421 3016 4472; x_wconf 86' lang='lat' dir='ltr'><strong>rex,</strong></span> <span class='ocrx_word' id='word_1_642' title='bbox 3072 4421 3107 4459; x_wconf 91' lang='lat' dir='ltr'><strong>a</strong></span> <span class='ocrx_word' id='word_1_643' title='bbox 3154 4403 3399 4460; x_wconf 87' lang='lat' dir='ltr'><strong>Leandro</strong></span> <span class='ocrx_word' id='word_1_644' title='bbox 3452 4404 3796 4477; x_wconf 68' lang='lat' dir='ltr'><strong>HispaliIano</strong></span> 
     </span>
    </p>
   </div>
   <div class='ocr_carea' id='block_1_95' title="bbox 2148 4492 3805 4569">
    <p class='ocr_par' dir='ltr' id='par_1_95' title="bbox 2148 4492 3805 4569">
     <span class='ocr_line' id='line_1_95' title="bbox 2148 4492 3805 4569; baseline -0.004 -16"><span class='ocrx_word' id='word_1_645' title='bbox 2148 4498 2391 4569; x_wconf 88' lang='lat' dir='ltr'><strong>episcopo</strong></span> <span class='ocrx_word' id='word_1_646' title='bbox 2445 4511 2571 4550; x_wconf 91' lang='lat' dir='ltr'><strong>cum</strong></span> <span class='ocrx_word' id='word_1_647' title='bbox 2617 4498 2731 4550; x_wconf 88' lang='lat' dir='ltr'><strong>tota</strong></span> <span class='ocrx_word' id='word_1_648' title='bbox 2782 4498 2939 4564; x_wconf 89' lang='lat' dir='ltr'><strong>gente</strong></span> <span class='ocrx_word' id='word_1_649' title='bbox 2998 4492 3287 4550; x_wconf 84' lang='lat' dir='ltr'><strong>Gothorum</strong></span> <span class='ocrx_word' id='word_1_650' title='bbox 3342 4493 3416 4549; x_wconf 87' lang='lat' dir='ltr'><strong>ad</strong></span> <span class='ocrx_word' id='word_1_651' title='bbox 3474 4493 3805 4550; x_wconf 84' lang='lat' dir='ltr'><strong>catholicam</strong></span> 
     </span>
    </p>
   </div>
   <div class='ocr_carea' id='block_1_96' title="bbox 2151 4584 2708 4657">
    <p class='ocr_par' dir='ltr' id='par_1_96' title="bbox 2151 4584 2708 4657">
     <span class='ocr_line' id='line_1_96' title="bbox 2151 4584 2708 4657; baseline -0.004 -17"><span class='ocrx_word' id='word_1_652' title='bbox 2151 4584 2324 4657; x_wconf 80' lang='lat' dir='ltr'><strong>fidem</strong></span> <span class='ocrx_word' id='word_1_653' title='bbox 2352 4586 2708 4641; x_wconf 81' lang='lat' dir='ltr'><strong>convertitur.</strong></span> 
     </span>
    </p>
   </div>
   <div class='ocr_carea' id='block_1_97' title="bbox 2218 4671 3801 4745">
    <p class='ocr_par' dir='ltr' id='par_1_97' title="bbox 2218 4671 3801 4745">
     <span class='ocr_line' id='line_1_97' title="bbox 2218 4671 3801 4745; baseline -0.003 -16"><span class='ocrx_word' id='word_1_654' title='bbox 2218 4675 2324 4730; x_wconf 88' lang='lat'><strong>588</strong></span> <span class='ocrx_word' id='word_1_655' title='bbox 2353 4676 2416 4729; x_wconf 85' lang='lat' dir='ltr'><strong>In</strong></span> <span class='ocrx_word' id='word_1_656' title='bbox 2448 4674 2714 4745; x_wconf 83' lang='lat' dir='ltr'><strong>Hispania</strong></span> <span class='ocrx_word' id='word_1_657' title='bbox 2744 4672 2967 4729; x_wconf 66' lang='lat' dir='ltr'><strong>haeresis</strong></span> <span class='ocrx_word' id='word_1_658' title='bbox 3014 4673 3303 4728; x_wconf 80' lang='lat' dir='ltr'><strong>Ariona...</strong></span> <span class='ocrx_word' id='word_1_659' title='bbox 3353 4672 3518 4744; x_wconf 88' lang='lat' dir='ltr'><strong>regis.</strong></span> <span class='ocrx_word' id='word_1_660' title='bbox 3581 4671 3801 4727; x_wconf 65' lang='lat' dir='ltr'><strong>Caesare</strong></span> 
     </span>
    </p>
   </div>
   <div class='ocr_carea' id='block_1_98' title="bbox 2152 4760 3793 4835">
    <p class='ocr_par' dir='ltr' id='par_1_98' title="bbox 2152 4760 3793 4835">
     <span class='ocr_line' id='line_1_98' title="bbox 2152 4760 3793 4835; baseline -0.002 -17"><span class='ocrx_word' id='word_1_661' title='bbox 2152 4765 2364 4835; x_wconf 83' lang='lat' dir='ltr'><strong>regina,</strong></span> <span class='ocrx_word' id='word_1_662' title='bbox 2395 4779 2539 4818; x_wconf 88' lang='lat' dir='ltr'><strong>uxor</strong></span> <span class='ocrx_word' id='word_1_663' title='bbox 2566 4762 2795 4832; x_wconf 78' lang='lat' dir='ltr'><strong>Aunulﬁ</strong></span> <span class='ocrx_word' id='word_1_664' title='bbox 2819 4764 2971 4835; x_wconf 87' lang='lat' dir='ltr'><strong>regis</strong></span> <span class='ocrx_word' id='word_1_665' title='bbox 3000 4767 3319 4830; x_wconf 87' lang='lat' dir='ltr'><strong>Persarum,</strong></span> <span class='ocrx_word' id='word_1_666' title='bbox 3348 4761 3561 4819; x_wconf 87' lang='lat' dir='ltr'><strong>occulte</strong></span> <span class='ocrx_word' id='word_1_667' title='bbox 3617 4760 3793 4833; x_wconf 63' lang='lat' dir='ltr'><strong>bapti«</strong></span> 
     </span>
    </p>
   </div>
   <div class='ocr_carea' id='block_1_99' title="bbox 2151 4851 3809 4925">
    <p class='ocr_par' dir='ltr' id='par_1_99' title="bbox 2151 4851 3809 4925">
     <span class='ocr_line' id='line_1_99' title="bbox 2151 4851 3809 4925; baseline -0.003 -16"><span class='ocrx_word' id='word_1_668' title='bbox 2151 4857 2298 4920; x_wconf 62' lang='lat' dir='ltr'><strong>mata,</strong></span> <span class='ocrx_word' id='word_1_669' title='bbox 2317 4851 2659 4925; x_wconf 86' lang='lat' dir='ltr'><strong>postmodum</strong></span> <span class='ocrx_word' id='word_1_670' title='bbox 2677 4852 2846 4907; x_wconf 70' lang='lat' dir='ltr'><strong>etiam</strong></span> <span class='ocrx_word' id='word_1_671' title='bbox 2872 4852 3138 4908; x_wconf 87' lang='lat' dir='ltr'><strong>maritum</strong></span> <span class='ocrx_word' id='word_1_672' title='bbox 3164 4868 3328 4907; x_wconf 90' lang='lat' dir='ltr'><strong>suum</strong></span> <span class='ocrx_word' id='word_1_673' title='bbox 3356 4867 3481 4907; x_wconf 86' lang='lat' dir='ltr'><strong>cum</strong></span> <span class='ocrx_word' id='word_1_674' title='bbox 3512 4857 3621 4909; x_wconf 75' lang='lat' dir='ltr'><strong>tota</strong></span> <span class='ocrx_word' id='word_1_675' title='bbox 3651 4855 3809 4923; x_wconf 83' lang='lat' dir='ltr'><strong>gente</strong></span> 
     </span>
    </p>
   </div>
   <div class='ocr_carea' id='block_1_100' title="bbox 2150 4940 3298 5013">
    <p class='ocr_par' dir='ltr' id='par_1_100' title="bbox 2150 4940 3298 5013">
     <span class='ocr_line' id='line_1_100' title="bbox 2150 4940 3298 5013; baseline 0 -16"><span class='ocrx_word' id='word_1_676' title='bbox 2150 4941 2297 5013; x_wconf 87' lang='lat' dir='ltr'><strong>apud</strong></span> <span class='ocrx_word' id='word_1_677' title='bbox 2329 4941 2675 4997; x_wconf 82' lang='lat' dir='ltr'><strong>Antiochiam</strong></span> <span class='ocrx_word' id='word_1_678' title='bbox 2705 4940 2979 5013; x_wconf 66' lang='lat' dir='ltr'><strong>baptizari</strong></span> <span class='ocrx_word' id='word_1_679' title='bbox 3004 4941 3298 5012; x_wconf 83' lang='lat' dir='ltr'><strong>persuasit.</strong></span> 
     </span>
    </p>
   </div>
   <div class='ocr_carea' id='block_1_101' title="bbox 1989 5137 2221 5195">
    <p class='ocr_par' dir='ltr' id='par_1_101' title="bbox 1989 5137 2221 5195">
     <span class='ocr_line' id='line_1_101' title="bbox 1989 5137 2221 5195; baseline 0 -2"><span class='ocrx_word' id='word_1_680' title='bbox 1989 5137 2221 5195; x_wconf 75' lang='lat' dir='ltr'><strong>NOT/E.</strong></span> 
     </span>
    </p>
   </div>
   <div class='ocr_carea' id='block_1_102' title="bbox 474 5299 2052 5371">
    <p class='ocr_par' dir='ltr' id='par_1_102' title="bbox 474 5299 2052 5371">
     <span class='ocr_line' id='line_1_102' title="bbox 474 5299 2052 5371; baseline 0.004 -17"><span class='ocrx_word' id='word_1_681' title='bbox 474 5299 620 5371; x_wconf 91' lang='lat'><strong>(465)</strong></span> <span class='ocrx_word' id='word_1_682' title='bbox 655 5300 754 5355; x_wconf 90' lang='lat' dir='ltr'><strong>Hic</strong></span> <span class='ocrx_word' id='word_1_683' title='bbox 784 5305 907 5355; x_wconf 90' lang='lat' dir='ltr'><strong>erat</strong></span> <span class='ocrx_word' id='word_1_684' title='bbox 935 5299 1358 5356; x_wconf 87' lang='lat' dir='ltr'><strong>Gundobaldus</strong></span> <span class='ocrx_word' id='word_1_685' title='bbox 1401 5299 1722 5371; x_wconf 66' lang='lat' dir='ltr'><strong>praetensus</strong></span> <span class='ocrx_word' id='word_1_686' title='bbox 1775 5304 2052 5363; x_wconf 88' lang='lat' dir='ltr'><strong>Clotharii</strong></span> 
     </span>
    </p>
   </div>
   <div class='ocr_carea' id='block_1_103' title="bbox 406 5370 2051 5449">
    <p class='ocr_par' dir='ltr' id='par_1_103' title="bbox 406 5370 2051 5449">
     <span class='ocr_line' id='line_1_103' title="bbox 406 5370 2051 5449; baseline 0.005 -26"><span class='ocrx_word' id='word_1_687' title='bbox 406 5370 558 5449; x_wconf 62' lang='lat' dir='ltr'><strong>regis</strong></span> <span class='ocrx_word' id='word_1_688' title='bbox 587 5370 770 5449; x_wconf 65' lang='lat' dir='ltr'><strong>filius,</strong></span> <span class='ocrx_word' id='word_1_689' title='bbox 802 5371 873 5449; x_wconf 75' lang='lat' dir='ltr'><strong>de</strong></span> <span class='ocrx_word' id='word_1_690' title='bbox 904 5387 1018 5442; x_wconf 91' lang='lat' dir='ltr'><strong>quo</strong></span> <span class='ocrx_word' id='word_1_691' title='bbox 1053 5370 1478 5449; x_wconf 75' lang='lat' dir='ltr'><strong>pluribus_agit</strong></span> <span class='ocrx_word' id='word_1_692' title='bbox 1507 5374 1826 5449; x_wconf 72' lang='lat' dir='ltr'><strong>Gregorius</strong></span> <span class='ocrx_word' id='word_1_693' title='bbox 1885 5378 2051 5447; x_wconf 88' lang='lat' dir='ltr'><strong>Tur.,</strong></span> 
     </span>
    </p>
   </div>
   <div class='ocr_carea' id='block_1_104' title="bbox 403 5440 2052 5517">
    <p class='ocr_par' dir='ltr' id='par_1_104' title="bbox 403 5440 2052 5517">
     <span class='ocr_line' id='line_1_104' title="bbox 403 5440 2052 5517; baseline 0.006 -22"><span class='ocrx_word' id='word_1_694' title='bbox 403 5440 551 5495; x_wconf 89' lang='lat' dir='ltr'><strong>Hist.</strong></span> <span class='ocrx_word' id='word_1_695' title='bbox 587 5441 816 5517; x_wconf 84' lang='lat' dir='ltr'><strong>Franc.,</strong></span> <span class='ocrx_word' id='word_1_696' title='bbox 849 5442 888 5517; x_wconf 92' lang='lat' dir='ltr'><strong>l_.</strong></span> <span class='ocrx_word' id='word_1_697' title='bbox 922 5440 997 5506; x_wconf 78' lang='lat' dir='ltr'><strong>vi,</strong></span> <span class='ocrx_word' id='word_1_698' title='bbox 1028 5440 1076 5517; x_wconf 55' lang='lat' dir='ltr'><strong>c&#39;.</strong></span> <span class='ocrx_word' id='word_1_699' title='bbox 1110 5443 1177 5517; x_wconf 64' lang='lat' dir='ltr'><strong>_2_!i</strong></span> <span class='ocrx_word' id='word_1_700' title='bbox 1203 5449 1261 5497; x_wconf 79' lang='lat' dir='ltr'><strong>at</strong></span> <span class='ocrx_word' id='word_1_701' title='bbox 1284 5440 1445 5517; x_wconf 10' lang='lat'><strong>26,7).</strong></span> <span class='ocrx_word' id='word_1_702' title='bbox 1479 5461 1580 5509; x_wconf 84' lang='lat' dir='ltr'><strong>vn,</strong></span> <span class='ocrx_word' id='word_1_703' title='bbox 1605 5440 1654 5498; x_wconf 72' lang='grc' dir='ltr'><strong>οἶ</strong></span> <span class='ocrx_word' id='word_1_704' title='bbox 1687 5446 1777 5513; x_wconf 85' lang='grc'><strong>36,</strong></span> <span class='ocrx_word' id='word_1_705' title='bbox 1801 5447 1892 5517; x_wconf 84' lang='grc'><strong>38,</strong></span> <span class='ocrx_word' id='word_1_706' title='bbox 1917 5440 2052 5517; x_wconf 76' lang='lat' dir='ltr'><strong>etc.,</strong></span> 
     </span>
    </p>
   </div>
   <div class='ocr_carea' id='block_1_105' title="bbox 474 5226 1968 5423">
    <p class='ocr_par' dir='ltr' id='par_1_105' title="bbox 474 5226 1968 5423">
     <span class='ocr_line' id='line_1_105' title="bbox 474 5226 1968 5423; baseline 0.006 -142"><span class='ocrx_word' id='word_1_707' title='bbox 474 5226 519 5293; x_wconf 88' lang='lat'><strong>(4</strong></span> <span class='ocrx_word' id='word_1_708' title='bbox 534 5226 625 5423; x_wconf 44' lang='grc' dir='ltr'>δῖ)</span> <span class='ocrx_word' id='word_1_709' title='bbox 660 5226 930 5308; x_wconf 76' lang='lat' dir='ltr'><strong>Pelagius</strong></span> <span class='ocrx_word' id='word_1_710' title='bbox 962 5228 1008 5283; x_wconf 92' lang='grc' dir='ltr'>[Ι</span> <span class='ocrx_word' id='word_1_711' title='bbox 1034 5230 1156 5298; x_wconf 88' lang='lat' dir='ltr'><strong>jam</strong></span> <span class='ocrx_word' id='word_1_712' title='bbox 1191 5245 1243 5283; x_wconf 89' lang='lat' dir='ltr'><strong>a.</strong></span> <span class='ocrx_word' id='word_1_713' title='bbox 1274 5230 1380 5284; x_wconf 89' lang='lat'><strong>578</strong></span> <span class='ocrx_word' id='word_1_714' title='bbox 1412 5245 1563 5305; x_wconf 87' lang='lat' dir='ltr'><strong>papa</strong></span> <span class='ocrx_word' id='word_1_715' title='bbox 1592 5230 1703 5285; x_wconf 81' lang='lat' dir='ltr'><strong>fuit</strong></span> <span class='ocrx_word' id='word_1_716' title='bbox 1731 5231 1968 5290; x_wconf 86' lang='lat' dir='ltr'><strong>electus.</strong></span> 
     </span>
     <span class='ocr_line' id='line_1_106' title="bbox 474 5299 1968 5371; baseline 0.007 -18"><span class='ocrx_word' id='word_1_717' title='bbox 474 5299 602 5370; x_wconf 88' lang='grc'>(165</span> <span class='ocrx_word' id='word_1_718' title='bbox 655 5304 754 5355; x_wconf 82' lang='lat' dir='ltr'><strong>Hic</strong></span> <span class='ocrx_word' id='word_1_719' title='bbox 784 5305 907 5355; x_wconf 90' lang='lat' dir='ltr'><strong>erat</strong></span> <span class='ocrx_word' id='word_1_720' title='bbox 935 5299 1358 5356; x_wconf 87' lang='lat' dir='ltr'><strong>Gundobaldus</strong></span> <span class='ocrx_word' id='word_1_721' title='bbox 1401 5306 1722 5371; x_wconf 73' lang='lat' dir='ltr'><strong>praetensus</strong></span> <span class='ocrx_word' id='word_1_722' title='bbox 1775 5304 1968 5363; x_wconf 84' lang='lat' dir='ltr'><strong>Clotha</strong></span> 
     </span>
     <span class='ocr_line' id='line_1_107' title="bbox 474 5370 1968 5423; baseline 0 0"><span class='ocrx_word' id='word_1_723' title='bbox 474 5370 558 5423; x_wconf 70' lang='lat' dir='ltr'><strong>gis</strong></span> <span class='ocrx_word' id='word_1_724' title='bbox 610 5370 770 5423; x_wconf 80' lang='lat' dir='ltr'><strong>llius.</strong></span> <span class='ocrx_word' id='word_1_725' title='bbox 802 5371 873 5423; x_wconf 84' lang='lat' dir='ltr'><strong>de</strong></span> <span class='ocrx_word' id='word_1_726' title='bbox 904 5387 1018 5423; x_wconf 85' lang='lat' dir='ltr'><strong>ouo</strong></span> <span class='ocrx_word' id='word_1_727' title='bbox 1053 5371 1318 5423; x_wconf 82' lang='lat' dir='ltr'><strong>pluribus</strong></span> <span class='ocrx_word' id='word_1_728' title='bbox 1358 5373 1478 5423; x_wconf 68' lang='lat' dir='ltr'><strong>agit</strong></span> <span class='ocrx_word' id='word_1_729' title='bbox 1507 5374 1826 5423; x_wconf 66' lang='lat' dir='ltr'><strong>Gregorius</strong></span> <span class='ocrx_word' id='word_1_730' title='bbox 1885 5378 1968 5423; x_wconf 78' lang='grc' dir='ltr'><strong>Ῥη</strong></span> 
     </span>
    </p>
   </div>
   <div class='ocr_carea' id='block_1_106' title="bbox 405 5513 1899 5582">
    <p class='ocr_par' dir='ltr' id='par_1_106' title="bbox 405 5513 1899 5582">
     <span class='ocr_line' id='line_1_108' title="bbox 405 5513 1899 5582; baseline 0.005 -17"><span class='ocrx_word' id='word_1_731' title='bbox 405 5514 994 5582; x_wconf 69' lang='lat' dir='ltr'><strong>necnonAimoinus</strong></span> <span class='ocrx_word' id='word_1_732' title='bbox 1022 5516 1082 5569; x_wconf 88' lang='lat' dir='ltr'><strong>in</strong></span> <span class='ocrx_word' id='word_1_733' title='bbox 1113 5514 1327 5570; x_wconf 77' lang='lat' dir='ltr'><strong>Hister.</strong></span> <span class='ocrx_word' id='word_1_734' title='bbox 1364 5513 1657 5582; x_wconf 73' lang='lat' dir='ltr'><strong>Francor.,</strong></span> <span class='ocrx_word' id='word_1_735' title='bbox 1694 5522 1751 5570; x_wconf 91' lang='lat' dir='ltr'><strong>et</strong></span> <span class='ocrx_word' id='word_1_736' title='bbox 1781 5516 1899 5573; x_wconf 86' lang='lat' dir='ltr'><strong>alii.</strong></span> 
     </span>
    </p>
   </div>
   <div class='ocr_carea' id='block_1_107' title="bbox 479 5580 2055 5658">
    <p class='ocr_par' dir='ltr' id='par_1_107' title="bbox 479 5580 2055 5658">
     <span class='ocr_line' id='line_1_109' title="bbox 479 5580 2055 5658; baseline 0.009 -25"><span class='ocrx_word' id='word_1_737' title='bbox 479 5580 629 5649; x_wconf 87' lang='lat'><strong>(466)</strong></span> <span class='ocrx_word' id='word_1_738' title='bbox 664 5581 872 5658; x_wconf 78' lang='lat' dir='ltr'><strong>l_lrbem</strong></span> <span class='ocrx_word' id='word_1_739' title='bbox 907 5585 1309 5658; x_wconf 83' lang='lat' dir='ltr'><strong>Convenarum</strong></span> <span class='ocrx_word' id='word_1_740' title='bbox 1352 5580 1890 5658; x_wconf 86' lang='lat' dir='ltr'><strong>habet_Gregorius</strong></span> <span class='ocrx_word' id='word_1_741' title='bbox 1938 5592 2055 5646; x_wconf 87' lang='lat' dir='ltr'><strong>Tu-</strong></span> 
     </span>
    </p>
   </div>
   <div class='ocr_carea' id='block_1_108' title="bbox 2162 5234 3813 5377">
    <p class='ocr_par' dir='ltr' id='par_1_108' title="bbox 2162 5234 3813 5377">
     <span class='ocr_line' id='line_1_110' title="bbox 2162 5234 3813 5377; baseline -0.005 -13"><span class='ocrx_word' id='word_1_742' title='bbox 2162 5252 2212 5291; x_wconf 44' lang='lat' dir='ltr'><strong>o.</strong></span> <span class='ocrx_word' id='word_1_743' title='bbox 2233 5234 2383 5377; x_wconf 36' lang='lat'><strong>(386.7)</strong></span> <span class='ocrx_word' id='word_1_744' title='bbox 2417 5304 2572 5362; x_wconf 89' lang='lat' dir='ltr'><strong>Mors</strong></span> <span class='ocrx_word' id='word_1_745' title='bbox 2602 5302 2910 5375; x_wconf 87' lang='lat' dir='ltr'><strong>Chilperici</strong></span> <span class='ocrx_word' id='word_1_746' title='bbox 2940 5320 2975 5360; x_wconf 89' lang='lat' dir='ltr'><strong>a</strong></span> <span class='ocrx_word' id='word_1_747' title='bbox 3004 5302 3278 5375; x_wconf 83' lang='lat' dir='ltr'><strong>Gregorio</strong></span> <span class='ocrx_word' id='word_1_748' title='bbox 3300 5303 3373 5367; x_wconf 85' lang='lat' dir='ltr'><strong>ad</strong></span> <span class='ocrx_word' id='word_1_749' title='bbox 3405 5318 3500 5359; x_wconf 89' lang='lat' dir='ltr'><strong>an.</strong></span> <span class='ocrx_word' id='word_1_750' title='bbox 3558 5301 3669 5358; x_wconf 80' lang='grc'>584</span> <span class='ocrx_word' id='word_1_751' title='bbox 3719 5314 3813 5356; x_wconf 90' lang='lat' dir='ltr'><strong>re-</strong></span> 
     </span>
    </p>
   </div>
   <div class='ocr_carea' id='block_1_109' title="bbox 2162 5381 3815 5573">
    <p class='ocr_par' dir='ltr' id='par_1_109' title="bbox 2162 5381 3815 5573">
     <span class='ocr_line' id='line_1_111' title="bbox 2162 5381 3815 5573; baseline -0.003 -69"><span class='ocrx_word' id='word_1_752' title='bbox 2162 5381 2742 5573; x_wconf 45' lang='lat' dir='ltr'><strong>voflaggihlotharius</strong></span> <span class='ocrx_word' id='word_1_753' title='bbox 2773 5446 3031 5519; x_wconf 88' lang='lat' dir='ltr'><strong>primum</strong></span> <span class='ocrx_word' id='word_1_754' title='bbox 3060 5463 3119 5507; x_wconf 89' lang='lat' dir='ltr'><strong>a._</strong></span> <span class='ocrx_word' id='word_1_755' title='bbox 3147 5445 3256 5501; x_wconf 88' lang='grc'>590</span> <span class='ocrx_word' id='word_1_756' title='bbox 3313 5443 3647 5518; x_wconf 79' lang='lat' dir='ltr'><strong>baptizatus</strong></span> <span class='ocrx_word' id='word_1_757' title='bbox 3700 5446 3815 5499; x_wconf 87' lang='lat' dir='ltr'><strong>est.</strong></span> 
     </span>
     <span class='ocr_line' id='line_1_112' title="bbox 2166 5518 3573 5573; baseline -0.001 0"><span class='ocrx_word' id='word_1_758' title='bbox 2166 5518 2321 5573; x_wconf 87' lang='lat' dir='ltr'><strong>Greo.</strong></span> <span class='ocrx_word' id='word_1_759' title='bbox 2395 5535 2510 5573; x_wconf 87' lang='lat' dir='ltr'><strong>ur..</strong></span> <span class='ocrx_word' id='word_1_760' title='bbox 2541 5519 2580 5573; x_wconf 88' lang='lat' dir='ltr'><strong>l.</strong></span> <span class='ocrx_word' id='word_1_761' title='bbox 2612 5535 2667 5573; x_wconf 86' lang='lat' dir='ltr'><strong>x.</strong></span> <span class='ocrx_word' id='word_1_762' title='bbox 2699 5534 2747 5573; x_wconf 91' lang='lat' dir='ltr'><strong>c.</strong></span> <span class='ocrx_word' id='word_1_763' title='bbox 2782 5520 2870 5572; x_wconf 89' lang='lat'><strong>28.</strong></span> <span class='ocrx_word' id='word_1_764' title='bbox 3562 5524 3573 5535; x_wconf 86' lang='lat'><strong>&#39;</strong></span> 
     </span>
    </p>
   </div>
   <div class='ocr_carea' id='block_1_110' title="bbox 2166 5518 2870 5589">
    <p class='ocr_par' dir='ltr' id='par_1_110' title="bbox 2166 5518 2870 5589">
     <span class='ocr_line' id='line_1_113' title="bbox 2166 5518 2870 5589; baseline -0.003 -15"><span class='ocrx_word' id='word_1_765' title='bbox 2166 5518 2321 5589; x_wconf 87' lang='lat' dir='ltr'><strong>Greg.</strong></span> <span class='ocrx_word' id='word_1_766' title='bbox 2356 5518 2510 5583; x_wconf 77' lang='grc' dir='ltr'><strong>Τιιν..</strong></span> <span class='ocrx_word' id='word_1_767' title='bbox 2541 5519 2580 5574; x_wconf 87' lang='grc' dir='ltr'><strong>ι.</strong></span> <span class='ocrx_word' id='word_1_768' title='bbox 2612 5535 2667 5584; x_wconf 86' lang='lat' dir='ltr'><strong>x,</strong></span> <span class='ocrx_word' id='word_1_769' title='bbox 2699 5534 2747 5573; x_wconf 91' lang='lat' dir='ltr'><strong>c.</strong></span> <span class='ocrx_word' id='word_1_770' title='bbox 2778 5518 2870 5572; x_wconf 81' lang='lat'><strong>28.</strong></span> 
     </span>
    </p>
   </div>
   <div class='ocr_carea' id='block_1_111' title="bbox 2238 5585 3813 5663">
    <p class='ocr_par' dir='ltr' id='par_1_111' title="bbox 2238 5585 3813 5663">
     <span class='ocr_line' id='line_1_114' title="bbox 2238 5585 3813 5663; baseline -0.004 -16"><span class='ocrx_word' id='word_1_771' title='bbox 2238 5585 2389 5663; x_wconf 80' lang='lat' dir='ltr'><strong>(I69)</strong></span> <span class='ocrx_word' id='word_1_772' title='bbox 2419 5590 2515 5646; x_wconf 76' lang='lat' dir='ltr'><strong>Hae</strong></span> <span class='ocrx_word' id='word_1_773' title='bbox 2547 5595 2694 5663; x_wconf 79' lang='lat' dir='ltr'><strong>notae</strong></span> <span class='ocrx_word' id='word_1_774' title='bbox 2728 5587 3031 5663; x_wconf 70' lang='lat' dir='ltr'><strong>chronica:</strong></span> <span class='ocrx_word' id='word_1_775' title='bbox 3089 5604 3311 5644; x_wconf 88' lang='lat' dir='ltr'><strong>annum</strong></span> <span class='ocrx_word' id='word_1_776' title='bbox 3369 5588 3477 5644; x_wconf 89' lang='lat'><strong>586</strong></span> <span class='ocrx_word' id='word_1_777' title='bbox 3524 5585 3813 5656; x_wconf 86' lang='lat' dir='ltr'><strong>indicant,</strong></span> 
     </span>
    </p>
   </div>
   <div class='ocr_carea' id='block_1_112' title="bbox 409 5652 3247 5735">
    <p class='ocr_par' dir='ltr' id='par_1_112' title="bbox 409 5652 3247 5735">
     <span class='ocr_line' id='line_1_115' title="bbox 409 5652 3247 5735; baseline 0.003 -29"><span class='ocrx_word' id='word_1_778' title='bbox 409 5668 561 5735; x_wconf 51' lang='lat' dir='ltr'><strong>nam,</strong></span> <span class='ocrx_word' id='word_1_779' title='bbox 596 5652 696 5723; x_wconf 85' lang='lat' dir='ltr'><strong>qui</strong></span> <span class='ocrx_word' id='word_1_780' title='bbox 727 5654 901 5735; x_wconf 78' lang='lat' dir='ltr'><strong>etiam</strong></span> <span class='ocrx_word' id='word_1_781' title='bbox 933 5657 1301 5735; x_wconf 69' lang='lat' dir='ltr'><strong>Guntrammi</strong></span> <span class='ocrx_word' id='word_1_782' title='bbox 1335 5656 1513 5735; x_wconf 58' lang='lat' dir='ltr'><strong>(lyces</strong></span> <span class='ocrx_word' id='word_1_783' title='bbox 1547 5652 1979 5735; x_wconf 55' lang='lat' dir='ltr'><strong>Leudégisilum</strong></span> <span class='ocrx_word' id='word_1_784' title='bbox 2002 5666 2059 5718; x_wconf 90' lang='lat' dir='ltr'><strong>et</strong></span> <span class='ocrx_word' id='word_1_785' title='bbox 2167 5652 2513 5735; x_wconf 72' lang='lat' dir='ltr'><strong>quanquam</strong></span> <span class='ocrx_word' id='word_1_786' title='bbox 2544 5660 2642 5717; x_wconf 91' lang='lat' dir='ltr'><strong>alii</strong></span> <span class='ocrx_word' id='word_1_787' title='bbox 2676 5660 2933 5734; x_wconf 85' lang='lat' dir='ltr'><strong>priorem</strong></span> <span class='ocrx_word' id='word_1_788' title='bbox 2965 5663 3247 5717; x_wconf 86' lang='lat' dir='ltr'><strong>statuant.</strong></span> 
     </span>
    </p>
   </div>
   <div class='ocr_carea' id='block_1_113' title="bbox 410 5721 2054 5801">
    <p class='ocr_par' dir='ltr' id='par_1_113' title="bbox 410 5721 2054 5801">
     <span class='ocr_line' id='line_1_116' title="bbox 410 5721 2054 5801; baseline 0.006 -22"><span class='ocrx_word' id='word_1_789' title='bbox 410 5721 657 5797; x_wconf 63' lang='lat' dir='ltr'><strong>IEgiIam</strong></span> <span class='ocrx_word' id='word_1_790' title='bbox 690 5729 877 5795; x_wconf 89' lang='lat' dir='ltr'><strong>vocat,</strong></span> <span class='ocrx_word' id='word_1_791' title='bbox 901 5731 959 5782; x_wconf 90' lang='lat' dir='ltr'><strong>et</strong></span> <span class='ocrx_word' id='word_1_792' title='bbox 983 5744 1087 5801; x_wconf 92' lang='lat' dir='ltr'><strong>pro</strong></span> <span class='ocrx_word' id='word_1_793' title='bbox 1120 5732 1340 5784; x_wconf 88' lang='lat' dir='ltr'><strong>Bosone</strong></span> <span class='ocrx_word' id='word_1_794' title='bbox 1371 5726 1633 5784; x_wconf 90' lang='lat' dir='ltr'><strong>Ollonem</strong></span> <span class='ocrx_word' id='word_1_795' title='bbox 1665 5721 1847 5801; x_wconf 68' lang='lat' dir='ltr'><strong>ponit,</strong></span> <span class='ocrx_word' id='word_1_796' title='bbox 1882 5731 1920 5788; x_wconf 93' lang='lat' dir='ltr'><strong>l.</strong></span> <span class='ocrx_word' id='word_1_797' title='bbox 1953 5751 2054 5801; x_wconf 85' lang='lat' dir='ltr'><strong>vn,</strong></span> 
     </span>
    </p>
   </div>
  </div>
