4096 6194
350 365 488 457 υτ

1184 359 1598 428 HERMANNI
1641 356 2087 426 CONTRAGTI
2128 328 2547 429 semensas
2590 358 2968 430 Monaesi.

3650 354 3770 427 {38

1723 520 1951 577 CODEX
1985 519 2389 582 AUGIENSIS.

439 649 547 707 595
574 644 886 721 Gregorius
935 660 1086 718 papa
1113 643 1403 717 synodum
1439 657 1574 696 xxxv
1603 638 2010 711 episcoporum
2039 641 2096 707 Α
2123 644 2459 714 peremptus
2489 646 2597 698 est.
2628 642 2847 716 Fredeg.
2879 660 2915 699 a
2957 659 3046 716 pr.
3080 673 3148 686 —
3199 641 3305 700 Per
3345 639 3469 699 hinc
3496 644 3770 716 tempora

370 757 474 813 pro
506 736 759 795 utilitate
787 733 1054 792 Ecclesiae
1100 734 1170 788 ad
1205 728 1748 787 SanctumPetrum
1779 726 2013 799 collegit

368 828 686 885 indictione
714 842 810 881 x1v
840 825 1008 896 (177).
1033 821 1238 877 Franci
1268 824 1324 875 et
1346 817 1605 874 Britanni
1637 816 1795 889 gravi
1828 817 2011 871 utrin-

369 933 483 990 que
514 917 665 972 cazde
687 929 884 986 pugna
901 910 1245 980 confligunt.
1280 907 1381 962 His
1421 906 1628 961 diebus
1657 904 1880 960 Tassilo
1914 922 2011 961 rex

368 1005 700 1079 Bajoarium
758 1019 792 1057 a
838 999 1204 1055 Childeberto
1252 995 1645 1060 constituitur,
1710 995 1811 1067 qui
1877 1012 2011 1051 mox

367 1093 585 1152 Sclavis
608 1088 918 1162 superatis,
945 1102 1220 1158 magnam
1243 1084 1448 1140 exinde
1462 1085 1716 1155 praedam
1739 1084 2007 1156 deporta-

363 1184 464 1237 vit.
505 1180 668 1236 Paul.
704 1178 852 1232 Diae.
882 1176 918 1231 l.
950 1193 1025 1242 ιν,
1056 1191 1103 1230 e.
1137 1175 1191 1244 4,
1224 1177 1280 1242 7,
1311 1176 1397 1230 42.

432 1270 537 1323 596
567 1268 818 1322 Sanctus
867 1264 1149 1321 Columba
1193 1264 1493 1335 presbyter
1540 1266 1596 1317 et
1643 1262 1844 1327 abbas,
1878 1265 2010 1334 post

362 1357 550 1413 multa
583 1355 954 1411 miracula'in
986 1353 1181 1409 insula
1200 1352 1289 1408 Ilii
1316 1354 1485 1423 juxta
1510 1351 1866 1418 Hiberniam,
1897 1351 2007 1405 mi-

360 1448 546 1521 gravit
575 1446 645 1501 ad
677 1444 991 1501 Dominum
1042 1460 1192 1498 anno
1224 1442 1409 1497 aetatis
1463 1458 1654 1495 vam.
1690 1440 1833 1496 Beda
1880 1439 2003 1494 hist.

357 1537 519 1605 Angl.
542 1567 611 1577 —
634 1535 750 1590 Hoc
772 1538 1032 1606 tempore
1049 1533 1254 1588 beatus
1276 1547 1427 1602 papa
1445 1529 1776 1601 Gregorius,
1811 1528 2009 1584 missis

360 1624 696 1682 doctoribus
713 1623 1059 1696 Augustino,
1082 1620 1324 1686 Mellito,
1352 1620 1574 1675 Joanne
1593 1622 1649 1673 et
1678 1617 1807 1673 aliis
1825 1616 2007 1672 servis

361 1714 484 1783 Dei,
512 1713 834 1787 Anglorum
860 1710 1016 1784 genti
1040 1710 1099 1765 in
1132 1708 1432 1764 Britannia
1453 1708 1694 1763 verbum
1715 1706 1843 1761 vita:
1861 1723 2006 1777 prae-

359 1804 553 1861 dicare
566 1802 751 1875 jussit
771 1817 1019 1872 eamque
1036 1801 1385 1871 cooperante
1403 1797 1506 1852 Dei
1528 1795 1715 1868 gratia
1735 1796 1805 1850 ad
1830 1795 2005 1849 fidem

357 1892 572 1951 Christi
628 1907 731 1963 per
777 1890 1011 1946 eosdem
1064 1886 1363 1943 convertit.
1417 1885 1552 1940 Ibid.
1587 1916 1653 1925 —
1692 1884 1927 1939 Cometa
1952 1886 2010 1938 et

358 1980 547 2038 multa
572 1980 742 2052 signa
767 1980 1167 2051 apparuerunt
1188 1974 1247 2030 in
1270 1973 1430 2029 coelo.
1456 1973 1754 2029 Exercitus
1775 1970 2007 2027 Cbilde-

357 2070 506 2127 berti
530 2070 758 2126 Varnos
789 2065 1139 2124 rebellantes
1168 2079 1365 2136 pugna
1392 2062 1575 2119 victos
1600 2077 1747 2133 pene
1769 2059 2000 2116 delevit.

356 2160 519 2216 Fred.
555 2177 607 2215 a.
642 2159 768 2213 595.

427 2249 532 2304 597
563 2246 967 2303 Childebertus
1016 2260 1113 2299 rex
1161 2242 1514 2297 Francorum
1562 2238 1729 2294 fortis
1768 2241 1824 2294 et
1853 2241 2004 2295 stre-

356 2354 534 2403 nuus,
568 2335 724 2391 ﬁlius
750 2332 1055 2407 Sigeberti,
1083 2348 1224 2386 xxm
1256 2328 1417 2401 regni
1451 2344 1624 2392 anno,
1656 2326 1842 2383 aetatis
1871 2343 2005 2382 vero

355 2443 467 2482 xxv
497 2425 643 2498 (178)
673 2438 914 2491 veneno,
948 2425 1012 2476 ut
1040 2420 1226 2486 aiunt,
1270 2436 1304 2474 ει
1337 2417 1583 2489 conjuge
1614 2415 1716 2471 84
1770 2418 2005 2486 accepto

359 2515 607 2571 moritur
655 2513 802 2586 (I79)
828 2530 841 2580 ;
866 2527 970 2583 pro
995 2525 1107 2582 quo
1129 2509 1245 2563 duo
1267 2506 1371 2561 ﬁlii
1393 2504 1540 2577 ejus,
1570 2504 2006 2560 Theodebertus

357 2600 851 2660 inAustrifrancia
863 2599 1034 2655 annis
1046 2614 1162 2653 xvn
1178 2600 1233 2652 et
1254 2594 1651 2652 Theodericus
1672 2594 1729 2671 in
1746 2594 2007 2665 Burgun-

358 2693 456 2750 dia
484 2709 618 2749 cum
651 2691 781 2748 avia
808 2686 1152 2746 Brunihilde
1198 2703 1340 2740 xvm
1371 2683 1542 2740 annis
1573 2683 1963 2754 regnaverunt
1990 2697 2003 2748 ;

358 2782 610 2856 ipsoque
668 2796 822 2837 anno
887 2774 1271 2848 Fridegundis
1329 2789 1466 2829 cum
1527 2771 1644 2828 (ilio
1709 2769 2005 2827 Clothario

358 2887 605 2944 regnum
633 2885 833 2926 eorum
857 2865 1088 2929 insavit,
1109 2869 1167 2920 et
1187 2880 1285 2920 eos
1306 2879 1437 2918 cum
1459 2861 1710 2917 exercitu
1730 2858 2004 2916 resisten-

357 2963 468 3025 tes,
521 2958 683 3030 gravi
714 2957 867 3012 caede
924 2953 1199 3026 protritos
1242 2950 1482 3024 fugavit.
1537 2949 1757 3021 Fredeg.
1790 2966 1843 3003 a.
1876 2948 2001 3015 596,

358 3048 521 3104 Paul.
557 3048 709 3103 Diae.

425 3137 534 3193 598
564 3132 951 3206 Fridegundis
970 3131 1170 3205 regina
1192 3133 1379 3186 mater
1401 3126 1679 3184 Clotharii
1711 3126 1865 3200 regis
1877 3143 2006 3181 mo-

358 3227 526 3282 ritur.
558 3223 779 3295 Fredeg.
812 3239 865 3277 α.
892 3239 980 3295 pr.
1006 3252 1074 3261 —-
1104 3219 1205 3275 His
1235 3217 1597 3290 temporibus
1629 3234 1761 3273 cum
1794 3217 2004 3272 Roma-

357 3332 471 3371 nus
500 3313 785 3386 patricius
819 3311 1041 3383 aliquot
1070 3308 1246 3366 urbes
1275 3325 1309 3363 a
1348 3305 1748 3378 Longobardis
1779 3306 2004 3361 dudum

2118 729 2465 803 Agilolphus
2483 746 2580 787 rex
2597 732 2912 790 nonnullos
2924 732 3103 790 duces
3117 732 3627 805 Longobardorum
3651 732 3769 788 sibi

2120 817 2386 887 rebelles,
2421 818 2567 875 alios
2595 819 2826 888 occidit,
2851 818 2996 876 alios
3018 819 3147 876 aliis
3170 818 3361 875 modis
3393 818 3727 892 perdomuit
3752 837 3765 876 :

2118 906 2243 979 ipse
2273 908 2448 963 etiam
2481 911 2819 981 perpetuam
2852 925 2985 964 cum
3035 909 3391 965 Theoderico
3420 924 3555 981 rege
3587 908 3767 964 Fran-

2118 1012 2320 1052 corum
2352 1014 2554 1069 pacem
2584 996 2738 1053 fecit.
2801 998 2963 1052 Paul.
3009 998 3162 1053 Diae.
3222 997 3374 1054 Fred.
3437 1013 3491 1052 a.
3538 997 3663 1053 598.
3697 1029 3767 1038 ——

2119 1083 2282 1140 Circa
2311 1085 2432 1140 hac
2458 1085 2634 1141 etiam
2658 1089 2923 1157 tempora
2941 1084 3360 1142 monasterium
3374 1086 3569 1142 Sancti
3590 1086 3772 1142 Bene-

2118 1173 2254 1229 dicti
2279 1173 2336 1228 in
2360 1178 2549 1230 castro
2572 1173 2813 1230 Cassino
2835 1174 3041 1239 situm,
3070 1173 3431 1247 fugientibus
3453 1191 3521 1230 ex
3551 1190 3618 1230 eo
3648 1190 3771 1231 mo-

2118 1261 2344 1330 nachis,
2376 1280 2409 1318 a
2438 1262 2839 1335 Longobardis
2861 1263 3099 1319 omnino
3121 1263 3484 1320 destructum
3511 1268 3569 1319 et
3597 1264 3766 1320 deso-

2118 1350 2301 1406 latum
2333 1356 2421 1407 est
2451 1351 2618 1424 (l80).
2650 1351 2816 1407 Paul.
2850 1352 2999 1406 Diae.
3031 1367 3080 1406 c.
3117 1352 3202 1408 18.

2185 1441 2292 1494 600
2314 1441 2625 1513 Gregorius
2647 1457 2797 1512 papa
2818 1439 3098 1497 Lindunzs
3121 1445 3179 1496 et
3196 1441 3437 1496 Eboraci
3461 1441 3768 1513 episcopos

2116 1528 2173 1583 in
2205 1529 2522 1596 Britannia,
2558 1529 2738 1586 misso
2768 1520 2966 1602 pallio,
3000 1529 3479 1602 metropolitanos
3509 1546 3638 1586 esse
3663 1531 3766 1585 de-

2116 1617 2303 1672 cernit
2324 1616 2637 1673 indictione
2681 1635 2759 1674 1v.
2783 1617 2937 1689 Greg.
2965 1618 3122 1690 epist.
3148 1634 3274 1685 va,
3306 1617 3378 1673 ad
3405 1635 3500 1673 an.
3533 1619 3659 1673 601.
3694 1649 3763 1658 -

2116 1705 2320 1762 Clades
2341 1705 2711 1779 glandularia
2727 1705 3049 1762 Massiliam
3071 1705 3336 1779 aliasque
3349 1705 3607 1778 partium
3629 1705 3765 1765 illa-
3850 1758 3863 1768 .

2117 1811 2250 1849 rum
2273 1793 2530 1850 civitates
2551 1800 2608 1851 et
2636 1795 2863 1851 Italiam
2894 1794 3146 1868 graviter
3166 1793 3388 1851 attrivit
3411 1812 3424 1863 ;
3447 1794 3522 1851 al.
3555 1812 3609 1851 a.
3633 1795 3761 1852 599.

2115 1914 2183 1922 —
2206 1882 2268 1938 In
2298 1882 2427 1939 lacu
2451 1884 2712 1939 Dunensi
2735 1900 2889 1955 aqua
2909 1887 3144 1956 repente
3172 1882 3428 1940 bulliens
3459 1888 3517 1939 et
3536 1883 3762 1940 fervens

2116 1987 2388 2045 magnam
2410 1972 2660 2045 piscium
2683 1978 2908 2044 partem
2929 1971 3173 2028 decoxit.
3198 1970 3608 2028 Warinbarius
3643 1972 3762 2043 [al.,

2112 2060 2524 2133 Warnharius]
2558 2062 2749 2132 major
2791 2061 3003 2117 domus
3034 2059 3396 2128 Theoderici,
3431 2059 3591 2116 omni
3621 2060 3762 2117 sub-

2114 2149 2332 2206 stantia
2361 2166 2469 2206 sua
2498 2148 2833 2217 distributa,
2866 2150 3029 2206 obiit.
3061 2149 3284 2219 Fredeg.
3320 2167 3373 2205 a.
3402 2166 3493 2222 pr.

2185 2238 2283 2295 85
2315 2238 2409 2294 60l
2476 2237 2839 2294 Brunihildis
2894 2238 2966 2295 de
3021 2254 3200 2312 regno
3256 2237 3641 2296 Theodeberti
3689 2238 3764 2295 ob

2114 2327 2333 2384 scelera
2345 2344 2453 2383 sua
2471 2327 2777 2399 depulsa,a
2798 2327 3055 2399 quodam
3079 2343 3333 2400 paupere
3356 2326 3482 2384 sola
3503 2326 3762 2395 inventa,

2115 2421 2172 2473 et
2203 2417 2274 2472 ad
2297 2415 2723 2473 Theodericum
2746 2431 2962 2489 regem,
2990 2420 3056 2472 ut
3084 2415 3345 2489 rogabat,
3371 2415 3652 2488 perducta
3671 2415 3766 2472 be-

2114 2505 2404 2578 nigneque
2422 2508 2693 2577 suscepta
2712 2502 2901 2560 eidem
2923 2504 3165 2577 pauperi
3185 2504 3584 2577 episcopatum
3605 2505 3767 2560 Auti-

2114 2593 2514 2650 siodorensem
2540 2592 2874 2665 impetravit
2905 2593 3073 2667 (181).
3126 2594 3344 2650 Aimon.
3395 2594 3435 2649 ι.
3470 2610 3551 2664 III,
3582 2610 3631 2650 c.
3661 2595 3759 2663 87,
3863 2660 3870 2665 ,

2113 2683 2190 2740 al.
2225 2701 2278 2739 a.
2312 2683 2440 2738 599.

2183 2773 2291 2827 602
2319 2771 2627 2828 Mauritius
2648 2772 2968 2844 imperator
2996 2771 3272 2843 Phocam,
3293 2770 3626 2845 reipublicae
3647 2771 3763 2828 uti-

2113 2860 2582 2933 lem,principem
2601 2858 2822 2916 militiai
2837 2861 3339 2932 faciens,eumque
3351 2877 3486 2917 cum
3508 2859 3762 2917 exercitu

2114 2950 2453 3019 mittens,de
2474 2949 2669 3006 Persis
2691 2952 2749 3004 et
2777 2948 2907 3006 aliis
2926 2949 3226 3006 nonnullis
3252 2950 3525 3024 gentibus
3546 2949 3763 3006 trium-

2114 3038 2332 3111 pbavit.
2365 3041 2508 3094 Hist.
2539 3038 2749 3094 miscet.
2782 3070 2850 3078 —
2880 3037 3049 3095 Globi
3068 3039 3245 3113 ignei,
3269 3042 3327 3096 et
3349 3039 3465 3095 alia
3494 3040 3664 3112 signa
3699 3039 3762 3095 in

2115 3127 2257 3184 coelo
2277 3126 2422 3183 visa.
2455 3126 2673 3199 Fredeg.
2707 3143 2760 3182 a.
2786 3127 2911 3183 600.
2945 3159 3015 3167 —
3032 3127 3470 3184 Theodebertus
3492 3132 3550 3183 et
3570 3127 3765 3184 Theo-

2114 3216 2347 3273 dericus
2368 3216 2597 3284 fratres,
2629 3215 2851 3289 ingenti
2875 3232 3073 3290 pugna
3100 3215 3394 3275 Clotbario
3424 3233 3557 3290 rege
3588 3233 3764 3290 supe-

2114 3310 2239 3363 rato
2264 3310 2321 3362 et
2339 3305 2594 3362 exercitu
2616 3306 2744 3378 ejus
2769 3306 3054 3363 trucidato
3077 3310 3253 3378 atque
3273 3307 3493 3380 fugato,
3514 3322 3764 3380 regnum

358 3383 582 3475 captas,
604 3402 689 3456 uti
712 3416 845 3455 cum
868 3397 1161 3454 deditione
1184 3394 1699 3466 recepisset,idque
1721 3394 2001 3468 Agiloli‘us
2034 3383 2075 3450 C
2115 3395 2243 3466 ejus
2266 3394 2553 3467 diripiunt
2581 3398 2638 3451 et
2682 3394 2835 3452 inter
2857 3412 2919 3452 se
2934 3394 3203 3451 dividunt
3226 3414 3240 3466 ;
3273 3395 3504 3452 modica
3531 3399 3763 3453 tantum

357 3507 455 3546 rex
483 3489 672 3545 ultum
695 3489 777 3543 ire
807 3485 1064 3553 molitus,
1099 3483 1272 3539 Italia;
1302 3482 1531 3557 ipsique
1564 3481 1758 3536 Romae
1789 3482 2002 3537 infesto

359 3596 495 3635 cum
525 3576 776 3633 exercitu
807 3573 1163 3642 immineret,
1213 3571 1409 3626 studio
1440 3570 1623 3625 sancti
1668 3586 1828 3641 papae
1858 3570 2003 3626 Grc-

359 3665 504 3741 gorii
537 3669 593 3721 et
621 3663 898 3736 suli‘ragio
917 3660 1322 3717 'l‘hcodclinda:
1348 3658 1631 3731 religiosae
1657 3658 1867 3730 reginae
1892 3676 2004 3731 pax

359 3756 634 3828 utrinque
669 3754 873 3810 elfecta
902 3755 1010 3807 est.
1044 3751 1206 3806 Paul.
1252 3748 1406 3805 Diae.
1442 3748 1481 3802 l.
1517 3765 1591 3815 1v,
1616 3764 1659 3802 c.
1694 3749 1746 3802 8.
1780 3763 1892 3819 seq.

427 3845 534 3901 599
562 3842 827 3910 Quintrio
850 3840 1147 3914 (Wintrio)
1169 3838 1285 3894 dux
1316 3835 1632 3908 instigante
1661 3835 2004 3892 Brunihilde

2111 3487 2275 3555 parte
2303 3481 2410 3549 illi,
2434 3483 2492 3539 id
2516 3487 2624 3554 est,
2647 3500 2726 3539 xu
2758 3484 3133 3541 comitatibus
3145 3486 3316 3557 juxta
3338 3485 3505 3541 littus
3524 3484 3759 3552 Oceani,

2111 3588 2245 3627 cum
2277 3575 2444 3644 pacto
2475 3571 2637 3645 pacis
2694 3572 2914 3630 relicta.
2971 3573 3131 3632 Fred.
3164 3591 3218 3630 a.
3248 3574 3355 3629 600
3373 3592 3396 3639 ;
3434 3574 3577 3630 Paul
3605 3575 3756 3630 Diae.

2182 3660 2288 3715 603
2318 3660 2823 3734 Constantinopoli
2853 3651 3076 3718 Phocas
3118 3663 3302 3719 victor
3343 3664 3415 3719 de
3444 3662 3639 3719 Persis
3668 3677 3758 3719 re-

2111 3767 2318 3806 versus
2338 3748 2683 3806 Mauricium
2699 3750 3132 3823 imperatorem,
3153 3756 3387 3825 peccata
3408 3769 3517 3809 sua
3538 3752 3597 3807 in
3623 3769 3764 3825 prm-

2114 3838 2286 3910 senti,
2320 3841 2387 3894 ut
2438 3838 2566 3910 ipse
2594 3852 2829 3912 semper
2881 3857 3080 3897 orasse
3109 3841 3313 3911 fertur,
3346 3841 3758 3910 exsolventem,

1388 3978 1864 4036 COMPENDIUM
1902 3980 1995 4036 EX
2034 3980 2283 4038 CODICE
2320 3980 2709 4039 BERNOLDI-

430 4120 537 4176 595
566 4119 857 4187 Gregorius
913 4115 1182 4189 synodum
1238 4131 1374 4170 XXIV
1431 4116 1807 4186 episcoporum
1847 4115 1919 4171 ad
1948 4116 2002 4172 S.

357 4212 583 4265 Petrum
610 4207 826 4277 collegit
856 4205 1155 4261 indictione
1176 4220 1291 4259 xw.
1576 4230 1581 4231 ί

2118 4118 2228 4189 ipsi
2255 4119 2510 4175 Romae...
2540 4132 2655 4188 pax
2682 4117 2945 4190 utrinque
2972 4119 3121 4189 facta
3151 4122 3248 4174 est.

2184 4200 2292 4261 599
2319 4207 2412 4261 His
2442 4207 2772 4279 temporibus
2802 4209 3218 4275 monasterium,
3249 4211 3383 4277 etc.,
3417 4209 3484 4263 ut
3504 4209 3657 4279 Aug.

424 4297 533 4353 596
563 4296 617 4352 S.
658 4295 1025 4352 Columbanus
1051 4294 1335 4366 presbyter
1365 4296 1413 4347 ct
1443 4292 1630 4360 abbas,
1681 4295 1800 4364 post
1829 4295 2005 4350 multa
2036 4280 2081 4345 D
2182 4295 2289 4351 600
2341 4297 2636 4367 Gregorius
2689 4313 2833 4368 papa
2866 4295 3236 4354 Lundoniae...
3311 4296 3609 4353 indictione
3686 4312 3763 4351 ιν.

356 4386 708 4442 mirabilia...
740 4384 923 4441 (etatis
972 4400 1140 4438 Lxxu.
1197 4383 1303 4437 Hoc
1343 4384 1582 4451 tempore
1614 4383 1676 4437 Β.
1714 4381 2003 4452 Gregorius

350 4492 519 4548 papa,
550 4475 799 4530 missis...
850 4474 1057 4529 Joanne
1084 4475 1136 4526 ct
1193 4465 1345 4538 aliis,
1376 4470 1677 4541 Anglorum
1702 4479 1914 4543 gentem
1946 4473 2005 4527 in

356 4564 649 4621 Britannia
678 4562 747 4619 ad
775 4561 944 4634 ﬁdem
976 4560 1176 4616 Christi
1204 4561 1490 4615 convertit.

425 4655 531 4711 597
580 4652 952 4710 Childebertus
980 4666 1080 4707 rex
1106 4651 1443 4705 Francorum
1471 4649 1623 4704 obiit.

429 4743 535 4799 598
564 4744 658 4798 His
706 4743 1059 4814 temporibus,
1107 4756 1234 4795 cum
1283 4738 1625 4794 Romanus...
1680 4742 1865 4811 captas
1907 4756 2007 4812 per

358 4830 696 4888 deditionem
723 4832 1027 4903 recepisset,
1061 4833 1113 4885 et
1141 4829 1209 4885 ob
1242 4827 1301 4885 id
1327 4827 1596 4899 Agilolfus
1626 4843 1727 4883 reae
1746 4828 1928 4887 Italiae
1957 4837 2009 4886 et

2117 4384 2304 4440 Clades
2332 4384 2688 4457 glandularia
2716 4386 2921 4443 multas
2947 4387 3202 4444 civitates
3230 4385 3440 4460 anteit.
3666 4452 3669 4455 _

2183 4474 2291 4529 602
2319 4474 2619 4529 Mauricius
2674 4475 2810 4546 imp.
2873 4480 3131 4544 Phocam,
3191 4475 3515 4547 reipublicae
3542 4474 3767 4542 utilem,

2109 4562 2417 4635 principem
2442 4562 2667 4619 militiae
2694 4563 2843 4632 fecit.
2874 4563 3034 4620 Globi
3058 4564 3210 4635 ignei
3246 4565 3310 4620 in
3338 4563 3468 4619 caelo
3496 4563 3620 4618 visi.

2187 4651 2292 4706 603
2319 4651 2789 4722 Constantinopoli
2843 4654 3048 4710 Phoeas
3094 4652 3420 4710 Mauricium
3474 4653 3610 4724 imp.
3643 4655 3766 4706 tur-

2113 4742 2260 4812 piter
2305 4741 2599 4812 interfecit,
2653 4746 2707 4795 et
2731 4743 2846 4813 ipse
2888 4759 2989 4815 pro
3036 4759 3096 4800 eo
3154 4744 3318 4800 annis
3359 4758 3465 4798 vuI
3494 4739 3765 4815 regnauit.

2121 4829 2325 4902 Corpus
2352 4828 2410 4884 S.
2454 4829 2747 4886 Victoris...
2778 4833 2832 4887 et
2860 4832 3149 4889 miraculis
3179 4831 3515 4890 declaratur.

1946 4972 2177 5047 NOTZfE.

431 5090 580 5161 (177)
612 5089 768 5146 Beda
796 5088 856 5144 in
887 5087 1176 5161 Chronico
1207 5086 1419 5161 melius
1450 5085 1628 5142 habet
1683 5086 2000 5161 indictione

359 5158 478 5231 xui,
555 5158 641 5217 ua:
674 5161 859 5218 mensi
891 5160 1046 5216 Julio
1076 5158 1256 5230 hujus
1286 5158 1421 5215 anni
1454 5158 1786 5215 concordat.

431 5180 579 5290 (17%)
613 5232 726 5290 Alii
757 5249 910 5289 anno
941 5231 1102 5290 regni
1154 5248 1251 5290 xx.
1292 5228 1477 5286 intutis
1506 5246 1659 5290 xxvr,
1692 5230 1751 5286 id
1785 5277 1786 5283 η

431 5230 579 5307 (178)
613 5232 726 5307 Alii
757 5249 910 5289 anno
941 5231 1102 5305 regni
1154 5248 1251 5300 xx,
1292 5230 1477 5307 (etatis
1506 5246 1659 5298 xxvr,
1692 5230 1751 5286 id
1785 5230 2005 5307 factum

361 5301 645 5369 scribunt.
678 5301 1156 5377 ipsumque-cum
1188 5302 1457 5377 conjuge,
1484 5318 1606 5377 non
1637 5318 1768 5377 vero
1800 5302 1872 5358 ab
1904 5301 2007 5377 illa

358 5394 578 5435 veneno
609 5374 791 5433 fuisse
838 5374 1229 5433 interfectum.
1279 5374 1440 5429 Paul.
1474 5374 1624 5428 Diae.
1656 5374 1694 5428 l.
1730 5391 1804 5439 ιν,
1835 5390 1882 5429 c.
1915 5374 2003 5430 42.

431 5449 836 5573 (179)ϐιειυάοδ
865 5450 992 5520 ejus
1024 5444 1400 5521 prosequitur
1430 5443 1599 5516 Greg.
1632 5443 1712 5500 M.
1746 5445 1930 5517 Epist.
1961 5444 2004 5502 l.

431 5564 434 5573 λ
469 5536 559 5573 en.
633 5562 646 5573 .

359 5538 434 5577 VI.
469 5537 559 5577 BD.
592 5537 646 5575 0.

420 5536 822 5661 ,(f£0)01idissas
852 5592 947 5648 hic
1007 5590 1255 5647 facimus
1285 5591 1601 5661 auctorum
1645 5586 1714 5643 de
1747 5592 2008 5661 tempore

362 5658 541 5734 hujus
563 5658 978 5721 destructionis
1008 5661 1370 5734 sententiasL
1385 5658 1456 5734 dc
1486 5658 1701 5731 quibus
1733 5658 2009 5734 fuse—agit

364 5731 714 5797 Miinatorius
740 5735 799 5790 in
825 5736 951 5792 suis
975 5735 1045 5792 ad
1073 5733 1319 5790 Paulum
1341 5731 1663 5788 Diaconum
1686 5732 1857 5789 notis.
1889 5731 2007 5790 Ma-

2110 5087 2390 5164 billonius
2427 5085 2637 5164 Annal.
2690 5088 2830 5164 Ben.
2861 5094 2903 5146 t.
2945 5089 2986 5160 l,
3022 5107 3080 5164 p.
3112 5089 3241 5164 J76,
3273 5087 3435 5146 illam
3459 5085 3642 5164 circa
3669 5098 3765 5141 an.

2111 5162 2218 5217 580
2234 5160 2608 5234 statuendam
2632 5162 2863 5234 probat,
2886 5157 3156 5234 quamvis
3173 5157 3771 5220 communiorhucus-

2116 5249 2229 5308 que
2257 5230 2452 5308 opinio
2493 5230 2716 5308 anniim
2743 5230 2855 5308 589'
2885 5230 3196 5308 adoptarit.

2184 5297 2490 5430 (181ἒῌωρ
2538 5318 2607 5358 ex
2626 5303 2969 5377 Fredegario
2994 5297 3066 5364 ad
3097 5323 3192 5362 an.
3213 5305 3320 5361 599
3361 5302 3676 5384 desumpta
3705 5297 3768 5355 in

2184 5392 2263 5430 .va
2366 5373 2675 5430 ibliotheca
2732 5375 2874 5430 Msc.
2936 5378 2996 5430 P.
3060 5377 3252 5430 Labbe
3294 5375 3363 5430 ad
3395 5373 3767 5430 Desidermm

2114 5373 2263 5432 nova
2317 5373 2675 5430 Bibliotheca
2732 5373 2874 5434 Ms'c.
2936 5378 2996 5434 P.
3060 5377 3252 5435 Labbe
3294 5375 3363 5433 ad
3395 5373 3767 5433 Desiderium

2114 5448 2455 5520 episcopum
2484 5445 3023 5520 Autisiodorensem
3053 5450 3403 5514 referuntur,
3433 5443 3537 5520 qui
3566 5447 3767 5520 tamen

2202 5514 2400 5605 gallis.
2432 5516 2793 5605 Christiana,
2842 5526 2884 5577 t.
2936 5521 3064 5605 XI},
3095 5539 3153 5605 ρ.
3194 5520 3321 5590 463,
3354 5514 3766 5605 nobilissimus

2116 5595 2171 5666 et
2201 5586 2566 5666 Brunihildis
2595 5585 2963 5666 propinquus
2996 5585 3210 5649 dicitur
3234 5612 3247 5662 ;
3281 5585 3437 5647 unde
3461 5592 3575 5666 eta
3593 5585 3766 5666 Coin-

2116 5663 2195 5789 ticg
2227 5660 2299 5717 ad
2330 5677 2426 5731 an,
2466 5661 2572 5719 699
2595 5657 2858 5723 narratio
2887 5665 3032 5741 [haec
3063 5682 3170 5724 ceu
3200 5657 3604 5725 commentitia
3632 5657 3769 5730 reji-

2118 5751 2167 5789 Ol
2199 5750 2286 5789 ur.
3281 5745 3303 5754 “

2118 5745 2286 5791 οιῐιιν.
3281 5745 3303 5754 “
