4124 6188
310 273 429 336 133

1526 273 1996 339 CHRONICON.
2030 306 2107 319 —-
2138 273 2330 337 SEC.
2374 274 2508 335 VII.

3602 283 3721 344 134

1646 407 1877 464 CODEX
1916 404 2311 464 AUGIENSIS.

1646 407 1877 464 CODEX
1967 406 2311 461 UGIENSIS.

310 503 559 578 aufugit.
590 504 770 570 Quem
802 406 1963 578 cumTheodoricusodio,etinsuperv:
1990 506 2045 571 Α
2144 502 2251 558 617
2307 503 2502 559 Romae
2558 503 2874 561 Deusdedit
2930 505 3079 579 (198)
3152 524 3303 580 papa
3376 510 3517 568 LXX
3570 514 3721 575 sedit

308 591 591 649 nerabilis
608 592 718 647 viri
744 592 1009 651 Leunisii
1034 593 1183 668 (195)
1205 593 1961 667 MogontiacensisepiSCOpi

306 680 685 753 instigatione
705 686 1171 754 persequeretur,
1191 681 1289 737 ille
1301 683 1494 738 denuo
1509 681 1764 738 collectis
1788 682 1958 737 undi-

306 784 424 840 que
453 768 694 833 viribus,
728 770 884 841 apud
916 768 1268 826 Tulbiacum
1308 786 1622 826 occurrens
1679 770 1958 835 conﬂixit,

306 862 366 912 et
389 856 681 913 immensa
706 857 1015 914 hominum
1047 863 1209 932 stage
1242 860 1397 915 facta
1424 859 1639 913 iterum
1659 858 1846 914 victus
1872 859 1959 913 fu—

306 946 413 1018 git.
448 945 844 1002 Theodericus
864 963 996 1003 vero
1008 946 1306 1003 Coloniam
1328 947 1631 1020 ingressus
1654 948 1960 1003 thesauros

308 1035 441 1106 ejus
472 1051 537 1090 ac
560 1051 804 1107 regnum
828 1036 1042 1107 rapuit,
1061 1035 1369 1108 ﬁliumque
1390 1037 1516 1108 ejus
1538 1035 1843 1108 parvulum
1868 1052 1964 1090 ne-

308 1122 432 1178 cari
452 1122 652 1194 jussit,
688 1128 747 1178 et
766 1121 961 1195 ipsum
993 1124 1486 1197 comprehensum
1534 1141 1600 1180 ac
1651 1126 1961 1179 detonsum

306 1210 620 1267 Cavillonis
652 1211 834 1279 misit,
866 1229 973 1268 nec
1002 1213 1188 1269 multo
1220 1217 1351 1286 post
1379 1217 1717 1284 suspectum
1740 1213 1965 1269 habens

308 1301 632 1373 instigante
654 1300 1000 1357 Brunihilde
1019 1302 1202 1357 occidi
1228 1300 1519 1374 praecepit.
1544 1302 1766 1370 Fredeg.
1781 1319 1817 1357 a
1833 1303 1962 1367 612,

304 1389 438 1444 lar.
456 1394 553 1444 Av.
572 1421 639 1431 —
658 1390 883 1453 Quibus
902 1390 1109 1446 diebus
1121 1391 1326 1447 beatus
1341 1389 1739 1446 Cclumbanus
1761 1390 1832 1445 de
1848 1390 1966 1444 Bri-

306 1476 507 1552 gantio
523 1477 1191 1551 pulsus,febricitantem
1203 1477 1433 1535 Gallum
1453 1478 1533 1535 ibi
1547 1478 1803 1551 reliquit,
1817 1479 1968 1551 ipse-

306 1584 419 1641 que
453 1567 513 1622 in
550 1566 775 1623 Italiam
803 1567 1065 1637 veniens,
1098 1571 1157 1624 et
1187 1567 1436 1641 benigne
1465 1568 1538 1622 ab
1560 1566 1810 1640 Agilolfo
1831 1583 1966 1640 rege

306 1660 361 1711 et
390 1655 797 1711 Theodelinda
817 1659 1147 1729 susceptus,
1172 1656 1502 1711 cmnobium
1523 1655 1807 1712 Bobiense
1828 1673 1964 1712 con-

303 1743 541 1801 struxit.
573 1745 739 1801 Jonas
768 1746 830 1800 in
857 1745 1002 1812 Vita,
1033 1745 1242 1801 Mabilt.
1276 1759 1400 1802 saec.
1438 1762 1477 1800 ιι
1507 1745 1706 1801 Bened.
1728 1762 1749 1807 ;
1788 1746 1864 1800 at.
1909 1762 1963 1801 a.

2069 593 2240 648 annis
2273 609 2354 660 ιιι,
2389 607 2590 647 mense
2616 593 2732 649 fere
2764 611 2820 661 1;
2853 594 2954 665 qui
3005 594 3226 651 clerum
3286 601 3344 652 et
3391 602 3720 660 sacerdotes

2068 680 2269 737 dilexit
2296 681 2496 753 eisque
2528 685 2800 753 sumptus
2826 683 2988 739 auxit
3012 702 3025 752 ;
3059 684 3229 753 cujus
3257 689 3519 759 tempore
3552 690 3718 746 Eleu-

2069 768 2302 824 therius
2324 769 2624 841 patricius,
2646 770 2975 826 Ravennam
2992 772 3248 841 veniens,
3274 773 3519 831 Joannis
3540 779 3721 848 patri-

2069 857 2142 912 cii
2174 861 2571 929 peremptores
2601 858 2830 913 occidit.
2849 861 2988 915 Item
3008 861 3244 933 Neapoli
3268 867 3324 918 et
3344 863 3401 918 in
3427 863 3557 920 aliis
3580 864 3722 923 locis

2069 946 2335 1017 tyrannis
2364 945 2569 1000 occisis
2599 962 2795 1018 pacem
2833 948 3007 1003 Italiae
3038 950 3564 1009 reddidit.Anast.a.
3592 956 3718 1011 615·

2070 1065 2137 1075 -
2169 1033 2229 1089 In
2264 1034 2564 1088 Britannia
2595 1034 2893 1090 Ediwinus
2924 1038 3114 1092 occiso
3147 1039 3449 1109 Edilfrido,
3488 1046 3546 1098 et
3584 1043 3721 1101 filiis

2071 1123 2199 1192 ejus
2230 1122 2289 1176 in
2323 1121 2659 1176 Hiberniam
2693 1123 2926 1194 fugatis,
2969 1142 3213 1197 regnum
3246 1127 3403 1183 illius
3460 1147 3563 1201 per
3617 1150 3720 1187 an-

2072 1227 2179 1266 nos
2209 1226 2327 1266 xvu
2356 1211 2585 1282 egregie
2616 1212 2778 1265 rexit.
2816 1212 2965 1268 Beda
2996 1214 3122 1268 hist.
3159 1217 3317 1287 Angl.

2141 1299 2247 1353 618
2274 1299 2663 1354 Τθι-ιιεειιιοιυε
2720 1316 2973 1372 magnus
3027 1301 3216 1358 factus
3246 1309 3355 1373 est,
3411 1311 3470 1361 et
3524 1306 3720 1364 clades

2073 1387 2338 1443 scabiosa
2365 1388 2675 1443 subsecuta
2704 1388 2985 1460 populum
3010 1390 3160 1446 foeda
3181 1396 3365 1448 morte
3381 1394 3620 1465 attrivit,
3641 1396 3724 1452 ita

2073 1480 2139 1530 ut
2172 1475 2389 1530 mortui
2418 1493 2530 1531 non
2559 1482 2799 1547 possent
2828 1478 3088 1549 agnosci.
3122 1479 3308 1535 Anast.
3332 1512 3401 1520 —-
3447 1482 3720 1539 Hieroso-

2071 1563 2228 1637 lyma
2256 1563 2407 1619 inter
2435 1563 2581 1619 alias
2633 1564 2928 1620 Palestina:
2980 1567 3155 1622 urbes
3187 1584 3220 1623 a
3276 1567 3532 1625 Chosroe
3587 1588 3723 1644 rege

2074 1656 2382 1708 Persarum
2414 1658 2602 1725 capta,
2637 1657 2693 1708 et
2722 1670 2862 1708 crux
2893 1654 3197 1711 Dominica
3219 1656 3274 1710 in
3299 1658 3594 1714 Persidem
3628 1661 3725 1716 ab-

2075 1743 2252 1797 ducta
2280 1745 2366 1797 est
2397 1741 2565 1811 (199).

304 1833 430 1888 612.
464 1832 820 1933 ῖὲειηαῐιιε
852 1850 1086 1933 quoque
1116 1832 1319 1933 Gnallus
1376 1832 1756 1933 solitudinem
1809 1833 1966 1889 cellae
1995 1869 2044 1933 Β
2107 1919 2118 1930 _
2145 1829 2254 1933 6|?
2283 1829 2615 1933 Cluthfr‘ills
2646 1845 2744 1933 fex
2773 1830 3192 1933 Wﬁrnharium
3227 1834 3725 1933 [al-,_Warnacha-

304 1939 422 1977 suae
456 1921 611 1990 (196)
633 1921 884 1978 incolere
913 1921 1105 1994 coepit.
1142 1923 1380 1993 Rutpert.
1413 1922 1626 1978 Strabo.

370 2010 485 2065 615
508 2009 910 2066 Theodericus
940 2013 1141 2067 contra
1161 2009 1518 2065 Clotherium
1543 2028 1706 2065 arma
1728 2028 1961 2082 parans,

306 2097 599 2170 proﬂuvio
628 2099 871 2165 ventris,
904 2103 981 2168 ct,
1008 2100 1073 2153 ut
1101 2099 1339 2170 quidam
1371 2097 1555 2166 aiunt,
1590 2100 1791 2155 fraude
1822 2101 1964 2155 Bru-

307 2184 555 2240 nihildis
572 2201 798 2241 veneno
819 2184 988 2241 Metis
1017 2185 1236 2241 interiit
1255 2204 1269 2253 ;
1289 2190 1347 2242 et
1365 2187 1418 2241 Si
1427 2187 1723 2258 gebertus,
1745 2204 1813 2243 ex
1834 2205 1965 2243 con-

306 2274 524 2328 cubina
556 2272 717 2329 ﬁlius
747 2274 897 2345 ejus,
931 2291 962 2329 a
994 2274 1336 2332 Brunihilde
1366 2279 1422 2330 et
1452 2275 1817 2348 principibus
1869 2292 1968 2331 rex

306 2379 415 2435 pro
446 2379 513 2419 eo
542 2363 737 2418 factus
766 2367 874 2419 est.
907 2363 1023 2419 Nec
1044 2362 1228 2419 multo
1246 2366 1379 2436 post
1400 2362 1728 2420 Clotharius
1759 2381 1858 2420 rex
1877 2380 1966 2420 rc-

307 2467 496 2524 gnum
527 2452 661 2522 ejus
688 2451 904 2507 invasit
933 2468 1085 2507 anno
1114 2450 1278 2525 regni
1309 2451 1399 2507 sui
1440 2469 1571 2508 xxx.
1630 2452 1851 2523 Fredeg.
1910 2471 1964 2509 a.

306 2540 433 2607 613,
466 2539 606 2595 Mar.
638 2540 734 2595 Av.
764 2539 929 2595 Paul.
962 2541 1114 2595 Diue.

376 2629 488 2684 616
518 2628 585 2683 In
619 2627 923 2683 Britannia
949 2627 1302 2695 Edilbertus,
1354 2628 1582 2700 primus
1643 2628 1962 2701 Anglorum

309 2732 521 2791 regum
552 2716 944 2784 Christianus,
967 2734 1121 2773 anno
1152 2718 1316 2790 regni
1347 2735 1437 2773 LVI
1467 2718 1612 2774 obiit
1637 2735 1649 2787 ;
1694 2735 1797 2790 pro
1853 2735 1968 2791 quo

311 2804 541 2879 Eatpoli
576 2805 703 2877 [al.,
734 2804 1012 2877 Ebaldus]
1035 2807 1299 2878 regnavit
1318 2807 1488 2862 annis
1507 2824 1658 2863 xxrv.
1683 2807 1814 2862 Bed.
1836 2807 1964 2863 hist.

307 2879 483 2964 Angt:
493 2911 548 2948 a.
562 2893 690 2949 613.
710 2926 778 2934 -
795 2893 913 2949 Hoc
926 2898 1186 2966 tempore
1199 2894 1458 2951 Isidorus
1469 2894 1831 2967 Hispalensis
1847 2913 1875 2951 e
1881 2896 1935 2968 pi
1947 2926 1968 2939 -ι

314 3000 533 3056 scopus
565 2981 762 3038 clarus
790 2980 849 3037 in
885 2982 1182 3054 Hispaniis
1211 2983 1480 3048 habetur,
1514 2983 1613 3055 qui
1662 2984 1967 3057 hucusque

312 3073 468 3143 (197)
501 3077 837 3143 temporum
865 3070 1356 3128 abbreviationem
1390 3071 1678 3145 perduxit,
1710 3077 1767 3128 et
1784 3071 1970 3129 multa

310 3161 549 3232 egregia
578 3161 672 3215 ΩΙ
713 3177 814 3232 οριΔ
835 3158 999 3215 scula
1026 3160 1227 3215 edidit.
1266 3161 1326 3216 In
1354 3160 1520 3216 Italia
1548 3160 1832 3233 Agilolfus
1871 3179 1970 3217 rex

308 3226 833 3321 Langobardorum
865 3248 1136 3315 moritur,
1168 3264 1272 3321 pro
1294 3265 1409 3320 quo
1436 3226 1967 3305 ﬁliustdaloaldus
1999 3226 2042 3293 C

303 3355 446 3393 cum
510 3343 699 3393 matre
756 3335 1156 3393 Theodelinda
1213 3338 1474 3409 regnavit
1503 3337 1674 3393 annis
1716 3356 1770 3393 x.
1806 3340 1970 3394 Paul.

311 3427 615 3493 Dzac.l.1v,
630 3425 868 3482 c.93.—
887 3425 1053 3498 Apud
1078 3425 1329 3481 Francos
1344 3425 1677 3497 Sigebertus
1699 3444 1815 3494 rex,
1837 3444 1970 3483 cum

303 3520 522 3571 contra
548 3514 913 3572 Clotherium
944 3514 1259 3570 exercitum
1293 3512 1641 3587 collegisset.
1677 3533 1711 3570 a
1739 3517 1864 3571 suis
1882 3516 1975 3572 de-

303 3609 511 3659 sertus
538 3603 683 3659 etab
707 3602 977 3659 hostibus
991 3607 1216 3674 captus,
1232 3619 1496 3657 unacum
1510 3602 1786 3659 fratribus
1806 3606 1971 3676 iussu

305 3690 596 3746 Clothar’ii
619 3695 959 3764 peremptus
975 3696 1063 3746 est
1087 3708 1100 3759 ;
1124 3707 1159 3746 a
1183 3708 1298 3763 quo
1326 3691 1506 3747 etiam
1536 3692 1665 3764 ipsa
1687 3692 1975 3748 Brunihil-

304 3780 403 3835 dis
426 3779 921 3853 indomitisequis
945 3777 1170 3852 alligari
1187 3780 1362 3852 jussa
1381 3783 1438 3836 et
1459 3781 1530 3836 ab
1553 3780 1638 3836 eis
1659 3781 1970 3853 discerpta,

306 3868 499 3941 digna
511 3867 755 3924 tandem
768 3872 955 3924 morte
967 3866 1480 3940 periit,etClothari
1490 3885 1557 3924 us
1572 3869 1973 3926 monarchiam

296 3956 483 4031 regni
516 3957 761 4030 accepit.
793 3956 951 4013 Fred.
985 3974 1038 4013 a.
1068 3956 1196 4014 613.
1230 3961 1373 4015 Mar.
1405 3957 1593 4013 Avent.

2073 1919 2272 1989 rium),
2291 1918 2382 1973 cui
2408 1918 2775 1989 aliquantum
2799 1918 3065 1974 infensus
3088 1926 3229 1985 erat,
3264 1924 3724 1996 suifragantibus
3788 1926 3791 1927 ⁷

2073 2007 2297 2073 multis,
2332 2008 2390 2061 in
2422 2006 3009 2078 gratiam-recipiens,
3044 2008 3102 2063 in
3142 2011 3469 2082 principatu
3531 2015 3722 2085 majo-

2075 2096 2153 2149 ris
2186 2096 2397 2149 domus
2420 2094 2807 2148 confirmavit.
2842 2096 3056 2165 Frcdeg.
3091 2114 3146 2152 (ι.
3174 2099 3298 2152 613.

2143 2185 2250 2238 620
2282 2184 2473 2238 ΗΟΠΙεΒ
2503 2183 2834 2237 Bonifacius
2864 2184 3108 2254 quintus
3149 2203 3299 2259 papa
3354 2188 3513 2244 LXXI
3571 2192 3725 2247 sedit

2075 2272 2245 2329 annis
2273 2290 2330 2338 v,
2366 2271 2449 2326 vir
2476 2271 2641 2327 valde
2670 2273 2771 2328 92
2803 2273 2965 2328 mitis
2991 2277 3048 2328 et
3077 2274 3231 2345 pius,
3255 2278 3450 2333 Anast.
3496 2296 3549 2334 a.
3594 2280 3720 2349 6l8,

2072 2366 2232 2417 recte.
2252 2393 2319 2400 —
2340 2360 2706 2415 Eleutherius
2723 2360 3006 2432 patricius
3022 2362 3390 2433 tyrannidem
3412 2372 3468 2421 et
3480 2384 3724 2441 regnum

2074 2450 2423 2506 affectansin
2440 2448 2653 2504 Italiaa
2668 2448 2953 2505 militibus
2977 2457 3315 2523 peremptus
3343 2460 3452 2519 est,
3471 2460 3528 2511 et
3549 2462 3726 2529 caput

2075 2540 2204 2611 ejus
2234 2536 2798 2609 Constantinopolim
2832 2538 3102 2594 missum.
3137 2541 3214 2596 at.
3244 2559 3296 2597 α.
3347 2544 3472 2599 619.
3532 2577 3602 2587 —-
3662 2547 3725 2603 In

2073 2627 2377 2683 Britannia
2394 2626 2665 2682 defuncto
2687 2626 3122 2700 archiepiscopo
3147 2630 3458 2687 Laurentio
3473 2633 3726 2691 Mellitus

2076 2716 2379 2771 successit.
2414 2715 2543 2770 Bed.
2598 2717 2739 2770 Hist.
2774 2716 2931 2787 Angt.
2992 2749 3058 2757 —
3119 2718 3437 2791 Magundat
3492 2738 3723 2794 magus,

2075 2821 2285 2877 genere
2314 2804 2509 2865 Persa,
2534 2805 2604 2858 ad
2628 2803 2804 2858 fidem
2824 2804 3039 2860 Christi
3062 2822 3375 2863 conversus
3396 2813 3453 2863 et
3474 2814 3725 2866 Anasta-

2077 2893 2201 2949 sius
2232 2894 2444 2957 dictus,
2483 2884 2898 2965 Hierosolymis
2931 2894 3089 2949 mira:
3130 2896 3458 2953 sanctitatis
3515 2915 3723 2954 mona-
3823 2935 3836 2942 -

2076 2982 2143 3037 ch
2156 2998 2222 3036 us
2252 2982 2491 3036 effectus
2520 2986 2628 3036 est.

2145 3069 2240 3124 621
2280 3068 2610 3124 Clotharius
2642 3085 2761 3135 19X,
2795 3071 3049 3142 acceptis
3088 3071 3300 3143 amplis
3358 3077 3724 3144 muneribus,

2080 3157 2477 3228 Longobardis
2512 3157 2865 3228 petentibus,
2898 3175 2978 3212 xu
3009 3159 3192 3214 millia
3222 3161 3541 3217 solidorum
3573 3164 3722 3233 auri,

2081 3262 2228 3318 quos
2258 3244 2561 3300 annuatim
2620 3261 2724 3317 pro
2782 3244 2983 3300 invasa
3033 3249 3328 3317 quondam
3388 3250 3729 3323 Burgundio.

2080 3334 2316 3389 Francis
2330 3332 2734 3405 persolvebant
2754 3334 2863 3388 sub
2878 3333 3110 3390 nomine
3124 3335 3349 3403 tributi,
3370 3338 3726 3410 quibusdam

2081 3422 2545 3488 consiliantibus,
2581 3421 2827 3477 dimisit.
2860 3422 3014 3478 Fred.
3045 3422 3159 3479 chr.
3192 3441 3246 3479 a.
3268 3426 3395 3481 618.

2148 3514 2253 3566 622
2285 3510 2625 3566 Berthrudis
2656 3510 2874 3584 regina,
2908 3528 3053 3567 uxor
3083 3512 3360 3570 Clotharii
3392 3517 3566 3589 regis,
3608 3517 3723 3591 ipsi

2080 3605 2137 3657 et
2166 3599 2439 3655 omnibus
2470 3615 2573 3671 pro
2605 3599 2837 3670 pietatis
2862 3604 2919 3654 et
2950 3617 3178 3657 morum
3238 3604 3579 3660 excellentia
3635 3606 3728 3661 ni-

2082 3690 2264 3745 mium
2297 3687 2588 3758 amabilis,
2618 3688 2780 3743 obiit.
2811 3689 2948 3744 Fred
2981 3690 3114 3745 Chr.
3147 3707 3201 3744 a.
3234 3692 3359 3746 6t9.

2150 3780 2255 3833 623
2284 3778 2385 3833 His
2417 3776 2777 3849 temporibus
2806 3778 3011 3832 beatus
3039 3777 3231 3833 Attala
3269 3783 3327 3833 et
3382 3784 3513 3851 post
3570 3781 3725 3837 hunc

2082 3867 2387 3931 Bertolfus,
2420 3866 2731 3921 Bobienses
2755 3865 3014 3933 abhates,
3038 3866 3096 3921 in
3125 3866 3472 3923 Alamannis
3493 3885 3725 3940 quoque

2080 3956 2458 4013 beatissimus
2479 3953 2678 4009 Gallus
2708 3953 3024 4009 virtutibus
3054 3953 3409 4011 claruerunt.
3440 3959 3631 4013 Jonas.

1345 4082 1818 4140 COMPENDIUM
1855 4083 1947 4140 EX
1984 4082 2231 4139 CODICE
2272 4078 2651 4135 BEBNOLDI.

370 4180 484 4236 616
516 4179 763 4236 Isidorus
790 4181 889 4237 hoc
918 4184 1158 4253 tempore
1189 4180 1536 4252 Hispaleusis
1552 4181 1962 4251 episcopuacta-
1991 4184 2041 4249 1)
2140 4179 2245 4234 620
2275 4179 2457 4234 Romae
2479 4177 2815 4248 Boni/ocius,
2848 4181 2984 4245 etc.,
3018 4182 3083 4234 ut
3110 4189 3261 4252 Aug.
3295 4204 3363 4221 -ι
3392 4182 3451 4236 1η
3503 4184 3723 4241 Britan-

290 4284 399 4323 τω
428 4268 686 4324 habetur.
710 4269 1060 4325 Brunihildis
1092 4270 1468 4343 iniquissima,
1500 4270 1654 4340 equis
1684 4269 1965 4326 indomitis

295 4356 563 4426 alligata,
586 4356 749 4427 jussu
773 4357 1048 4425 Sigeberti
1076 4358 1224 4429 (200)
1253 4358 1398 4429 regis
1426 4358 1761 4413 Francorum
1798 4357 1967 4429 digna

289 4453 480 4501 morte
503 4445 700 4516 periit.
732 4445 1032 4501 Praedictus
1054 4445 1303 4504 Isidorus
1343 4446 1624 4517 hucusque
1679 4445 1966 4502 abbrevia-

292 4536 513 4588 tionem
542 4537 853 4606 temporum
875 4534 1164 4608 perduxit.

372 4620 485 4677 617
516 4622 706 4679 Romae
744 4623 1031 4681 Deusdedit
1082 4642 1227 4698 papa
1271 4624 1400 4681 LXX
1455 4624 1593 4681 sedit
1646 4626 1813 4681 annis
1863 4624 1967 4680 tri-

300 4708 430 4776 bus,
461 4726 651 4767 omne
678 4713 794 4783 fere
821 4729 951 4770 uno.

376 4797 487 4854 618
512 4799 610 4856 His
630 4802 963 4875 temporibus
992 4800 1436 4875 Hierosolyma...
1472 4801 1734 4860 abducta.

1874 4899 2103 4963 NOTIE.

371 4993 536 5077 1496).
563 4995 672 5054 Hic
694 4997 834 5077 aliis
868 5001 1156 5077 Leonisius
1203 4999 1439 5077 dicitur,
1480 5015 1674 5077 quem
1732 4999 1957 5077 Trithe-

300 5068 465 5146 xpius
482 5068 676 5146 virum
703 5070 760 5125 in
775 5071 1004 5146 Christo
1025 5088 1372 5146 magnorum
1385 5068 1666 5146 virtutum
1687 5069 1964 5146 appellat,

303 5136 379 5217 de
408 5139 583 5217 _cuj_us
612 5139 764 5197 facto
796 5142 891 5217 hic
914 5136 1157 5217 narrato
1202 5141 1600 5200 consulendus
1655 5136 1964 5198 Aiiﬁoinus

303 5205 447 5264 hist-
478 5205 760 5268 Francor.
795 5213 835 5268 l.
869 5229 956 5278 ιιι,
989 5231 1040 5269 c.
1070 5216 1163 5270 98.

376 5279 425 5360 (1
437 5281 776 5360 96)§cilicet
791 5284 854 5360 in
873 5285 1027 5341 saltu
1049 5285 1338 5360 Rhaeticas
1352 5282 1691 5360 Alpesinter
1702 5287 1758 5339 et
1769 5282 1960 5360 lacum

303 5346 722 5432 Brigantinum
752 5355 909 5432 sitae,
934 5373 1061 5429 quae
1092 5360 1296 5432 postea
1317 5356 1378 5410 in
1401 5346 1845 5411 celeberrimum
1867 5354 1960 5411 sui

306 5425 568 5477 nominis
599 5425 1020 5483 monasterium
1049 5425 1320 5485 excrevit.

376 5491 419 5556 (1
429 5493 771 5571 97)._Nempe
788 5515 974 5571 usque
1005 5516 1079 5555 an
1096 5515 1318 5571 annum
1340 5495 1612 5571 quintum
1634 5494 1886 5571 Heraclji
1903 5499 1960 5571 et

304 5576 503 5656 3:31P.
515 5562 897 5656 {iiipssicsrd
915 5570 1051 5656 5.5.54:
1081 5570 1180 5656 τιυὲ
1204 5572 1318 5656 φιτ.
1334 5562 1524 5656 ﬁssus
1543 5566 1767 5656 ﬁbris.“
1794 5566 1952 5656 ,διίξ-

300 5629 505 5698 Ὲιειαι
521 5629 642 5699 βαΰ
656 5640 892 5702 nomine
911 5629 1184 5704 Chl-caici
1202 5638 1413 5702 lsidori
1432 5639 1494 5701 in
1524 5654 1672 5701 nova
1699 5637 1954 5717 Operum

2070 4270 2187 4340 nia,
2221 4270 2364 4332 etc.,
2398 4270 2464 4320 ut
2486 4268 2633 4338 Aug.
2666 4296 2733 4305 —
2762 4266 3058 4358 Magundat
3110 4285 3306 4338 magus
3336 4311 3374 4324 ..
3422 4273 3724 4330 monachus

2080 4356 2336 4429 efﬁcitur.

2142 4447 2250 4501 622
2272 4442 2563 4500 Gertrudis
2594 4443 2741 4515 ('(Ol)
2772 4448 2995 4516 regina,
3016 4462 3160 4501 uxor
3181 4446 3430 4502 Lotharii
3442 4450 3721 4521 piissimo,

2076 4536 2225 4591 bonae
2252 4533 2555 4599 memoriae,
2588 4531 2743 4587 obiit.

2144 4622 2251 4678 623
2284 4622 2375 4677 His
2401 4620 2800 4692 temporibus...
2833 4622 3077 4688 abbates,
3109 4624 3161 4675 et
3192 4621 3246 4677 S.
3274 4621 3460 4678 Gallus
3496 4624 3720 4681 clarue-

2075 4714 2226 4768 runt.

2070 4993 2740 5073 ejus_editione_Madr'rt_.
2777 4996 3023 5073 a._i7‘78,
3054 5000 3097 5053 t.
3124 4999 3175 5073 ΫῙ,
3209 5016 3265 5071 p.
3297 5016 3360 5067 II,
3394 5017 3451 5073 p.
3484 4999 3608 5057 121.

2143 5066 2638 5142 (198ὶλῡθιιεᾶθᾶὶι
2666 5068 2738 5123 ad
2770 5067 3084 5142 minimum
3108 5066 3233 5142 jam
3258 5066 3352 5127 an.
3384 5066 3490 5127 615
3546 5073 3715 5130 Βοιιῑ-

2071 5138 2217 5196 facio
2248 5138 2321 5195 IV
2346 5156 2505 5210 papae
2532 5138 2830 5195 successit.

2141 5211 2286 5282 (199)
2315 5211 2443 5264 Vid.
2478 5227 2612 5282 ann.
2644 5211 2769 5276 610,
2803 5211 2903 5267 sed
2937 5212 3008 5267 ad
3040 5217 3314 5269 neutrum
3342 5229 3559 5269 annum
3604 5212 3715 5268 hoc

2070 5280 2298 5355 spectat
2320 5300 2335 5355 ί
2352 5280 2608 5355 contigit
2636 5282 2790 5336 enim
2816 5285 2984 5353 juxta
3012 5284 3338 5341 Chronicon
3373 5283 3715 5338 Alexandri-

2069 5352 2211 5409 num
2244 5352 2558 5407 indictione
2591 5369 2630 5406 ιι
2660 5369 2762 5408 seu
2795 5352 2888 5408 an.
2922 5355 3045 5410 614.

2139 5424 2286 5493 (200)
2314 5423 2437 5478 Non
2470 5441 2504 5478 a
2531 5423 2831 5495 Sigeberto
2863 5425 2920 5480 id
2946 5426 3183 5492 factum,
3217 5425 3318 5482 sed
3346 5423 3711 5495 aClothario,

2067 5499 2131 5551 ut
2161 5494 2516 5566 recteibabet
2534 5494 2679 5566 Aug.

2137 5567 2285 5641 (261)
2316 5565 2401 5641 It_a
2431 5564 2941 5641 etiam‘Canisiana
2965 5565 3165 5640 editio,
3195 5567 3296 5627 sed
3341 5567 3579 5627 omnino
3630 5566 3710 5627 le-

2065 5636 2324 5723 gendum
2355 5636 2676 5700 Bertrudis.
