4108 6192
419 268 532 328 135

1234 266 1640 328 HERMANNI
1685 264 2128 328 CONTRACTI
2172 262 2586 329 AUGIENSIS
2630 268 2980 333 MONACH.

3694 267 3812 332 I36

1716 424 1949 480 CODEX
1987 422 2387 480 AUGIENSIS.

482 526 585 579 624
616 525 678 579 In
709 523 1005 579 Britannia
1039 523 1309 579 defuncto
1341 523 1558 578 Mellito
1618 522 2050 593 archiepiscopo
2080 522 2133 588 Α
2164 537 2299 576 cum
2328 521 2558 578 inﬁnita
2578 525 2769 595 praada
2790 541 3022 581 crucem
3046 523 3410 582 Dominicam
3436 524 3811 598 triumphans

409 616 619 671 Justus
648 612 1005 669 substitutus
1034 616 1158 679 est;
1193 612 1293 684 qui
1325 612 1589 683 sequenti
1621 627 1773 665 anno
1814 611 2049 665 beatum

411 709 1042 768 Paulinum’ordinans
1101 710 1458 781 episcopum,
1515 708 1719 780 Anglis
1775 706 1894 764 illis
1950 707 2051 780 qui

411 801 602 857 adhuc
632 799 842 872 pagani
872 803 1037 854 erant
1067 798 1497 870 praedicatorem
1525 802 1580 852 et
1615 799 1909 852 doctorem
1941 797 2049 852 mi-

412 890 507 946 sit.
541 890 702 945 Beda.
755 890 883 943 hist.
942 888 1102 954 Angl.
1166 885 1496 941 Clotharius
1547 903 1645 941 rex
1698 887 2050 942 Francorum

413 996 564 1034 anno
596 977 753 1046 regni
787 977 876 1029 sui
908 992 1075 1028 xxxm
1109 975 1496 1045 Dagobertum
1521 975 1704 1030 ﬁlium
1723 980 2051 1031 consortem

410 1067 618 1137 (regni)
649 1065 798 1128 fecit,
832 1068 906 1128 et,
925 1065 1090 1117 beato
1112 1063 1230 1117 viro
1254 1063 1488 1119 Arnoll‘o
1522 1065 1667 1136 (202)
1694 1065 2054 1137 l’ippinoquc

410 1154 540 1209 duci
574 1151 1068 1218 commendatum,
1115 1153 1185 1206 ad
1243 1154 1563 1223 regendum
1621 1153 2052 1209 Austrifranciae

408 1240 604 1311 dirigit
632 1255 899 1311 regnum.
935 1241 1067 1296 Fred
1088 1242 1202 1295 chr.
1237 1259 1290 1296 a.
1322 1242 1448 1295 622.

476 1330 581 1384 625
610 1329 803 1384 Romae
833 1329 1123 1384 Honorius
1155 1346 1307 1402 papa
1336 1330 1530 1384 LXXII
1558 1331 1706 1385 sedit
1725 1330 1894 1386 annis
1930 1347 2051 1398 xm,

405 1419 505 1490 qui
540 1417 745 1473 multis
762 1418 932 1473 bonis
954 1419 1198 1474 studens
1215 1418 1490 1474 ecclesias
1512 1419 1709 1490 plures
1733 1419 2053 1486 adornavit,

403 1508 715 1572 renovavit,
749 1506 1048 1562 exstruxit.
1085 1507 1240 1562 Fecit
1269 1507 1574 1564 basilicam
1614 1508 1671 1562 S.
1696 1507 1932 1579 Agnetis
1964 1505 2058 1562 via

402 1596 792 1651 Numentana.
827 1595 968 1650 Item
1000 1595 1058 1650 S.
1092 1594 1446 1665 Apollinaris
1479 1595 1537 1649 in
1561 1594 1785 1665 porticu
1799 1595 1856 1649 S.
1883 1592 2054 1648 Petri.

405 1685 545 1740 Item
579 1685 637 1738 S.
672 1685 771 1739 98
805 1682 1056 1748 Quiriaci
1087 1683 1180 1738 via
1209 1683 1483 1739 Ostiensi.
1520 1683 1664 1738 Item
1689 1687 1938 1754 quatuor
1961 1683 2064 1741 Co-

402 1778 761 1828 ronatorum.
796 1773 945 1827 Item
967 1773 1025 1827 S.
1060 1772 1321 1827 Severini
1350 1773 1674 1845 Tyburtina
1706 1773 1869 1828 urbe.
1919 1774 2061 1827 Item

2159 610 2618 684 Hierosolymam
2653 615 2888 670 revexit.
2924 615 3226 687 Theophan.
3290 615 3344 670 h.
3402 633 3455 670 a.
3514 645 3584 656 —-
3637 615 3808 688 Apud

2162 700 2416 757 Francos
2475 702 2862 760 Warnbarius
2905 705 3818 778 [seuWarnacharius]majordo-

2161 805 2294 844 mus
2317 790 2584 857 moritur,
2610 795 2666 847 et
2697 792 2958 848 Godinus
2983 793 3139 849 ﬁlius
3163 794 3289 863 ejus
3310 811 3619 849 novercam
3641 811 3815 850 suam

2161 894 2399 934 uxorem
2430 880 3039 952 accipiensﬁlothario
3062 887 3444 954 persequente
3459 900 3561 955 per
3581 883 3814 940 diversa

2163 966 2442 1038 fugitans,
2478 973 2768 1040 postremo
2803 975 3136 1042 peremptus
3169 977 3276 1026 est.
3310 971 3466 1026 Fred.
3500 990 3551 1026 a.
3576 973 3700 1027 626.

2231 1058 2336 1109 629
2364 1057 2692 1113 Clotharius
2724 1076 2821 1113 rex
2851 1076 3129 1131 magnum
3179 1061 3249 1115 de
3307 1064 3424 1115 toto
3469 1077 3646 1132 regno
3703 1078 3810 1117 suo

2163 1143 2440 1216 Clippiaci
2464 1145 2668 1201 habuit
2691 1153 3038 1203 conventum
3061 1167 3072 1216 ;
3092 1148 3193 1203 ubi
3214 1165 3427 1220 magna
3447 1148 3735 1205 dissensio
3757 1151 3816 1205 et

2164 1233 2451 1289 tumultus
2482 1239 2714 1290 exortus
2743 1237 2837 1291 vix
2866 1237 3102 1293 tandem
3134 1237 3327 1293 studio
3357 1237 3512 1310 regis
3548 1237 3807 1294 sedatur.

2162 1322 2323 1378 Fred.
2355 1324 2469 1378 chr.
2499 1340 2551 1379 at.
2584 1325 2708 1379 627.

2231 1411 2338 1464 630
2365 1410 2693 1468 Clotharius
2726 1430 2824 1469 rex
2852 1413 3206 1469 Francorum
3241 1415 3425 1481 fortis,
3457 1414 3588 1486 pius
3617 1417 3677 1470 et
3718 1433 3810 1472 re-

2162 1499 2407 1571 ligiosus
2434 1517 2584 1556 anno
2609 1503 2770 1574 regni
2788 1503 2890 1558 94
2915 1520 3021 1558 va
3041 1503 3369 1572 defunctus,
3399 1507 3454 1558 et
3470 1503 3729 1560 Parisius
3749 1504 3811 1560 in

2165 1587 2408 1644 basilica
2435 1589 2494 1644 S.
2526 1590 2814 1646 Vincentii
2845 1591 3112 1663 sepultus
3152 1595 3276 1659 est;
3335 1593 3504 1663 cujus
3564 1609 3810 1665 regnum

2143 1677 2524 1749 ‘Dagobertus
2554 1677 2711 1735 ﬁlius
2741 1679 3053 1751 accipiens,
3087 1696 3220 1735 cum
3241 1680 3367 1752 jam
3398 1697 3457 1734 v1
3490 1681 3659 1736 annis
3715 1697 3812 1737 re-

2168 1771 2394 1838 gnaret,
2427 1783 2462 1820 x
2494 1767 2666 1822 annis
2696 1771 2898 1839 postea
2925 1768 3093 1837 rexit,
3128 1769 3357 1824 modica
3388 1772 3614 1825 tantum
3649 1773 3813 1841 parte

402 1864 460 1918 S.
496 1860 780 1917 Pancratii
811 1861 901 1916 via
930 1860 1188 1916 Aurelia.
1233 1861 1380 1916 Item
1415 1861 1474 1916 S.
1522 1861 1728 1915 Lucize.
1793 1862 1935 1916 Item
1993 1862 2051 1917 S.
2085 1891 2133 1955 Β
2162 1855 2332 1925 juxta
2349 1855 2669 1955 \Yascones
2693 1860 2750 1912 et
2771 1856 3090 1955 Pirenaaum
3113 1857 3276 1913 fratri
3325 1857 3659 1915 Chariberto
3676 1875 3812 1915 con-

399 1951 637 2006 Adriani
669 1955 724 2005 et
753 1948 867 2004 alia
899 1949 1085 2004 multa
1113 1948 1432 2004 laudabilia
1461 1950 1729 2020 patravit.
1753 1951 1940 2004 Anast.

468 2043 572 2094 626
603 2040 776 2094 Samo
808 2038 1070 2110 quidam,
1098 2039 1356 2093 Francus
1375 2031 1717 2109 negotiatOr,
1752 2039 1892 2093 dum
1914 2055 2047 2094 cum

399 2129 529 2184 aliis
558 2128 628 2182 ad
651 2127 885 2182 Sclavos
911 2127 1183 2191 venisset,
1211 2127 1412 2197 eisque
1434 2131 1635 2181 contra
1661 2127 1926 2198 Hunnos,
1947 2127 2047 2199 qui

397 2222 698 2282 etAvares,
713 2215 932 2270 bellum
952 2221 1249 2270 moventes
1265 2215 1579 2270 fortissime
1596 2232 1866 2288 pugnans
1887 2217 2050 2287 adju-

394 2311 608 2376 vasset,
640 2305 752 2376 ipsi
785 2304 1082 2359 victoriam
1115 2304 1266 2358 nacti
1301 2320 1478 2376 super
1509 2321 1570 2359 se
1626 2321 1821 2377 regem
1881 2304 2047 2360 illum

395 2395 651 2468 eligunt;
687 2392 785 2448 ubi
816 2393 1017 2447 multis
1047 2392 1241 2448 clarus
1270 2393 1530 2448 victoriis
1550 2410 1698 2448 xxxv
1728 2394 1899 2448 annis
1923 2392 2047 2448 feli-

395 2485 538 2540 citer
568 2500 811 2556 regnum
844 2482 1060 2536 tenuit.
1097 2481 1201 2536 Hic
1233 2481 1311 2535 ibi
1344 2500 1424 2536 xn
1455 2498 1686 2550 uxores,
1740 2486 1797 2536 et
1840 2500 1908 2537 ex
1965 2482 2049 2538 eis

397 2574 548 2628 ﬁlios
576 2589 692 2626 xxu
724 2570 992 2642 ﬁliasque
1024 2587 1097 2624 xv
1127 2570 1370 2640 accepit.
1404 2571 1560 2625 Fred.
1592 2572 1705 2625 chr.
1741 2588 1795 2625 a.
1822 2571 1947 2625 623.
1981 2601 2050 2611 —

397 2663 459 2717 In
493 2661 660 2716 Italia
685 2658 1064 2724 Adaloaldus,
1101 2675 1198 2713 rex
1231 2659 1768 2730 Longobardorum,
1794 2675 1928 2713 cum
1987 2660 2047 2714 in

395 2748 916 2814 anientiam,Graaci
934 2748 1243 2818 cujusdam
1258 2745 1432 2818 legati
1449 2747 1711 2802 maleﬁco
1727 2753 2046 2819 unguento,

394 2853 600 2892 versus
634 2835 948 2891 nonnullos
982 2835 1312 2907 principum
1346 2836 1710 2906 peremisset,
1745 2836 2048 2908 depositus

395 2925 464 2978 de
498 2940 674 2995 regno
706 2939 809 2978 nec
836 2923 1020 2977 multo
1043 2928 1173 2994 post
1192 2939 1412 2978 veneno
1434 2924 1757 2980 exstinctus
1771 2929 1860 2979 est
1887 2943 1900 2992 ;
1921 2929 2051 2996 post

393 3028 568 3084 quem
599 3010 910 3066 Harialdus
945 3010 1413 3081 [al.,Arioaldus]
1445 3029 1542 3067 rex
1575 3013 1762 3067 factus
1785 3012 1953 3068 annis
1968 3031 2048 3084 vr,

392 3099 670 3172 regnavit.
705 3099 808 3154 Hic
839 3099 1286 3170 Gundabergam
1320 3100 1501 3154 ﬁliam
1550 3100 1781 3173 Agilolﬁ
1842 3100 2049 3156 habuit

393 3205 652 3244 uxorem.
685 3188 846 3243 Paul.
882 3189 1028 3243 Diae.
1063 3205 1115 3242 a.
1140 3190 1247 3242 625
1270 3190 1345 3244 al.
1373 3206 1426 3244 α.
1450 3190 1575 3244 623.

2162 1960 2346 1999 cessa.
2378 1944 2538 1999 Fred.
2571 1945 2690 1999 chr.
2724 1962 2777 1999 a.
2804 1946 2932 2000 628.

2228 2033 2327 2087 631
2363 2033 2723 2104 Dagobertus
2753 2049 2853 2088 rex
2880 2038 3082 2092 sancto
3112 2034 3349 2090 Arnolfo
3382 2035 3640 2091 Metense
3686 2037 3809 2109 epi-

2159 2138 2356 2193 scopo,
2389 2126 2445 2176 et
2473 2121 2716 2195 Pippino
2738 2123 2904 2191 duce,
2931 2125 3150 2196 majore
3169 2125 3400 2193 domus,
3424 2125 3810 2180 Chuniberto-

2159 2221 2271 2283 que
2301 2210 2644 2267 Coloniense
2701 2211 3138 2284 archiepiscopo
3197 2217 3369 2270 utens
3428 2199 3809 2284 consiliariis,

2158 2300 2340 2354 nimio
2371 2315 2567 2355 amore
2589 2301 2833 2370 justitiaz
2865 2301 3149 2374 ﬂagravit,
3184 2305 3242 2358 et
3295 2319 3395 2359 rex
3451 2319 3553 2375 per
3608 2303 3811 2359 omnia

2156 2389 2469 2445 laudabilis
2500 2389 2737 2445 exstitit.
2759 2390 2963 2446 Postea
2982 2407 3137 2458 vero,
3161 2392 3395 2464 propria
3417 2396 3653 2450 secutus
3670 2409 3809 2448 con-

2159 2478 2309 2543 silia,
2344 2476 2594 2532 multum
2627 2479 2699 2533 ad
2725 2479 3011 2535 deteriora
3039 2479 3291 2536 deﬂuere
3322 2481 3498 2553 ccepit
3516 2497 3810 2553 uxoreque

2160 2566 2517 2622 Gornatruda
2530 2566 2857 2638 repudiata,
2876 2567 3250 2623 Nanthildem
3263 2569 3581 2640 quamdam
3595 2570 3664 2625 de
3687 2586 3808 2625 mo.

2159 2655 2412 2709 nasterio
2445 2655 2589 2726 (203)
2624 2654 2878 2727 puellam
2910 2656 3133 2729 accepit
3162 2673 3402 2713 uxorem
3430 2658 3652 2730 Fredeg.
3685 2659 3804 2714 chr.

2160 2760 2194 2798 a
2225 2744 2350 2797 629.

2227 2832 2332 2886 632
2343 2832 2715 2888 Charibertus
2741 2832 3000 2905 regulus,
3019 2834 3198 2890 frater
3213 2835 3545 2908 Dagoberti,
3567 2836 3803 2893 Wasco—

2160 2921 2318 2976 niam
2340 2921 2619 2976 invadens
2647 2939 2752 2977 suo
2769 2939 2897 2978 eam
2911 2939 3088 2995 regno
3111 2923 3342 2994 adjecit.
3359 2924 3721 2996 Dagobertus
3734 2942 3806 2982 ex

2158 3007 2413 3078 quadam
2444 3008 2767 3063 concubina
2797 3009 2945 3080 (204)
2971 3009 3336 3081 Sigebertum
3369 3010 3556 3066 ﬁlium
3577 3014 3800 3084 genuit.

2156 3096 2312 3151 Fred.
2344 3096 2460 3150 chr.
2488 3114 2539 3151 a.
2571 3098 2696 3152 630.
2732 3128 2801 3136 —
2831 3097 2947 3152 Pax
2977 3102 3258 3170 perpetua
3278 3098 3430 3154 inter
3468 3099 3800 3158 Heraclium

2159 3184 2568 3257 imperatorem
2599 3190 2657 3240 et
2684 3185 3099 3258 Dagobertum,
3131 3186 3338 3259 legatis
3383 3188 3799 3258 mediantibus,

461 3281 565 3332 627
600 3280 660 3332 In
691 3277 990 3331 Britannia
1023 3277 1305 3333 Edwinus
1339 3294 1438 3333 rex
1467 3277 1785 3349 Anglorum
1818 3296 1852 3334 a
1887 3279 2040 3334 Pau-
2072 3250 2115 3322 α
2155 3250 2324 3345 pacta
2354 3278 2480 3342 est;
2514 3277 2591 3340 et,
2623 3250 2900 3346 petitione
2929 3250 3321 3346 imperatoris,
3354 3276 3454 3348 qui
3485 3250 3801 3349 imperium

392 3364 511 3420 lino
543 3364 814 3435 episcopo
846 3381 1181 3434 conversus,
1215 3381 1348 3419 eum
1380 3369 1550 3436 gente
1582 3383 1689 3421 sua
1715 3367 2043 3437 baptizatur

394 3469 546 3507 anno
577 3452 861 3506 adventus
908 3451 1222 3522 Anglorum
1276 3453 1334 3507 in
1397 3453 1757 3509 Britanniam
1809 3453 2038 3509 circiter

394 3558 589 3596 ccxxx.
623 3541 754 3595 Bed.
788 3541 913 3595 hist.
951 3541 1112 3607 Angl.
1145 3571 1212 3579 —
1255 3541 1554 3596 Discordia
1603 3542 1754 3598 inter
1805 3542 2040 3599 Clotha-

394 3630 546 3683 rium
581 3644 773 3700 regem
807 3632 862 3683 et
889 3627 1077 3682 ﬁlium
1135 3629 1264 3698 ejus
1327 3630 1712 3701 Dagobertum
1766 3632 2036 3703 incmpta,

393 3719 561 3773 beato
614 3715 848 3772 Arnolfo
903 3715 1154 3788 aliisque
1208 3718 1571 3790 principibus
1645 3720 2040 3776 mediantibus

397 3807 654 3862 sedatur.
689 3806 848 3861 Fred.
876 3804 992 3860 chr.
1025 3823 1080 3860 a.
1113 3806 1237 3861 625.

462 3897 567 3949 628
613 3894 842 3950 Beatus.
883 3895 1230 3950 Anastasius
1289 3896 1633 3964 monachus,
1692 3896 1884 3952 multa
1935 3915 2038 3969 pro

393 3983 622 4036 Christo
652 3987 947 4038 tormenta
973 3999 1204 4054 passus,
1238 3973 1472 4040 tandem
1495 3984 1553 4039 in
1572 3985 1828 4053 Perside,
1851 4003 1885 4041 a
1907 4003 2040 4060 rege

394 4069 688 4124 Chosdroe
718 4085 852 4124 cum
884 4068 1014 4124 aliis
1057 4087 1163 4124 Lxx
1217 4072 1640 4144 transgulatus,
1695 4074 2039 4145 martyrium

395 4156 723 4228 complevit.
755 4157 882 4213 Bed.
916 4159 1028 4213 chr.
1062 4189 1130 4198 —
1156 4161 1283 4230 Ipso
1302 4177 1454 4216 anno
1471 4161 1766 4218 Heraclius
1788 4162 2039 4233 impera-

396 4251 489 4301 tor
517 4245 807 4301 Persidem
842 4245 1025 4316 petiit,
1070 4247 1338 4319 victoque
1384 4254 1440 4304 et
1487 4250 1676 4305 occiso
1729 4250 2037 4318 Chosdroe,

2151 3379 2327 3418 suum
2341 3380 2374 3417 a
2385 3367 2554 3434 gente
2567 3363 2914 3419 circumcisa
2933 3365 3276 3420 vastandum
3309 3372 3796 3439 praecognoverat,

2148 3451 2333 3506 JUdtBI
2365 3449 2534 3505 multi
2565 3450 2623 3504 in
2652 3467 2830 3523 regno
2865 3453 3241 3522 Francorum,
3276 3453 3427 3510 sicut
3453 3459 3513 3511 et
3541 3454 3680 3512 alibi
3736 3457 3796 3512 in

2148 3540 2409 3595 Romano
2431 3539 2693 3609 imperio,
2723 3540 3016 3612 profligati
3046 3545 3184 3597 sunt
3213 3541 3380 3614 (205).
3441 3543 3555 3600 Nec
3612 3536 3817 3602 multo

2148 3632 2281 3700 post
2311 3628 2524 3684 secutis
2554 3627 2916 3699 temporibus
2944 3629 3352 3685 crudelissima
3368 3647 3510 3704 gens
3529 3633 3798 3690 Sarrace-

2149 3734 2380 3784 norum,
2416 3720 2471 3772 et
2500 3715 2628 3788 ipsa
2650 3717 3014 3785 circumcisa,
3038 3718 3254 3775 multas
3277 3721 3604 3791 provincias
3623 3722 3797 3778 inun-

2148 3807 2295 3862 dans
2316 3805 2644 3870 vastavit,et
2660 3806 2988 3863 Romanum
3001 3806 3314 3864 exercitum
3338 3810 3557 3866 crebris
3579 3810 3796 3883 praaliis

2147 3894 2502 3949 trucidatum
2532 3893 2906 3961 vehementer
2932 3895 3149 3950 attrivit
3176 3897 3332 3952 Fred.
3361 3897 3477 3953 chr.
3509 3916 3563 3954 a.
3596 3900 3721 3956 630.

2220 3983 2345 4038 633.
2381 3982 2445 4036 In
2476 3981 2775 4038 Brilannia
2805 3983 3107 4054 Edwinus,
3131 4001 3232 4040 rex
3261 3986 3581 4059 Anglorum
3611 3989 3806 4061 paciﬁ-

2150 4088 2254 4126 cus
2281 4074 2336 4126 et
2367 4071 2518 4142 pius,
2545 4087 2578 4126 a
2606 4071 2974 4138 Ceadwalda,
2997 4073 3119 4143 [al.,
3149 4074 3502 4147 Cedowalla]
3521 4080 3578 4132 et
3609 4077 3809 4134 Penda

2149 4160 2395 4232 paganis
2427 4159 2665 4231 regibus
2678 4159 2865 4216 victus
2885 4164 2943 4216 et
2964 4166 3304 4234 peremptus
3335 4169 3442 4220 est.
3478 4169 3615 4220 Post
3634 4167 3807 4238 cujus

2153 4254 2400 4306 mortem
2459 4247 2562 4302 ﬁlii
2616 4247 2883 4303 Edilfridi
2932 4248 3002 4304 de
3059 4249 3244 4306 Scotis
3277 4252 3514 4320 reversi,
3555 4268 3804 4326 regnum

1427 4347 1902 4405 COMPENDIUM
1942 4349 2031 4404 EX
2071 4347 2322 4405 CODICE
2358 4346 2742 4402 BERNOLDI.

466 4442 572 4496 624
610 4441 669 4496 1η
724 4442 1021 4496 Britannia
1074 4441 1323 4513 defuncto
1381 4443 1580 4500 Mellito
1637 4445 2039 4518 archiepiscopo
2068 4449 2116 4514 D
2215 4445 2322 4500 630
2349 4443 2644 4501 Lotharius
2666 4459 2766 4498 rex
2792 4446 3131 4501 Francorum
3166 4447 3346 4519 fortis,
3377 4451 3505 4520 pius
3561 4459 3613 4506 et
3667 4453 3799 4508 reti-

394 4532 648 4586 successit
677 4531 882 4598 Justus,
916 4533 1024 4600 etc,
1058 4534 1123 4584 ut
1151 4532 1297 4603 Aug.

465 4620 572 4674 625
603 4620 785 4675 Βονηξε
816 4620 1085 4674 Honorius
1110 4636 1254 4690 papa
1294 4621 1473 4675 LXXII
1519 4621 1654 4676 sedit
1702 4624 1864 4678 annis
1919 4641 2041 4691 x111,

398 4711 493 4780 qui
519 4708 708 4762 multis
744 4708 893 4761 bonis
922 4708 1173 4779 operibus
1204 4709 1521 4765 abundavit.

467 4797 571 4850 627
602 4798 665 4851 In
693 4798 1056 4852 Britannia...
1089 4800 1146 4852 in
1189 4798 1539 4856 Britanniam
1566 4815 1707 4870 pene
1761 4802 2046 4856 centesimo

397 4885 736 4955 octogesimo.
1590 4904 1614 4911 -

467 4976 572 5028 628
603 4975 665 5028 Β.
698 4974 1030 5030 Anastasius
1058 4975 1316 5032 multa...
1365 4985 1581 5048 martyr
1609 4977 1865 5048 efﬁcitur.
1928 4981 2049 5049 Ipso

397 5079 564 5118 anno.
599 5063 945 5118 Heraclius...
979 5065 1120 5119 victo
1150 5068 1204 5118 et
1240 5067 1414 5120 occiso
1459 5065 1741 5135 Chosdroe,
1799 5069 2047 5123 Domini—

397 5170 519 5211 cam
547 5158 761 5209 crucem
789 5153 1221 5223 Hierosolymam
1247 5155 1474 5211 revexit.

2155 4535 2339 4603 giosus
2369 4533 2502 4589 obiit
2531 4549 2623 4587 an.
2658 4535 2814 4603 regni
2840 4550 2967 4589 va.

2225 4624 2323 4680 631
2373 4621 2703 4693 Dagobertus
2758 4637 2859 4676 rex
2912 4623 3249 4680 Francorum
3298 4626 3357 4680 S.
3416 4628 3648 4700 Arnolfo
3695 4630 3801 4685 Me-

2155 4717 2301 4768 tense
2319 4713 2580 4784 episcOpo,
2611 4711 2915 4782 etPippino
2961 4715 3170 4784 majore
3223 4713 3415 4771 domus
3468 4725 3624 4774 utens
3675 4733 3805 4774 con-

2155 4802 2412 4866 siliariis,
2444 4800 2618 4855 nimio
2648 4814 2833 4855 amore
2852 4801 3101 4871 justitiee
3129 4803 3406 4871 ﬂagravit.

2226 4891 2332 4945 632
2351 4891 2473 4943 Pax
2495 4891 2763 4959 perpetua
2791 4889 2936 4944 inter
2964 4891 3279 4946 Heracliam
3314 4894 3697 4965 imperatorem
3753 4903 3808 4952 et

2155 4974 2541 5049 Dagobertum,
2579 4976 2774 5046 legatis
2803 4976 3191 5045 mediantibus,
3216 4983 3377 5050 pacta
3403 4989 3499 5038 est.

2226 5068 2331 5123 633
2361 5068 2424 5121 In
2452 5065 2749 5119 Britannia
2776 5064 3041 5133 Eduinus,
3071 5083 3174 5122 rex
3200 5069 3499 5139 Anglorum
3541 5072 3809 5144 paciﬁcus

2157 5162 2210 5212 et
2227 5157 2373 5228 pius,
2403 5171 2436 5209 a
2459 5155 2697 5226 paganis
2725 5155 2943 5224 regibus
2972 5157 3330 5213 interimitur.

1963 5255 2192 5312 NOTAE.

471 5347 617 5419 (202)
644 5349 702 5402 S.
735 5345 958 5423 Arnulﬁ
998 5347 1273 5423 Metensis
1328 5348 1584 5423 episcopi
1644 5349 2044 5423 genealogiam

400 5417 729 5500 Hermanno
750 5419 874 5500 jam
937 5417 1348 5500 praemisimus.
1364 5417 1378 5419 ί
1397 5417 1696 5500 .Pi'ppinu's
1741 5438 1874 5500 vero
1889 5417 2048 5479 'dux

399 5490 716 5616 Austrtasia:
747 5493 804 5543 et
833 5490 1021 5560 major
1049 5490 1260 5546 domus
1291 5494 1435 5557 erat,
1469 5490 1790 5548 Laudensis
1837 5509 2048 5566 cogno-

403 5577 568 5621 mina
598 5577 687 5617 us.

476 5632 622 5715 (203)
654 5630 1037 5706 Fredegarius
1066 5632 1128 5691 in
1169 5633 1451 5695 Chronico
1508 5649 1637 5712 cap.
1694 5630 1800 5709 58,
1839 5634 2050 5696 melius

2157 5349 2790 5429 habet_de_ministerio,
2824 5347 2969 5403 aulae
2994 5349 3240 5429 scilicet,
3274 5369 3376 5429 seu
3406 5356 3639 5429 reginae.

2250 5425 2353 5478 204
2408 5419 2826 5494 Ragintrudem
2847 5424 3012 5475 vocat
3041 5421 3441 5496 Fredegarius.

2229 5423 2376 5567 E205)
2411 5493 2568 5567 Idem
2588 5491 2631 5567 _J
2641 5491 2833 5549 udeeos
2863 5491 2934 5548 ad
2975 5491 3335 5566 baptismum
3390 5516 3424 5556 a

2231 5491 2376 5567 (205)
2411 5491 2833 5574 Ide'rndudieos
2863 5491 2934 5548 ad
2975 5491 3335 5566 baptismbm
3390 5516 3424 5556 a
3479 5498 3808 5575 Dagoberto

2162 5565 2397 5624 adactos
2427 5565 2648 5622 scribit.
