4124 6188
338 348 460 412 13⁸7

1560 346 2035 415 CHRONICON.
2070 380 2147 394 -—
2177 344 2365 411 SIEC.
2413 346 2544 412 VII.

3636 352 3755 418 138

1734 509 1966 569 CODEX
2003 509 2400 568 AUGIENSIS.

342 626 649 698 quondam
681 627 869 698 patris
900 626 992 682 sui
1024 626 1355 699 arripiunt;
1387 642 1418 682 e
1443 625 1661 698 quibus
1686 627 1801 681 duo
1832 644 1866 682 a
1886 627 2000 683 ﬁde
2029 630 2079 697 Α
2114 626 2271 682 filius
2303 641 2373 681 ex
2399 626 2712 684 Nantbilde
2741 628 2946 700 regina
2972 627 3266 694 nascitur;
3302 626 3393 681 cui
3428 643 3543 682 non
3567 629 3753 686 multo

338 715 764 786 Christi,quam
798 716 955 788 apud
988 716 1188 772 Scutos
1221 715 1993 787 didicerant,apostatantes,

335 803 500 859 intra
530 820 713 858 unum
736 821 961 860 annum
993 808 1259 876 pereunt.
1292 804 1459 869 Beda,
1520 802 1649 858 hist.
1706 803 1866 873 Angl.
1925 835 1993 844 -—

337 893 442 949 95
473 892 640 964 Apud
677 894 927 949 Francos
958 892 1337 949 Charibertus
1370 889 1633 964 regulus,
1682 891 1860 947 frater
1889 895 1996 947 Da-

339 981 590 1055 goberti,
618 982 888 1049 moritur,
923 986 982 1037 et
1008 997 1256 1055 regnum
1288 981 1417 1051 ejus
1446 995 1513 1035 ac
1544 978 1852 1035 thesauros
1884 980 1994 1035 Da-

337 1070 622 1144 gobertus
654 1069 829 1126 frater
857 1069 1099 1142 accepit.
1133 1069 1362 1139 Fredeg.
1394 1070 1510 1124 chr.
1564 1085 1617 1123 a.
1667 1068 1793 1123 631.
1853 1069 1996 1124 Tres

335 1157 630 1214 exercitus
660 1175 697 1214 a
723 1159 1050 1231 Dagoberto
1082 1163 1285 1215 contra
1332 1157 1644 1214 Samonem
1676 1160 1733 1211 et
1761 1156 1996 1213 Sclavos

334 1246 588 1302 diversis
618 1248 886 1318 partibus
929 1247 1119 1316 missi,
1173 1264 1327 1303 unus
1379 1247 1735 1303 Francorum
1783 1245 1995 1313 victus,

332 1335 455 1391 duo
487 1350 796 1391 suevorum
830 1339 887 1391 et
937 1335 1454 1408 Longobardorum
1502 1334 1752 1389 victores
1810 1334 1991 1389 redie-

329 1429 498 1480 runt.
530 1422 690 1478 Fred.
722 1424 838 1479 chr.
871 1440 927 1480 α.
961 1424 1087 1480 631.

403 1513 515 1569 ἂμ
546 1512 939 1569 Calamitosus
967 1513 1077 1568 iste
1108 1530 1299 1568 annus
1325 1512 1439 1567 fuit
1479 1511 1682 1584 Anglis
1728 1515 1848 1567 tam
1900 1528 1992 1567 re-

330 1618 479 1674 gam
537 1602 834 1672 apostasia
879 1605 936 1658 et
982 1602 1306 1673 perditione
1357 1618 1535 1673 quam
1587 1601 1889 1656 barbarica
1938 1608 1996 1656 et

332 1689 770 1762 crudeli,quam
804 1708 839 1745 a
858 1689 1211 1747 Ceadwalda
1228 1689 1615 1762 pertulerant,
1646 1690 1990 1745 vastatione.

330 1779 450 1835 Sed
483 1779 687 1834 statim
722 1777 959 1835 Oswald
989 1778 1197 1835 tertius
1225 1777 1385 1834 ﬁlius
1430 1777 1693 1834 Edilfridi
1723 1776 1991 1834 christia-

331 1866 649 1933 nissimus,
685 1868 887 1939 paucis
916 1867 1175 1924 collectis
1207 1868 1265 1922 in
1316 1867 1565 1924 Domino
1609 1868 1887 1937 conﬁsus,
1938 1869 1995 1922 et

329 1958 791 2029 adorata,quam
820 1961 1100 2023 erexerat,
1132 1956 1327 2029 lignea
1348 1973 1539 2027 cruce,
1562 1958 1839 2013 audacter
1857 1971 1990 2011 cum
2023 1998 2069 2063 Β

327 2045 695 2104 Ceadwalda
725 2062 985 2118 pugnam
1015 2044 1189 2113 iniit;
1221 2061 1405 2118 eoque
1434 2044 1911 2118 victo,provincia
1935 2048 1994 2099 et

322 2135 624 2190 fratribus
655 2133 989 2201 vindicatis,
1021 2139 1333 2207 paternum
1377 2150 1623 2208 regnum
1676 2151 1777 2190 νιιι
1822 2132 1994 2188 annis

327 2222 548 2296 plenus
580 2223 799 2295 pietate
826 2222 1100 2279 nobiliter
1126 2223 1294 2278 rexit.
1330 2222 1496 2286 Beda,
1542 2224 1668 2278 hist.
1723 2222 1893 2291 Angl.
1922 2250 1992 2263 —

324 2313 511 2367 Samo
553 2328 692 2366 cum
742 2309 965 2366 Sclavis
1011 2310 1396 2383 Thuringiam
1454 2314 1665 2365 vastat.
1717 2313 1992 2378 Saxones,

325 2399 560 2455 Sclavis
589 2415 655 2455 se
685 2399 956 2454 resistere
988 2398 1575 2470 pollicentes,tributo
1607 2415 1643 2454 n
1663 2415 1992 2463 vaccarum,

321 2505 487 2561 quas
521 2488 763 2544 Francis
813 2489 1119 2544 annuatim
1169 2488 1497 2556 solvebant,
1566 2506 1600 2544 a
1645 2488 1995 2561 Dagoberto,

323 2575 748 2633 absolvuntur.
782 2575 939 2633 Fred.
970 2577 1087 2632 chr.
1120 2593 1175 2632 a.
1206 2576 1305 2632 631
1324 2621 1335 2632 .
1370 2607 1438 2617 —-
1472 2579 1533 2632 In
1566 2576 1735 2633 Italia
1763 2581 1994 2647 mortuo

320 2664 639 2734 Harialdo,
665 2681 801 2738 rege
831 2665 1376 2738 Longobardorum,
1408 2665 1721 2722 Rotbarius
1756 2665 1994 2736 [at.,Ro-

322 2754 574 2827 tharisj,
603 2772 639 2810 a
668 2753 1059 2827 Gundeberga
1092 2754 1341 2810 maritus
1400 2758 1743 2827 assumptus
1788 2758 1847 2810 et
1894 2769 1995 2809 rex

323 2844 585 2906 electus,
618 2842 882 2917 regnavit
911 2842 1083 2898 annis
1108 2860 1235 2897 xm.
1270 2844 1435 2897 Paul.
1466 2843 1617 2899 Diae.
1651 2860 1705 2898 a.
1737 2843 1862 2898 636.

403 2934 520 2987 635
548 2932 658 2988 Per
692 2931 815 2987 haec
852 2935 1136 3004 tempora,
1185 2946 1321 2987 cum
1371 2931 1612 3003 Sergius
1666 2929 1994 2987 Constanti-

324 3021 743 3095 nopolitanus,
777 3021 1098 3076 adnittente
1127 3023 1271 3092 Cyro
1300 3018 1693 3076 Alexandrino
1723 3018 1990 3076 haeresim

320 3108 771 3184 Acephalorum
800 3109 1162 3176 instaurans,
1194 3125 1374 3164 unam
1404 3108 1462 3163 in
1503 3108 1732 3164 Christo
1780 3107 1991 3163 divini-

327 3200 479 3257 tatis
495 3199 955 3256 ethumanitatis
972 3197 1330 3254 voluntatem
1353 3201 1411 3252 et
1431 3197 1825 3269 operationem
1849 3197 1991 3269 dog-

2109 719 2240 786 post
2269 732 2514 786 regnum
2550 732 2727 771 suum
2759 714 3117 771 occidentale
3134 715 3445 771 destinavit
3465 720 3523 772 et
3542 719 3752 773 conﬁr-

2108 803 2306 858 mavit.
2367 805 2525 860 Fred.
2583 805 2703 860 chr.
2766 821 2819 859 a.
2877 805 3003 861 633.
3058 836 3127 844 —-
3185 803 3449 861 Ratolfus
3499 806 3753 876 [at.,Ra-

2106 891 2327 965 dulfus]
2353 893 2471 947 dux
2502 892 2837 965 Thuriugiaa
2867 894 2991 959 96,
3041 893 3262 948 Sclavis
3318 910 3471 965 saepe
3513 911 3752 968 congre-

2105 980 2291 1047 diens,
2326 982 2509 1037 vietor
2538 998 2637 1037 eos
2669 982 2927 1054 fugabat.
2962 981 3125 1036 Unde
3156 981 3365 1048 elatus,
3400 987 3463 1038 ut
3491 984 3610 1057 regi
3641 1001 3748 1041 suo

2105 1068 2386 1124 rebellare
2416 1074 2686 1135 tentaret,
2719 1071 2940 1126 sensim
2972 1070 3201 1126 animos
3232 1071 3549 1128 attollebat.
3582 1074 3746 1131 Fred.

2103 1157 2221 1213 chr.
2250 1176 2302 1213 a.
2335 1158 2460 1214 633.

2174 1248 2279 1302 637
2310 1247 2815 1318 Constantinopoli
2846 1247 3145 1304 Heraclius
3175 1248 3509 1320 imperator,
3544 1268 3578 1307 a
3611 1250 3744 1307 Ser-

2104 1333 2198 1406 gio
2229 1332 2869 1404 Constantinopolitano
2913 1334 3185 1405 episcopo
3234 1335 3293 1389 in
3341 1335 3629 1399 haeresim,
3681 1342 3749 1395 ut

2105 1422 2289 1489 aiunt,
2319 1422 2481 1494 prius
2513 1422 2812 1492 inductus,
2849 1423 3114 1478 moritur.
3151 1423 3258 1478 Pro
3293 1440 3409 1494 quo
3442 1425 3598 1482 ﬁlius
3619 1428 3749 1499 ejus

2107 1509 2454 1566 lleraclonas
2484 1509 2608 1584 (aL,
2642 1510 3054 1581 Heracleonas)
3087 1528 3222 1567 cum
3274 1516 3459 1568 matre
3498 1513 3753 1572 Martina

2104 1600 2274 1655 annis
2301 1617 2342 1654 ιι
2384 1599 2653 1672 imperat.
2714 1600 2975 1673 Theoph.;
3008 1601 3085 1656 al.
3118 1618 3171 1655 a.
3204 1602 3338 1670 6H;
3379 1602 3488 1657 vid.
3522 1620 3574 1658 α·
3623 1605 3751 1661 639.

2102 1720 2170 1728 --
2201 1693 2309 1744 Per
2338 1689 2458 1744 haec
2479 1694 2740 1759 tempora
2764 1689 3079 1745 Rotharius
3100 1706 3199 1745 rex
3232 1691 3751 1764 Longobardorum

2102 1777 2372 1848 quamvis
2426 1777 2699 1842 Arianus,
2743 1778 2989 1848 justitiaa
3049 1782 3245 1835 tamen
3303 1785 3532 1836 amator
3596 1782 3751 1855 leges

2103 1865 2619 1938 Longobardorum
2649 1866 2902 1937 scripsit.
2939 1868 3069 1937 Ipse
3098 1867 3272 1921 etiam
3306 1868 3620 1926 nonnullas
3641 1871 3752 1929 Ro-

2102 1971 2410 2010 manorum
2446 1954 2620 2009 urbes
2651 1955 2885 2026 cepit,et
2914 1954 3351 2011 Ravennatibus
3382 1974 3580 2029 pugna
3609 1975 3745 2016 con-

2102 2043 2329 2115 ﬂigens,
2361 2060 2465 2098 vm
2495 2058 2562 2097 ex
2583 2043 2667 2098 eis
2698 2042 2883 2097 millia
2911 2042 3142 2110 occidit,
3177 2043 3546 2116 reliquosque
3580 2047 3742 2120 fuga-

2100 2130 2198 2186 vit.
2236 2131 2395 2186 Paul.
2427 2132 2580 2186 Diac.
2608 2148 2642 2185 a
2660 2132 2784 2185 643.

2172 2221 2275 2275 638
2302 2220 2494 2275 Romae
2525 2219 2797 2275 defuncto
2830 2236 2980 2291 papa
3008 2220 3279 2287 Honorio,
3305 2223 3554 2280 cessavit
3575 2226 3748 2284 sedes

2103 2308 2419 2380 apostolica
2450 2325 2668 2363 annum
2701 2325 2740 2373 ι,
2773 2324 3004 2363 menses
3034 2326 3133 2376 vn,
3168 2309 3293 2366 dies
3324 2313 3585 2384 x1v,quia
3608 2314 3749 2370 Con-

2104 2396 2484 2469 stantinOpoli
2516 2396 2831 2453 auctoritas
2860 2394 3183 2468 imperialis
3214 2403 3399 2454 morte
3416 2401 3748 2474 principum

2104 2486 2349 2541 nutabat
2378 2487 2543 2558 (206).
2576 2487 2761 2541 Anast.
2794 2517 2863 2525 —
2893 2485 3014 2548 Quo
3041 2490 3303 2558 tempore
3335 2489 3745 2548 Lateranensis

2103 2575 2414 2631 thesaurus
2443 2592 2476 2630 a
2508 2574 2783 2632 Mauricio
2814 2574 3191 2643 chartulario,
3241 2581 3298 2631 et
3344 2577 3576 2634 Hisacio
3626 2582 3751 2651 [al.,

2104 2663 2343 2733 Isaacio]
2374 2663 2615 2735 patricio
2641 2662 2890 2719 exarcho
2924 2663 3099 2718 Italia:
3129 2664 3397 2736 direptus
3428 2671 3489 2721 et
3512 2668 3755 2726 distrac-

2102 2758 2199 2808 tus
2229 2757 2335 2808 est.
2366 2784 2434 2791 —
2462 2753 2784 2808 Wascones
2822 2751 3100 2808 rebellare
3148 2756 3460 2822 tentantes,
3503 2756 3685 2812 misso
3712 2775 3747 2814 a

2101 2841 2427 2914 Dagoberto
2458 2840 2707 2896 exercitu
2741 2840 3052 2913 perdomiti
3084 2845 3241 2896 sunt.
3285 2842 3613 2900 Brittonum
3644 2863 3744 2902 rex

2102 2931 2172 2985 ad
2203 2930 2594 3003 Dagobertum
2627 2928 2863 2984 veniens
2893 2928 3197 2985 humiliter
3241 2931 3292 2986 ei
3344 2932 3644 3001 satisfecit,
3693 2940 3751 2992 et

2101 3035 2242 3091 pace
2274 3019 2587 3090 impetrata
2615 3017 2806 3072 rediit.
2843 3018 2994 3073 Fred.
3018 3018 3134 3073 chr.
3170 3037 3223 3073 a.
3255 3021 3381 3075 635.

2166 3108 2274 3163 639
2291 3104 2790 3177 Constantinopoli
2812 3110 3040 3161 mortuo
3058 3105 3370 3163 heraclona
3390 3109 3741 3179 imperatore

2100 3198 2277 3252 frater
2303 3195 2431 3264 ejus
2462 3193 2879 3249 Constantinus
2909 3194 3172 3266 regnavit
3201 3212 3434 3252 menses
3483 3216 3541 3253 v1
3590 3200 3741 3272 (207)

322 3288 700 3356 matirasset,
731 3287 1046 3360 ipsumque
1078 3287 1490 3359 imperatorem
1530 3286 1880 3353 seduxisset,
1915 3286 1986 3341 ab
2096 3285 2258 3342 Paul.
2291 3281 2515 3338 Diac.ln
2544 3281 2847 3337 Britannia
2874 3280 3128 3337 Eadbald
3162 3299 3261 3338 rex
3289 3283 3741 3343 Cantuariorum

321 3376 665 3451 apostolica
692 3376 829 3432 sede
857 3376 1174 3431 damnatus
1205 3378 1312 3430 est.
1348 3374 1475 3430 Bed.
1508 3375 1646 3441 chr.,
1678 3376 1753 3430 at.
1782 3392 1834 3430 a.
1857 3375 1981 3429 634.
2017 3370 2059 3437 C
2097 3372 2418 3445 Anglorum
2448 3370 2718 3437 decessit,
2753 3370 2921 3442 eique
2953 3370 3109 3426 Illius
3139 3370 3592 3432 Erchambertus
3614 3393 3745 3433 suc-

320 3497 409 3508 —
439 3463 661 3521 Sclavis
699 3481 833 3520 cum
880 3465 1135 3520 Samone
1186 3462 1573 3536 Thuringiam
1618 3467 1676 3519 et
1723 3463 1984 3519 conﬁnes
2095 3461 2272 3519 cessit
2300 3459 2470 3517 annis
2501 3458 2933 3529 xxv.Beda,hist.
2968 3460 3211 3533 Angt.-—
3238 3461 3562 3520 Wascones
3584 3482 3617 3520 a
3638 3467 3749 3522 Da-

316 3571 527 3629 pagos
562 3554 1019 3620 incursantibus,
1051 3553 1419 3626 Dagobertus
1446 3552 1632 3608 filium
1665 3569 1840 3608 suum
1864 3568 1989 3623 par-
2097 3551 2335 3623 goberto
2369 3565 2470 3620 pro
2502 3546 2817 3603 rebellione
2846 3565 2955 3603 sua
2979 3549 3211 3605 veniam
3234 3557 3550 3622 precantur
3571 3556 3628 3610 et
3643 3554 3751 3610 im-

318 3645 550 3699 vulum
583 3643 972 3715 Sigebertum,
1003 3641 1246 3713 Pippino
1277 3645 1335 3697 et
1360 3640 1637 3713 Adalgiso
1662 3641 1997 3709 ducibus,et
2105 3642 2351 3712 petram.
2387 3636 2545 3692 Fred.
2578 3654 2630 3691 a.
2662 3637 2788 3692 636.
3416 3712 3419 3715 _

318 3734 698 3791 Chuniberto
722 3730 1155 3803 archiepisc0po
1176 3730 1503 3785 Coloniensi
1521 3732 1994 3786 commendatum
2175 3729 2269 3783 97
2303 3727 2410 3781 640
2430 3726 2931 3798 Constantinopoli
2955 3730 3089 3798 post
3110 3731 3361 3783 mortem
3377 3729 3752 3786 Constantini

319 3819 783 3878 Austrifrancizr:
823 3834 1021 3892 regem
1036 3819 1188 3882 fecit,
1207 3818 1377 3890 eique
1401 3819 1599 3873 sedem
1623 3818 1791 3873 Metis
1813 3817 1992 3881 dedit,
2105 3815 2478 3888 imperatoris
2512 3814 2667 3870 filius
2698 3815 2888 3886 ipsius
2917 3815 3353 3883 Constantinus,
3387 3818 3488 3888 qui
3519 3821 3576 3873 et
3603 3818 3753 3874 Con-

321 3907 833 3985 principibusque
864 3911 928 3963 ut
959 3907 1245 3963 terminos
1277 3905 1440 3979 regni
1490 3905 1802 3962 Orientalis
1832 3906 1996 3962 dein-
2107 3910 2291 3971 stans,
2326 3903 2590 3975 regnavit
2619 3920 2712 3957 an.
2746 3920 2924 3958 XXVIII
2957 3920 3010 3959 a.
3043 3920 3151 3975 seq.
3185 3935 3254 3945 —
3306 3904 3500 3961 Romae
3528 3905 3757 3963 Severi-

324 4016 488 4071 oeps
548 4001 850 4052 tuerentur
879 3995 1189 4068 persuasit.
1223 3995 1384 4051 Frcd.
1417 3995 1532 4049 chr.
1568 4012 1620 4048 a.
1648 3995 1773 4050 633.
2109 4009 2222 4048 nus
2252 4009 2404 4065 papa
2429 3991 2644 4047 LXXIII
2680 3990 2831 4046 sedit
2862 3992 3165 4048 mensibus
3195 4010 3256 4062 ιι,
3289 3993 3497 4050 diebus
3548 4013 3624 4065 IV,
3670 3996 3760 4052 vir

413 4086 531 4140 636
582 4085 902 4157 Dagoberto
943 4084 1064 4157 regi
1123 4084 1464 4149 Clodoveus,
1517 4099 1622 4139 seu
1675 4082 2001 4138 Ludovicus
2110 4084 2370 4147 sanctus,
2407 4079 2569 4135 mitis
2600 4084 2657 4134 et
2687 4079 2820 4152 pius
2850 4098 2861 4134 :
2895 4084 3027 4152 post
3058 4097 3234 4153 quem
3267 4084 3515 4140 cessavit
3535 4084 3759 4156 episco-

1390 4198 1868 4255 COMPENDIUM
1907 4198 1999 4253 EX
2036 4196 2285 4253 CODICE
2324 4195 2701 4251 BEBNOLDI.

418 4298 537 4354 634
596 4296 871 4355 Oswaldus
942 4300 1093 4370 ﬁlius
1149 4296 1416 4368 Edil/‘ridi
1475 4296 1999 4364 Christianissimus,
2111 4312 2235 4351 cum
2260 4304 2438 4350 matre
2463 4295 2708 4352 Martina
2740 4295 2903 4350 annis
2936 4299 3180 4366 regnavit
3223 4297 3449 4353 duobus.

326 4389 551 4462 paucis
579 4387 832 4454 collectis,
864 4395 915 4443 et
943 4388 1169 4443 adorata
1200 4401 1357 4443 cruce
1384 4402 1549 4459 quam
1592 4389 1863 4453 erexerat,
1915 4387 2004 4439 in-
2185 4386 2290 4440 638
2349 4385 2527 4439 Roma
2585 4383 2840 4454 defuncto
2898 4387 3159 4441 Honorio.
3207 4429 3219 4442 .
3268 4429 3280 4441 .
3321 4387 3588 4444 mutabat.
3646 4390 3764 4458 Quo

327 4480 674 4547 ter/actores
701 4477 905 4533 Eduini
934 4478 1077 4547 regis
1106 4477 1388 4549 superavit
1416 4477 1636 4547 ipseque
1674 4478 1787 4531 octo
1834 4489 2009 4529 annos
2116 4477 2350 4546 tempore
2382 4473 2767 4528 Lateranensis
2792 4472 3079 4529 thesaurus
3108 4476 3401 4530 distractus
3431 4485 3529 4531 est.

336 4567 640 4637 regnavit.
2044 4621 2086 4637 η
2191 4564 2296 4617 639
2326 4562 2816 4632 Constantinopoli;
2863 4603 2876 4616 .
2923 4605 2935 4617 .
2971 4579 3179 4618 menses
3207 4579 3322 4618 sex.

430 4621 548 4710 635
592 4657 696 4710 His
751 4656 1081 4727 temporibus
1141 4670 1267 4710 cum
1324 4652 1565 4723 Sergius.
1600 4695 1612 4707 .
1651 4694 1663 4706 .
1722 4652 2014 4707 damnatus
2044 4621 2090 4685 Β
2192 4652 2299 4707 640
2330 4621 2819 4721 Constantinopoli.
2866 4693 2879 4706 .
2924 4693 2934 4705 .
2968 4652 3133 4706 annis
3166 4668 3363 4706 xxvm.
3398 4654 3582 4712 Roma:
3610 4654 3770 4711 Seve-

337 4752 464 4802 εςι,
2127 4742 2283 4795 rinus
2308 4757 2473 4811 papa.
2520 4781 2531 4794 .
2579 4780 2591 4793 .
2632 4738 2821 4793 diebus
2868 4742 3122 4809 quatuor,
3169 4746 3291 4812 post
3337 4738 3774 4812 quem—cessavit

433 4833 549 4887 637
585 4830 1052 4905 Constantinopoli
1080 4832 1428 4888 Heraclius...
1460 4833 1706 4903 episcopo
1754 4831 1817 4884 in
1854 4828 2021 4885 Iuere-
2130 4831 2464 4901 episcopatus
2491 4829 2770 4883 mensibus
2793 4829 3051 4898 quinque.

342 4926 476 4980 sim
505 4921 900 4993 Acephalorum
928 4921 1185 4978 inductus
1216 4921 1372 4987 obiit,
1401 4936 1502 4992 pro
1540 4935 1646 4991 quo
1694 4918 2023 4974 Heraclonas

1957 5032 2189 5089 ΝΟΤίΕ.

442 5134 601 5218 (206)
629 5137 771 5191 Cum
804 5134 1094 5218 Honorius
1120 5132 1370 5218 triennio
1395 5133 1513 5188 fere
1530 5135 1665 5218 ante
1688 5128 2022 5213 Heracliam
2136 5129 2873 5218 ileraclio,Constantinum
2900 5131 3084 5218 ﬁlium
3101 5135 3228 5206 ejus
3250 5136 3536 5218 seniorem
3561 5151 3786 5218 succos:

349 5202 607 5273 obierit,
641 5223 817 5262 causa
846 5206 1039 5262 dilata
1070 5205 1272 5261 tandiu
1308 5203 1767 5260 consecrationis
1814 5218 1931 5257 non
1962 5202 2021 5256 in
2140 5204 2309 5266 sissc,
2343 5204 2441 5274 qui
2474 5207 2671 5260 tamen
2708 5209 2838 5274 post
2866 5209 3098 5260 centum
3127 5202 3198 5261 ac
3226 5211 3346 5261 tres
3393 5208 3537 5269 dies,
3588 5222 3689 5260 seu
3715 5207 3788 5261 25

352 5284 570 5338 morte
603 5277 997 5350 principum,
1028 5278 1129 5333 sed
1154 5277 1237 5350 in
1296 5274 1747 5350 eowreponenda
1796 5274 2029 5350 videtur
2137 5275 2570 5350 Maii,_mort_uus
2598 5276 2792 5350 locum
2826 5276 2962 5350 fecit
2992 5278 3153 5331 fratri
3188 5294 3293 5331 suo
3330 5276 3689 5350 IIeracleonm
3719 5292 3788 5332 ex

350 5351 533 5425 quod
566 5345 1121 5425 electusSeverinus
1153 5347 1398 5425 lleraclii
1456 5345 1740 5425 Esthesin
1780 5347 2028 5425 probare
2136 5347 2391 5425 Martia}
2413 5345 2655 5400 Heraclii
2678 5346 2928 5425 ﬁlio.Hic
2951 5353 3082 5425 post
3106 5365 3204 5402 sex
3225 5347 3527 5416 regiminis
3550 5363 3788 5425 menses

350 5415 581 5493 nollet,
611 5420 882 5493 utdhabet
911 5419 1257 5475 Anastasius
1304 5420 1361 5473 in
1406 5415 1795 5474 collectaneis’
1827 5433 1860 5471 a
1903 5415 2025 5470 Sir-
2138 5417 2195 5493 in
2230 5416 2501 5493 exsilium
2534 5434 2666 5473 cum
2701 5423 2887 5473 matre
2917 5415 3083 5493 actus
3121 5415 3518 5493 successorem
3559 5420 3787 5493 accepit

355 5492 601 5555 mendo
624 5490 818 5547 editis.
1066 5560 1105 5562 Δ
1552 5558 1573 5562 Α
1600 5558 1614 5562 Α
1684 5557 1717 5562 _
1807 5556 1843 5562 __
1870 5557 1933 5562 __
2138 5490 2537 5562 Constantem,
2574 5506 2745 5545 suum
2780 5506 2848 5545 ex
2890 5488 3162 5562 praedicto
3194 5488 3370 5544 fratre
3400 5488 3783 5562 Constantino

445 5564 605 5638 (201:)
634 5566 780 5638 Haec
795 5562 1037 5638 quidem
1062 5560 1437 5638 Hermannus
1454 5575 1523 5615 ex
1544 5558 1656 5638 ﬁde
1684 5556 1844 5638 Pauli
1868 5557 2028 5614 Diac.
2140 5559 2578 5638 nepoje_m_.I-I_inc
2608 5562 2796 5638 etiam,
2817 5556 3160 5632 corrigenda
3189 5563 3327 5615 sunt
3356 5577 3485 5634 quae
3516 5579 3698 5638 supra
3716 5560 3789 5618 ad

357 5630 527 5709 Hist.
560 5630 830 5709 Longon
860 5633 903 5689 l.
926 5650 1021 5709 _1v._
1047 5649 1098 5688 c.
1130 5633 1222 5700 41,
1254 5632 1352 5688 sed
1387 5631 1459 5688 ab
1490 5646 1583 5709 eo_
1603 5630 2033 5709 d30_eptus;_ex
2141 5630 2237 5689 an‘.
2272 5632 2375 5689 637
2406 5632 2716 5701 habentur,
2750 5636 2806 5689 et
2836 5630 3128 5704 quaa'mox
3158 5630 3509 5706 sequuntur.

360 5700 724 5784 Nicephoro'
738 5705 897 5765 enim
926 5704 1238 5773 habemus,
1269 5709 1498 5762 mortuo
1532 5702 1589 5759 11
1626 5700 1792 5761 Febr.
1841 5719 1891 5763 a.
1922 5700 2029 5761 641

711 5834 979 5901 Panos»
1022 5830 1285 5901 CXLIII.
2958 5884 2971 5892 .
3435 5836 3472 5905 δ
