4124 6188
537 442 653 505 M3

1310 439 1726 502 HRRMANNI
1772 433 2211 500 CONTRACTI
2255 428 2676 498 AUGlENSlS
2723 432 3100 500 MONACHI.

3824 435 3943 495 tu

1914 594 2145 652 CODEX
2179 586 2577 651 AUGIENSIS.

540 701 654 769 sui,
676 697 1166 770 Grimoaldusque
1197 701 1425 769 arrepto
1456 696 1971 769 Longobardorum
2004 709 2181 765 regno
2210 693 2265 760 Α
2292 693 2555 749 tanniam
2586 697 2643 750 et
2692 694 3033 751 Hiberniam
3076 694 3327 751 nimium
3377 697 3589 751 vastat.
3622 694 3943 751 Deusdedit

540 786 712 847 annis
742 805 800 843 Ix
829 791 1066 843 strenue
1095 786 1373 858 regnavit.
1423 786 1585 840 Paul.
1641 787 1796 841 Diae.
1828 801 1881 838 a.
1912 785 2035 838 661.
2068 798 2179 854 seq.

608 879 737 935 661.
769 878 887 933 Hoc
916 880 1177 947 tempore
1208 873 1572 941 Pertharich,
1594 874 1817 930 dudum
1840 889 1940 928 rex
1959 873 2185 944 Longo-

543 968 1019 1029 hardorum,oum
1051 963 1123 1018 de
1154 961 1356 1018 exsilio
1387 979 1660 1019 reversus
1679 961 1997 1018 Grimoaldi
2031 960 2185 1033 regis

542 1057 789 1130 gratiam
820 1051 1100 1124 petiisset,
1136 1051 1501 1124 benigneque
1549 1056 1861 1123 susceptus
1903 1055 2080 1118 esset,
2109 1050 2188 1105 fa-

542 1145 732 1202 ctione
752 1156 1060 1214 pravorum
1092 1140 1357 1212 proxima
1398 1145 1564 1196 nocte
1585 1141 1658 1195 ab
1677 1142 1804 1213 ipso
1830 1155 1960 1212 rege
1986 1139 2184 1194 obser-

541 1233 663 1291 vari
714 1231 923 1302 jussus
970 1234 1079 1297 est,
1111 1230 1377 1302 sequenti
1439 1231 1590 1287 ιω
1639 1229 1734 1285 die
1788 1228 2183 1302 perimendus.

544 1323 657 1380 Sed
688 1324 841 1383 astu,
880 1318 998 1373 imo
1024 1318 1137 1373 fide
1185 1318 1439 1374 Hunoldi
1473 1318 1646 1374 amici
1672 1318 1761 1374 sui
1793 1321 1849 1372 et
1876 1316 2187 1387 cujusdam

545 1408 736 1466 fidelis
781 1406 1038 1463 vestiarii
1079 1406 1171 1461 sui
1203 1408 1453 1462 eductus
1481 1423 1549 1462 ex
1598 1408 1738 1461 urbe
1766 1404 2081 1469 Ticinensi,
2114 1405 2185 1459 ad

543 1503 794 1553 Francos
823 1495 1086 1568 confugit
1113 1495 1309 1567 ibique
1340 1496 1529 1551 latuit.
1560 1497 1720 1550 Paul.
1776 1497 1925 1551 Diae.
1971 1511 2024 1548 η.
2058 1494 2185 1547 664.

543 1619 613 1629 —-
642 1587 759 1642 Hac
788 1586 965 1641 etiam
1002 1589 1351 1657 tempestate
1382 1589 1731 1640 Francorum
1766 1584 2053 1639 exercitus
2088 1582 2192 1637 ila-

544 1677 683 1733 liam
710 1675 1036 1747 ingressus,
1065 1690 1201 1729 cum
1234 1675 1292 1728 in
1326 1674 1532 1729 castris
1565 1672 1884 1729 Grimoaldi
1918 1671 2188 1743 regis,si-

547 1752 769 1822 mulata
801 1764 872 1819 ab
907 1763 1033 1835 ipso
1081 1763 1221 1835 fuga
1272 1761 1509 1829 relictis,
1562 1760 1918 1834 epularetur,
1954 1761 2081 1832 ipso
2111 1758 2189 1813 ir-

545 1857 750 1911 ruente
781 1853 852 1909 ad
904 1851 1362 1908 internecionem
1405 1850 1630 1907 deletus
1687 1853 1795 1906 est.
1828 1849 1990 1905 Idem.
2024 1849 2099 1904 al.
2133 1865 2187 1904 a.

545 2117 774 2177 Italiam
806 2121 1008 2174 contra
1043 2117 1451 2189 Longobardos
1484 2118 1753 2189 petiit,et,
1787 2116 2011 2189 aliquot
2031 2116 2168 2189 Oppi

545 2209 638 2266 dis
667 2224 869 2264 eorum
900 2206 1106 2279 captis,
1142 2206 1536 2262 Rumoaldum
1588 2207 1795 2262 ducem
1840 2207 2029 2261 filium
2063 2206 2190 2260 Gri-

547 2296 765 2354 moaldi
788 2296 941 2367 regis
963 2294 1117 2366 apud
1142 2295 1532 2349 Beneventum
1555 2295 1942 2361 obsedit.Sed,
1977 2296 2190 2351 adven-

544 2391 706 2444 tante
734 2402 869 2441 cum
900 2384 1155 2440 exercitu
1207 2384 1564 2449 Grimoaldo,
1612 2384 1854 2440 territus
1892 2385 2190 2457 Neapolim

546 2476 1115 2549 repetit,magnaque
1127 2474 1416 2529 exercitus
1438 2474 1527 2529 sui
1554 2474 1889 2544 parte,duce
1910 2474 2189 2539 Saburro,

549 2581 683 2622 cum
714 2561 1037 2639 Rumoaldo
1070 2578 1267 2634 pugna
1296 2562 1645 2634 conﬂigente
1674 2566 1730 2618 et
1760 2562 1913 2617 victa
1943 2563 2194 2617 trucida-

547 2658 741 2726 taque,
792 2652 938 2708 nihil
981 2655 1185 2706 contra
1241 2650 1651 2723 Longobardos
1712 2651 1971 2719 profecit.
2023 2653 2186 2707 Paul.

550 2743 704 2800 Diae.
733 2759 786 2798 a.
818 2741 944 2796 663.

616 2832 725 2886 663
752 2829 1174 2886 Constantiuus
1206 2828 1523 2899 imperator
1562 2829 1805 2883 Romam
1838 2830 2015 2898 venit;
2048 2834 2126 2899 et,
2159 2847 2194 2886 a

544 2918 837 2974 Vitaliano
868 2928 1021 2989 papa
1066 2917 1384 2972 honoriﬁce
1422 2920 1752 2989 susceptus,
1786 2921 1906 2973 toto
1936 2919 2190 2975 exercitu

547 3023 679 3063 cum
711 3006 894 3062 cereis
923 3004 1227 3061 ecclesiam
1251 3006 1527 3075 intrante,
1559 3006 1727 3062 beato
1750 3009 1918 3063 Petro
1950 3007 2193 3081 pallium

548 3093 902 3154 aurotextile
923 3093 1168 3163 obtulit;
1206 3099 1284 3159 et,
1316 3095 1463 3151 actis
1495 3095 1574 3149 ibi
1608 3113 1687 3150 x11
1722 3092 1947 3164 diebus,
1983 3102 2195 3154 cuncta

548 3196 696 3260 pe’ae
746 3184 916 3241 Urbis
964 3188 1309 3240 ornamenta
1367 3183 1627 3240 abstulit.
1662 3189 1815 3240 Inter
1857 3202 1985 3257 quae
2016 3188 2192 3244 etiam

546 3275 780 3347 tegulas
825 3290 1003 3329 aereas
1056 3273 1273 3345 quibus
1329 3272 1566 3328 basilica
1624 3278 1835 3329 sancta:
1895 3274 2087 3330 Mariae
2121 3277 2192 3332 ad

553 3362 857 3434 Martyres,
883 3378 1011 3432 qua:
1034 3361 1330 3416 Pantheon
1348 3360 1671 3433 antiquitus
1682 3364 2016 3427 vocabatur,
2042 3370 2194 3421 tecta

552 3429 1126 3520 l‘uerat,diripiensin
1147 3448 1405 3504 Siciliam
1431 3429 1989 3523 praemisitﬁpseque
2016 3454 2187 3525 Icum]
2220 3429 2265 3498 C

553 3539 678 3595 suis
710 3539 770 3593 in
803 3536 969 3593 Italia
1008 3537 1354 3609 depraedatis
1399 3538 1586 3609 ipsam
1647 3538 1900 3594 insulam
1933 3557 2009 3595 vn
2041 3541 2192 3597 indi-

548 3627 736 3685 ctione
760 3626 905 3699 (219)
937 3626 1193 3693 intravit,
1226 3625 1423 3697 ibique
1453 3625 1856 3698 quinquennio
1888 3629 2072 3685 multa
2102 3631 2190 3686 in-

546 3716 719 3773 famis
744 3716 988 3772 avaritia
1021 3719 1077 3769 et
1109 3713 1370 3786 nequitia
1396 3714 1634 3769 mansit.
1669 3715 1793 3771 Bed.
1826 3716 1938 3771 chr.
1992 3721 2150 3788 Angl.

498 3860 523 3867 η
612 3807 717 3862 664
739 3804 983 3877 Eclipsis
1007 3802 1147 3859 solis
1179 3820 1213 3857 v
1233 3802 1379 3858 Non.
1404 3803 1539 3858 Maii
1562 3802 1710 3859 facta
1739 3810 1831 3860 est
1852 3805 1994 3862 hora
2020 3809 2189 3881 quasi

541 3895 891 3961 decima,vn
917 3892 1235 3947 indictione
1266 3893 1433 3963 (220).
1459 3891 1585 3948 Bed.
1645 3894 1759 3948 chr.
1796 3895 1855 3949 In
1889 3894 2191 3955 Britannia

541 3985 826 4039 conventu
849 3983 921 4037 ab
944 3980 1146 4053 Anglis
1161 3986 1217 4036 et
1239 3981 1426 4037 Scotis
1449 3987 1575 4037 acto
1591 3983 1834 4055 quaestio
1865 3984 1935 4039 de
1966 3985 2189 4041 Pascha

538 4071 836 4138 ventilata,
869 4075 926 4125 et
956 4069 1108 4125 Scoti
1141 4086 1174 4124 a
1222 4069 1494 4125 Wilfrido
1544 4072 1881 4144 presbytero
1931 4074 2185 4129 rationa-

538 4158 737 4215 biliter
755 4158 885 4215 victi
907 4162 1065 4214 sunt.
1106 4158 1249 4214 l0!
1274 4159 1434 4214 Saeva
1455 4158 1580 4215 lues
1602 4164 1659 4216 et
1690 4162 2024 4234 pestilentia
2055 4163 2183 4219 Bri-

2290 781 2768 855 archiepiscopus
2800 782 3125 856 Anglorum
3157 784 3320 839 obiit.
3337 782 3535 839 Ceidla
3564 784 3686 854 [al.,
3713 783 3946 853 Cealdn]

2291 877 2347 928 et
2376 871 2690 926 Wilfridus
2734 872 3317 928 Nordanumbrorum
3369 870 3629 944 episcopi
3675 870 3947 929 ordinan-

2290 966 2405 1017 tur.
2441 961 2571 1017 Bed.
2607 962 2736 1017 hist.
2770 962 2931 1030 Angl.

2361 1052 2468 1105 663
2499 1051 2560 1105 In
2586 1050 3308 1116 Britannia,Erchanberto
3336 1065 3469 1124 rege
3488 1050 3943 1107 Cantuariorum

2294 1140 2835 1212 mortuo.Egbertus
2858 1139 3016 1196 ﬁlius
3035 1141 3165 1211 ejus
3187 1139 3451 1213 regnavit
3479 1139 3652 1195 annis
3674 1156 3749 1194 Ix.
3774 1138 3945 1212 Angli

2294 1230 2364 1283 ad
2378 1226 2736 1287 Vitalianum
2751 1243 2964 1300 papam
2987 1245 3090 1300 pro
3111 1228 3383 1301 episcopo
3404 1232 3460 1283 et
3479 1229 3716 1283 doctore
3736 1231 3940 1301 postu-

2294 1316 2475 1372 latum
2502 1318 2746 1372 Romam
2780 1317 3211 1384 mittunt.Beda,
3236 1319 3590 1386 Hist.Ang.—
3611 1316 3715 1372 His
3728 1316 3947 1373 diebus

2295 1407 2449 1478 apud
2487 1406 2735 1461 Francos
2766 1405 3102 1473 Clodoveus,
3135 1422 3237 1462 seu
3276 1407 3603 1462 Ludovicus
3626 1421 3743 1471 rex,
3781 1406 3946 1462 iners

2296 1501 2352 1550 ct
2382 1496 2616 1549 infamis
2666 1494 2821 1550 filius
2874 1495 3204 1566 Dagoberti,
3242 1496 3419 1552 frater
3465 1495 3776 1568 Sigeberti,
3810 1511 3944 1550 cum

2298 1584 2553 1639 Parisios
2586 1600 2829 1638 manens
2858 1582 3163 1639 brachium
3193 1586 3379 1639 sancti
3426 1583 3686 1657 Dionysii
3720 1585 3946 1639 auferre

2296 1689 2480 1727 ausus
2510 1675 2682 1739 esset,
2706 1671 2764 1727 in
2798 1671 3120 1727 amentiam
3152 1688 3357 1727 versus
3405 1676 3513 1729 est.
3548 1672 3702 1728 Fred.
3733 1673 3851 1728 chr.
3886 1689 3939 1727 a.

2295 1762 2420 1816 654.

2367 1851 2474 1903 666
2506 1849 2621 1904 Hoc
2653 1856 2911 1921 tempore
2943 1864 3073 1905 cum
3108 1849 3329 1921 Lupus,
3364 1850 3481 1905 dux
3510 1850 3941 1921 Forojulianus,

2297 1938 2418 2011 regi
2450 1937 2784 1994 Grimoaldo
2834 1937 3158 2004 rebellaret,
3203 1938 3421 2006 Hunni,
3454 1939 3555 2011 qui
3604 1944 3662 1995 et
3703 1940 3945 2007 Avares,

766 2029 1210 2096 Constantinus,
1245 2029 1347 2100 qui
1397 2033 1456 2084 et
1512 2030 1801 2086 Constans
1851 2028 2188 2100 imperator,
2220 2062 2268 2128 Β
2298 1985 2521 2099 aboipso
2551 2042 2685 2099 rege
2713 2026 2941 2081 invitati
2976 1985 3279 2082 Venetiam
3310 1985 3599 2099 petudtﬁt
3625 2032 3714 2084 ter
3744 1985 3946 2101 pugni;

2298 2116 2429 2171 victi
2459 2120 2781 2188 quartoque
2803 2115 3118 2172 certamine
3146 2115 3414 2185 victores,
3445 2116 3574 2189 ipso
3616 2117 3778 2188 Lupo
3806 2131 3943 2173 cum

2300 2206 2424 2262 suis
2454 2204 2668 2272 occiso,
2714 2204 3071 2261 Provinciam
3121 2210 3372 2272 vastant,
3419 2205 3602 2261 donec
3645 2211 3769 2261 arte
3814 2204 3944 2261 Gri-

2302 2294 2517 2351 moaldi
2565 2293 2771 2357 territi,
2821 2295 3056 2349 tandem
3107 2294 3295 2350 redire
3341 2295 3524 2350 coacti
3585 2300 3741 2351 sunt.
3777 2295 3939 2350 Paul.

2300 2385 2449 2439 Diae.
2485 2401 2536 2438 ιι.
2560 2385 2684 2439 665.

2369 2474 2474 2527 667
2504 2472 2669 2527 Circa
2697 2472 2805 2528 hoc
2838 2478 3070 2545 tempus
3116 2472 3304 2529 Sclavi
3352 2473 3423 2530 de
3472 2478 3743 2539 Caruuto,
3787 2473 3942 2546 quod

2299 2562 2688 2618 Carentanum
2721 2563 2812 2632 (22
2852 2562 2868 2632 )
2900 2561 3319 2629 dicimus,cum
3352 2564 3606 2618 exercitu
3638 2562 3939 2619 Venetiam

2299 2655 2613 2715 vastantes,
2645 2650 2791 2706 duce
2821 2651 3129 2707 Nuectario
3175 2667 3310 2707 cum
3353 2668 3469 2707 xxv
3498 2667 3739 2707 suorum
3769 2666 3945 2723 super

2300 2757 2399 2796 eos
2428 2739 2706 2803 irruente,
2738 2740 2906 2811 pauci
2967 2756 3036 2795 ex
3093 2740 3354 2813 quinque
3401 2740 3663 2796 millibus
3691 2741 3945 2813 effugere

2298 2829 2392 2885 vix
2423 2833 2679 2901 potuere.
2703 2829 2866 2884 Paul.
2900 2829 3054 2884 Diae.

2367 2920 2475 2973 668
2507 2920 2568 2973 In
2626 2917 2824 2973 Sicilia
2868 2917 3286 2975 Constantinus
3344 2918 3681 2991 imperator,
3727 2916 3831 2989 qui
3886 2918 3947 2973 et

2302 3008 2608 3074 Constans,
2642 3012 2775 3079 post
2806 3006 3022 3062 multas
3049 3008 3376 3064 exactiones
3405 3011 3463 3063 et
3481 3007 3942 3080 deprasdationes

2301 3114 2405 3171 per
2432 3095 2758 3168 provincias
2786 3100 2967 3163 actas,
2990 3094 3225 3152 tandem
3256 3113 3291 3152 a
3336 3096 3462 3153 suis
3509 3096 3568 3151 in
3614 3095 3820 3152 balneo
3852 3110 3945 3151 oo-

2302 3186 2460 3241 cisus
2480 3184 2699 3240 interiit
2744 3185 3062 3240 indictione
3090 3202 3171 3240 xu
3211 3185 3361 3257 (222)
3393 3186 3528 3241 Post
3556 3199 3733 3257 quem
3763 3185 3947 3242 Meze-

2303 3275 2429 3330 cius
2458 3275 2579 3346 [al.,
2613 3272 2920 3347 Mizizius],
2954 3274 3268 3346 imperium
3298 3273 3378 3330 ibi
3411 3273 3806 3347 arripiens,ab
3838 3274 3948 3329 Ita-

2300 3364 2412 3419 lico
2443 3362 2694 3420 exercitu
2725 3379 2858 3418 cum
2889 3362 3273 3434 complicibus
3302 3362 3428 3418 suis
3462 3368 3803 3435 peremptus
3831 3366 3946 3430 est,

2301 3457 2358 3509 et
2377 3451 2792 3508 Constantinus
2824 3452 2968 3523 (223)
2992 3450 3147 3508 {ilius
3169 3450 3947 3520 Constantis,Constantino-

2303 3543 2417 3615 poli
2442 3543 2759 3613 imperator
2783 3540 2992 3609 factus,
3020 3540 3282 3614 regnavit
3312 3541 3484 3596 annis
3504 3557 3621 3595 xvn
3646 3557 3659 3607 ;
3691 3539 3949 3612 impera-

2300 3636 2392 3686 tor
2410 3647 2549 3686 sane
2570 3628 2891 3685 catholicus
2922 3633 2979 3685 et
3008 3629 3163 3702 pius.
3196 3630 3358 3685 Paul.
3388 3630 3539 3685 Diae.
3570 3630 3758 3684 —lloc
3788 3643 3948 3684 anno

2299 3719 2693 3775 Theodericus
2727 3719 2853 3788 [leg.
2887 3718 3248 3789 Theodorus]
3279 3717 3755 3791 archiepiscopus
3781 3734 3816 3773 a
3841 3716 3945 3771 Vi-

2297 3808 2513 3864 taliano
2547 3824 2698 3879 papa
2727 3809 2881 3862 104
2915 3808 3241 3873 ordinatus,
3275 3813 3330 3863 et
3377 3823 3512 3863 cum
3560 3806 3812 3862 Adriano
3841 3806 3949 3860 ab-

2298 3898 2431 3951 bate
2462 3896 2532 3951 ad
2563 3894 2780 3967 Anglos
2812 3895 3053 3962 missus,
3088 3895 3293 3951 multis
3323 3901 3380 3950 et
3411 3895 3585 3951 verbo
3635 3893 3853 3968 profuit
3884 3900 3949 3951 et

2295 3984 2581 4057 exemplo.
2618 3984 2781 4049 Beda,
2814 3985 2942 4040 hist.
2967 3986 3125 4055 Angl.
3154 3985 3393 4057 —Apud
3429 3985 3951 4050 Francos,mortuo

2295 4074 2575 4130 Clodovco
2605 4074 2863 4145 (224)seu
2897 4073 3347 4146 Ludovico,rege
3381 4072 3780 4140 infami,filius
3811 4073 3952 4143 ejus

2294 4162 2626 4219 Clotharius
2654 4179 2799 4235 puer
2825 4161 3088 4234 regnavit
3118 4162 3287 4218 annis
3319 4180 3397 4221 Iv.
3430 4161 3589 4219 Fred.
3623 4178 3674 4218 a.
3706 4162 3834 4217 656.

1582 4292 2055 4351 COMPENDIUM
2097 4298 2188 4354 EX
2228 4296 2480 4356 CODICE
2522 4295 2899 4353 BERNOLDI.

605 4389 704 4444 661
740 4390 846 4445 Hoc
875 4395 1113 4462 tempore
1142 4391 1428 4448 Pertarieh
1452 4390 1517 4446 de
1541 4392 1738 4447 exsilio
1768 4408 2036 4465 reversus,
2072 4398 2177 4453 ite-

534 4494 660 4534 rum
690 4479 751 4533 in
779 4480 1037 4535 exsilium
1070 4482 1152 4535 ire
1180 4481 1489 4552 compulsus
1509 4485 1607 4536 est.

601 4569 709 4623 662
740 4568 1151 4637 Constantinus,
1180 4571 1279 4641 qui
1324 4573 1375 4625 et
1429 4569 1707 4635 Constans,
1742 4572 1962 4628 Italiam
1991 4579 2181 4630 contra

529 4657 913 4727 Longobardos
944 4660 1107 4724 venit,
1132 4659 1222 4714 sed
1252 4658 1401 4713 nihil
1426 4660 1678 4729 pro/coit.

596 4746 702 4800 663
734 4748 1120 4802 Constantinus
1172 4748 1476 4814 imperator
1535 4748 1757 4801 Romam
1814 4749 1975 4813 venit,
2028 4758 2097 4815 et,
2146 4769 2179 4807 a

2284 4400 2337 4453 et
2374 4397 2516 4452 Seoti
2569 4413 2603 4450 a
2649 4393 2921 4465 Wilfrido
2964 4395 3272 4468 presbytero
3326 4395 3734 4453 rationabiliter
3791 4396 3954 4451 utet:

2286 4490 2452 4542 sunt:
2484 4487 2579 4557 qui
2597 4487 2779 4556 postea
2806 4484 3087 4555 episcopus
3115 4484 3422 4541 ordinatur.

2358 4576 2467 4631 665
2493 4574 2663 4643 Angli
2708 4574 2777 4630 ad
2830 4574 3168 4630 Vitalianum
3218 4591 3429 4646 papam
3474 4590 3573 4647 pro
3615 4575 3864 4645 episcopo
3898 4582 3957 4631 et

2289 4663 2501 4720 doctore
2526 4663 2865 4734 postulatum
2899 4663 3120 4718 Romam
3149 4664 3437 4720 miserunt.

2358 4754 2465 4807 668
2495 4756 2557 4807 In
2588 4752 2777 4806 Sicilia
2824 4753 3214 4808 Constantian
3249 4755 3571 4824 imperator,
3604 4753 3767 4824 quiet
3800 4750 3954 4808 Con-

529 4833 807 4889 l’italiano
834 4852 979 4906 papa
1008 4834 1302 4903 honoriﬁce
1331 4836 1630 4897 grassatus,
1662 4833 1716 4888 S.
1754 4835 1912 4889 Petro
1939 4838 2177 4906 pallium
2205 4829 2251 4894 D
2280 4845 2571 4911 stans,post
2606 4842 2803 4895 multas
2820 4840 3249 4911 depreciation“
3274 4859 3374 4913 per
3402 4843 3717 4913 provincias
3734 4842 3949 4910 factas,

524 4936 662 4979 auro
690 4925 880 4979 textile
910 4924 1101 4979 obtulit
1127 4941 1139 4988 ;
1172 4922 1262 4977 sext
1291 4926 1485 4976 cuncta
1503 4938 1640 4994 pene
1659 4929 1985 4979 ornamenta
2015 4928 2169 4983 Urbis
2282 4930 2499 4985 tandem
2530 4947 2564 4984 a
2593 4932 2709 4984 suis
2729 4931 2792 4984 in
2822 4929 3015 4985 balneo
3042 4938 3354 5001 peremptus
3383 4940 3478 4988 est.
3522 4932 3627 4986 Pro
3657 4944 3761 5001 quo
3791 4932 3951 4986 Cun-

524 5011 769 5067 abstulit.

594 5015 705 5067 stul
722 5015 730 5023 '
758 5054 769 5066 .

593 5015 961 5171 664dEclipsis
989 5102 1117 5156 solis
1148 5102 1335 5171 quinto
1376 5100 1557 5155 Nonas
1587 5098 1719 5155 Maii
1749 5104 1915 5173 facta.
1949 5104 2010 5158 In.
2039 5105 2163 5159 Dri-

518 5191 715 5245 tannia
744 5207 780 5244 a
809 5190 976 5245 Scotis
995 5199 1046 5246 et
1064 5191 1251 5262 Anglis
1269 5192 1501 5261 qurstio
1521 5189 1589 5244 de
1618 5191 1822 5246 Pascha
1842 5194 2159 5261 ventilatur,

2273 5020 2697 5085 stantinuseius
2739 5018 2889 5088 ﬁlius
2935 5021 3181 5088 regnavit
3237 5020 3402 5074 annis
3458 5036 3597 5082 xvu,
3632 5021 3956 5090 imperator

2271 5124 2405 5163 sane
2433 5106 2732 5162 catholicus
2761 5108 2811 5162 et
2845 5107 2990 5177 pius.
3048 5110 3164 5161 Hae
3204 5122 3350 5163 anno
3406 5106 3703 5164 Theodorus
3737 5148 3750 5161 .
3790 5148 3803 5160 .

2272 5197 2546 5268 exemplo.

3842 5110 3956 5162 ,σε

2088 5317 2319 5375 NOTAE.

591 5429 742 5569 52w)
771 5434 902 5486 Haec
932 5429 1169 5488 indictio
1201 5448 1419 5487 annum
1450 5432 1555 5485 66':
1588 5430 1825 5485 indicat.
1904 5447 1909 5452 ‘

612 5501 737 5569 220)
772 5502 1014 5558 Indictio
1063 5521 1140 5559 v11
1170 5503 1327 5558 hunc
1353 5503 1589 5569 quidem
1633 5519 1854 5557 annum
1888 5520 1909 5557 r

612 5501 737 5571 220)
772 5502 1014 5558 Indictio
1063 5521 1140 5559 v11
1170 5503 1327 5558 hunc
1353 5503 1589 5574 quidem
1614 5519 1854 5574 _annum
1888 5508 2071 5573 notat,
2106 5505 2164 5560 in

516 5574 860 5697 ﬁdaqtamen
886 5575 1002 5655 ista
1040 5575 1275 5647 eclipsis
1331 5571 1445 5628 non
1494 5571 1685 5639 tertia,
1712 5574 1813 5629 sed
1850 5571 2166 5646 prima'die

578 5657 655 5697 au
682 5649 949 5697 contigit.

578 5644 949 5716 aiiocontisit-

609 5714 736 5788 221)
764 5712 946 5788 ῌοᾶἰθ
970 5715 1290 5784 Carinthia,
1318 5713 1526 5788 veteris
1549 5712 1742 5788 Norici
1776 5714 2090 5788 provincia.

608 5785 734 5864 222)
763 5785 1107 5861 Peremptus
1138 5792 1225 5847 est
1273 5787 1341 5846 ad
1400 5786 1577 5846 ﬁnem
1631 5785 2017 5862 Septembris,
2048 5804 2164 5864 quo

2272 5437 2401 5507 jam
2433 5435 2704 5491 currebat
2728 5432 2971 5490 indictio
3002 5452 3106 5491 xu.

2371 5509 2499 5578 223)
2531 5508 2928 5578 Cognomeuto
2956 5507 3285 5577 Pogonatus.

2368 5577 2494 5649 224)
2527 5577 2844 5634 Clodoveus
2879 5577 2925 5632 ll
2968 5578 3094 5647 jam
3142 5596 3194 5634 a.
3242 5580 3349 5635 656
3380 5580 3547 5649 obiit,
3580 5578 3955 5636 succedente

2274 5648 2394 5707 {ilio
2421 5648 2737 5712 Clothario,
2763 5652 2903 5704 tunc
2935 5654 3190 5721 quatuor
3235 5667 3548 5719 annorum,
3580 5651 3683 5726 qui
3730 5664 3959 5726 regna-

2274 5721 2354 5779 vit
2383 5722 2558 5779 annis
2581 5737 2698 5779 xiv.

2272 5737 2354 5779 νη
2383 5737 2558 5781 8ῐὶῐ118
2581 5737 2698 5779 XIV.
