4124 6188
243 299 362 370 145

1457 309 1932 379 CHRONICON.
1977 339 2058 375 -ε-
2100 309 2289 376 SJEG.
2337 314 2472 380 VII.

3550 314 3667 400 ΗΘ

1618 496 1851 557 GODEX
1887 496 2273 561 AUGIENSIS

304 646 418 703 669
448 645 777 717 Sarraeeni,
809 647 911 721 qui
932 648 1059 721 jam
1109 648 1315 706 multis
1358 649 1728 724 depopulatis
1759 666 1891 723 pro-
1924 648 1971 718 Α
2008 649 2218 721 elatus,
2253 652 2536 709 adversus
2566 651 2901 711 Pertharioh
2938 669 3134 727 regem
3169 670 3343 712 suum
3375 654 3659 732 rebellat;

231 735 449 792 vinciis
480 737 793 809 :Egyptum
839 739 1137 807 tenebant,
1169 738 1431 796 Siciliam
1484 740 1592 797 hoc
1636 744 1897 812 tempore

231 825 600 893 invadentes,
635 844 880 900 magnas
929 828 1241 885 hominum
1272 834 1503 902 strages
1537 830 1780 895 faciunt,
1814 834 1891 898 et,

238 915 577 988 deprmdata
606 914 830 984 insula,
865 916 1073 990 bisque
1104 934 1230 990 quae
1262 919 1550 974 Constans
1580 919 1898 991 imperator

238 1005 321 1060 ibi
375 1003 695 1079 collegerat
723 1003 957 1069 ablatis,
991 1006 1400 1062 Alexandriam
1434 1007 1698 1063 redeunt.
1733 1008 1893 1063 Paul.

238 1094 399 1149 Diae.

307 1184 418 1237 670
452 1184 512 1236 In
546 1182 864 1253 Britannia,
898 1184 1060 1240 Oswi
1084 1200 1183 1240 rex
1206 1184 1743 1258 Anglorum,frater
1763 1203 1894 1240 san-

238 1271 311 1327 cti
351 1270 637 1336 Oswaldi,
668 1271 851 1328 obiit:
884 1290 990 1344 pro
1047 1290 1163 1346 quo
1193 1273 1468 1346 ngridus
1514 1275 1778 1346 regnavit
1823 1293 1894 1329 xv

237 1360 431 1416 annis.
488 1360 656 1427 Beda,
711 1361 839 1416 hist.
870 1363 1030 1433 Angl.
1066 1394 1134 1403 —
1166 1364 1230 1418 In
1267 1362 1446 1428 Italia,
1498 1368 1730 1418 mortuo
1761 1364 1894 1418 Gri-

237 1448 473 1505 moaldo
497 1449 1021 1522 Longobardorum
1045 1467 1199 1523 rege,
1219 1452 1575 1519 Pertharich,
1601 1454 1671 1509 de
1691 1452 1893 1509 exsilio

233 1554 780 1611 reversus,regnum
807 1543 1116 1611 paternum
1139 1557 1352 1613 magno
1373 1542 1892 1614 Longobardorum

232 1627 419 1682 favore
452 1627 700 1698 recepit,
733 1632 791 1683 et
820 1645 924 1700 per
953 1645 1140 1685 annos
1168 1647 1286 1685 xvn
1320 1647 1536 1703 magna
1562 1631 1776 1704 pietate
1807 1631 1893 1687 in-

231 1715 415 1787 signis
449 1714 734 1771 obtinuit.
761 1715 923 1772 Paul.
953 1717 1102 1773 Diac.
1134 1735 1188 1773 a.
1220 1719 1343 1774 671.

298 1804 394 1859 67!
436 1804 551 1859 Per
581 1804 704 1861 haec
731 1808 1001 1879 tempora
1045 1807 1104 1861 in
1148 1806 1317 1863 Italia
1365 1824 1611 1880 regnum
1665 1809 1891 1880 Longo-

233 1894 555 1950 bardorum
589 1894 927 1951 Pertharich
955 1897 1204 1969 adeptus
1236 1913 1472 1952 summa
1504 1914 1643 1970 pace
1672 1903 1729 1954 et
1756 1916 1890 1972 pro-

457 1984 726 2084 regebat.
762 1984 861 2090 Eis
899 1986 1262 2090 temporibus
1291 1986 1678 2053 Childericus,
1715 1987 1894 2043 frater
1923 2024 1973 2090 Β

235 2071 515 2128 Clotbarii
546 2072 724 2145 regis,
757 2072 914 2130 ﬁlius
937 2074 1228 2143 Ludovici,
1261 2091 1414 2143 cum,
1444 2076 1515 2130 ad
1540 2076 1893 2132 Austrifran-

236 2158 328 2217 ciae
356 2177 620 2236 regnum
648 2167 911 2232 vocatus,
932 2163 1136 2220 leviter
1163 2164 1223 2220 in
1247 2179 1314 2220 eo
1336 2169 1392 2220 et
1419 2164 1730 2221 crudeliter
1761 2182 1893 2239 age-

234 2256 336 2316 ret,
367 2268 404 2306 a
466 2251 714 2308 Francis
742 2269 863 2308 una
921 2270 1054 2308 cum
1105 2269 1280 2308 uxore
1320 2259 1377 2308 et
1410 2251 1513 2308 filii
1544 2253 1890 2311 trucidatur.

236 2339 390 2395 Fred.
428 2357 486 2395 a.
520 2340 651 2396 673.

296 2428 405 2483 672
426 2426 951 2494 Romze,Vitaliano
972 2445 1123 2501 papa
1144 2427 1460 2484 indictione
1489 2446 1562 2484 xv
1592 2430 1889 2498 defuncto,

234 2520 360 2588 post
383 2534 429 2571 ιι
460 2532 706 2573 menses
734 2516 1068 2573 Adeodatus
1114 2534 1266 2590 papa
1296 2518 1511 2573 LXXIX
1544 2519 1695 2574 sedit
1720 2519 1890 2574 annis

234 2621 306 2671 Iv,
338 2605 660 2662 mensibus
692 2624 753 2671 ιι,
782 2606 873 2661 vir
896 2605 1061 2662 valde
1093 2606 1255 2663 mitis
1286 2611 1344 2662 et
1372 2608 1545 2679 pius;
1577 2606 1675 2679 qui
1710 2611 1767 2662 et
1797 2624 1889 2663 ec-

232 2692 449 2750 clesias
502 2695 803 2751 renovavit
834 2698 893 2750 et
922 2695 1167 2764 ornavit,
1200 2700 1259 2750 et
1298 2694 1543 2751 azdiﬁcia
1572 2712 1720 2751 nova
1749 2712 1890 2752 con-

231 2782 467 2838 struxit.
507 2783 697 2839 Anast.
752 2814 800 2823 ——
828 2783 995 2855 Apud
1029 2784 1302 2852 Francos,
1353 2788 1484 2856 post
1529 2782 1891 2841 Clotharium

231 2887 483 2944 puerum
510 2871 690 2927 frater
709 2872 842 2942 ejus
860 2872 1256 2928 Theodericus
1278 2872 1541 2945 regnavit
1563 2875 1733 2929 annis
1758 2892 1851 2929 xxx
1874 2893 1887 2943 ;

231 2962 338 3016 sub
372 2978 495 3034 quo
527 2960 842 3029 Ebroinus,
876 2961 1064 3033 major
1082 2962 1315 3027 domus,
1336 2963 1705 3034 tyrannidem
1736 2980 1891 3019 exer-

234 3049 374 3105 cuit.
408 3048 574 3105 Fred.
607 3050 820 3105 conlin.
853 3066 946 3104 an.
978 3066 1088 3121 seq.

300 3139 510 3194 6731a
561 3137 886 3207 Britannia,
938 3138 1184 3211 Egberto
1241 3138 1689 3195 Cantuariorum
1755 3156 1888 3212 rege

230 3233 490 3297 mortuo,
523 3226 705 3284 frater
733 3228 863 3300 ejus
892 3227 1143 3283 Luthere
1165 3229 1287 3301 [al.,
1320 3228 1654 3301 Lotharius]
1682 3245 1889 3303 regna-

2008 740 2108 795 sed
2130 757 2233 812 per
2252 741 2675 798 Chunibertum
2699 743 2851 816 regis
2878 742 3065 799 ﬁlium
3091 744 3305 817 saepius
3328 746 3663 805 reconcilia-

2006 831 2103 884 tus
2132 835 2187 884 et
2209 830 2532 886 honoribus
2553 837 2759 887 auctus
2791 837 2897 888 est.
2931 834 3090 890 Paul.
3125 835 3299 901 Diac.,
3333 836 3408 890 al.
3444 853 3496 892 a.
3530 837 3656 893 680.

2074 919 2182 973 675
2212 920 2269 973 In
2304 919 2624 983 Britannia,
2657 920 2933 977 Vulfhere
2965 939 3062 977 rex
3096 923 3444 980 Merciorum
3477 925 3661 995 obiit;

2004 1021 2109 1078 pro
2135 1023 2250 1077 quo
2282 1009 2458 1063 frater
2480 1009 2609 1079 ejus
2629 1009 2858 1066 Edilred
2880 1028 3026 1066 xxxv
3047 1011 3217 1067 annis
3240 1013 3525 1085 regnavit,
3556 1015 3660 1087 qui

2005 1099 2285 1166 sequente
2316 1112 2470 1152 anno
2500 1098 2766 1153 Cantiam
2823 1099 3089 1156 vastavit.
3134 1101 3283 1156 Beda
3333 1102 3458 1157 hist.
3492 1105 3652 1175 Angl.

2003 1200 2056 1239 a.
2091 1185 2215 1240 677.

2074 1274 2179 1327 676
2212 1274 2424 1339 Romae,
2481 1274 2756 1330 defuncto
2808 1276 3117 1345 Adeodato,
3170 1283 3302 1350 post
3338 1295 3568 1336 menses
3600 1298 3657 1337 Iv

2002 1361 2202 1417 Donus
2238 1371 2386 1434 papa
2447 1362 2635 1417 LXXX
2694 1364 2846 1419 sedit
2902 1382 3056 1421 anno
3091 1383 3227 1434 uno,
3265 1367 3566 1425 mensibus
3597 1387 3650 1427 v.

2002 1451 2110 1517 Qui
2141 1451 2293 1506 inter
2322 1451 2437 1505 alia
2468 1451 2622 1506 bona
2677 1453 2894 1518 studia,
2928 1454 3219 1525 porticum
3277 1456 3468 1511 sancti
3500 1456 3648 1512 Petri

2000 1555 2293 1596 marmore
2314 1539 2533 1595 stravit.
2564 1540 2689 1605 Qua
2710 1543 2907 1596 aestate
2930 1541 3221 1599 immensa
3242 1541 3331 1599 vis
3362 1543 3650 1601 tonitruo-

2000 1643 2133 1683 rum
2156 1633 2213 1684 et
2234 1626 2564 1699 pluviarum
2582 1627 2848 1685 homines
2871 1629 3098 1699 afﬂixit;
3123 1634 3180 1686 et
3196 1630 3653 1704 leguminaque

2001 1722 2239 1790 propter
2260 1716 2517 1789 pluviam
2542 1715 2734 1788 colligi
2757 1735 2871 1772 non
2896 1723 3188 1791 poterant,
3211 1720 3569 1791 quibusdam
3592 1721 3652 1777 in

1998 1805 2144 1862 locis
2176 1809 2378 1861 renata
2429 1808 2485 1860 et
2516 1806 2586 1860 ad
2620 1806 3022 1863 maturitatem
3054 1809 3294 1863 reducta
3337 1813 3496 1864 sunt.
3551 1814 3654 1866 Co-

2001 1898 2158 1951 meta
2177 1910 2279 1967 per
2301 1912 2362 1948 ιιι
2381 1909 2614 1950 menses
2647 1895 2792 1961 visa,
2817 1898 2875 1950 et
2897 1910 3112 1967 magna
3134 1894 3444 1952 hominum
3476 1897 3651 1969 pesti-

1999 1983 2179 2039 lentia
2208 1984 2265 2039 in
2297 1982 2527 2039 Oriente
2567 1983 2883 2039 subsecuta
2934 1987 3041 2039 est.
3074 1983 3268 2040 Anast.
3313 1985 3488 2052 Beda,
3514 1986 3643 2041 hist.

2003 2073 2165 2144 Angl.
2197 2090 2250 2127 a.
2282 2073 2408 2127 678.

2073 2163 2177 2218 677
2210 2163 2273 2217 In
2298 2150 2478 2228 italia,
2496 2161 2832 2217 Pertharich
2852 2178 2949 2216 rex
2963 2161 3479 2234 Longobardorum
3504 2162 3653 2219 Chu-

2001 2249 2296 2307 nibertum
2327 2250 2513 2306 filium
2546 2267 2721 2306 suum
2754 2251 2916 2323 regni
2947 2254 3277 2306 consortem
3306 2250 3476 2319 fecit;
3510 2267 3645 2307 cum

2003 2357 2119 2413 quo
2143 2358 2178 2395 x
2204 2343 2402 2412 postea
2421 2339 2591 2395 annis
2612 2339 2894 2412 regnavit.
2921 2340 3083 2395 Paul.
3110 2341 3260 2395 Diae.
3294 2371 3364 2380 --
3392 2338 3653 2396 Ecclesia

2001 2431 2460 2500 Ravennas,qua3
2489 2428 2969 2501 Autocephaliam
3002 2428 3113 2485 sibi
3147 2445 3443 2501 usurpans
3474 2446 3508 2485 a
3538 2429 3649 2486 Ro-

1999 2535 2177 2575 mana
2235 2517 2577 2586 desciverat,
2626 2518 2980 2591 Dono‘papte
3011 2517 3202 2575 denuo
3259 2533 3321 2575 se
3375 2518 3644 2590 subjecit.

2000 2611 2191 2665 Anast.

2070 2699 2175 2753 678
2206 2699 2419 2766 Romae,
2480 2696 2754 2752 defuncto
2808 2696 2990 2765 Dono,
3044 2699 3179 2767 post
3227 2695 3374 2751 duos
3407 2712 3649 2752 menses

2000 2786 2227 2859 Agatho
2253 2803 2403 2859 papa
2427 2785 2640 2842 LXXXI
2670 2786 2822 2841 106
2853 2785 3178 2851 ordinatus,
3211 2784 3364 2840 sedit
3385 2783 3556 2839 annis
3577 2801 3642 2851 ιι,

2000 2876 2300 2932 mensibus
2332 2893 2407 2943 vn,
2442 2875 2528 2930 vir
2557 2877 2903 2930 mansuetus
2934 2877 2991 2929 ct
3019 2873 3328 2946 benignus.
3361 2878 3553 2929 Anast.
3577 2903 3647 2912 —

1997 2965 2305 3022 Wilfribus
2319 2951 2639 3037 Anglorum
2662 2963 2994 3036 episcopus,
3010 2962 3083 3017 ab
3096 2962 3342 3035 Egberto
3357 2977 3490 3035 rege
3510 2961 3646 3018 sede

1998 3070 2108 3109 sua
2128 3052 2357 3126 pulsus,
2391 3051 2609 3108 multos
2639 3051 2698 3106 in
2731 3050 3191 3124 peregrinatione
3223 3066 3331 3106 sua
3356 3051 3428 3106 ad
3454 3048 3647 3106 Domi-

2001 3159 2142 3198 num
2173 3140 2540 3213 praedicando
2562 3138 2864 3195 convertit.
2903 3137 3042 3193 Beda
3072 3140 3200 3194 hist.
3234 3138 3391 3209 Angl.

2070 3231 2175 3285 679
2204 3228 2617 3285 Constantinus
2665 3229 2967 3299 Augustus
3014 3225 3363 3299 legationem
3397 3225 3641 3281 Romam

228 3314 313 3371 vit
359 3315 542 3372 annis
588 3333 666 3386 ει,
708 3316 1015 3372 mensibus
1064 3333 1139 3372 1v.
1199 3318 1321 3384 Quo
1362 3333 1513 3373 anno
1546 3318 1887 3374 Theodorus
1938 3390 1945 3391 ί
1999 3320 2181 3388 misit,
2215 3324 2273 3375 et
2304 3323 2367 3374 ut
2391 3335 2494 3391 pro
2514 3316 2885 3374 confutandis
2907 3314 3194 3371 hzrreticis
3225 3315 3485 3387 synodus
3507 3329 3644 3386 apo-

228 3404 717 3477 archiepiscopus
745 3404 1066 3478 Anglorum
1099 3406 1388 3478 synodum
1407 3405 1610 3462 utilem
1633 3405 1882 3481 collegit.
1912 3390 1960 3461 C
1999 3408 2205 3467 stolica
2228 3406 2570 3463 auctoritate
2600 3403 3098 3477 Constantinopoli
3122 3403 3285 3460 ﬁeret
3306 3402 3644 3477 postulavit.

234 3493 394 3561 Beda,
430 3493 563 3549 hist.
599 3494 758 3564 Angl.

305 3582 456 3639 I05
488 3583 599 3638 674
628 3581 792 3638 Circa
839 3582 961 3638 haec
1010 3586 1271 3655 tempora
1315 3580 1549 3639 Alachis
1604 3584 1722 3639 dux
1753 3585 1885 3640 Tri-

226 3671 535 3742 dentinus,
567 3672 640 3728 de
671 3671 884 3728 comite
922 3672 1179 3744 quodam
1210 3670 1417 3728 Norico
1446 3670 1691 3728 victoria
1723 3678 1891 3730 nacta

1995 3497 2221 3571 Agatho
2244 3513 2396 3569 papa
2414 3495 2704 3568 synodum
2732 3510 2835 3549 cxx
2866 3493 3273 3566 episcoporum
3309 3493 3501 3549 Romae
3530 3491 3646 3549 col-

1998 3586 2221 3660 lcgit,et
2240 3584 2541 3641 hzereticos
2564 3599 2741 3661 unam
2763 3583 2823 3637 in
2841 3582 3069 3639 Christo
3093 3580 3489 3654 operationem
3514 3582 3652 3655 dog-

1959 3684 1962 3687 ‘
2001 3673 2345 3729 matizantes
2378 3669 2700 3727 damnavit.
2734 3669 2867 3725 Bed.
2898 3671 3112 3737 ehron.,
3144 3669 3220 3724 al.
3252 3685 3305 3724 a.
3338 3668 3467 3723 680.

1300 3876 1767 3936 ΟΟΜΡΕΝΒΙΗΜ
1805 3879 1897 3936 EX
1935 3880 2182 3937 CODICE
2216 3875 2590 3934 BERNOLDI.

295 4058 410 4112 669
429 4055 734 4112 Sarraceni
753 4055 1011 4112 Siciliam
1032 4057 1266 4111 vastant.

297 4147 412 4201 670
440 4147 509 4201 In.
559 4145 745 4212 Italia,
797 4151 1014 4200 mortuo
1061 4142 1371 4200 Grimoaldo
1412 4144 1895 4213 Langobardorum

232 4250 374 4307 rege,
410 4232 711 4290 Pertarich
737 4248 972 4304 regnum
984 4240 1283 4304 paternum
1305 4249 1421 4288 xvn
1441 4235 1605 4289 annis
1635 4234 1893 4290 obtinuit.

297 4324 417 4381 672
444 4326 631 4380 Roma:
685 4322 1027 4377 Vitaliano...
1077 4322 1234 4377 mitis
1280 4328 1333 4377 et
1366 4323 1518 4394 pius,
1568 4324 1665 4394 qui
1722 4323 1898 4379 multa

234 4413 476 4481 aediﬁcia
510 4412 695 4467 Romae
715 4411 1045 4466 construxit.

299 4502 415 4557 673
442 4503 559 4577 Hoc
582 4516 730 4555 anno
761 4499 1130 4556 Theodorus...
1162 4499 1397 4570 collegit.

301 4589 414 4645 674
463 4588 808 4660 Dagobertus
861 4604 966 4644 rex
1019 4591 1379 4656 Francorum,
1429 4590 1741 4661 pracipuus
1796 4591 1894 4644 Ec-

236 4678 541 4734 clesiarum
575 4678 675 4733 Dei
702 4684 1002 4744 venerator,
1063 4678 1217 4733 obiit.
1255 4678 1515 4749 Regnavit
1544 4693 1718 4734 annos
1750 4693 1897 4735 κων.

240 4767 483 4825 Parisiis
514 4767 781 4838 sepelitur
808 4766 976 4839 (225).

2002 4058 2098 4113 vit.
2132 4056 2346 4115 Cometa
2371 4069 2468 4126 per
2498 4060 2603 4109 tres
2628 4066 2837 4108 menses
2867 4052 3002 4107 visa.

2073 4146 2178 4199 677
2209 4144 2449 4199 Ecclesia
2480 4143 2832 4197 Ravennas...
2874 4156 2929 4207 se
2955 4140 3159 4196 iterum
3186 4138 3434 4212 subjecit.

2072 4232 2180 4288 678
2213 4233 2460 4289 Rom...
2517 4230 2709 4285 LXXXI
2735 4228 2872 4284 sedit
2916 4229 3081 4284 annis
3130 4245 3190 4298 ιι,
3248 4228 3527 4284 mensibus
3573 4243 3649 4282 vr.

2006 4324 2102 4378 Hic
2129 4338 2273 4393 papa
2300 4319 2444 4390 apud
2489 4320 2875 4389 imperatorem
2902 4316 3083 4390 effecit
3112 4324 3173 4372 ut
3207 4318 3484 4388 quantitas
3509 4316 3654 4372 rele-

2005 4418 2247 4477 varetur,
2280 4424 2404 4481 quae
2446 4425 2547 4480 pro
2592 4406 2944 4463 ordinatione
2995 4404 3271 4478 pontiﬁcis
3321 4405 3485 4463 solita
3536 4411 3655 4461 erat

2006 4501 2151 4567 dari,
2202 4502 2283 4555 ita
2328 4507 2504 4554 tamen
2561 4504 2623 4551 ut
2666 4497 2940 4551 decretum
2980 4493 3235 4564 generale
3281 4492 3347 4547 de
3391 4493 3657 4549 electione

2003 4591 2161 4662 prius
2190 4588 2259 4644 ad
2289 4588 2673 4658 imperatorem
2707 4586 3032 4651 mitteretur,
3064 4598 3231 4653 quam
3251 4581 3347 4636 ille
3374 4595 3655 4636 consecra-

2008 4686 2163 4734 retur
2192 4676 2337 4749 (226)
2372 4677 2571 4730 Anast.
2597 4704 2665 4714 α-
2692 4670 2978 4743 Witfrzdus
3010 4671 3309 4742 Anglorum
3353 4669 3655 4741 episcopus,

2010 4784 2043 4824 a
2074 4766 2327 4822 Guiberto
2372 4763 2495 4835 [al.,
2527 4762 2767 4831 Ecberto]
2804 4776 2929 4831 rege
2955 4759 3081 4816 sede
3099 4776 3198 4815 sua
3221 4758 3429 4831 pulsus,
3460 4756 3659 4814 multos

307 4857 420 4912 676
448 4858 665 4923 Romze,
720 4854 971 4926 defuncto
1029 4853 1297 4911 Adeodato
1349 4870 1502 4928 papa
1542 4864 1663 4928 post
1690 4871 1900 4911 menses
1933 4849 1981 4871 ”
2009 4858 2070 4912 in
2099 4855 2296 4911 exsilio
2322 4852 2391 4909 ad
2419 4852 2716 4907 Dominum
2744 4849 3026 4905 convertit.

239 4949 502 5015 quatuor,
560 4945 743 5001 Bonus
786 4960 935 5017 papa
984 4944 1150 4999 LXXX
1201 4945 1350 5002 sedit
1421 4962 1631 5002 annum
1701 4962 1897 5010 unum,

238 5050 454 5090 menses
482 5036 757 5107 quinque;
786 5035 885 5106 qui
898 5035 1178 5105 porticum
1203 5034 1259 5089 S.
1293 5036 1448 5090 Petri
1476 5050 1750 5091 marmore
1766 5043 1904 5090 stra-

2081 4945 2186 4999 679
2219 4942 2626 5006 Constantinus,
2657 4944 2791 5008 etc.,
2826 4942 2892 4994 ut
2920 4939 3067 5012 Aug.

1858 5211 2090 5268 NOTZE.

317 5379 475 5450 (225)
506 5378 763 5437 Confusa
791 5378 916 5435 hzec
972 5380 1132 5451 sunt,
1166 5394 1273 5451 nec
1292 5378 1484 5451 hujus
1509 5378 1642 5435 anni
1671 5397 1686 5449 ;
1717 5378 1903 5451 Dago~

242 5450 455 5507 bertus
485 5451 715 5524 primus
744 5451 924 5524 enim,
981 5450 1050 5504 de
1082 5466 1196 5524 quo
1239 5450 1337 5524 hic
1369 5450 1580 5519 sermo,
1615 5467 1769 5506 anno
1798 5450 1907 5524 6‘18

246 5528 388 5647 gest
410 5520 507 5577 xvi
528 5522 833 5595 regiminis
857 5537 1042 5576 annos
1065 5520 1228 5587 obiit,
1251 5522 1613 5595 Dagobcrtus
1637 5528 1831 5577 autem
1860 5522 1905 5576 ll

292 5610 365 5647 oc
415 5611 573 5647 anno
614 5596 717 5647 674
747 5612 778 5647 e
827 5592 1026 5647 Scotia
1078 5598 1379 5647 revocatus
1431 5611 1673 5647 regnare
1712 5593 1905 5647 omnii.

292 5610 365 5649 oc
415 5611 573 5668 anno
594 5592 717 5668 ξ674
747 5612 778 5651 e
827 5592 1051 5668 Scot_ia_
1078 5592 1379 5668 revocatus
1431 5611 1673 5668 regnare
1712 5593 1906 5668 cmpit,

251 5680 409 5722 anno
436 5666 548 5722 679
576 5666 911 5723 defunctus.
947 5663 1056 5721 Sed
1089 5663 1349 5737 plurium
1369 5663 1631 5723 veterum
1663 5663 1909 5738 scripto-

2014 5393 2145 5434 rum
2178 5376 2273 5431 hic
2304 5391 2464 5432 error
2518 5378 2631 5443 est,
2665 5372 2767 5447 qui
2799 5375 3005 5431 ambos
3064 5375 3171 5430 hos
3215 5368 3572 5443 Dagobertos
3598 5367 3663 5425 in

2016 5466 2199 5504 unum
2229 5448 2577 5504 conﬂarunt.

2088 5521 2235 5592 (226)
2278 5520 2405 5575 ΙΙωο
2436 5517 2672 5592 quidem
2706 5517 2879 5592 codex
2927 5513 3193 5592 Bernoldi
3225 5513 3279 5568 in
3316 5510 3578 5592 marg-ine
3609 5527 3661 5567 a.

2016 5584 2121 5647 676
2154 5584 2307 5646 Dono
2340 5584 2505 5664 papae
2533 5588 2850 5664 adscribit;
2885 5586 3095 5643 melius
3116 5590 3310 5642 tamen
3338 5602 3405 5642 ea
3424 5584 3496 5640 ad
3514 5585 3663 5659 Agao

2016 5664 2258 5721 thonem
2290 5659 2433 5720 refet
2464 5659 2769 5718 Urstisius.
