4108 6192
432 326 548 395 147

1247 335 1660 405 HERMANNI
1705 330 2607 402 CONTRACTI’AUGIENSIS
2654 335 3029 403 MONACHI.

3438 304 3611 313 »..__,
3755 295 3836 310 --ιη

3716 330 3841 398 118

1826 497 2060 554 CODEX
2097 497 2501 563 AUGIENSIS.

512 626 618 686 680
647 626 893 701 Eclipsis
945 627 1114 683 Lunae
1173 626 1318 699 (227)
1372 630 1428 682 et
1482 641 1697 696 magna
1758 623 2085 679 mortalitas
2114 622 2169 690 Α
2197 626 2255 678 et
2283 623 2677 697 bonajugiter
2704 624 2897 681 studia
2950 628 3200 681 sectans.
3254 624 3451 681 Anast.
3487 652 3556 662 —
3593 619 3847 677 Cometa!

445 718 646 776 Romae
674 735 775 790 per
814 715 1039 773 aestivos
1071 732 1302 771 menses
1335 715 1506 769 facta.
1539 716 1728 768 Anast.
1770 744 1836 751 —
1866 712 2090 783 Agatho

446 826 599 880 papa
650 808 871 880 legatos
928 802 1494 875 Constantinopolim
1550 801 1715 856 misit
1774 800 2091 856 indictione

446 915 505 953 ιχ
534 898 702 969 (228),
737 896 836 968 qui
867 894 1183 950 honorifice
1213 893 1285 946 ab
1337 894 1598 961 Augusto
1629 889 1884 962 suscepti
1917 894 2093 961 atque

446 984 699 1052 tractati,
731 987 903 1038 sextae
953 980 1171 1053 synodo
1206 978 1517 1033 universali
1565 995 1633 1032 CL
1683 977 2089 1049 episcoporum

448 1074 822 1146 priefuerunt,
873 1076 929 1125 et
981 1070 1274 1125 convictos
1324 1066 1745 1123 rationabiliter
1798 1066 2093 1121 haereticos

451 1178 628 1217 unam
650 1160 706 1214 in
729 1159 955 1213 Christo
970 1158 1326 1213 voluntatem
1343 1162 1397 1211 et
1411 1156 1806 1227 operationem
1826 1169 2091 1208 asseren-

448 1254 535 1305 tes
548 1249 992 1304 damnaverunt.
1010 1245 1610 1301 Anast.—Theodorus
1625 1242 2095 1314 archiepiscopus

450 1337 774 1410 Anglorum
807 1336 945 1390 item
976 1335 1264 1406 synodum
1298 1333 1530 1404 collegit
1570 1332 1737 1403 (229).
1776 1332 1936 1395 Beda,
1966 1331 2092 1385 hist.

454 1428 623 1497 Angl.

522 1515 617 1570 68l
654 1511 1175 1583 Constantinopoli,
1208 1516 1368 1566 sexta
1410 1510 1671 1582 synodus
1703 1526 1771 1564 CL
1797 1508 2097 1579 episcopo-

453 1617 608 1669 rum,
658 1601 980 1656 indictione
1006 1618 1082 1665 IX,
1116 1616 1317 1655 mense
1342 1600 1531 1663 Febr.,
1555 1602 1701 1653 acta.
1726 1601 1783 1652 et
1811 1595 2099 1651 Macarius

452 1690 847 1747 Antiochenus
901 1705 1297 1760 sequacesque
1346 1687 1560 1742 erroris
1621 1685 1882 1741 damnati
1936 1689 2096 1739 sunt.

455 1779 679 1846 Quibus
701 1777 1219 1845 damnatis,subito
1243 1775 1508 1847 plurimae
1523 1790 1865 1830 aranearum
1890 1772 2015 1828 telae
2037 1773 2098 1826 in

454 1866 699 1923 basilica
723 1882 918 1921 coram
951 1867 1094 1920 107
1125 1865 1400 1919 omnibus
1423 1864 1771 1929 ceciderant,
1796 1861 2100 1917 hmreticas

433 1950 723 2012 'videlicet
744 1968 934 2024 nugas
982 1954 1237 2022 dejectas
1267 1968 1395 2007 esse
1428 1951 1859 2024 portendentes.
1880 1957 2095 2009 .Jnast.

526 2045 634 2098 682
690 2044 905 2109 Romae,
962 2042 1234 2096 defuncto
1279 2039 1581 2111 Agathone
1612 2056 1785 2111 papa,
1852 2038 2101 2093 cessavit

456 2134 827 2206 episcopatus
856 2146 1008 2186 anno
1040 2148 1078 2195 ι,
1113 2129 1417 2184 mensibus
1446 2146 1523 2182 v11
1563 2129 1729 2199 (230).
1764 2134 1954 2185 Anast.

525 2222 633 2277 683
663 2220 878 2286 Romae,
923 2220 1036 2274 Leo
1074 2218 1390 2283 secundus,
1442 2234 1591 2288 papa
1637 2216 1900 2281 LXXXII,
1952 2217 2103 2271 sedit

459 2310 762 2367 mensibus
785 2309 901 2363 fere
929 2325 1005 2377 xu,
1036 2307 1124 2361 vir
1145 2323 1246 2377 per
1264 2305 1462 2361 omnia
1492 2304 1949 2367 eruditissimus,
1983 2304 2101 2361 elo-

458 2397 885 2470 quentissimus
905 2401 1080 2466 atque
1102 2394 1404 2465 piissimus
1429 2411 1442 2459 ;
1467 2393 1566 2464 qui
1589 2392 1813 2464 aliquot
1832 2392 2104 2449 ecclesias

457 2501 745 2543 renovans
767 2483 1054 2540 dedicavit
1082 2487 1257 2554 atque
1278 2483 1522 2551 ornavit,
1554 2499 1664 2537 sua
1691 2483 1922 2537 decreta
1945 2480 2101 2547 fecit,

460 2579 519 2632 et
537 2573 794 2648 plurima
811 2571 1038 2645 egregie
1062 2572 1317 2643 scripsit,
1349 2570 1547 2626 docuit
1577 2576 1749 2643 atque
1779 2571 2101 2626 constituit.

459 2665 647 2721 Anast.
685 2695 752 2702 ——
783 2662 899 2717 Hoc
931 2677 1085 2716 anno
1129 2677 1240 2715 xv1.
1295 2660 1463 2730 (231),
1508 2659 1602 2716 die
1651 2659 1868 2732 Aprilis
1912 2660 1966 2713 in
1999 2660 2106 2714 Pa-

452 2768 715 2817 rasceve,
740 2755 862 2807 tota
893 2767 1038 2822 pene
1061 2752 1226 2805 nocte
1250 2748 1412 2804 Luna
1433 2747 1674 2819 eclipsin
1699 2765 1892 2820 passa.
1921 2746 2106 2820 ngri-

464 2843 576 2899 dus
607 2858 708 2898 rex
735 2838 1076 2912 Anglorum,
1114 2838 1295 2893 misso
1338 2836 1619 2902 exercitu,
1648 2836 1984 2892 Hiberniam
2015 2836 2106 2891 in-

464 2929 655 2988 sulam
689 2929 817 2984 sine
845 2944 1023 2983 causa
1070 2925 1383 2982 crudeliter
1410 2929 1616 2980 vastat.
1661 2926 1911 2980 Sanctus
1956 2924 2107 2979 Cud-

466 3018 710 3075 berthus
739 3018 856 3084 [al.,
888 3015 1263 3086 Cuthbertus]
1305 3014 1786 3069 Lindufarnensis
1814 3014 1936 3085 [al.,
1973 3013 2107 3068 Lin-

468 3106 877 3176 disfarnensis]
902 3103 1173 3160 Ecclesiae
1190 3104 1499 3175 episcopus
1524 3102 1846 3168 ordinatur,
1862 3103 1960 3174 qui
1979 3102 2107 3173 plu-

467 3196 636 3252 rimis
666 3194 1024 3251 Britanniam
1071 3191 1387 3247 virtutibus
1418 3191 1749 3247 decorabat.
1780 3190 1947 3261 Beda,
1979 3193 2107 3246 hist.

468 3284 628 3355 Angl.

2198 716 2502 784 apparent,
2534 716 2591 768 et
2620 713 2790 768 modo
2819 712 3148 786 Campaniae
3172 713 3409 777 Bobius,
3429 708 3586 766 ultra
3606 709 3850 764 modum

2200 801 2468 857 ﬂammas
2481 799 3806 874 eructans,circumpositaexussit.Paul.Diac.-
3834 829 3852 836 -

2203 891 2266 944 In
2288 890 2605 956 Britannia,
2627 890 2899 961 ngridus
2921 907 3037 959 rex,
3065 906 3222 953 cum,
3242 888 3620 944 dissuadente
3645 890 3852 941 sancto

2201 978 2506 1047 Cudberto,
2541 978 2731 1033 Pictos
2752 979 2984 1032 incaute
3009 977 3157 1034 bello
3180 980 3425 1050 peteret,
3456 976 3528 1031 ab
3550 974 3695 1047 ipsis
3729 974 3852 1029 vic-

2202 1071 2299 1121 tus
2329 1072 2386 1122 et
2417 1071 2754 1138 peremptus
2806 1066 3064 1134 interiit;
3120 1084 3222 1138 pro
3267 1083 3382 1138 quo
3412 1065 3710 1120 Aldfridus
3749 1080 3854 1118 rex

2204 1156 2335 1225 pius
2366 1161 2423 1210 et
2439 1156 2695 1227 prudens
2720 1155 2981 1226 regnavit
3000 1155 3170 1210 annis
3190 1172 3307 1209 xxx.
3338 1155 3501 1220 Beda,
3525 1154 3650 1208 hist.
3680 1153 3847 1222 Angl.

2273 1246 2379 1300 685
2411 1245 2625 1311 Romae,
2686 1248 2817 1316 post
2872 1244 3094 1299 Pascha
3163 1245 3436 1299 defuncto
3514 1243 3851 1303 Benedicto,

2206 1333 2422 1389 exactis
2436 1332 2567 1403 plus
2591 1334 2821 1386 duobus
2844 1333 3329 1400 mensibus,108
3352 1333 3609 1388 Joannes
3632 1334 3678 1383 V
3703 1347 3854 1402 papa

2208 1421 2469 1477 LXXXIV
2494 1420 2643 1475 sedit
2660 1438 2812 1476 anno
2835 1439 2973 1487 uno,
3004 1422 3093 1476 vir
3112 1422 3251 1476 item
3274 1422 3537 1477 eruditus
3555 1427 3615 1475 et
3633 1419 3852 1475 discre-

2206 1516 2342 1578 tus;
2377 1510 2475 1580 qui
2508 1509 2671 1580 prius
2701 1508 3145 1564 archidiaconus
3189 1509 3416 1583 legatus
3454 1509 3510 1564 in
3544 1525 3597 1563 γι
3627 1508 3855 1581 synodo

2209 1598 2539 1672 apostolica:
2569 1598 2726 1652 sedis
2758 1599 2966 1653 fuerat.
3000 1602 3188 1654 Anast.
3221 1630 3289 1638 ——
3321 1595 3852 1669 Constantinopoli,

2208 1687 2589 1743 Constantino
2619 1688 2965 1758 imperatore
3014 1688 3291 1743 defuncto
3323 1686 3480 1742 ﬁlius
3511 1686 3639 1757 ejus
3666 1685 3855 1741 Justi-

2210 1774 2343 1831 nian
2354 1791 2423 1830 us
2446 1776 2708 1848 regnavit
2727 1776 2896 1830 annis
2915 1793 2971 1843 ιι,
2997 1776 3118 1847 qui,
3140 1775 3345 1832 haeresi
3366 1773 3858 1847 pollutus,ortho-

2210 1864 2375 1919 doxis
2407 1863 2517 1919 fuit
2538 1864 2801 1919 infensus
2848 1868 2907 1919 et
2935 1865 3279 1935 pravus.Hic
3307 1865 3481 1919 etiam
3514 1880 3646 1919 cum
3674 1864 3859 1919 Sara—

2209 1952 2392 2021 cenis,
2425 1952 2751 2024 provincias
2799 1952 2996 2024 plures
3045 1953 3506 2021 devastantibus,
3576 1952 3711 2007 data
3762 1951 3857 2007 eis

2210 2039 2397 2096 multa
2423 2040 2688 2113 pecunia,
2710 2057 2909 2112 pacem
2938 2042 2998 2096 in
3020 2042 3369 2098 decennium
3397 2040 3847 2097 condixit.Paul.

2209 2131 2443 2185 Diae.—
2463 2130 2525 2183 In
2550 2129 2868 2201 Britannia,
2901 2130 3270 2207 Luthcre'rex
3298 2130 3747 2202 Cantuariprum
3771 2129 3859 2184 in-

2210 2217 2386 2285 teriit,
2421 2218 2583 2286 Beda,
2617 2218 2741 2273 hist.
2774 2220 2935 2290 Angl.

2279 2308 2385 2362 686
2414 2310 2630 2372 Romae,
2662 2307 2934 2362 defuncto
2952 2307 3199 2376 Joanne,
3231 2311 3363 2379 post
3394 2324 3455 2362 ιιι
3486 2323 3720 2363 menses
3747 2309 3862 2361 Co-

2212 2412 2328 2451 non
2358 2411 2509 2467 papa
2540 2395 2768 2451 LXXXV
2798 2396 3101 2451 ordinatus
3131 2395 3283 2451 sedit
3310 2395 3615 2452 mensibus
3660 2412 3740 2461 x1,
3769 2394 3866 2450 vir

2213 2490 2492 2557 provectae
2509 2484 2968 2550 zetatis,summae
2992 2485 3334 2541 innocentia:
3356 2488 3686 2563 sanctasque
3712 2482 3858 2541 sim-

2213 2573 2493 2646 plicitatis
2519 2590 2532 2641 ;
2568 2573 2688 2643 qui,
2722 2572 3108 2629 dissentiente
3130 2574 3189 2629 in
3215 2576 3467 2630 duorum
3498 2572 3867 2646 presbytero-

2215 2679 2345 2716 rum
2372 2660 2653 2717 electione
2682 2660 2835 2717 clero
2866 2666 2922 2717 et
2954 2662 3190 2735 populo,
3221 2662 3429 2719 tertius
3460 2667 3752 2735 postremo
3784 2661 3863 2718 ab

2216 2750 2481 2821 utrisque
2503 2748 2721 2805 electus
2743 2753 2852 2815 est,
2878 2753 3062 2807 Anast.
3087 2782 3156 2792 —-
3188 2751 3250 2806 In
3269 2750 3587 2816 Britannia,
3617 2754 3865 2807 sanctus

2213 2839 2469 2895 Joannes
2501 2838 2980 2911 Hagustaldensis
3002 2839 3268 2896 Ecclesia
3289 2841 3599 2912 episcopus
3623 2839 3863 2895 ordina-

2216 2932 2313 2983 tus
2343 2927 2547 2982 multis
2578 2927 2787 2983 claruit
2812 2928 3147 2984 virtutibus.
3189 2930 3355 2994 Beda,
3387 2929 3515 2984 hist.
3552 2928 3712 3000 Angl.

2286 3015 2393 3070 687
2409 3020 2622 3080 Romae,
2658 3017 2930 3072 defuncto
2950 3021 3200 3085 Conone,
3222 3019 3439 3074 exactis
3460 3018 3578 3074 fere
3600 3034 3665 3072 ιιι
3695 3033 3863 3072 men-

2218 3104 2404 3174 sibus,
2427 3105 2664 3177 Sergius
2711 3122 2860 3177 papa
2892 3106 3151 3162 LXXXVI
3174 3106 3325 3170 sedit
3349 3106 3522 3162 annis
3539 3123 3663 3168 xm,
3696 3121 3866 3162 men-

2221 3192 2384 3249 sibus
2415 3194 2530 3248 t‘ere
2555 3193 2739 3248 1x.Hic
2762 3194 3507 3265 quoque,dissentientibus
3531 3196 3591 3249 in
3608 3195 3864 3250 duorum

2220 3281 2501 3339 electione
2527 3282 2811 3354 partibus,
2845 3283 3056 3338 tertius
3086 3284 3195 3339 Deo
3242 3282 3467 3341 volente
3489 3282 3704 3339 electus
3731 3287 3827 3338 est
3850 3301 3868 3351 ;

540 3353 642 3428 684
678 3372 896 3437 Romae,
928 3369 1202 3425 defuncto
1235 3368 1699 3435 Leone,cessavit
1736 3368 2111 3440 episcopatus
2140 3353 2184 3420 Ε
2222 3369 2396 3441 quiin
2418 3353 3478 3442 fidecatbolicafortispersecutionem
3505 3370 3578 3426 ab
3598 3373 3870 3442 Augusto

467 3478 621 3518 anno
650 3461 768 3516 fere
798 3477 835 3527 ι,
871 3462 1002 3531 post
1030 3475 1206 3529 quem
1240 3457 1580 3512 Benedictus
1611 3457 1924 3525 secundus,
1961 3474 2111 3529 papa

468 3548 755 3617 LXXXIII,
787 3547 938 3602 sedit
969 3546 1273 3602 mensibus
1290 3563 1349 3611 x,
1371 3545 1459 3599 vir
1483 3545 1710 3611 doctus,
1743 3550 1801 3599 et
1831 3545 2107 3600 omnibus

465 3637 600 3711 pius
619 3642 682 3694 et
701 3636 1014 3703 beneﬁcus,
1038 3633 1311 3690 ecclesias
1344 3637 1682 3688 rcstaurans
1712 3639 1769 3687 et
1797 3649 2105 3702 exornans,

2217 3458 2551 3515 Justiniano
2570 3473 2780 3529 passus
2801 3463 2971 3524 est,et
2989 3458 3264 3515 ecclesias
3286 3458 3505 3515 multas
3520 3458 3870 3526 construxit,

2218 3547 2514 3603 renovavit
2552 3553 2608 3600 et
2636 3546 2934 3602 exornavit
2970 3552 3147 3618 atque
3196 3549 3437 3618 ditavit;
3483 3547 3573 3603 vir
3599 3546 3876 3602 videlicet

2217 3638 2455 3691 sanctus
2468 3635 2812 3691 ctomnibus
2827 3634 2995 3692 bonis
3008 3636 3485 3693 intentus.Anast.
3508 3637 3653 3692 —In
3676 3634 3874 3706 Italia,

1511 3773 1970 3830 COMPENDIUM
2009 3775 2096 3831 EX
2140 3775 2392 3833 CODICE
2428 3775 2804 3832 BERNOLDI.

531 3896 638 3952 680
668 3896 899 3966 Eclipsis
960 3893 1131 3959 lunae,
1191 3900 1242 3947 et
1296 3906 1501 3960 magna
1562 3889 1871 3945 mortalitas
1927 3895 2108 3945 Rom

459 3988 625 4056 facta.
659 3983 862 4055 Agatho
909 3997 1123 4052 papa...
1163 3980 1401 4050 suscepti
1446 3981 1681 4033 sexta...
1738 3979 2105 4049 praefuerunt,

462 4080 516 4130 et
544 4080 760 4129 cunctos
776 4072 1117 4126 haereticos...
1144 4068 1560 4133 damnaverunt,
1580 4076 1630 4122 et
1647 4083 1837 4122 novem
1864 4068 2107 4139 capitula

461 4162 920 4232 conscripserunt,
955 4157 1276 4225 Theodorus,
1308 4161 1442 4225 etc.,
1474 4159 1539 4210 ut
1567 4157 1715 4228 Aug.

532 4250 633 4305 681
669 4246 1138 4317 ConstantinOpoli
1180 4246 1335 4301 serta
1364 4244 1668 4315 synodus...
1699 4245 2104 4315 portendentcs.

458 4340 665 4413 Agatho
691 4352 832 4410 papa
863 4336 1109 4392 decessit.
1143 4351 1236 4389 an.
1281 4349 1404 4403 seq.

531 4428 635 4486 682
666 4428 850 4483 Roma
876 4424 1128 4495 defuncto
1167 4422 1474 4493 Jguthone,
1506 4424 1619 4476 ctc.
1639 4467 1652 4489 ,
1685 4424 1751 4475 ut
1779 4422 1924 4494 Aug.

530 4516 637 4572 683
682 4516 862 4571 Romae
926 4514 1029 4567 Leo
1090 4511 1377 4576 secundus,
1451 4526 1596 4581 papa
1661 4509 1900 4578 LXXXII,
1965 4510 2106 4566 sedit

2286 3893 2391 3948 684
2422 3894 2608 3949 Romae
2637 3893 2960 3963 defuncto...
3016 3910 3228 3950 annum
3272 3896 3391 3967 fere
3429 3911 3669 3950 unum...
3709 3910 3871 3950 men-

2215 3980 2370 4035 sibus
2398 3980 2600 4049 decem,
2626 3982 2715 4035 vir
2763 3982 2898 4036 satis
2949 3981 3267 4038 laudabilis.
3310 3982 3545 4040 Cometa?
3569 3986 3868 4054 apparent.

2287 4070 2392 4124 685
2420 4071 2600 4125 Roma:
2624 4073 2742 4140 post
2772 4070 3052 4125 Pascha...
3085 4071 3222 4126 sedit
3271 4088 3484 4127 annum
3532 4087 3726 4136 unum,
3766 4074 3879 4142 qui

2214 4158 2370 4228 prius
2401 4156 2837 4225 archidiaconus,
2899 4159 3110 4227 legatus
3167 4160 3229 4215 in
3280 4165 3443 4216 sexta
3489 4159 3695 4233 synodo
3722 4160 3878 4216 sedis

2214 4246 2529 4317 apostolicae
2554 4247 2757 4317 fuerat.
2813 4247 3300 4320 Constantinopoli,
3343 4249 3696 4305 Constantino
3726 4249 3872 4320 imp.

2214 4333 2486 4405 defuncto,
2515 4334 2666 4406 ﬁlius
2695 4336 2815 4405 eius
2841 4336 3187 4392 Justinianus
3216 4340 3463 4409 regnavit
3491 4339 3653 4393 annis
3682 4354 3735 4403 x,
3769 4339 3882 4407 qui

2214 4424 2415 4481 hazresi
2449 4423 2712 4495 pollutus,
2746 4423 3061 4481 orthodoxis
3089 4433 3170 4482 est
3194 4428 3442 4498 infestus.
3474 4438 3478 4449 '

2284 4512 2389 4568 686
2418 4513 2602 4568 Romae
2651 4511 2973 4584 defuncto...
3022 4531 3234 4571 menses
3287 4532 3365 4586 χι,
3422 4516 3509 4571 vir
3565 4515 3698 4570 item
3735 4512 3873 4569 lau-

458 4607 632 4678 [erme
687 4602 964 4659 mensibus
1018 4619 1098 4669 χι,
1131 4602 1222 4656 vir
1271 4616 1371 4671 per
1407 4601 1594 4655 omnia
1621 4598 2028 4654 eruditissimus
2058 4604 2107 4655 te
2211 4600 2434 4657 dabitis.
2455 4602 2517 4656 In
2535 4602 2827 4656 Britannia
2854 4607 2913 4658 S.
2944 4604 3183 4659 Joannes
3212 4602 3875 4677 Hagustaldensisepiseo-

453 4694 760 4765 piissimus,
819 4692 917 4762 qui
970 4706 1070 4744 sua
1126 4688 1340 4745 decreta
1389 4689 1538 4759 fecit,
1597 4687 1839 4758 plurima
1883 4690 2107 4760 egregie
2136 4751 2175 4765 ἢ
2207 4706 2314 4763 pus
2343 4690 2526 4745 clarus
2554 4688 2804 4744 habetur.

456 4751 698 4853 scripsit,
732 4751 910 4834 docuit
936 4783 986 4834 et
1041 4779 1340 4833 constituit.
1385 4751 1443 4830 ξς.
1498 4751 1816 4844 Cudbertus,
1868 4751 2102 4832 Lindiu-
2133 4751 2180 4815 D
2207 4751 2224 4763 ⁸
2281 4779 2388 4834 687
2410 4779 2586 4833 Romae
2631 4777 2951 4849 defuncto...
2996 4782 3112 4852 fere
3142 4798 3217 4850 ιχ,
3250 4783 3347 4853 qui
3375 4783 3433 4837 in
3463 4779 3568 4853 ﬁde
3594 4777 3875 4835 catholica

454 4870 732 4941 famensis
764 4868 1021 4923 Ecclesiae
1049 4869 1345 4940 episcopus,
1392 4866 1743 4945 Britanniam
1767 4866 1958 4921 multis
1988 4868 2102 4922 vir-

455 4957 665 5014 tutibus
689 4957 989 5013 decoravit.

2211 4869 2372 4932 fortis
2396 4867 2831 4939 persecutionem
2883 4869 2950 4924 ab
2980 4870 3119 4940 Aug.
3152 4871 3473 4927 Iustiniano
3514 4885 3712 4942 passus
3755 4872 3865 4939 est,

2211 4958 2300 5011 vir
2326 4957 2527 5028 quippe
2554 4958 2770 5012 sanctus
2798 4960 2851 5012 et
2880 4959 3133 5015 omnibus
3159 4960 3314 5016 bonis
3344 4959 3608 5015 intentus.

2055 5082 2102 5133 Ν
2108 5079 2286 5135 ΟΤΔΕ.

548 5198 677 5263 227)
704 5194 940 5251 Scilicet
976 5197 1037 5249 17
1065 5195 1201 5251 .Ιυιι.
1235 5198 1291 5249 et
1322 5196 1383 5248 11
1420 5193 1553 5249 Dec.

549 5270 674 5339 228)
708 5267 901 5339 Legati
934 5266 1232 5339 apostolici
1266 5266 1359 5339 die
1408 5265 1476 5319 10
1522 5264 1671 5339 Nov._
1694 5263 2104 5339 Constantino-

2280 5194 2429 5269 (230)
2462 5195 2674 5267 Pagius
2708 5196 2766 5251 in
2798 5197 2984 5253 Leone
3019 5199 3063 5254 II
3096 5199 3292 5255 sedem
3316 5198 3863 5269 duntaxatiseptem

2214 5266 2517 5343 mensibus
2541 5284 2783 5343 vacasse
2809 5270 3038 5339 probat,
3064 5276 3431 5342 mortemque
3452 5266 3777 5343 Agathonis
3802 5274 3869 5325 et

455 5336 636 5413 polim
659 5336 1072 5421 pervenerunt,
1127 5338 1222 5421 ubi
1251 5338 1379 5406 jam
1411 5336 2101 5421 numerabatui"indictis
2214 5337 2425 5421 Leonis
2457 5339 2502 5421 ρ
2535 5336 2963 5421 ordinationem
2996 5343 3187 5397 eidem
3219 5336 3373 5421 anno
3404 5336 3748 5421 6821111891.

455 5406 534 5478 ix,
560 5406 687 5535 (1321-
705 5411 972 5478 durante,
1005 5409 1114 5465 hoc
1146 5414 1201 5463 et
1223 5412 1499 5479 sequente
1528 5424 1680 5462 anno
1710 5406 1999 5462 celebrata
2014 5412 2102 5463 est

455 5498 736 5535 svno.us.

455 5498 736 5555 synodus.

2282 5408 2428 5480 (23l)
2462 5408 2684 5465 Pascha
2713 5410 2822 5466 hoc
2881 5427 3032 5467 anno
3080 5413 3275 5469 evenit
3304 5413 3398 5470 die
3430 5414 3497 5469 19
3528 5408 3770 5480 Aprilis,
3803 5414 3866 5464 et

2209 5480 2521 5558 Parascevc
2551 5481 2644 5536 die
2668 5483 2734 5536 18
2750 5481 3040 5558 acciderat
3064 5501 3076 5551 ;
3104 5485 3282 5558 igitur
3300 5484 3538 5558 eclipsis
3557 5480 3667 5558 illa
3683 5486 3863 5558 nocte

524 5550 971 5629 (229)__Cap_itula
1001 5550 1178 5629 huius
1235 5547 2009 5629 synodiuexhibet‘babbeus
2040 5550 2097 5605 in
2209 5551 2476 5629 diempll
2497 5557 2777 5629 sequente
2806 5547 3072 5627 contigit,
3119 5547 3459 5629 quanquam
3492 5555 3638 5613 alias
3666 5553 3759 5609 die
3800 5555 3866 5608 I6

454 5622 565 5682 sua
604 5622 960 5690 collectione,
1011 5628 1052 5676 t.
1093 5622 1182 5690 Vl,

453 5694 667 5753 Concil.
690 5692 883 5766 Angl.,
918 5700 960 5748 t.
997 5693 1041 5763 Ι,
1072 5710 1128 5766 p.
1163 5692 1283 5749 108.

1242 5619 1295 5693 ρ’.
1351 5622 1508 5676 1875.
1542 5619 1676 5682 Vid.
1707 5619 2099 5692 Spelmannus
2206 5621 2421 5694 Aprilis
2451 5619 2600 5680 facta
2630 5628 2881 5680 notetur.
