4108 6192
261 332 381 407 149

1474 335 1946 408 CHRONICON.
1979 369 2060 390 —
2088 339 2280 405 SE6.
2326 339 2486 407 VIII.

3550 333 3669 408 150

1630 502 1865 561 CODEX
1898 501 2294 560 AUGIENSIS.

255 628 559 688 defuncta
583 630 916 689 Pertharica
962 647 1097 706 rege
1152 630 1687 704 Langobardorum,
1729 627 1905 685 Cuni-
1934 628 1993 696 Α
2020 628 2171 701 tyrio
2202 628 2479 698 coronati,
2511 634 2568 688 et
2597 629 2811 689 divinis
2832 628 3132 690 miraculis
3148 631 3448 703 declarati,
3472 632 3662 711 aPip-

249 718 457 776 hortus
485 720 645 777 ﬁlius
672 721 801 793 ejus
827 738 925 777 rex
954 724 1252 787 strenuus,
1286 720 1448 775 mitis
1486 723 1545 775 et
1572 720 1781 785 bonus,
1817 733 1905 772 re-

250 811 452 882 gnavit
476 810 651 868 annis
679 828 780 865 xu.
816 810 980 866 Paul.
1015 810 1165 865 Diae.
1196 827 1250 865 a.
1283 810 1409 865 686.

316 927 428 982 688
459 926 801 992 Ceadwald,
843 944 942 983 rex
978 924 1430 982 occidentalium
1468 923 1785 988 Saxonum,
1833 922 1906 977 ad

249 1014 429 1071 ﬁdem
463 1015 679 1071 Christi
705 1019 1290 1082 conversus,Romam
1308 1013 1547 1078 venit,et
1569 1012 1627 1067 in
1650 1011 1906 1067 Sabbato

246 1108 458 1160 sancto
496 1103 733 1159 Pascha:
766 1121 800 1159 a
830 1104 1031 1176 Sergio
1062 1120 1211 1176 papa
1249 1102 1578 1174 baptizatus
1611 1104 1667 1155 et
1700 1100 1907 1154 Petrus

242 1199 514 1263 vocatus,
567 1192 712 1247 inihi
756 1193 814 1247 in
859 1191 1010 1247 albis
1058 1192 1391 1257 defunctus,
1451 1190 1523 1245 ab
1579 1190 1706 1260 ipsa
1757 1205 1908 1260 papa

242 1298 489 1339 summa
510 1282 735 1336 honore
748 1281 1076 1336 tumulatus
1090 1284 1145 1335 et
1157 1280 1451 1351 epitaphio
1466 1280 1774 1334 decoratus
1797 1283 1902 1332 est.

240 1371 375 1427 Bed.
412 1371 549 1424 hist.
575 1372 734 1440 Angl.
755 1387 809 1424 a.
841 1372 913 1424 68
956 1412 969 1424 .
994 1401 1061 1410 —
1097 1371 1157 1424 In
1182 1385 1359 1439 regno
1382 1369 1760 1431 Francorum,
1780 1366 1907 1437 Pip-

241 1460 449 1533 pinus,
470 1458 635 1514 ﬁlius
654 1457 889 1530 Ansgisi
908 1456 1010 1511 filii
1030 1457 1216 1512 sancti
1235 1455 1905 1521 Arnolfi,Theodericum

240 1550 379 1607 109
406 1563 613 1620 regem
644 1545 829 1601 tilium
851 1545 1123 1601 Ludovici
1147 1545 1205 1600 in
1226 1545 1500 1601 Testritia
1522 1560 1721 1616 pugna
1748 1543 1903 1610 vicit,

239 1642 322 1703 et,
374 1640 744 1708 potestatem
795 1634 959 1706 regni
1000 1634 1352 1689 Francorum
1397 1633 1663 1705 adeptus,
1706 1632 1823 1687 dux
1852 1634 1910 1687 et

241 1726 442 1796 major
462 1725 681 1779 domus
712 1722 976 1795 regnavit
1008 1722 1180 1778 annis
1222 1739 1398 1790 xxvn,
1443 1722 1677 1777 interim
1712 1725 1905 1777 tamen

240 1813 569 1877 Ludovico,
600 1811 969 1867 Childeherto
1000 1814 1057 1866 et
1079 1810 1405 1883 Dugoberta
1445 1809 1637 1883 regale
1668 1826 1904 1877 nomen,

239 1920 361 1959 non
412 1900 790 1973 dignitatem,
848 1898 1223 1955 habentibus.
1284 1899 1440 1955 Fred.
1491 1903 1634 1953 cont.
1689 1916 1743 1952 a.
1775 1899 1903 1953 687.

237 1992 453 2057 Annal,
476 1991 602 2045 Hel.

308 2108 426 2162 689
455 2106 626 2163 Circa
650 2103 759 2159 hoc
787 2108 1021 2175 tempus
1049 2103 1110 2158 in
1129 2102 1548 2159 ItaliaAlaehis
1568 2103 1686 2158 dux
1705 2107 1905 2175 tyran-

238 2196 447 2253 nidem
465 2193 708 2259 invasit,
720 2197 800 2260 et,
818 2192 995 2264 Papia
1012 2196 1314 2263 occupata,
1336 2207 1581 2264 regeque
1593 2192 1906 2248 Cuniberto

236 2286 302 2341 in
333 2282 542 2340 insula
561 2281 897 2348 Camarina,
921 2280 1061 2352 quia
1080 2280 1246 2352 capia
1266 2279 1521 2334 militum
1549 2280 1740 2351 impar
1758 2284 1904 2349 erat,

240 2390 307 2430 se
337 2370 808 2437 communiente,
856 2374 1098 2425 cunctos
1134 2372 1187 2425 et
1221 2368 1474 2425 maxime
1505 2368 1744 2425 clericos
1774 2385 1904 2424 eru-

240 2462 393 2518 delis
423 2458 782 2531 insequitur.
818 2458 979 2513 Paul.
1011 2458 1161 2512 Diac.
1185 2474 1279 2511 an.
1311 2457 1438 2511 690.

314 2576 427 2630 690
454 2573 828 2641 Theodorus,
856 2570 1209 2628 venerabilis
1232 2570 1562 2643 Anglorum
1595 2571 1906 2645 archiepis-

249 2681 455 2737 napus,
480 2679 641 2718 anno
674 2662 963 2717 adventus
991 2660 1083 2716 sui
1103 2660 1164 2715 in
1195 2659 1558 2715 Britanniam
1588 2678 1750 2726 χχιιι,
1777 2665 1907 2715 aeta-

242 2754 322 2809 tis
350 2768 490 2808 vero
529 2767 778 2805 uxxvm
809 2748 1089 2816 decessit;
1132 2748 1254 2821 qui,
1297 2748 1451 2805 inter
1488 2748 1602 2819 alia
1631 2749 1802 2818 bona,
1835 2749 1903 2805 li-

244 2842 419 2899 brum
454 2837 917 2913 poenitentialem
938 2854 1152 2911 magna
1170 2838 1520 2894 discretione
1537 2838 1901 2910 conscripsit.

250 2932 420 2994 Beda,
452 2931 593 2984 hist.
626 2928 788 2998 Angl.

312 3037 414 3092 691
436 3034 618 3108 Apud
638 3032 1323 3102 Francos,Theadoricus
1345 3050 1443 3088 rex
1460 3050 1611 3089 anno
1626 3036 1782 3107 regni
1809 3053 1902 3090 x1x

256 3125 509 3181 moritur
534 3141 551 3191 ;
575 3140 680 3194 pro
702 3139 817 3195 qua
839 3120 997 3177 illius
1027 3122 1157 3193 ejus
1184 3121 1512 3178 Ludovicus
1534 3139 1695 3194 puer,
1725 3141 1759 3177 a
1780 3123 1905 3195 Pip-

248 3215 384 3289 pino
414 3218 477 3270 et
530 3212 773 3269 Francis
803 3228 902 3266 rex
932 3210 1056 3267 solo
1098 3211 1335 3265 nomine
1380 3210 1601 3278 factus;
1641 3213 1904 3284 regnavit

250 3305 417 3361 annis
436 3321 483 3359 ιι
515 3302 692 3375 (232).
713 3301 870 3357 Fred.
903 3304 1046 3356 cont.
1077 3300 1281 3355 Annal.
1324 3298 1442 3355 Met.

310 3431 421 3484 692
440 3428 848 3496 Hoctempare
868 3424 1220 3480 Cunihertus
1237 3439 1335 3478 rex
1360 3423 1899 3496 Langobardorum,

252 3521 483 3589 recepto
544 3514 644 3570 Dei
690 3514 881 3586 gratia
932 3529 1131 3586 regna,
1180 3511 1332 3567 votis
1390 3512 1655 3567 omnium
1705 3529 1903 3585 pugna

250 3604 396 3660 victo
452 3609 515 3659 et
564 3607 868 3674 perempta
909 3599 1181 3656 Alaehisa
1230 3605 1498 3672 tyranno,
1550 3605 1747 3671 optata
1777 3602 1903 3656 suis

254 3694 529 3764 deinceps
560 3707 702 3763 pace
731 3690 1010 3761 regnavit.
1055 3689 1218 3745 Paul.
1255 3689 1404 3743 Diae.
1437 3706 1491 3742 a.
1524 3690 1652 3743 690.

316 3809 424 3863 693
452 3806 629 3878 Apud
665 3805 938 3871 Francos,
971 3807 1103 3875 post
1145 3802 1503 3859 Ludovicum
1550 3803 1727 3858 frater
1776 3805 1905 3874 ejus

251 3896 681 3962 Childebertus,
713 3894 867 3964 regis
896 3909 1109 3949 nomen
1141 3892 1411 3964 adeptus,
1448 3892 1710 3965 regnavit
1730 3893 1902 3949 annis

254 4004 388 4042 m1.
423 3985 657 4056 Fredeg.
690 3991 833 4039 cont.
868 4000 920 4038 a.
954 3982 1078 4037 695.
1111 3982 1214 4037 An.
1243 3982 1364 4037 Met.

311 4093 418 4147 694
446 4090 555 4146 His
586 4089 796 4145 diebus
820 4090 937 4144 duo
958 4076 1503 4160 Angli'presbyteri,
1539 4087 1706 4159 niger
1733 4093 1786 4141 et
1818 4088 1900 4142 al-

249 4180 354 4236 bus
384 4177 682 4241 Hewaldi,
716 4178 911 4233 studio
942 4177 1122 4232 divini
1162 4176 1318 4231 verbi
1352 4176 1603 4243 accensi,
1631 4176 1771 4230 dum
1801 4182 1900 4233 Sa-

246 4268 500 4324 xonibus
548 4266 955 4339 prmdiearent,
999 4281 1035 4319 a
1065 4263 1419 4336 quihusdam
1470 4263 1704 4320 rusticis
1746 4281 1900 4319 mar-

2017 717 2154 789 pina
2185 717 2431 774 Colonies
2463 720 2735 777 tumulati
2764 726 2921 778 sunt.
2956 722 3124 791 Beda,
3156 722 3287 779 hist.
3327 724 3488 793 Angl.

2087 813 2097 853 ξ
2122 805 2192 861 95
2212 808 2732 882 Constantinopoli,
2751 810 3120 868 Justinianus
3142 812 3461 885 imperator
3477 813 3659 868 haere-

2014 894 2186 961 ticus,
2238 913 2271 951 a
2314 897 2497 953 Leone
2530 903 2584 953 et
2634 899 2863 955 Tiberio
2900 900 3149 972 aliisque
3188 902 3659 972 conjuratoribus

2015 981 2251 1051 injuriis
2288 986 2551 1053 atl'eetus,
2595 988 2875 1044 abseissis
2926 990 3169 1045 naribus
3210 1008 3386 1063 regno
3424 990 3655 1063 pulsus,

2014 1071 2148 1128 110
2176 1072 2337 1127 exsul
2368 1074 2426 1128 in
2446 1075 2689 1131 Pontum
2714 1078 2975 1143 secessit,
3010 1082 3067 1133 et
3094 1079 3204 1134 Leo
3226 1084 3523 1151 arreptum
3544 1079 3656 1135 im-

2015 1159 2241 1231 perium
2284 1164 2452 1217 annis
2484 1182 2544 1217 ιιι
2578 1164 2849 1221 obtinuit.
2892 1168 3052 1222 Paul.
3104 1169 3258 1223 Diue.
3296 1200 3353 1209 —
3392 1169 3493 1222 Vir
3523 1186 3656 1224 san-

2015 1252 2144 1302 ctus
2174 1248 2589 1307 Willibrordus
2621 1270 2651 1307 ιι
2673 1253 2869 1324 Sergio
2902 1272 3048 1326 papa
3074 1256 3549 1328 archiepiscopus
3571 1274 3656 1311 ar-

2014 1336 2272 1399 diuatus,
2305 1343 2358 1393 et
2391 1338 2659 1395 Clemens
2693 1345 2948 1407 vocatus,
2981 1344 3138 1413 genti
3174 1345 3491 1399 Fresonum
3524 1362 3655 1400 ver-

2016 1424 2153 1478 bum
2214 1424 2342 1480 vitm
2400 1427 2743 1498 praedicans,
2800 1429 3069 1499 plurimis
3120 1431 3294 1486 saluti
3340 1432 3467 1488 fuit.
3524 1435 3652 1490 Bed.

2014 1515 2140 1569 hist.
2174 1515 2331 1585 Angl.
2364 1533 2455 1570 an.
2488 1517 2612 1570 690.
2641 1518 2924 1572 Alcuinus.

2084 1600 2191 1656 696
2240 1604 2302 1658 In
2368 1602 2674 1659 Britannia
2728 1605 3050 1677 provincia,
3076 1607 3657 1667 Nordanumbrorum

2015 1692 2256 1762 quidam
2306 1693 2690 1750 Truthelinus
2734 1711 2971 1767 corpore
3002 1700 3229 1769 raptus,
3263 1701 3317 1754 et
3347 1698 3658 1757 horrendis

2006 1779 2399 1851 jocundisque
2429 1780 2590 1847 visis,
2609 1782 2739 1837 vita:
2770 1783 3052 1848 redditus,
3076 1785 3576 1845 districtissimam
3602 1794 3660 1846 et

2017 1873 2280 1926 sanctam
2331 1868 2605 1941 deinceps
2659 1871 2824 1926 duxit
2872 1873 3071 1928 vitam.
3118 1875 3290 1957 Beda,
3324 1875 3455 1932 hist.
3494 1879 3655 1950 Angl.

1934 1996 1982 2061 Β
2017 1990 2083 1999 -
2114 1959 2230 2014 Hoc
2265 1962 2526 2031 tempore
2571 1959 2809 2031 Sergius
2865 1976 3037 2032 papa.
3074 1962 3316 2019 Domine
3347 1964 3635 2023 revelante

2016 2064 2254 2119 capsam
2297 2064 2432 2102 cum
2476 2047 2739 2120 portione
2794 2048 3107 2105 Daminicce
3169 2053 3361 2109 crucis
3414 2053 3655 2111 invenit.

2013 2138 2200 2193 Anast.
2238 2138 2400 2194 Beda?
2431 2138 2547 2194 chr.

2085 2226 2191 2280 697
2212 2225 2275 2280 In
2298 2225 2621 2295 Britannia,
2656 2230 2895 2281 sanctus
2927 2226 3271 2298 Cudbertus,
3306 2246 3375 2285 ex
3404 2232 3655 2290 anacho-

1976 2350 1981 2357 ε
2014 2317 2136 2369 rcta
2173 2313 2502 2386 episcopus,
2550 2317 2682 2386 post
2720 2313 2938 2371 inultas
2978 2314 3225 2372 virtutes
3266 2318 3537 2391 migravit
3582 2321 3655 2377 ad

2013 2402 2365 2470 Dominum;
2400 2404 2569 2473 cujus
2601 2401 2778 2458 vitam
2810 2402 2965 2458 Beda
2994 2404 3295 2478 presbyter
3314 2410 3368 2462 et
3398 2423 3573 2479 prosa
3603 2412 3660 2466 et

2014 2490 2365 2546 hexametris
2395 2490 2661 2546 versibus
2687 2490 2886 2546 edidit.
2920 2494 3050 2548 Bed.
3084 2493 3199 2549 chr.
3234 2527 3301 2536 —
3336 2497 3463 2569 Ipso
3504 2513 3658 2555 anno

2013 2578 2200 2634 Ostric
2250 2580 2372 2650 [al.,
2424 2578 2675 2653 Ostrida]
2723 2579 2921 2653 regina
2972 2599 3005 2637 a
3051 2582 3177 2640 suis
3216 2589 3518 2658 perempta
3546 2590 3656 2642 est.

2013 2669 2181 2735 Beda,
2214 2667 2341 2724 hist.
2375 2670 2536 2740 Angl.

2081 2758 2186 2812 698
2204 2756 2725 2830 Constantinopoli,
2743 2758 3010 2815 Tiberius
3026 2759 3337 2832 imperium
3352 2761 3654 2832 invadens,

2013 2846 2260 2902 Leonem
2311 2846 2721 2918 imperatorem
2753 2864 2829 2901 vn
2871 2848 3062 2913 annis,
3110 2848 3325 2921 quibus
3370 2849 3495 2923 ipse
3525 2854 3660 2923 post

2011 2934 2170 2989 hunc
2201 2935 2504 3006 regnabat,
2538 2935 2595 2990 in
2621 2952 2847 2991 carcere
2877 2936 3083 2992 tenuit.
3128 2938 3291 2993 Paul.
3322 2939 3473 2995 Diae.

2081 3024 2184 3077 699
2216 3022 2334 3078 Hoc
2364 3027 2624 3095 tempore
2669 3025 2927 3095 synodus
2965 3024 3356 3097 Aquileiensis
3396 3028 3565 3097 facta,
3598 3030 3657 3085 et

2011 3111 2274 3183 quidam,
2308 3112 2409 3183 qui
2440 3111 2750 3167 concilium
2786 3112 3061 3184 quintum
3094 3114 3422 3171 universale
3452 3115 3653 3172 nolue-

2011 3204 2140 3254 rant
2171 3199 2448 3271 recipere,
2480 3217 2513 3255 a
2533 3200 2731 3273 Sergio
2745 3218 2895 3274 papa
2926 3203 3170 3258 correcti
3192 3207 3348 3258 sunt.
3374 3205 3506 3259 Ded.
3532 3205 3648 3259 chr.

2011 3289 2170 3360 Angl.
2204 3306 2294 3345 an.
2328 3289 2453 3343 698.

1931 3364 1974 3430 C
2079 3379 2188 3431 700
2217 3382 2278 3432 In
2314 3376 2863 3444 Italia,Cunibertus
2882 3397 2980 3435 rex
3002 3380 3522 3453 Langobardorum
3544 3383 3655 3439 for-

2009 3468 2085 3522 tis
2116 3470 2173 3521 et
2198 3467 2351 3539 pius,
2386 3467 2643 3522 moriens
2677 3468 2793 3523 tilio
2814 3468 3053 3540 parvulo
3081 3468 3378 3542 Luitperto
3409 3487 3655 3544 regnum

2013 3555 2269 3627 reliquit,
2301 3556 2472 3627 eique
2489 3560 2739 3611 tutorem
2770 3558 3371 3629 Asprendum,virum
3403 3561 3658 3631 pruden-

2011 3648 2129 3700 tem
2150 3648 2209 3700 et
2237 3645 2759 3714 strenuum,dedit;
2783 3646 2883 3701 sed
2916 3650 3049 3717 post
3079 3664 3174 3701 νιιι
3199 3664 3432 3702 menses
3453 3646 3662 3719 Regin-

2011 3735 2211 3789 bertus
2239 3734 2374 3800 dux,
2406 3734 2721 3789 Gotaberti.
2758 3735 2854 3804 [al,
2885 3734 3214 3803 Godeberti]
3247 3735 3472 3789 dudum
3500 3735 3659 3806 regis

2015 3822 2193 3889 ﬁlius,
2246 3822 2545 3893 Luitperto
2592 3839 2725 3877 eum
2768 3822 2893 3877 suis
2936 3838 3135 3894 pugna
3180 3822 3352 3891 victo,
3411 3838 3661 3895 regnum

2013 3910 2123 3967 sibi
2150 3910 2471 3981 usurpavit,
2507 3911 2605 3965 sed
2632 3910 2834 3966 eodem
2859 3926 3011 3965 anno
3044 3913 3313 3965 mortuus
3341 3913 3449 3966 est.
3479 3909 3661 3982 Cujus

2012 3999 2171 4054 filius
2212 3999 2550 4053 Haribertus
2594 3999 2718 4067 [al.,
2758 3997 3078 4069 Aripertus]
3130 4001 3469 4071 susceptum
3504 4015 3661 4071 apa-

2012 4093 2099 4141 tre
2152 4103 2396 4158 regnum
2456 4103 2535 4139 xu
2587 4086 2703 4141 fere
2747 4085 2917 4141 annis
2977 4086 3251 4142 obtinuit.
3313 4086 3421 4151 Qui
3471 4087 3662 4143 denuo

2014 4177 2371 4247 Luitpertum
2412 4191 2547 4229 cum
2598 4175 2723 4230 suis
2765 4191 2963 4247 pugna
3009 4175 3165 4239 vicit,
3218 4175 3458 4249 fugavit,
3511 4175 3663 4249 cepit

2012 4268 2185 4336 atque
2217 4262 2479 4334 peremit.
2514 4264 2675 4318 Paul.
2706 4264 2866 4320 Diae.

1301 4402 1777 4497 COMPENDIUM
1808 4442 1902 4498 EX
1932 4442 2187 4499 CODICE
2226 4439 2608 4495 BERNOLDI.

308 4597 419 4651 688
451 4594 853 4652 Ceadwald....
885 4594 1171 4650 decoratus
1199 4601 1298 4649 est.

312 4685 424 4740 689
476 4686 541 4741 In
586 4684 751 4739 Italia
794 4682 1013 4738 Alachis
1040 4683 1159 4738 dux
1185 4681 1544 4753 tyrannidem
1582 4682 1804 4749 invasit,
1852 4684 1903 4738 et

248 4776 501 4830 maxime
523 4774 751 4829 clericos
779 4773 1106 4842 insequitur.

311 4864 422 4918 690
452 4862 831 4918 Theodorus...
868 4860 1117 4928 decessit,
1168 4861 1267 4932 qui
1309 4860 1518 4915 librum
1546 4859 1899 4931 paenitentia-

256 4952 357 5007 lem
380 4952 523 5006 satis
551 4950 746 5006 utilem
773 4951 1111 5021 conscripsit.

321 5040 429 5093 69-5
463 5040 561 5094 His
589 5038 783 5094 diebus
811 5039 919 5095 duo
949 5039 1113 5109 Angli
1148 5037 1480 5109 presbyteri,
1511 5053 1638 5092 cum
1678 5036 1911 5092 Saroni-

259 5128 353 5183 tms
375 5129 773 5199 praedicarent.
823 5128 1092 5199 martyrio
1134 5128 1381 5182 coronati
1411 5130 1461 5181 et
1489 5126 1785 5181 miraculis
1815 5125 1909 5180 de-

270 5218 492 5288 clarati,
534 5234 571 5272 α
615 5217 850 5289 Pippino
888 5216 1131 5272 Coloniae
1157 5219 1289 5270 sunt
1332 5216 1609 5271 tmnulati.
1643 5212 1907 5269 Bolland.

261 5304 296 5358 3
313 5304 441 5361 Oct.

1930 4597 1977 4661 D
2006 4595 2183 4649 Leone
2210 4599 2261 4647 et
2292 4592 2497 4647 Tiberio
2528 4591 2781 4646 abscissis
2812 4591 3055 4658 naribus,
3083 4606 3246 4661 regno
3265 4590 3526 4660 expulsus
3556 4596 3659 4655 est,

2014 4690 2065 4739 et
2094 4685 2209 4754 ipse
2238 4682 2340 4736 Leo
2369 4696 2598 4752 regnum
2624 4688 2731 4735 tres
2757 4695 2927 4734 annos
2950 4680 3209 4735 obtinuit.
3251 4680 3347 4735 Vir
3388 4678 3446 4733 S.
3488 4678 3667 4735 Willi-

2019 4770 2320 4827 brordus...
2370 4770 2669 4825 Fresonum
2710 4767 3053 4838 praedicans,
3100 4768 3400 4824 virtutibus
3447 4767 3672 4823 claruit.

2018 4859 2154 4915 Vita
2186 4858 2340 4931 apud
2372 4856 2592 4912 Mabill.
2628 4872 2740 4912 sane
2766 4873 2828 4910 ιιι
2853 4856 3067 4912 Bened.
3101 4874 3157 4928 p.
3192 4874 3234 4926 ι,
3266 4874 3320 4928 p.
3355 4857 3483 4911 601.

2088 4934 2444 5017 69686νρίιιε
2479 4961 2690 5017 papa...
2726 4946 2953 5001 invenit.

2087 5036 2195 5090 697
2223 5037 2285 5091 In
2312 5036 2671 5089 Britannia...
2705 5034 2779 5089 ad
2799 5035 3095 5091 Dominum
3118 5043 3240 5107 post
3267 5036 3471 5091 multas
3499 5035 3671 5089 virtu-

2018 5127 2122 5191 tes,
2152 5125 2308 5194 cujus
2338 5125 2507 5178 vilam
2538 5123 2687 5178 Beda
2714 5124 2997 5194 presbyter
3023 5125 3333 5196 descripsit.

2091 5212 2197 5267 698
2229 5211 2722 5281 Constantinopoli,
2753 5216 2885 5277 etc.,
2912 5217 2975 5266 ut
3006 5218 3157 5283 Aug.

2094 5300 2198 5353 699
2246 5301 2353 5355 Hoc
2412 5307 2652 5371 tempore
2707 5299 2951 5370 synodus
3004 5299 3388 5372 Aquileiensis,
3435 5299 3574 5365 etc.,
3605 5298 3671 5350 ut

328 5395 437 5451 695
461 5392 943 5465 Comtantinopoli
975 5392 1326 5450 Justinianus
1356 5393 1491 5463 imp.
1542 5390 1850 5461 haereticus,
1877 5407 1914 5446 a
2020 5390 2172 5461 Aug.

1847 5559 2082 5616 ΝΟΤίΕ.

329 5689 478 5762 (232)
501 5687 1067 5761 Fredegariicontin.
1087 5691 1260 5755 recte,
1278 5686 1448 5745 annis
1471 5685 1897 5746 Ivzobiitenim
1928 5701 2023 5741 an.
2054 5684 2182 5742 695.
