4124 6188
386 321 502 391 181

1190 331 1601 404 HERMANNI
1644 333 2090 403 CONTRAC’I‘I
2132 332 2551 401 AUGIENSIS
2595 332 2977 401 MONACHI.

3671 325 3790 397 109

1754 498 1986 556 GODEX
2021 496 2422 556 AUGIENSIS.

460 610 589 669 111
615 609 715 667 701
738 611 956 681 Romae,
975 613 1246 671 defuncto
1259 616 1852 688 Sergio,JoannesVI,
1879 628 2031 687 papa
2059 617 2113 684 Α
2139 615 2570 687 possessionem
2598 614 2835 687 Alpium
2865 613 3208 684 Cottiarum,
3241 612 3466 670 dudum
3496 628 3532 668 a
3558 610 3788 684 Longo-

391 692 713 767 LXXXVII,
747 701 899 757 sedit
928 701 1099 758 annis
1132 721 1213 760 ιιι.
1238 707 1543 763 mensibus
1576 722 1633 771 ιι,
1666 707 1852 760 Anast.

460 806 569 863 702
601 809 664 862 In
690 807 870 874 Italia,
898 808 988 864 his
1011 810 1380 876 diebus,cum
1404 812 1764 879 Haribertus,
1791 811 2035 883 reliquis

394 894 650 951 inimicis
677 898 845 952 victis
876 902 932 953 et
958 900 1236 966 subactis,
1269 902 1638 972 Asprandum
1664 901 1912 955 infestus
1945 916 2036 956 se-

398 989 691 1056 queretur,
709 985 826 1053 ille,
848 986 1070 1041 viribus
1091 988 1299 1059 impar,
1322 990 1508 1060 primo
1524 990 1875 1051 Ravennam,
1900 988 2037 1043 inde

396 1074 469 1129 ad
498 1074 961 1131 Theodebertum
990 1078 1261 1146 Bajoarize
1285 1079 1493 1133 ducem
1524 1079 1803 1150 confugit,
1838 1079 2037 1149 ibique

395 1179 453 1218 IX
485 1164 655 1219 annis
686 1165 923 1220 mansit.
960 1168 1117 1220 Paul.
1154 1168 1302 1221 Diae.
1340 1168 1377 1221 l.
1412 1185 1489 1230 v1,
1513 1185 1558 1222 e.
1590 1170 1679 1221 22.

462 1270 567 1326 703
600 1271 751 1325 Beda
772 1271 1330 1344 presbyterAnglus,
1358 1273 1445 1327 vir
1461 1274 1686 1339 doctus,
1714 1291 1899 1345 usque
1922 1273 2036 1329 huc

393 1357 681 1413 Chronica
712 1359 956 1414 minoris
982 1359 1116 1413 libri
1136 1361 1228 1433 _De
1247 1362 1634 1432 Temporibus
1658 1363 1804 1432 (233)
1827 1363 2035 1433 perdu-

391 1446 493 1501 xit.
540 1477 604 1485 —
635 1450 753 1500 Hoc
797 1452 1058 1518 tempore
1107 1426 1239 1503 dum
1271 1426 1535 1504 Gisult'us
1576 1426 1693 1504 dux
1732 1426 2035 1505 Beneventi

394 1534 778 1605 Campaniam
817 1540 1074 1591 vastaret
1103 1541 1160 1592 et
1203 1538 1459 1610 captivos
1491 1539 1821 1607 abduceret,
1871 1539 2039 1611 eique

394 1622 598 1678 nullus
637 1623 952 1691 resisteret,
987 1642 1017 1680 a
1048 1625 1270 1681 Joanne
1296 1644 1446 1699 papa
1477 1644 1673 1699 pacem
1706 1628 2039 1701 postulante

395 1711 639 1768 donaria
672 1712 962 1783 accipiens
984 1714 1240 1785 captivos
1257 1716 1510 1771 reddidit
1527 1733 1850 1789 pacemque
1882 1717 2037 1773 fecit.

401 1801 562 1856 Paul.
606 1801 764 1855 Diae.
792 1803 975 1856 Anast.

465 1907 567 1960 701
618 1907 679 1959 In
729 1906 1050 1974 Britannia,
1102 1908 1355 1975 Edilred,
1406 1928 1504 1965 rex
1544 1911 1915 1979 Merciorum,
1947 1930 2039 1968 re-

396 2009 575 2065 gnum
616 2010 787 2049 suum
830 1995 1118 2051 Coenredo
1156 1997 1416 2067 tradidit,
1468 2003 1525 2054 et
1566 1999 1690 2072 ipse
1722 2000 1927 2069 ,I'actus
1956 2005 2042 2056 est
2073 1986 2121 2051 Β

395 2079 739 2137 monachus.
774 2081 939 2148 Beda,
973 2083 1097 2139 hist.
1134 2086 1290 2156 Angl.

461 2190 569 2243 705
598 2189 1119 2261 Constantinopoli,
1153 2192 1524 2249 Justinianus
1562 2194 1899 2266 imperator,
1936 2213 2037 2250 au-

392 2276 531 2334 xilio
552 2275 801 2333 Terbelli
824 2278 976 2351 regis
998 2279 1389 2353 Vulgarorum
1406 2282 1717 2355 imperium
1731 2284 2038 2356 recipiens,

394 2367 644 2423 Leonem
676 2370 732 2421 et
761 2367 1060 2424 Tiberium
1096 2369 1327 2442 imperii
1363 2388 1702 2442 pervasores
1744 2390 1877 2428 cum
1910 2373 2041 2429 aliis

395 2453 600 2512 multis
613 2455 842 2510 occidit.
861 2455 1214 2513 Gallicinum
1236 2457 1634 2532 [Gallinicum]
1650 2460 2039 2533 patriarcbam

394 2548 742 2601 excaecatum
776 2544 1021 2601 Romam
1048 2547 1228 2614 misit,
1250 2553 1303 2603 et
1337 2548 1395 2603 in
1414 2548 1539 2604 loco
1560 2551 1687 2620 ejus
1704 2550 1916 2623 Cyrum
1938 2551 2039 2606 ab-

393 2634 610 2701 batem,
642 2633 740 2705 qui
772 2649 833 2689 se
868 2634 925 2689 in
958 2635 1138 2692 Ponto
1160 2637 1420 2693 exsulem
1454 2638 1697 2707 aluerat,
1732 2639 2036 2711 promovit.

394 2722 474 2778 De
507 2722 611 2779 hoc
644 2723 995 2794 imperatore
1037 2724 1219 2780 fertur
1249 2727 1401 2798 quod
1444 2732 1674 2798 quoties
1714 2728 1786 2782 de
1815 2728 2039 2783 truncis

394 2812 637 2868 naribus
660 2810 1009 2884 profluvium
1041 2815 1295 2885 terserit,
1316 2831 1461 2886 pene
1492 2814 1662 2870 toties
1685 2814 1938 2887 aliquem
1969 2817 2040 2873 de

396 2899 656 2955 inimicis
688 2899 812 2955 suis
835 2902 1043 2973 perimi
1068 2904 1335 2973 jusserit.
1360 2905 1520 2959 Paul.
1546 2906 1697 2959 Diae.
1720 2936 1789 2945 —
1821 2906 2037 2972 Roma,

394 2988 652 3045 Joannes
674 2995 798 3061 VII,
834 3008 981 3066 papa
1006 2992 1342 3057 LXXXVIII,
1371 2993 1521 3048 sedit
1546 2994 1716 3048 annis
1735 3012 1799 3062 ιι,
1830 2995 2043 3051 mensi-

395 3076 508 3134 bus
539 3079 655 3136 fere
685 3099 803 3152 vm,
828 3084 914 3138 vir
934 3082 1220 3137 facundus
1250 3087 1306 3136 et
1335 3082 1621 3138 eruditus.
1653 3083 1846 3139 Anast.
1879 3115 1946 3123 —
1979 3083 2041 3140 In

396 3165 715 3239 Britannia,
733 3172 959 3228 Aldfrid
972 3189 1038 3227 us
1063 3188 1157 3227 rex
1174 3171 1777 3240 Nordanumbrorum,
1799 3172 1887 3227 vir
1909 3173 2041 3246 pius

392 3257 449 3309 et
470 3258 749 3329 prudens,
781 3261 947 3326 obiit,
970 3265 1027 3316 et
1053 3276 1155 3331 pro
1172 3275 1236 3314 eo
1254 3258 1409 3315 ﬁlius
1440 3261 1567 3329 ejus
1591 3261 1845 3318 Osredus
1869 3263 2039 3319 annis

2143 704 2342 760 bardis
2399 709 2630 777 captam
2676 709 2851 777 atque
2890 705 3206 772 detentum,
3260 720 3362 776 per
3418 699 3789 775 privilegium

2143 792 2336 848 aureis
2382 792 2591 848 litteris
2640 793 2925 865 scriptum
2974 798 3175 849 saneto
3234 796 3404 848 Petro
3462 790 3793 863 Joannique

2152 898 2312 953 papae
2344 882 2620 937 reddidit.
2646 882 2805 936 Paul.
2830 883 2983 938 Diae.

2212 970 2319 1023 708
2360 969 2573 1036 Romen,
2626 969 2921 1025 Sisinnius
2956 987 3105 1042 papa
3152 968 3419 1025 LXXXIX
3463 966 3790 1036 ordinatus,

2146 1058 2580 1130 ingravescente
2612 1059 2889 1131 podagra,
2924 1077 2995 1114 xx
3027 1062 3257 1114 tantum
3290 1058 3499 1114 diebus
3524 1056 3790 1129 supervi-

2144 1145 2253 1214 xit;
2279 1150 2411 1218 post
2440 1164 2612 1218 quem
2637 1148 3055 1203 Constantinus
3075 1165 3224 1220 papa
3253 1147 3340 1203 XC
3371 1146 3610 1203 ell‘ectus
3638 1147 3794 1202 sedit

2144 1235 2315 1291 annis
2346 1254 2444 1303 vn,
2479 1236 2686 1291 diebus
2715 1254 2807 1305 xv,
2832 1236 2919 1291 vir
2938 1235 3103 1291 valde
3136 1234 3294 1291 mitis
3316 1240 3373 1291 et
3402 1235 3554 1308 pius,
3582 1239 3638 1305 et,
3658 1252 3791 1290 om-

2146 1323 2322 1380 nibus
2370 1324 2540 1380 bonis
2571 1325 2783 1380 studiis
2824 1326 3083 1380 intentus
3123 1328 3180 1380 et
3210 1323 3457 1380 stabilis.
3504 1325 3691 1380 Anast.
3726 1330 3798 1364 —'

2146 1411 2491 1469 Aldhelmus
2521 1414 2851 1486 episcopus,
2873 1414 2962 1468 vir
2982 1415 3190 1469 doctus
3211 1416 3267 1469 et
3295 1412 3595 1485 eloquens,
3621 1430 3796 1484 prosa

2148 1506 2450 1575 metroque
2482 1502 2724 1569 facetus,
2757 1503 2921 1559 obiit.
2957 1503 3163 1569 Mabill,
3187 1518 3314 1559 δέρε.
3333 1520 3419 1570 ιιι,
3446 1502 3645 1559 Bened.
3671 1520 3727 1575 p.
3752 1520 3793 1569 ι,

2147 1590 2407 1648 Bolland.
2441 1594 2512 1647 25
2539 1591 2689 1647 Maii.

2216 1680 2323 1735 709
2363 1682 2715 1746 Coenredus,
2768 1698 2865 1736 rex
2912 1681 3278 1748 Merciorum,
3329 1685 3387 1736 et
3416 1696 3550 1735 cum
3573 1696 3639 1734 eo
3670 1678 3799 1736 Offa

2149 1766 2346 1841 regius
2371 1770 2628 1840 juvenis,
2663 1769 2821 1825 Illius
2858 1769 3107 1843 Sigiheri
3141 1768 3314 1842 regis,
3348 1767 3563 1824 relictis
3597 1768 3799 1840 regnis

2151 1855 2397 1913 Romam
2429 1858 2692 1923 veniunt,
2729 1857 2926 1929 ibique
2957 1857 3227 1912 monachi
3269 1856 3455 1912 eIlecti
3488 1856 3795 1912 mortalem

2152 1962 2267 2001 non
2305 1945 2484 2001 multo
2516 1950 2647 2018 post
2675 1946 2852 2002 vitam
2886 1945 3186 2001 finierunt.
3216 1945 3343 2002 Bed.
3380 1947 3509 2017 epit.
3543 1976 3610 1986 --
3641 1943 3800 2000 Wil-

2153 2034 2338 2089 fridus
2360 2034 2668 2107 episcopus
2692 2035 3059 2103 venerabilis,
3087 2051 3239 2090 anno
3270 2035 3640 2106 episcopatus
3671 2052 3798 2102 xcv,

2152 2127 2283 2194 post
2312 2122 2518 2179 exsilia
2547 2122 2880 2196 multosque
2910 2122 3140 2180 labores
3171 2123 3334 2187 obiit,
3360 2124 3529 2195 eique
3560 2129 3711 2179 Acca
3741 2122 3801 2178 in

2149 2211 2624 2284 Hagusltaldensi
2641 2213 2983 2286 episcopatu
3006 2212 3802 2283 successit.Beda,hist.Angt.:

2147 2300 2358 2356 Habitl.
2392 2302 2431 2356 ι.
2463 2318 2547 2369 c.;
2579 2302 2828 2358 Bolland.
2861 2302 2931 2357 24
2962 2301 3140 2372 April.

2218 2391 2325 2445 710
2352 2391 2666 2462 Adrianus,
2698 2392 2881 2447 abbas
2905 2388 3274 2456 venerabilis,
3308 2406 3483 2456 anno,
3516 2406 3585 2446 ex
3614 2406 3730 2461 quo
3764 2406 3801 2445 a

2150 2478 2437 2535 Vitaliano
2468 2497 2618 2553 papa
2648 2481 2706 2535 in
2740 2479 3100 2535 Britanniam
3132 2495 3267 2534 cum
3287 2478 3585 2535 Theodoro
3616 2477 3803 2535 archi-

2148 2566 2421 2641 episcopo
2471 2570 2690 2625 missus
2740 2573 2849 2636 est,
2898 2586 2989 2623 xm
3045 2567 3207 2624 obiit.
3257 2567 3665 2625 Childebertus
3697 2585 3800 2625 rex

2148 2656 2525 2723 Francorum,
2572 2657 2727 2713 filius
2759 2657 3127 2723 Theoderici,
3165 2656 3413 2713 moritur
3441 2672 3593 2711 anno
3626 2657 3795 2729 regni

2149 2765 2261 2806 xvu
2289 2764 2303 2814 ;
2337 2762 2439 2819 pro
2471 2764 2589 2818 quo
2619 2747 2983 2819 Dagobertus
3013 2746 3169 2802 ﬁlius
3197 2744 3369 2802 annis
3398 2762 3453 2801 v.
3485 2746 3642 2802 Fred.
3673 2762 3802 2801 eon-

2148 2840 2251 2892 tin.
2285 2837 2485 2891 Annal.
2518 2837 2637 2891 Met.
2671 2852 2763 2890 an.
2795 2852 2905 2906 seq.

2219 2926 2353 2982 113
2381 2925 2480 2979 711
2518 2923 3044 2996 Constantinopoli,
3077 2922 3437 2996 Philippicus
3480 2923 3802 2994 imperator

2151 3016 2340 3070 factus
2385 3013 2784 3069 Justinianum
2845 3014 3256 3084 imperatorem
3302 3012 3534 3081 occidit,
3567 3016 3624 3067 et
3670 3011 3800 3084 ipse

2150 3120 2370 3159 annum
2425 3120 2441 3157 ι
2491 3105 2549 3157 et
2578 3119 2633 3157 γι
2666 3118 2900 3158 menses
2930 3100 3212 3173 regnavit,
3246 3100 3563 3157 catholicos
3605 3116 3801 3174 perae.

2150 3208 2338 3264 quens
2368 3196 2425 3247 et
2456 3190 2741 3246 haereticis
2763 3191 2982 3246 favens.
3017 3191 3148 3246 Bed.
3170 3191 3290 3246 chr.
3330 3189 3495 3246 Paul.
3530 3192 3683 3246 Diae.

2218 3282 2327 3335 712
2383 3280 2724 3336 Haribertus
2783 3298 2881 3336 rex
2941 3280 3457 3352 Longobardorum
3509 3280 3797 3346 moritur;

553 3365 611 3403 x1
641 3351 920 3424 regnavit.
955 3350 1204 3442 sanctus
1238 3349 1420 3404 lleddi
1449 3350 1757 3442 episcopus
1776 3350 2036 3442 occiden-
2072 3348 2115 3415 C
2153 3374 2286 3442 post
2317 3387 2491 3441 quem
2524 3370 2923 3441 Luitprandus
2951 3344 3125 3440 (234'),
3158 3368 3319 3424 ραηι,
3351 3371 3508 3425 Diae,

388 3432 599 3493 talium
650 3442 943 3496 Saxonum
975 3437 1149 3506 obiit;
1175 3455 1278 3511 pro
1311 3455 1425 3509 quo
1466 3438 1667 3494 Daniel
1701 3444 1758 3495 et
1795 3438 2033 3496 Aldhel-

390 3541 529 3583 mus
558 3528 813 3601 episcopi
852 3528 982 3584 facti
1016 3533 1171 3582 sunt.
1207 3527 1375 3592 Beda,
1406 3526 1533 3582 hist.
1565 3528 1724 3599 Angl.

459 3638 565 3692 706
612 3636 867 3692 Joannes
901 3651 1053 3707 papa
1090 3634 1409 3689 oratorium
1464 3637 1676 3688 sanctas
1722 3633 1915 3689 Mariae
1963 3634 2035 3688 ad

390 3730 659 3783 sanctum
687 3725 922 3781 Petrum
954 3722 1277 3779 construxit
1297 3728 1356 3777 et
1380 3721 1627 3787 ornavit,
1660 3728 1717 3776 et
1736 3722 1933 3793 plures
1965 3723 2036 3778 ad

390 3814 665 3873 ecclesias
696 3817 939 3870 ornatus
968 3811 1276 3884 impendit.
1321 3812 1484 3867 Beda?
1512 3810 1629 3865 chr.
1663 3811 1821 3882 Angt.

460 3904 565 3959 707
598 3903 715 3958 Hoc
745 3907 1005 3975 tempore
1027 3901 1368 3957 Haribertus
1401 3917 1501 3956 rex
1524 3900 2037 3972 Langobardorum

2213 3457 2319 3512 7l3
2342 3456 2841 3529 Constantinopoli
2870 3456 3221 3513 Anastasius
3243 3455 3635 3529 Pbilippicum
3656 3473 3800 3513 ocu-

2144 3544 2219 3600 lis
2274 3549 2332 3600 et
2387 3561 2564 3617 regno
2613 3545 2877 3617 privavit,
2923 3549 2980 3601 et
3017 3545 3143 3617 ipse
3176 3546 3350 3602 annis
3399 3562 3463 3601 ιιι
3514 3544 3796 3619 regnavit.

2145 3636 2311 3689 Paul.
2343 3635 2495 3689 Diae.

2214 3724 2321 3777 714
2371 3722 2716 3778 Anastasius
2770 3722 3107 3794 imperator,
3167 3723 3367 3779 missis
3406 3724 3797 3781 Constantino

2146 3828 2307 3883 papae
2340 3811 2574 3879 litteris,
2599 3827 2662 3867 se
2686 3810 2983 3867 catholicis
3003 3811 3136 3868 fidei
3160 3813 3445 3868 fautorem
3462 3812 3795 3869 declaravit.

2147 3900 2278 3956 Bed.
2322 3900 2435 3956 chr.
2472 3931 2540 3940 —
2571 3899 2856 3972 Pippinus
2894 3900 3056 3957 ﬁlius
3101 3900 3361 3974 Ansgisi,
3395 3916 3576 3975 nepos
3610 3901 3802 3960 sanati

1436 4039 1910 4096 COMPENDIUM
1949 4040 2043 4096 EX
2081 4040 2335 4097 CODICE
2375 4039 2754 4096 BERNOLDI.

462 4156 564 4209 701
601 4156 785 4211 Romae
813 4155 1085 4226 defuncto,
1113 4160 1246 4222 etc.,
1281 4160 1346 4210 ut
1372 4158 1518 4227 Aug.

461 4244 568 4299 703
602 4243 809 4299 Beda...
839 4244 1119 4314 perduxit.
1151 4246 1263 4299 Hoc
1309 4247 1613 4315 tempore...
1663 4246 1903 4316 captiuos
1945 4244 2039 4299 ab-

391 4333 629 4397 duceret,
677 4349 715 4388 a
760 4334 969 4388 Joanne
993 4349 1138 4403 papa
1165 4348 1356 4403 pacem
1384 4333 1691 4403 postulante
1721 4334 1863 4388 dona
1893 4335 2042 4388 acci-

390 4422 547 4493 piens
576 4420 815 4492 captivos
844 4419 1110 4475 reddidit.

460 4511 565 4564 704
604 4511 667 4565 In
704 4510 1001 4565 Britannia
1048 4509 1279 4565 Edilred
1320 4525 1418 4564 rem
1467 4510 1810 4577 Merciorum,
1844 4510 2034 4566 relicto

389 4615 554 4672 regno
581 4598 913 4654 monachum
939 4614 995 4653 se
1022 4600 1170 4667 fecit.

458 4689 565 4742 705
605 4686 1133 4759 ConstantinOpoti...
1183 4689 1329 4754 regis
1366 4687 1797 4757 Bulgarorum...
1841 4702 2033 4758 perva-

2217 4158 2325 4211 708
2357 4157 2538 4213 Βοιηέε
2565 4156 2876 4211 Sisinius...
2908 4155 3098 4212 diebus
3127 4173 3220 4212 xv.

2217 4244 2323 4299 709
2356 4245 2657 4301 Coenretlus
2680 4262 2845 4301 rex...
2877 4262 2989 4300 non
3013 4245 3188 4302 multo
3213 4252 3334 4318 post
3365 4245 3635 4302 obierunt.
3678 4246 3810 4301 Wil-

2145 4333 2328 4405 fridus
2401 4333 2700 4404 Anglorum
2755 4336 3032 4406 episcopus
3100 4335 3260 4405 obiit,
3319 4337 3411 4391 eui
3479 4335 3616 4391 Acca
3671 4351 3805 4390 sue—

2149 4424 2326 4479 cessit.

2214 4511 2323 4565 710
2352 4510 2630 4567 Adrianus
2659 4510 2893 4567 abbas...
2944 4511 3095 4566 obiit.
3126 4511 3190 4566 In
3228 4510 3361 4567 Vita
3397 4512 3457 4567 S.
3489 4511 3805 4568 Theodori.

2147 4615 2278 4655 saec.
2329 4614 2390 4664 ιι,
2441 4600 2653 4655 Bened.
2693 4632 2763 4640 —
2793 4599 3139 4656 Hildebertus
3176 4616 3276 4656 rex
3304 4602 3639 4657 Francorum
3665 4601 3808 4657 obiit

2142 4703 2242 4760 pro
2261 4703 2367 4760 quo
2397 4689 2725 4757 Dagobertus
2753 4690 2919 4744 annis
2949 4690 3209 4761 quinque.

387 4791 531 4832 seres
562 4778 778 4831 occidit.
813 4776 1145 4831 Gatlicinum
1174 4776 1621 4849 patriareham...
1652 4778 1856 4847 quoties
1879 4793 1913 4831 a
1941 4776 2036 4832 de-
2064 4798 2110 4863 Ι)
2220 4778 2316 4832 711
2361 4777 2895 4850 Constantinopoli...
2946 4778 3167 4849 favens;
3201 4778 3345 4834 unde
3387 4784 3443 4835 et
3467 4794 3504 4836 a
3530 4781 3804 4837 Constan-

392 4866 655 4920 truncatis
684 4867 911 4920 naribus
931 4867 1245 4936 profuvium
1276 4868 1509 4931 terserit,
1542 4866 1695 4920 toties
1723 4866 2028 4936 aliquem...

382 4953 630 5025 jusserit.
654 4954 837 5009 Roma:
863 4955 1164 5009 Joannes...
1190 4963 1241 5009 et
1257 4955 1528 5010 eruditus.
1564 4954 1620 5008 S.
1644 4955 1819 5010 Heddi
1837 4956 2034 5026 episco-

386 5058 492 5114 pus
518 5042 777 5112 migravit
806 5042 874 5096 ad
904 5043 1219 5100 Dominum.
1259 5044 1391 5099 Vita
1412 5044 1565 5115 apud
1579 5041 1796 5099 Mabill.
1831 5061 1940 5099 saec
1970 5062 2034 5099 ιιι

393 5130 629 5196 Bened.,
665 5146 719 5201 p.
754 5145 794 5193 ι,
826 5132 882 5184 et
916 5129 1180 5185 Bolland.
1212 5132 1247 5185 7
1277 5131 1395 5185 Jul.

460 5222 567 5275 706
598 5219 651 5274 S.
678 5220 912 5275 Joannes
955 5235 1166 5291 papa...
1203 5223 1509 5276 construxit
1542 5224 1593 5275 et
1622 5221 1824 5277 multas
1869 5224 2033 5278 ecete-

392 5311 505 5366 sias
529 5310 765 5364 ornavit.

463 5399 569 5451 707
599 5400 705 5453 Hoc
734 5406 974 5471 tempore
1006 5398 1346 5469 Haribertus,
1380 5402 1512 5466 etc.,
1546 5401 1611 5453 ut
1638 5399 1785 5469 Aug.

2143 4868 2257 4921 tino
2283 4881 2428 4937 papa
2449 4865 2987 4934 anathematizatur;
3017 4872 3369 4939 quapropter,
3401 4869 3560 4939 regni
3584 4868 3805 4940 princi-

2142 4956 2301 5026 pibus
2328 4971 2450 5010 eum
2498 4971 2594 5024 pro
2640 4952 3110 5012 excommunicato
3150 4956 3535 5023 devitantzbus,
3585 4957 3801 5027 regium

2144 5045 2397 5100 diadema
2423 5045 2690 5105 deponere
2716 5042 3090 5115 compellitur.

2212 5134 2321 5187 712
2350 5133 2690 5198 Haribertus,
2715 5137 2854 5200 etc.,
2884 5138 2951 5188 ut
2978 5138 3125 5206 Aug.

2212 5221 2315 5277 7H
2358 5221 2743 5277 Anastasius...
2784 5238 2842 5277 se
2870 5220 3201 5278 catholicum
3248 5222 3578 5280 declaravit.
3618 5224 3808 5295 Pippi-

2144 5326 2314 5365 nus...
2340 5312 2569 5366 Carolus
2599 5312 2851 5381 regnavit
2882 5312 3046 5366 annis
3076 5328 3251 5369 xxvn.

1979 5494 2211 5550 NOT/E.

467 5608 617 5753 ἷ233)
648 5609 749 5664 Est
778 5611 905 5680 ejus
937 5611 1085 5666 liber
1115 5613 1186 5667 De
1211 5609 1539 5679 temporibus
1561 5607 1899 5679 inscriptus.

490 5680 621 5752 234)
649 5682 729 5736 Ex
749 5682 927 5738 Paulo
962 5686 1209 5739 Diacono
1242 5681 1542 5737 Hariberto
1576 5680 1899 5735 successus

490 5680 621 5752 234)
649 5682 729 5736 Ex
749 5682 927 5738 Paulo
962 5686 1209 5739 Diacono
1242 5681 1542 5737 Hariberto
1576 5680 2041 5737 successit.Ans-

2158 5606 2439 5736 Erandus,
2471 5610 2529 5661 et
2562 5606 2700 5661 huic
2732 5606 2936 5663 eodem
2968 5625 3121 5665 anno
3168 5611 3441 5669 defuncto
3476 5611 3633 5668 illius
3672 5611 3808 5685 ejus

2205 5678 2576 5736 uitnrandus.

2205 5678 2576 5751 uitprandns.
