4124 6188
257 313 380 381 £83

1463 319 1933 403 GHRONICON.
1964 352 2042 368 —
2069 319 2261 387 SEO.
2307 321 2468 388 VIII.

3550 332 3669 398 154

1656 482 1895 543 ΟΘΒΕΧ
1942 480 2345 543 AUGIENSIS.

259 574 512 643 Arnold,
524 575 712 651 major
726 579 940 638 domus
957 584 1016 639 et
1030 582 1150 640 dux
1163 584 1515 644 Francorum
1526 631 1541 656 ,
1568 604 1723 645 anno
1748 588 1912 661 regni
1940 582 1996 649 Α

256 682 419 724 mu
447 666 753 741 obiit(235)
779 687 793 737 ;
817 686 921 742 pro
951 689 1067 744 quo
1091 673 1393 747 ﬁliusejus
1423 677 1683 745 Carolus,
1714 693 1783 734 ex
1811 695 1911 734 su-

258 757 549 829 perducta
578 774 756 813 uxore
783 761 937 829 (236)
963 761 1245 834 Alpheide
1279 770 1475 833 natus,
1509 772 1713 827 regnat
1742 768 1916 824 annis

259 861 439 900 xxvn.
466 847 677 902 Annal.
709 848 868 903 Fuld.
901 881 970 891 —-
1002 852 1198 906 Romae
1228 852 1503 910 defuncto
1535 856 1913 912 Constantino

260 949 418 1008 papa
455 935 771 1009 Gregorius
791 940 1010 994 secund
1020 957 1087 996 us
1108 941 1261 996 sedit
1276 958 1461 999 annos
1481 962 1575 1012 xv,
1596 961 1827 1003 menses
1858 963 1916 1003 1x

259 1026 440 1097 (237).
473 1026 659 1081 Anast.

331 1114 708 1171 745.Carolus
730 1132 763 1171 e
778 1118 1131 1185 custodia,in
1145 1136 1320 1191 quam
1339 1138 1471 1179 eum
1489 1123 1812 1183 Plectrudis
1825 1127 1914 1183 vi-

258 1203 377 1258 dua
409 1204 598 1274 patris
628 1204 721 1259 sui
753 1208 1104 1277 cunjecerat,
1136 1209 1331 1265 divino
1363 1211 1577 1269 auxilio
1608 1213 1913 1284 liberatus,

260 1297 470 1347 contra
500 1292 852 1364 Radpodum
876 1295 1195 1352 Fresonum
1218 1314 1413 1369 regem
1430 1316 1564 1357 cum
1589 1302 1681 1358 sui
1700 1304 1917 1361 damno

255 1382 554 1436 exercitus
584 1386 829 1454 pugnat.
859 1383 1059 1439 Annal.
1090 1386 1252 1442 Fuld.
1278 1386 1334 1442 h.
1366 1392 1417 1444 et
1443 1405 1554 1462 seq.
1587 1408 1641 1446 a.
1689 1422 1755 1433 -—
1805 1394 1917 1449 Da~

254 1470 545 1542 gobertus
592 1471 796 1541 junior
834 1471 994 1529 ﬁlius
1024 1474 1380 1532 Childeberti
1429 1493 1527 1534 rex
1563 1478 1916 1537 Francorum

254 1559 556 1627 moritur;
588 1575 695 1631 pro
723 1575 840 1630 quo
872 1560 1253 1634 Chilpericus,
1292 1566 1397 1637 qui
1424 1572 1481 1621 et
1512 1568 1711 1625 Daniel
1744 1571 1913 1642 (238).

254 1647 418 1704 ﬁed.
452 1652 601 1704 cont.
647 1650 861 1705 Annal.
894 1650 1014 1707 Met.

326 1739 508 1793 114.
532 1738 646 1791 7m
673 1738 964 1810 Egbertus
992 1740 1080 1794 vir
1109 1748 1372 1811 sanctus,
1406 1746 1641 1803 natione
1672 1749 1913 1822 Anglus,

261 1826 415 1881 inter
470 1824 595 1881 alia
622 1825 779 1882 bona
808 1842 936 1895 sua,
968 1829 1172 1886 Scotos
1202 1830 1461 1903 legitime
1509 1836 1732 1893 Pascha
1775 1840 1915 1896 cele-

2094 587 2199 644 748
2236 589 2756 665 Constantinopoli.
2778 592 2888 649 Leo
2910 590 3228 665 imperator
3244 609 3430 651 annos
3461 612 3517 651 1x
3544 611 3671 671 rege

2023 680 2217 748 navit;
2264 681 2435 752 cujus
2464 686 2726 754 tempore
2764 681 3090 749 Sarraceni,
3145 682 3247 755 qui
3286 685 3412 755 jam
3450 683 3669 742 multas

2024 777 2397 844 pervaserant
2415 772 2760 843 provincias,
2788 772 3040 828 triennio
3060 772 3265 829 urbem
3294 771 3482 845 ipsam
3513 774 3668 830 obsi-

2024 863 2248 928 dentes,
2293 862 2488 919 divino
2521 864 2757 918 tandem
2801 862 3016 918 auxilio
3048 862 3223 927 fame,
3276 869 3457 935 peste,
3520 863 3671 919 ferro
3735 934 3741 939 Ι

2029 951 2451 1022 naufragioque
2495 950 2877 1021 repelluntur.
2924 952 3083 1007 Paul.
3144 953 3321 1017 Diac.,
3365 954 3442 1008 al.
3478 971 3511 1007 a
3539 954 3666 1008 717.

2024 1070 2094 1081 -—
2114 1039 2375 1105 Carolus,
2401 1040 2650 1111 receptis
2673 1057 2707 1095 a
2722 1040 3023 1095 Plectrude
3040 1041 3226 1112 patris
3238 1041 3330 1096 sui
3348 1041 3667 1109 thesauris,

2025 1128 2386 1185 Clotharium
2404 1130 2718 1200 quemdam
2737 1129 2846 1185 sibi
2868 1145 3062 1201 regem
3082 1130 3389 1186 constituit
3406 1133 3576 1201 (240),
3592 1138 3668 1197 et,

2025 1218 2172 1272 inita
2204 1234 2436 1273 rursum
2462 1234 2681 1290 pugna,
2726 1218 3118 1289 Chilpericum
3141 1224 3197 1273 et
3227 1219 3665 1291 Reginfredum,

2027 1324 2145 1363 una
2174 1324 2306 1362 cum
2341 1308 2577 1362 Eudone
2606 1308 2755 1362 duce
2783 1307 3112 1378 Aquitaniae
3159 1306 3442 1364 auxilium
3473 1308 3558 1364 eis
3590 1309 3671 1365 fe-

2028 1399 2208 1463 rente,
2231 1396 2415 1451 victos
2431 1396 2669 1466 fugavit.
2695 1396 2850 1451 Fred.
2882 1399 3026 1451 cont.
3058 1396 3258 1451 Annal.
3279 1397 3438 1452 Fuld.
3458 1414 3511 1452 a.
3537 1400 3664 1453 717.

2097 1487 2249 1541 “5
2280 1487 2387 1540 719
2416 1484 2778 1556 Chilpericus
2811 1484 2882 1539 ab
2914 1485 3171 1550 Eudone,
3215 1486 3286 1540 ad
3319 1502 3497 1557 quem
3527 1503 3667 1542 con-

2027 1575 2275 1647 fugerat,
2308 1573 2510 1630 Carolo
2531 1573 2859 1644 reposcenti
2881 1573 3165 1639 redditus,
3191 1578 3249 1629 et
3264 1574 3554 1631 Clotarius
3575 1592 3672 1631 rex

2026 1668 2296 1721 mortuus
2324 1667 2430 1719 est.
2465 1664 2665 1718 Annal.
2706 1663 2886 1717 Fuld.-
2916 1664 3036 1718 Met.
3088 1680 3182 1718 an.
3232 1663 3339 1718 719
3365 1672 3417 1719 et
3444 1664 3571 1720 720.
3603 1694 3673 1705 ~—

2025 1753 2276 1809 Sanctus
2306 1750 2659 1819 Bonifacius,
2688 1768 2721 1806 a
2751 1751 3027 1822 Gregorio
3064 1768 3214 1822 papa
3244 1751 3558 1823 Moguntina
3580 1769 3672 1808 ar-

2024 1840 2435 1911 chiepiscopus
2454 1839 2758 1895 ordinatus
2782 1839 2959 1909 (241),
2981 1838 3188 1893 multis
3201 1840 3434 1910 populis
3455 1844 3514 1895 et
3532 1857 3671 1912 geu-

456 1915 685 2013 dpcuit.
913 1918 1033 2013 chr.
1066 1949 1136 1959 —
1165 1921 1692 1997 Constantinopoli,
1726 1929 1913 1986 Theo-
1946 1948 1994 2013 Β
2025 1929 2184 1986 tibus
2214 1930 2388 1984 verbo
2418 1932 2477 1984 et
2505 1926 2769 1998 exemplo
2801 1926 3036 1997 profuit.
3070 1928 3271 1981 Annal.
3304 1928 3463 1982 Fuld.

255 2003 463 2061 dosius
493 2004 821 2077 imperator
840 2005 1031 2062 factus
1052 2024 1276 2064 annum
1297 2027 1484 2068 unum
1508 2017 1788 2087 regnavit,
1813 2020 1914 2089 qui

254 2092 642 2150 Anastasium
673 2092 1107 2165 imperatorem,
1149 2114 1349 2170 pugna
1387 2100 1626 2173 victum,
1673 2106 1916 2180 presby-

254 2186 453 2239 terum
484 2182 753 2238 ordinari
786 2182 940 2239 fecit.
963 2186 1123 2241 Paul.
1156 2188 1311 2244 Diae.
1336 2219 1403 2231 --
1424 2191 1789 2264 Chilpericus
1820 2213 1918 2252 rex

255 2276 313 2327 et
339 2271 733 2344 Reginfridus
771 2272 897 2344 [al.,
922 2274 1328 2346 Raginfredus]
1370 2282 1558 2350 major
1584 2283 1797 2340 domus
1829 2302 1909 2341 re-

254 2361 463 2432 giones
493 2360 703 2417 Rheno
732 2362 1038 2435 contiguas
1069 2369 1386 2434 vastantes,
1418 2385 1452 2423 a
1480 2368 1791 2428 Plectrude
1826 2375 1915 2430 vi-

256 2449 373 2505 dua
403 2447 644 2521 Pippini
669 2450 1019 2507 muneribus
1048 2460 1386 2514 avocantur.
1418 2459 1623 2514 Annal.
1655 2462 1815 2517 Fuld.
1850 2495 1916 2506 -—

260 2538 432 2609 Apud
472 2536 722 2609 Anglos,
774 2539 955 2595 Orsed
1001 2540 1588 2603 Nordanumbrorum
1632 2566 1730 2605 rex
1759 2568 1916 2608 anno

256 2626 424 2699 regni
450 2644 513 2681 x1
542 2627 843 2683 occubuit.
874 2628 1047 2696 Beda,
1077 2631 1206 2687 hist.
1239 2633 1400 2705 Angl.

324 2715 431 2771 717
467 2715 689 2782 Romae,
721 2716 945 2773 Tiberis
974 2734 1156 2791 supra
1173 2723 1416 2779 modum
1448 2724 1744 2784 inundans
1770 2730 1919 2785 mul-

263 2809 323 2861 ta
352 2804 652 2861 subvertit
676 2805 943 2861 edificia.
968 2809 1131 2863 Paul.
1157 2810 1310 2866 Diae.
1340 2842 1408 2854 --
1428 2814 1673 2872 Carolus
1691 2816 1918 2891 Chilpe-

260 2892 452 2950 ricnm
474 2898 539 2949 et
569 2893 991 2966 Reginfredum
1021 2899 1178 2969 apud
1229 2898 1566 2958 Vinciacum
1618 2907 1918 2965 Dominica

263 2981 603 3039 Palmarum
633 2982 783 3055 (239)
807 3000 1005 3057 pugna
1032 2987 1215 3044 victos
1237 2988 1482 3062 fugavit.
1513 2993 1718 3049 Annal.
1756 2998 1911 3053 Fuld.

261 3101 327 3118 σ-ο
353 3072 477 3129 Hoc
516 3077 783 3144 tempore
811 3073 1162 3142 Winfridus,
1195 3078 1299 3150 qui
1336 3083 1395 3134 et
1437 3086 1638 3151 postea
1680 3085 1917 3142 Bonifa-

263 3159 404 3227 cius,
438 3174 657 3232 genere
698 3160 940 3233 Anglos,
991 3162 1315 3222 Germania:
1361 3169 1636 3240 gentibus
1672 3174 1916 3230 verbum

266 3246 473 3303 salutis
505 3248 786 3320 praedicat
813 3252 1162 3310 auctoritate
1186 3253 1451 3328 Gregorii
1486 3274 1669 3331 papae.
1710 3262 1911 3320 Annal.

264 3336 427 3392 Puld.
463 3336 684 3393 0thlon.
725 3339 855 3408 Pag.
878 3356 933 3394 a.
958 3339 1090 3396 716.

2095 2019 2203 2074 720
2226 2019 2454 2073 Mortuo
2485 2015 2826 2087 Chilperico,
2860 2015 3256 2070 Theodericus
3304 2015 3462 2070 filius
3498 2016 3673 2087 Dago-

2025 2108 2173 2164 berti
2226 2124 2325 2162 rex
2374 2124 2408 2161 a
2455 2104 2657 2161 Carolo
2678 2103 3074 2159 constituitur.
3132 2104 3333 2158 Annal.
3387 2105 3549 2159 Fuld.
3604 2137 3671 2145 -

2026 2198 2277 2254 Sanctus
2299 2195 2636 2259 Othmarus,
2656 2193 2813 2249 cellae
2844 2192 3031 2248 sancti
3055 2191 3202 2247 Galli
3226 2192 3453 2263 primus
3483 2194 3665 2250 abbas

2025 2285 2402 2347 constitutus,
2426 2281 2806 2339 cmnobialem
2838 2280 2982 2336 inibi
3002 2279 3182 2337 vitam
3206 2280 3481 2348 instituit,
3513 2286 3572 2338 et
3598 2301 3671 2338 xx.

2027 2391 2129 2447 per
2159 2390 2345 2429 annos
2385 2370 2662 2428 nobiliter
2706 2369 2870 2427 rexit.
2902 2369 3274 2441 IIepidannus.
3336 2370 3560 2441 Walafr.
3612 2371 3672 2426 in

2032 2465 2170 2521 Vita.

2096 2553 2191 2610 721
2232 2552 2474 2608 Carolus
2519 2551 2658 2605 item
2688 2549 3108 2620 Reginfredum
3149 2547 3304 2614 vicit,
3353 2549 3677 2621 Andegavis

2031 2644 2236 2699 urbem
2282 2641 2337 2696 vi
2383 2639 2554 2711 cepit,
2603 2642 2860 2694 Saxones
2910 2636 3060 2693 bello
3113 2636 3429 2708 superavit.
3469 2639 3671 2694 Annal.

2026 2731 2187 2785 Fultl.
2243 2746 2278 2784 a
2319 2729 2447 2782 721i.
2498 2758 2565 2769 --
2606 2730 2853 2781 Sanctus
2894 2725 3152 2780 Joannes
3192 2723 3676 2795 Hagustaldensis

2025 2819 2337 2893 episcopus
2360 2816 2521 2873 obiit.
2553 2817 2722 2871 Beda.

2093 2911 2202 2962 722
2226 2906 2464 2963 Carolus
2483 2902 2891 2960 Alamanniam
2922 2907 2979 2958 et
3011 2901 3338 2973 Bajoariam
3362 2901 3546 2957 armis
3573 2919 3672 2957 su—

2025 2997 2203 3071 begit.
2237 2997 2338 3051 An.
2370 2994 2525 3050 Fuld.
2549 3010 2603 3047 a.
2635 2993 2761 3048 725.

2095 3088 2202 3142 723
2230 3082 2540 3140 Alamanni
2572 3085 2629 3135 et
2656 3079 2908 3152 Bajoraii
2952 3079 3091 3134 item
3131 3078 3334 3135 Carolo
3368 3077 3671 3135 rebellant.

2025 3178 2110 3233 An
2137 3174 2272 3231 Fuld
2298 3171 2474 3228 .Fred.
2507 3187 2562 3225 a.
2592 3172 2698 3225 728
2726 3176 2777 3224 et
2805 3170 2931 3224 730.

2096 3264 2202 3320 724
2248 3260 2491 3316 Carolus
2519 3257 2767 3313 transito
2808 3256 3003 3327 Ligere
3033 3254 3411 3326 Aquitaniam
3447 3257 3669 3321 vastat;

1947 3312 1989 3379 Ο
2028 3312 2560 3410 Ειίᾱ-οέιθῖῐῑάίλξέω
2586 3361 2784 3417 pugna
2811 3312 3028 3400 victum
3062 3312 3244 3415 fugat.
3282 3343 3484 3398 Annal.
3513 3312 3668 3399 Fuld:

1286 3470 1760 3533 COMPENDIUM
1818 3479 1909 3535 EX
1963 3479 2215 3538 CODICE
2260 3472 2640 3531 BERNOLDI.

330 3553 481 3650 (71$)
513 3559 722 3630 Romae,
750 3560 1004 3650 defuncto
1031 3564 1388 3623 Constantino
1421 3584 1588 3641 papa,
1621 3570 1912 3642 Gregorius
2016 3576 2227 3650 profuit
2254 3571 2431 3630 verbis
2462 3577 2512 3626 et
2539 3568 2824 3640 exemplis.

262 3648 547 3715 mundus,
575 3665 720 3721 papa
733 3649 863 3722 XCI,
885 3651 1024 3708 sedit
1044 3670 1218 3710 annos
1237 3670 1331 3722 xv,
1347 3672 1555 3715 menses
1575 3677 1653 3726 1x,
1682 3665 1781 3733 qui
1801 3680 1918 3720 xvu

262 3738 508 3811 capitula
536 3741 881 3811 conscripsit.
912 3741 1270 3813 Dagobertus,
1300 3747 1398 3817 qui
1413 3754 1466 3802 et
1496 3750 1707 3805 Daniel.

324 3824 436 3884 716
478 3827 745 3899 Egbertus
788 3830 879 3885 vir
915 3834 1156 3904 sanctus,
1198 3835 1430 3891 natione
1462 3837 1685 3908 Anglus,
1734 3843 1918 3897 Scotos

264 3914 516 3986 legitime
558 3917 773 3974 Pascha
817 3918 1089 3978 celebrare
1131 3920 1335 3981 docuit.
1378 3924 1913 4002 Constantinopoli...

261 4004 522 4061 ordinari
546 4007 697 4077 fecit.

319 4095 431 4150 717
462 4095 721 4151 Romae...
749 4096 983 4169 aediﬁcia
1014 4099 1292 4157 subvertit.
1334 4107 1450 4158 Hoc
1492 4111 1734 4177 tempore
1768 4108 1914 4164 Win—

256 4183 461 4252 fridus,
496 4184 600 4254 qui
617 4191 668 4239 et
689 4184 1071 4257 Bonifacius...
1108 4189 1357 4262 Gregorii
1373 4208 1557 4265 papae.

323 4272 434 4328 718
489 4270 962 4347 Constantinopoli
992 4280 1099 4335 Leo
1136 4281 1269 4352 imp.
1329 4284 1494 4338 annis
1536 4302 1592 4339 1x
1634 4289 1916 4357 regnavit;

256 4361 414 4432 cujus
453 4364 796 4433 temporibus
842 4366 1142 4424 Sarraceni
1195 4369 1720 4449 Constantinopolim
1774 4376 1915 4432 obsi-

258 4449 442 4506 dentes
482 4452 753 4521 triennio,
800 4454 1022 4511 tandem
1066 4456 1253 4515 divino
1300 4461 1515 4532 auxilio
1546 4465 1715 4533 fame,
1742 4462 1914 4537 peste,

259 4542 403 4608 ferro
433 4540 806 4611 repelluntur.

326 4626 437 4684 719
486 4624 548 4685 S.
579 4628 967 4702 Bonifacius...
997 4634 1390 4707 Moguntiaci...
1425 4640 1617 4696 multis
1644 4642 1913 4712 gentibus.

2095 3666 2202 3720 720
2249 3663 2454 3719 Mortuo
2505 3658 2875 3730 Chilperico...
2930 3654 3300 3711 constituitur.
3342 3654 3398 3710 S.
3459 3654 3673 3711 0thma-

2023 3771 2141 3822 rus,
2172 3753 2320 3809 cella:
2358 3750 2414 3806 S.
2450 3748 2594 3805 Galli
2615 3748 2831 3820 primus
2851 3744 3017 3801 abbas
3043 3744 3388 3813 constitutus,
3408 3759 3481 3797 xx.
3497 3758 3671 3799 annos

2025 3844 2171 3901 rexit
2181 3886 2193 3899 .

2095 3932 2195 3987 721
2234 3928 2526 3985 Carolus...
2558 3926 2616 3980 vi
2642 3923 2799 3995 cepit.
2830 3925 2889 3978 S.
2921 3923 3175 3985 Joannes,
3211 3923 3344 3986 etc.,
3378 3923 3443 3974 ut
3483 3919 3630 3993 Aug.

2096 4021 2207 4076 722
2232 4017 2459 4073 Carolus
2492 4013 2879 4070 Alemanniam
2906 4014 2958 4066 et
2980 4011 3299 4082 Bajoariam
3324 4009 3558 4079 subegit.

2095 4109 2200 4165 723
2229 4109 2336 4163 Hoc
2364 4113 2603 4175 tempore
2637 4117 2832 4174 corpus
2872 4099 2926 4156 S.
2975 4099 3276 4171 Augustini
3304 4098 3370 4154 de
3406 4097 3671 4155 Sardinia

2026 4199 2270 4254 Ticinum
2289 4212 2325 4251 a
2354 4192 2689 4265 Luitprando
2711 4190 3039 4247 translatum
3065 4191 3162 4244 est.
3196 4188 3333 4243 Bed.
3367 4187 3489 4243 chr.

2092 4287 2200 4341 724
2248 4284 2472 4341 Carolus
2522 4282 2761 4338 transito
2805 4281 2990 4351 Ligeri
3048 4278 3417 4350 Aquitaniam
3464 4278 3666 4332 vastat.

2025 4376 2080 4432 S.
2109 4374 2417 4431 Pirminius
2446 4374 2496 4427 et
2524 4371 2954 4442 chorepiscopus,
2987 4385 3023 4424 a
3082 4366 3273 4423 Carolo
3315 4366 3501 4438 Augiaa
3521 4367 3673 4422 insu-

2024 4466 2097 4523 lae
2120 4466 2432 4537 praefectus,
2476 4463 2748 4532 serpentes
2787 4458 2916 4514 inde
2951 4457 3187 4528 fugavit,
3214 4463 3267 4511 et
3313 4455 3671 4512 caenobialem
3714 4471 3725 4475 '

2022 4556 2193 4615 vitam
2222 4553 2302 4609 ibi
2322 4551 2566 4608 instituit
2594 4563 2741 4604 anno
2772 4547 2951 4605 tertio.

1868 4740 2101 4798 NOTIE.

462 4821 639 4908 illoc
670 4842 824 4883 anno
855 4844 889 4884 a
918 4828 1120 4908 Carolo
1148 4832 1434 4908 _Mart_ello
1464 4835 1772 4908 incipiunt
1802 4839 1916 4893 An-
1949 4844 1994 4908 D

302 4818 485 4947 aE235)
516 4821 639 4880 Hoc
670 4842 824 4883 anno
855 4844 889 4884 a
918 4828 1120 4886 Carolo
1148 4832 1434 4915 .Martello
1462 4835 1772 4917 incipiunt
1802 4839 1916 4893 An-

265 4894 803 4985 nntesgii‘uldenses,
834 4900 989 4985 unde
1005 4901 1225 4985 plurim
1270 4904 1504 4985 ahausit
1526 4907 1916 4985 Hermannus,

271 4964 483 5051 quibus
514 4964 838 5051 speretiam
867 4964 1086 5051 patritae
1099 4979 1268 5048 gesta
1296 4975 1521 5047 inserit,
1557 4979 1743 5036 multa
1773 4964 1916 5051 quo:

304 5051 375 5101 ne
405 5052 479 5092 ex
519 5040 889 5112 Hepidanno‘,
930 5045 1030 5117 qui
1070 5040 1273 5104 b'reves
1319 5066 1459 5106 suos
1490 5040 1746 5109 Annales
1768 5040 1839 5108 ab
1861 5071 1914 5110 a.

304 5107 371 5162 (Β
389 5108 640 5166 orditur.

504 5181 804 5271 ‘Pippinus
834 5185 993 5271 circa
1019 5188 1234 5271 a._688,
1262 5191 1918 5271 pepudiata_Plectrude

264 5255 534 5374 1lfgitima
574 5256 844 5329 conjuge,
895 5255 1510 5332 Alpaidem'duierat.
1569 5265 1724 5323 Fred.
1772 5270 1914 5323 cont.

319 5321 691 5399 abilLAnnal.
718 5327 758 5382 ι.
789 5344 932 5399 xvn,
959 5347 1008 5386 c.
1037 5332 1127 5388 70.
1162 5384 1172 5391 .

268 5392 485 5481 “172737)
511 5392 1171 5481 .Constantinu'smnno
1227 5409 1505 5481 sequente
1565 5407 1729 5475 obiit,
1800 5424 1918 5481 quo

268 5464 439 5536 etiam
464 5464 602 5536 ejus
627 5480 871 5526 mortem
907 5472 1082 5529 refert
1112 5464 1381 5534 Bernold.

339 5535 484 5623 (238)
502 5535 700 5623 ’Fi‘liu's
730 5542 781 5623 is
814 5548 941 5623 erat
970 5545 1274 5623 Childerici
1300 5549 1585 5623 regisan.
1606 5551 1714 5606 672
1742 5551 1918 5607 occisi

272 5600 715 5744 in‘goteagéirio
744 5600 1917 5691 interimidelitescensflllabill:accf-1i:

314 5719 327 5730 Ι
357 5719 415 5748 ιι,
446 5719 494 5735 ι,
525 5719 653 5738 υυΊο

2096 4837 2243 4911 (239)
2297 4839 2518 4911 Pugna_
2550 4828 3172 4911 haec‘ex‘Fredegarii
3234 4827 3672 4911 continuatig-ne

2025 4902 2276 4980 contigit
2319 4902 2766 4980 dieuDominica
2808 4903 2865 4958 in
2908 4902 3355 4980 ngdragesimti,
3394 4917 3495 4980 _xu
3549 4902 3671 4956 Kal.

2038 4971 2226 5054 April:
2250 4995 2378 5054 quae
2408 4976 2507 5054 illo
2539 4991 2828 5054 annonon
2841 4979 2970 5054 erat
2989 4972 3289 5030 Dominica
3313 4971 3671 5041 Palmarum,

2026 5046 2131 5127 θέα
2165 5046 2484 5127 Passionis.
2520 5046 2939 5127 Annal._Pelav.
3041 5116 3053 5127 .
3100 5119 3110 5127 _
3190 5116 3201 5127 .

2097 5124 2244 5251 (240)
2276 5123 2395 5178 Hoc
2417 5136 2570 5176 anno
2592 5119 2699 5173 717
2729 5117 2970 5200 factum,
3001 5116 3245 5200 victoria
3287 5131 3420 5170 vero
3469 5116 3673 5194 contra

2024 5196 2094 5252 Hi
2123 5210 2381 5267 pericum
2404 5209 2456 5247 a.
2479 5189 3073 5267 7‘l9,_Cl‘otar1us‘ver9
3096 5188 3189 5267 hic
3210 5203 3277 5241 ex
3297 5185 3604 5267 Dagobprtn
3622 5183 3671 5237 II

2027 5255 2211 5339 stirpe
2229 5266 2561 5339 prognatus
2588 5255 2820 5339 dicitur.
2866 5260 2993 5339 Vid.
3027 5259 3279 5339 Breviar.
3316 5255 3434 5327 reg.
3467 5255 3668 5339 Frapc.

2098 5325 2257 5410 (2‘40‘
2276 5325 2897 5410 Ordinationemjiano
2929 5329 3304 5410 Mabillonius
3335 5325 3507 5407 etiam}
3537 5325 3675 5407 rne-

2027 5406 2158 5465 ned.
2193 5406 2452 5481 p'.d11,g_ad
2484 5406 2857 5481 δεηηυζῐιηὶ.Δ
2880 5406 3140 5468 revocat;
3164 5406 3672 5481 verum-exipsius

2027 5467 2585 5554 Gregorii'litteris,
2653 5475 3110 5554 indictipnemvr
3148 5470 3322 5554 datis,
3380 5467 3564 5541 liquet
3613 5468 3671 5523 id

2026 5541 2181 5609 anno
2204 5552 2309 5608 723
2341 5541 2736 5612 factumesse,
2770 5563 2834 5601 ac
2858 5541 3221 5620 Bonifacium
3252 5545 3391 5597 tunc
3422 5557 3538 5597 non
3570 5556 3673 5620 pro

2027 5622 2372 5697 Moguntina
2411 5620 2682 5697 Ecclesia,
2720 5610 2838 5697 ’ξε-(1
2888 5615 3065 5697 veluti
3132 5613 3474 5697 episcopum
3527 5610 3672 5668 nulli

2029 5687 2221 5754 adhuc
2252 5694 2378 5753 sedi
2409 5693 2708 5752 addictum
2728 5690 2910 5746 fuisse
2940 5687 3300 5745 ordinatum.
