4124 6188
312 324 427 393 {=57

1500 326 1974 398 CHRONICON.
2020 358 2101 379 --
2142 328 2333 396 SJEO.
2380 329 2539 396 VIII.

3600 334 3716 398 158

1688 528 1919 586 CODEX
1957 528 2362 588 AUGIENSIS.

312 665 507 723 odium
536 660 725 721 Caroli
754 662 816 720 in
847 663 1127 722 Uraniam
1159 664 1307 737 (348)
1356 662 1673 738 relegatus,
1733 664 1835 720 sed
1865 680 1962 720 eo-
1993 666 2047 732 Α
2144 664 2246 719 741
2282 664 2476 719 Romae
2505 616 2816 721 Zacharias
2845 681 2997 738 papa
3027 664 3180 722 sedit
3206 681 3392 721 annos
3438 683 3495 722 x.
3546 684 3710 725 men-

316 756 443 813 dem
473 770 648 822 anno,
684 753 856 827 pulso
888 752 1320 821 Theodcbaldo,
1356 771 1389 808 a
1413 753 1615 809 Carolo
1652 752 1963 809 restitutus

311 851 419 902 est.

379 935 486 990 733
512 933 812 990 Evercitus
843 933 1298 989 Sarracenorum
1330 932 1401 987 de
1427 932 1721 1004 llispaniis
1745 931 1964 987 Narbo-

314 1039 453 1078 nam
480 1022 923 1094 superveniens,
955 1039 989 1077 a
1029 1020 1232 1077 Carolo
1279 1021 1597 1077 commissa
1646 1036 1844 1092 pugna
1890 1021 1963 1076 ad

316 1113 769 1168 internecionem
802 1111 1047 1167 deletur.
1082 1111 1225 1167 Ann.
1258 1112 1453 1165 Franc.
1488 1127 1541 1164 a.
1573 1111 1700 1164 737.

380 1202 487 1256 734
518 1198 823 1256 Sarraceni
849 1200 987 1256 item
1018 1217 1053 1254 a
1082 1198 1284 1254 Carolo
1317 1216 1515 1271 pugna
1561 1198 1698 1253 victi
1733 1196 1964 1269 fugien-

310 1294 518 1361 tesque
542 1287 854 1361 naufragio
886 1288 1203 1360 perierunt.
1238 1293 1390 1342 Ann.
1423 1288 1628 1343 Franc.
1657 1304 1711 1341 a.
1742 1285 1870 1340 739.
1898 1316 1966 1325 ——

309 1378 509 1450 Augize
542 1378 646 1432 Eto
678 1378 829 1448 (249)
861 1376 1044 1431 abbas
1075 1380 1210 1447 post
1248 1392 1326 1432 vn
1367 1392 1552 1430 annos
1583 1375 1802 1430 Kebam
1829 1390 1966 1430 suc-

310 1480 608 1521 sessorem
639 1463 1000 1535 relinquens,
1025 1464 1150 1535 ipse
1184 1463 1514 1535 Argentina:
1555 1461 1819 1519 Ecclesiae
1844 1461 1964 1534 epi-

314 1571 534 1627 scopus
565 1571 601 1610 a
639 1551 844 1609 Carolo
894 1555 1219 1624 promotus,
1278 1568 1395 1608 non
1448 1551 1619 1625 longe
1678 1556 1814 1624 post
1872 1551 1965 1607 sui

311 1641 596 1711 nominis,
626 1641 688 1696 id
717 1645 827 1707 est,
859 1640 1184 1696 Ethenhein
1215 1640 1363 1713 (250)
1413 1641 1746 1697 caanobium
1795 1656 1963 1696 cons-

310 1731 520 1788 truxit.
682 1744 689 1749 “
1438 1742 1439 1747 ‘

379 1820 493 1874 735
520 1817 762 1875 Carolus
791 1818 953 1885 item,
983 1817 1152 1874 victis
1185 1821 1242 1873 et
1289 1817 1551 1890 protritis
1608 1818 1963 1885 Sarracenis,

314 1925 450 1965 cum
483 1907 680 1980 praeda
708 1906 1367 1980 magnaIetcaptivorum
1395 1905 1767 1961 multitudine
1784 1906 1967 1961 victor

313 1997 646 2054 revertitur.
676 1998 819 2051 Ann.
845 1998 1044 2051 Franc.
1076 2013 1130 2050 a.
1160 1996 1288 2050 739.

382 2086 497 2143 736
524 2084 768 2141 Carolus
823 2083 1043 2140 Gothos
1080 2083 1268 2155 petiit,
1321 2087 1379 2139 et
1422 2081 1736 2139 nonnullas
1796 2084 1968 2139 urbes

317 2191 524 2232 eorum
552 2180 616 2230 et
644 2172 888 2229 castella
915 2172 1156 2228 diruens
1185 2171 1369 2228 victor
1400 2171 1593 2227 rediit.
1623 2172 1967 2228 Ann.Franc.

318 2280 369 2320 α.
399 2265 533 2319 737.
566 2294 635 2304 ——
662 2262 971 2318 Audoinus
1019 2260 1166 2335 (251)
1200 2260 1509 2333 episcopus
1556 2259 1719 2316 obiit.
1774 2260 1971 2333 Augizn

319 2352 602 2409 defuncto
630 2354 765 2423 post
793 2369 836 2406 ιι
865 2366 1052 2406 annos
1076 2350 1256 2419 Keba,
1281 2349 1599 2405 Ernfredus
1625 2349 1969 2415 monachus,

315 2440 523 2514 Augiae
553 2440 737 2496 abbas
765 2441 824 2495 et
850 2438 1202 2494 Constantia:
1232 2438 1544 2510 episcopus
1579 2436 1789 2506 factus,
1822 2454 1967 2510 prae-

317 2531 433 2586 fuit
464 2529 640 2586 annis
667 2546 723 2584 ι.

386 2620 499 2675 737
528 2616 770 2674 Carolus
800 2632 1047 2674 saxones
1070 2616 1253 2673 victos
1285 2614 1626 2673 tributarios
1658 2616 1971 2674 facit.Ann.

323 2709 487 2765 Fuld.
512 2708 730 2764 latens.
763 2724 816 2762 a.
847 2707 974 2763 738.

394 2798 553 2853 119
584 2796 695 2852 738
723 2794 963 2851 Carolus
992 2794 1350 2867 provinciam
1373 2797 1578 2867 petens
1600 2794 1975 2850 Maurontum

320 2886 564 2953 ducem,
600 2885 702 2957 qui
733 2884 1085 2941 Sarracenos
1129 2883 1491 2950 invitaverat,
1536 2870 1789 2956 fugavit.
1830 2884 1972 2939 Ann.

320 2975 483 3030 Fuld.
517 2991 571 3029 a.
603 2974 728 3029 739.

394 3063 508 3119 739
535 3060 776 3118 Carolus
807 3065 989 3117 totam
1024 3060 1384 3117 Provinciam
1416 3078 1536 3118 sua:
1566 3061 1806 3133 subjicit
1833 3061 1978 3116 ditio

328 3152 413 3209 ni.
443 3157 592 3209 Ann.
627 3152 785 3206 Fubl.
807 3152 1007 3207 Νίκων,

392 3242 505 3297 740
526 3238 717 3295 Victis
746 3238 1208 3310 circumquaque
1240 3238 1533 3306 hostibus,
1564 3255 1679 3311 pax
1722 3242 1779 3294 et
1809 3238 1978 3311 quies

321 3346 510 3405 regno
536 3330 892 3386 Francorum
917 3345 1021 3401 per
1047 3328 1319 3385 Carolum
1348 3328 1522 3385 facta.
1553 3330 1698 3384 Ann.
1728 3327 1886 3384 Fuld.

1998 2036 2046 2100 B

2072 768 2166 809 ses
2198 770 2273 808 1v.
2305 753 2491 809 Anast.
2524 784 2590 794 —-
2624 752 2862 809 Carolus
2894 759 3026 826 post
3065 754 3251 810 multa
3283 755 3509 811 fortiter
3566 757 3717 813 facta

2072 844 2321 899 moritur
2347 842 2640 908 Canisiaci,
2673 848 2727 898 et
2754 844 2905 913 apud
2940 844 3219 898 Sanctum
3256 844 3599 917 Dionysium
3632 862 3717 901 se-

2072 930 2319 1003 pelitur;
2369 949 2471 1004 pro
2524 948 2640 1002 quo
2686 930 2788 985 lilii
2836 932 2986 1002 ejus,
3038 932 3221 988 diviso
3268 934 3419 988 inter
3447 950 3508 989 se
3542 951 3716 1007 regno

2073 1020 2427 1075 Francorum
2454 1038 2467 1087 ;
2494 1021 2745 1090 majores
2767 1020 2980 1075 domus
2999 1022 3719 1092 praefueruntﬁarloman-

2073 1127 2187 1165 nus
2210 1110 2383 1165 annis
2412 1128 2489 1176 v1,
2522 1109 2825 1181 Pippimus
2855 1111 3024 1165 annis
3055 1128 3108 1164 x.
3159 1111 3301 1166 Ann.
3356 1113 3510 1167 Fuld.
3556 1115 3713 1168 Fred.

2072 1207 2211 1254 cont.
2236 1215 2282 1252 c.
2314 1199 2434 1252 110.

2143 1288 2251 1340 7.2
2279 1285 2699 1341 Carlomanuus
2730 1292 2785 1340 et
2817 1286 3097 1358 Pippinus
3149 1287 3425 1344 rebellare
3474 1289 3716 1345 molien-

2074 1381 2193 1430 tem
2229 1375 2561 1429 Hunaldum
2594 1375 2914 1444 Aquitaniae
2947 1381 3002 1430 et
3048 1377 3519 1432 Themiebaldum
3570 1380 3712 1435 Sue-

2076 1463 2176 1519 viae
2208 1464 2413 1519 ducem
2447 1464 2711 1518 celeriter
2740 1464 3157 1535 comprimunt.
3192 1466 3332 1519 Ann.
3365 1466 3520 1521 Fuld.

2143 1554 2250 1607 743
2286 1553 2400 1623 Ipsi
2435 1553 2611 1608 duces
2641 1552 2943 1607 (Milonem
2996 1553 3279 1621 Bajoariaa
3328 1554 3558 1623 ducem,
3613 1556 3722 1611 sibi

2075 1642 2476 1708 rebellantem,
2511 1640 2709 1714 preelio
2739 1641 2999 1696 vincunt.
3038 1650 3187 1697 Ann.
3221 1643 3377 1698 Fuld.

2145 1731 2251 1785 744
2282 1730 2705 1787 Carlomannus
2744 1746 2879 1785 cum
2900 1729 3144 1786 Odilone
3165 1731 3315 1787 duce
3338 1749 3537 1803 pacem
3562 1733 3716 1789 fecit.

2078 1819 2366 1875 Fuldense
2397 1819 2726 1874 ccenobium
2782 1820 2840 1873 in
2904 1818 3054 1874 saltu
3101 1820 3391 1875 Bochonia
3445 1838 3479 1876 a
3525 1827 3725 1877 sancto

2075 1908 2371 1964 Bonifacio
2402 1907 2836 1979 archiepiscopo
2870 1907 3173 1963 fundatum
3199 1912 3289 1963 est
3314 1910 3417 1963 An.
3461 1910 3617 1965 Fuld.

2145 1998 2252 2052 745
2280 1996 2701 2052 Carlomannus
2733 2013 2866 2051 cum
2900 1998 3078 2051 fratre
3104 1996 3411 2052 Saxoniam
3437 1997 3723 2053 rebellan-

2076 2087 2195 2141 tem
2217 2084 2482 2139 vastavit.
2517 2083 2840 2154 Hoseburg.
2873 2083 3023 2154 (252)
3054 2088 3313 2139 castrum
3361 2084 3540 2155 cepit.
3580 2085 3723 2140 Ann.

2076 2174 2233 2229 Fuld.
2267 2174 2342 2229 al.
2372 2174 2499 2228 743.

2148 2263 2256 2318 746
2285 2260 2709 2317 Carlomannus
2764 2258 3122 2315 Alamannos
3178 2260 3391 2316 iterum
3449 2260 3729 2317 rebellare

2081 2354 2358 2408 conantes
2388 2349 2741 2423 comprimit.
2776 2350 2976 2404 Annal.
3011 2348 3167 2404 Fuld.
3198 2366 3252 2404 a.
3284 2351 3409 2405 745.
3462 2379 3530 2390 -
3578 2351 3728 2406 San-

2081 2445 2212 2497 ctus
2243 2438 2594 2507 Bonifacius,
2614 2442 2911 2494 annuente
2940 2437 3350 2510 Carlomanno,
3383 2439 3729 2495 auctoritate

2083 2528 2369 2586 Zachariae
2401 2545 2562 2600 papae
2592 2528 2741 2582 duos
2784 2526 2840 2581 in
2882 2526 3157 2599 parochia
3201 2544 3311 2582 sua
3354 2528 3729 2600 episcopatus

2083 2617 2238 2674 facit.
2272 2616 2807 2689 Wirziburgensem
2836 2615 3081 2684 scilibet,
3123 2615 3217 2671 cui
3261 2621 3531 2672 sanctum
3582 2618 3726 2672 Bur-

2083 2707 2389 2773 chardum,
2420 2710 2478 2762 et
2505 2705 2928 2771 Eichstensem,
2975 2705 3069 2759 cui
3120 2710 3392 2760 sanctum
3450 2704 3729 2761 Wilibal-

2084 2797 2225 2851 dum
2257 2793 2772 2867 comprovinciales
2802 2794 2958 2849 120
2989 2809 3128 2848 suos
3171 2794 3393 2865 primos
3423 2793 3726 2866 episcopos

2083 2883 2374 2941 ordinavit
2403 2883 2552 2955 (253)
2581 2883 2723 2938 Ann.
2756 2882 2910 2937 Fuld.
2946 2913 3012 2923 -—
3055 2882 3334 2939 Sidonius
3369 2883 3565 2956 Augize
3599 2900 3726 2939 mo-

2084 2973 2328 3039 nachus,
2361 2972 2602 3043 quintus
2633 2970 2684 3025 ei
2714 2970 2839 3026 loco
2870 2970 3072 3025 abbas.
3105 2972 3570 3044 Constantique
3599 2972 3724 3043 spi-

2086 3078 2299 3132 scopus
2332 3062 2537 3126 factus,
2576 3058 2802 3131 praefuit
2830 3058 3000 3114 annis
3029 3076 3125 3114 xm
3158 3061 3339 3131 (255);
3373 3060 3496 3132 qui,
3519 3060 3726 3115 cella'n

2086 3165 2320 3222 quoque
2349 3146 2534 3204 sancti
2562 3146 2709 3202 Galli
2752 3147 3040 3215 ambiens,
3095 3147 3316 3218 iniquis
3363 3148 3731 3222 principibus

2085 3220 2144 3294 in
2185 3220 2564 3293 damnatione
2612 3235 2799 3291 sancti
2837 3234 3102 3292 Othmari
3152 3236 3381 3292 abbatis
3414 3220 3729 3292 consensit.

2088 3327 2278 3400 Hepid.

1384 3479 1851 3537 COMPENDIUM
1889 3480 1978 3536 EX
2017 3478 2266 3536 CODICE
2304 3479 2676 3533 BERNULDI.

397 3611 505 3666 733
537 3610 767 3665 Carolus
794 3610 1099 3664 exercitum
1125 3608 1637 3665 Sarracenorumde
1692 3610 1982 3682 Hispaniis
2011 3612 2055 3678 ρ
2161 3608 2267 3665 737
2299 3608 2525 3664 Carolus
2550 3608 2797 3662 Saxones
2828 3608 2991 3663 victos
3018 3608 3149 3677 fecit
3179 3606 3519 3661 tributarios.

320 3700 639 3756 venientem
663 3698 886 3754 delevit.
920 3697 1187 3754 Roderic.
1219 3697 1359 3754 hist.
1389 3698 1564 3754 Arab.
1598 3714 1650 3753 a.
1668 3699 1797 3753 732.

395 3789 511 3843 734
564 3787 755 3858 Augiz
817 3788 915 3842 Eto
971 3786 1139 3842 abbas
1187 3787 1388 3844 Kebam
1426 3802 1779 3843 successorem
1810 3788 1981 3843 relin-

322 3892 528 3951 quens,
586 3877 704 3948 ipse
759 3876 1106 3947 Argentorali
1168 3877 1446 3948 episcopus
1496 3880 1801 3948 promotus,
1874 3892 1987 3932 non

323 3966 497 4034 longe
550 3966 672 4036 post
727 3964 816 4020 sui
870 3964 1114 4020 nominis
1170 3964 1449 4020 Elinheim
1485 3965 1791 4021 ctenobium
1835 3981 1989 4021 cons-

478 4056 535 4110 Et.

478 4059 535 4110 ,ε’

319 4059 510 4200 M73315
542 4140 774 4197 Carolus
800 4143 932 4196 item
959 4140 1148 4197 deletis
1171 4140 1465 4197 Saracenis
1494 4143 1663 4197 victor
1692 4142 1876 4197 rediit.

388 4231 507 4286 736
538 4229 766 4286 Carolus
795 4228 987 4286 Gothos
1015 4232 1197 4302 petiit,
1229 4238 1279 4286 et
1309 4229 1436 4285 inde
1466 4231 1637 4286 victor
1663 4230 1846 4286 rediit.
1880 4236 1988 4287 Au-

313 4318 530 4375 doinus
558 4317 840 4388 episcopus
868 4316 1228 4387 obiit.Augiw
1247 4315 1498 4388 defuncto
1513 4322 1638 4388 post
1664 4318 1795 4373 duos
1813 4335 1985 4373 annos

314 4407 493 4475 Keba,
511 4404 819 4475 Ernfridus
846 4405 1044 4475 Augiae
1069 4405 1239 4462 abbas
1265 4408 1318 4462 et
1348 4405 1682 4464 Constantia?
1710 4408 1987 4479 episcopus

314 4497 574 4569 eﬂ‘ectas,
614 4493 797 4551 decem
826 4496 991 4550 annis
1016 4496 1271 4567 praefuit.

2161 3698 2268 3754 739
2289 3697 2535 3767 Carolus,
2566 3700 2697 3763 etc.,
2733 3700 2797 3750 ut
2828 3697 2975 3767 Aug.

2162 3788 2270 3842 740
2301 3787 2532 3842 Victis...
2565 3785 2716 3858 facta
2743 3788 2825 3840 est
2850 3799 2949 3855 per
2979 3783 3252 3838 Carolum.

2162 3876 2259 3931 741
2302 3877 2477 3931 Rom
2503 3873 2872 3929 Zacharias...
2912 3888 3121 3927 menses
3168 3888 3245 3939 1v,
3284 3869 3510 3925 Carolus
3568 3870 3733 3925 Cari-

2093 3966 2233 4021 siaci
2260 3965 2565 4019 moritur...
2598 3963 2763 4016 annis
2787 3978 2842 4015 x.
3448 3948 3451 3951 λ

2164 4053 2272 4107 742
2304 4051 2703 4105 Carlomannus
2731 4053 2780 4104 et
2832 4050 3103 4120 Pippinus
3141 4048 3301 4105 duces
3346 4050 3658 4120 Aquitaniae
3687 4055 3738 4103 et

2097 4139 2313 4197 Sueviw
2344 4139 2666 4195 rebellantes
2686 4140 2790 4193 cito
2814 4138 3203 4210 comprimunt.

2166 4230 2269 4285 744
2301 4226 2565 4284 Fuldense
2592 4229 2962 4283 ccenobium...
2994 4227 3293 4300 fundatum
3319 4231 3417 4283 est.

2165 4320 2274 4374 745
2301 4318 2771 4373 Carlomannus...
2810 4317 3059 4372 vastavit.

2165 4409 2273 4462 746
2298 4407 2525 4462 Sanctus
2556 4407 2874 4477 Bonifacius
2901 4413 3246 4462 annuente...
3279 4407 3553 4477 episcopos
3584 4404 3741 4460 ordi-

2096 4500 2269 4553 navit.
2302 4496 2566 4552 Sidonius
2592 4495 2802 4567 Auyiz,
2834 4498 2966 4558 etc.,
3002 4498 3066 4548 ut
3094 4496 3240 4565 Aug.

1932 4646 2162 4703 NOTIE.

392 4767 552 4841 (248)
583 4771 781 4852 Pagus
797 4783 931 4852 seti
934 4768 1113 4852 vallis
1134 4769 1440 4852 iamajore
1461 4768 1822 4852 Alemannis:
1841 4787 1992 4843 pago
2022 4777 2072 4840 1)
2104 4788 2219 4852 res,
2259 4771 2414 4844 quod
2460 4770 2834 4852 anabgugam
2854 4784 3010 4852 .esse
3069 4765 3331 4852 plerique
3356 4765 3746 4852 ﬁxistimant,

319 4838 411 4895 nu
526 4838 571 4895 u
615 4838 763 4895 'ensi
794 4839 853 4894 in
885 4840 1164 4910 Helvetia,
1193 4838 1368 4898 hodie
1398 4844 1618 4897 Canton
1653 4842 1768 4898 Uri.

334 4981 343 4984 _
396 4855 692 4984 (Inﬁma
720 4910 873 4984 Adda
901 4918 1140 4969 vocatur
1176 4914 1238 4969 in
1296 4912 1544 4984 epistola
1599 4912 1768 4984 Gregt

331 5139 386 5197 p.
408 5126 507 5197 48.

384 5195 551 5277 ,(250)
586 5196 649 5277 ip
682 5212 889 5277 manca
908 5197 1222 5277 Brisgoviae
1250 5197 1643 5277 e_t_0rte_noyiaa
1668 5196 1987 5277 ad‘radices

332 5264 734 5342 Nigrae—silvae,
768 5267 918 5342 Hist.
942 5264 1219 5342 ejusdem
1252 5269 1501 5342 silvaa,_t.
1538 5269 1580 5336 Ι,
1613 5285 1671 5341 p.
1702 5269 1795 5335 56,
1819 5286 1983 5342 seqq.

422 5337 553 5412 251)
586 5337 693 5412 Hic
720 5341 910 5411 primo
941 5337 1315 5398 Hermannus
1363 5337 1772 5412 episcoporum
1803 5337 1985 5397 Coris-

331 5408 963 5469 tantiensium'seriem
1002 5413 1250 5478 orditur,
1297 5413 1359 5469 In
1391 5408 1584 5469 Gallia
1633 5410 1982 5479 Christiana,

334 5482 373 5563 ξ.
403 5480 477 5536 ν.
510 5497 574 5563 p.
606 5482 735 5550 894,
765 5482 1280 5563 inter__Audoinum
1314 5481 1737 5563 et_Ernfridur_n
1770 5482 1982 5563 [indot-

332 5553 431 5630 ᾖξε
446 5553 766 5630 episcopus
792 5556 1058 5630 ponitur,
1089 5557 1149 5613 in
1181 5554 1433 5630 epistola
1469 5553 1731 5627 Gregorii
1780 5555 1857 5611 III
1888 5573 1981 5611 an.

332 5622 949 5696 739adilio'nifaéium
982 5622 1242 5686 notatus:
1296 5684 1317 5695 ,.
1354 5657 1407 5696 ξ.
1468 5690 1471 5693 .

396 5694 529 5768 (252
557 5695 729 5755 Varie
756 5699 935 5757 castri
964 5700 1147 5773 hujus
1180 5694 1407 5757 nomen
1427 5697 1763 5771 exprimunt
1783 5702 1982 5754 aucto-

2103 4839 2211 4899 alii’
2231 4839 2422 4898 arcem
2455 4843 2795 4910 Hochsiburg
2851 4840 2911 4895 in
2940 4839 3213 4896 Mendcnsi
3243 4839 3315 4894 ad
3356 4839 3633 4897 Weseram
3657 4840 3748 4893 in~

637 4911 692 4987 ie
720 4910 873 4987 Adda
901 4918 1140 4987 vocatur
1176 4914 1246 4987 in;
1271 4912 1545 4987 epistola
1599 4912 1873 4987 Gregorii
1916 4914 1988 4970 III
2100 4913 2392 4987 telligunt.
2423 4912 2639 4987 Fabric.
2672 4913 2821 4983 Orig.
2841 4916 3013 4987 ﬁam,
3048 4912 3087 4987 Ιἔ
3124 4928 3164 4966 ι.

329 4981 921 5056 ὶιιῐειιβρρὶἷαοὶαηβε
949 4985 1073 5053 129,
1106 4988 1163 5040 et
1206 4981 1486 5056 Eddanus
1532 4983 1592 5038 in
1651 4981 1990 5056 prisfatione

331 5052 566 5110 concilii
595 5052 927 5110 Germanici
959 5052 1063 5112 an.
1085 5056 1227 5112 743:
1258 5055 1472 5112 Concil.
1509 5052 1728 5124 (ἱεραὶ,
1778 5058 1901 5112 tom
1942 5058 1985 5124 Ι,

2170 4982 2318 5057 (253)
2349 4983 2658 5057 Antiquior
2677 4982 2943 5057 nonnihil
2966 4983 3277 5057 estharum
3300 4982 3746 5057 episcopatuum

2097 5052 2332 5121 erectio,
2366 5052 2698 5112 cum'ambo
2730 5055 2811 5125 hi,
2840 5055 3219 5112 Burchardus
3268 5052 3353 5111 et'
3375 5052 3744 5125 Wilibaldus,

2089 5127 2507 5255 ﬁlmepiswpi
2540 5122 2937 5210 interfuerunt
2970 5127 3189 5200 synodo
3218 5125 3572 5183 Germanicae
3621 5140 3655 5177 a
3684 5122 3743 5177 S.

2143 5201 2412 5255 onit'acio.
2440 5217 2496 5254 x1
2528 5198 2652 5254 Kal.
2689 5198 2821 5255 Maii
2858 5217 2910 5255 a.
2941 5201 3069 5255 742.
3101 5198 3418 5255 celebratae.

2143 5214 2412 5265 onuamo,
2440 5217 2496 5254 XI
2528 5214 2652 5254 13.8.1.
2691 5214 2821 5255 Μειιι
2858 5217 2910 5255 8..
2941 5214 3069 5266 '1’12,
3101 5214 3418 5255 celebratae.

2168 5271 2313 5347 (250
2347 5259 2632 5347 Pistoriqs
2664 5287 2733 5325 ex
2762 5272 2959 5347 codice
3002 5259 3379 5347 antiquonhoc
3412 5263 3483 5347 ad
3507 5278 3602 5343 an:
3628 5259 3745 5347 ‘748

2097 5332 2343 5414 reponit,
2375 5342 2459 5397 uti
2482 5348 2539 5398 et
2569 5342 2979 5398 Gottwicensis
2999 5332 3197 5414 codeiz.
3223 5340 3399 5414 Recte
3424 5335 3480 5389 id
3505 5332 3745 5414 quidem

2095 5413 2143 5468 si
2160 5408 2433 5469 primum
2465 5431 2560 5469 an.
2585 5416 2690 5468 738
2724 5415 2965 5469 Ratoldo
2989 5410 3315 5467 Erinfridus
3373 5408 3743 5461 successerit.

2095 5476 2205 5540 Sed
2238 5486 2337 5541 ubi
2366 5490 2507 5540 tunc
2538 5485 2817 5541 tredecim
2849 5482 3150 5556 regiminis
3183 5477 3323 5556 anni
3344 5476 3605 5556 Sidonii,
3628 5478 3744 5556 jam

2095 5573 2190 5613 an.
2223 5558 2331 5613 759
2360 5556 2670 5613 defuncti?
2699 5549 3098 5611 Verum'reete
3129 5552 3162 5607 b
3184 5551 3436 5615 abent,si
3468 5550 3598 5621 ejus
3623 5549 3743 5603 obi-

2091 5632 2190 5684 tus
2222 5645 2357 5686 cum
2389 5628 2783 5685 Gottwicensi-
2802 5627 2873 5682 ad
2906 5641 3000 5680 an.
3033 5624 3135 5679 761
3172 5623 3479 5680 referatur.
