4124 6188
347 320 466 393 189

1145 320 1564 386 HERMANNI
1607 316 2048 386 GONTRAGTI
2090 314 2512 386 AUGIENSIB
2554 312 2938 383 MONAGHI.

3628 310 3748 394 ΜΟ

1708 479 1944 537 CODEX
1981 478 2377 536 AUGIENSIS.

414 584 522 640 747
542 580 992 653 Carlomannus,
1023 581 1218 639 divino
1268 596 1466 637 amore
1521 582 1731 648 tactus,
1774 578 1995 634 mundo
2026 578 2080 644 Α
2109 578 2346 643 scendo,
2378 577 2452 633 ad
2483 576 2797 649 Pippinum
2827 589 3024 648 regem
3054 572 3116 630 in
3148 570 3454 631 Franciam
3483 570 3663 639 venit,
3696 575 3758 629 et

346 671 801 737 abrenuntiavit,
830 675 908 743 et,
941 671 1184 727 Romam
1206 671 1755 743 pergenas,mutato
1787 667 1991 723 habitu

351 761 711 817 monachum
741 776 802 816 se
834 761 890 815 in
924 765 1113 815 castro
1139 759 1377 814 Cassino
1419 759 1565 825 (255)
1598 758 1671 813 ad
1721 762 1989 813 sanctum

351 850 731 906 Benedictum
763 848 917 905 fecit.
951 851 1093 904 Ann.
1128 847 1284 902 Fuld.

420 941 525 994 748
555 939 771 1009 Gripho
802 954 869 992 ex
899 935 1223 991 concubina
1255 936 1432 989 frater
1456 933 1707 1005 Pippini,
1738 934 1993 1015 tyranni-

348 1028 480 1082 dem
514 1029 809 1091 affectans,
842 1026 912 1079 ad
948 1025 1204 1079 Saxones
1241 1040 1301 1079 se
1335 1023 1603 1090 contulit,
1632 1023 1993 1095 Pippinoque

343 1116 702 1179 adveniente,
737 1112 1025 1184 paciﬁcari
1057 1130 1190 1168 cum
1223 1128 1288 1168 eo
1322 1112 1548 1179 nolens,
1582 1112 1641 1167 in
1665 1111 1990 1183 Bajuariam

347 1204 516 1273 fugit.
552 1203 689 1256 Ann.
719 1202 877 1257 I'uld.

414 1291 520 1346 749
556 1290 860 1362 Pippinus,
893 1290 1217 1362 Bajoariam
1242 1292 1463 1355 adiens,
1498 1288 1863 1345 'l‘assilouem
1897 1307 1989 1343 so-

346 1378 494 1434 roris
526 1396 645 1435 suae
680 1379 965 1434 Niltrudis
1018 1379 1202 1433 lilium
1261 1380 1467 1433 ducem
1528 1377 1605 1431 ibi
1662 1378 1988 1443 constituit,

342 1467 639 1539 Griphone
676 1472 733 1522 et
768 1467 1057 1522 Lantfrido
1082 1468 1228 1538 (256)
1260 1467 1396 1522 inde
1447 1466 1735 1521 abductis.
1786 1466 1985 1521 Annal.

340 1556 498 1613 Fuld.
531 1556 729 1627 Fredeg
759 1564 904 1612 cont.

413 1646 518 1700 750
549 1645 831 1717 Pippinus
886 1642 1165 1715 Griphoni
1199 1661 1277 1698 xu
1301 1648 1614 1699 comitatus
1638 1642 1698 1698 in
1721 1643 1988 1715 partibus

341 1733 622 1790 Neustriaa
654 1733 849 1800 dedit;
884 1733 982 1787 sed
1019 1731 1114 1787 ille
1148 1749 1386 1788 rursum
1431 1733 1680 1787 diﬁdcns
1710 1733 1780 1787 ad
1834 1731 1988 1786 Wai-

341 1822 555 1878 furium
589 1824 796 1879 ducem
830 1822 1152 1893 Aquitaniae
1184 1822 1517 1894 transfugit.
1572 1822 1773 1877 Annal.
1829 1820 1985 1876 Fuld.

345 1928 398 1967 a.
428 1912 556 1967 759.

410 2001 513 2055 751
548 1998 849 2073 Pippinus,
874 1999 1070 2055 missis
1103 1999 1345 2054 Romam
1369 1998 1581 2073 legatis
1606 1998 1993 2070 (257),Zacha-

339 2089 487 2146 riam
512 2104 725 2160 papam
750 2089 820 2144 de
842 2104 1019 2161 regno
1042 2088 1396 2144 Francorum
1423 2093 1480 2143 et
1500 2086 1728 2159 ignavis
1752 2088 1991 2160 regibus

341 2178 471 2250 ejus
487 2176 1128 2250 Merowingis,nomine
1140 2177 1262 2232 solo
1280 2176 1660 2237 regnantibus
1673 2175 1988 2232 consuluit.

343 2268 484 2324 Ann.
526 2266 683 2321 Fuld.
715 2297 784 2306 —
815 2265 1148 2321 Lantfridus
1180 2265 1445 2320 moritur.
1478 2265 1678 2320 Annal.
1712 2265 1845 2320 Nan.

412 2356 560 2413 121
620 2357 729 2410 752
774 2354 1133 2410 Auctoritate
1185 2353 1473 2409 Zachariae
1530 2370 1691 2425 papa:
1732 2358 1807 2421 et,
1868 2371 1983 2410 non

341 2444 527 2501 multo
559 2448 710 2519 post,
743 2443 1042 2515 Stephani,
1074 2443 1174 2515 qui
1207 2442 1396 2498 eidem
1430 2442 1489 2496 in
1521 2442 1863 2514 pontiﬁcatu
1890 2459 1993 2499 sex

339 2549 526 2590 annos
556 2531 1195 2603 succedebat,deposito
1225 2547 1292 2586 ac
1322 2531 1566 2586 detonso
1590 2548 1723 2603 rege
1747 2530 1976 2589 Childe-

342 2622 461 2677 rico
478 2620 943 2694 Merovingorum
967 2618 1491 2691 ultimo,Pippinus
1513 2636 1611 2674 rex
1634 2620 1987 2677 Francorum

341 2709 582 2777 electus,
613 2714 672 2766 et
700 2708 1031 2766 Suessionis
1057 2725 1091 2764 a
1131 2713 1331 2764 sancto
1377 2708 1673 2763 Bonifacio
1702 2709 1987 2783 archiepi-

338 2815 515 2870 scopo
548 2803 761 2855 unctus
790 2804 847 2853 et
875 2802 1268 2865 consecratus,
1315 2798 1579 2869 regnavit
1626 2798 1799 2853 annis
1849 2816 1985 2854 xvu.

340 2889 482 2941 Ann.
519 2886 678 2941 Fuld.
713 2888 849 2941 Gest.
882 2903 997 2956 reg.
1026 2888 1225 2941 Franc.
1258 2886 1733 2958 —Audogarius,
1761 2887 1990 2958 primus

342 2972 825 3044 Campidonensis
855 2974 1104 3028 caenobii
1135 2975 1410 3031 fundator
1437 2980 1491 3030 et
1540 2976 1743 3044 abbas,
1794 2976 1987 3034 locum

343 3060 514 3118 illum
546 3060 795 3117 incolere
819 3061 990 3133 ccepit
1012 3064 1183 3134 (258).

413 3152 519 3206 753
547 3150 830 3222 Pippinus
862 3166 959 3206 rex
982 3152 1266 3223 perﬁdam
1297 3168 1503 3207 rursus
1548 3154 1858 3210 Saxoniam
1892 3172 1986 3210 va-

338 3243 475 3309 stat,
492 3239 688 3311 ibique
718 3238 1078 3311 Hildigarius
1099 3238 1457 3297 Coloniensis
1507 3240 1986 3316 archiepiscopus

338 3327 568 3383 occisus
598 3331 704 3382 est.
741 3328 881 3382 Ann.
912 3328 1068 3381 Fuld.
1103 3360 1170 3368 ——
1201 3329 1438 3400 Gripho,
1472 3346 1604 3384 cum
1642 3330 1866 3387 Italiam
1893 3350 1985 3405 pe-

338 3418 457 3470 tere
490 3414 808 3483 moliretur,
839 3432 871 3469 a
902 3415 1217 3471 comitibus
1270 3417 1495 3488 Pippini
1527 3418 1585 3472 in
1629 3418 1775 3474 valle
1826 3421 1987 3476 Mau-

336 3502 543 3558 rienna
569 3502 946 3558 interimitur.
980 3505 1042 3558 lt.
1078 3536 1142 3544 —
1174 3505 1510 3577 Stephanus
1532 3524 1702 3580 papa,
1738 3524 1841 3580 pro
1885 3526 1988 3564 au-

335 3590 476 3648 xilio
510 3596 712 3647 contra
740 3591 1095 3648 Haistulfum
1135 3593 1643 3666 Longobardorum
1668 3613 1863 3670 regem
1885 3616 1986 3672 po-

2021 1949 2069 2013 B

2101 666 2254 722 ﬁlios
2285 667 2415 737 ejus
2455 664 2726 722 Carolum
2758 670 2817 721 et
2835 663 3288 722 Carlomannum
3322 662 3473 735 (259)
3494 661 3759 721 Parisius

2103 771 2270 827 rcges
2299 755 2486 811 unxit.
2526 756 2675 811 Ann.
2715 754 2870 812 Fuld.
2902 753 3023 809 Met.

2171 847 2278 900 754
2312 846 2565 901 Sanctus
2591 843 2924 899 Bonifacius
2968 840 3395 915 Moguntiensis
3438 840 3759 914 archiepis-

2102 950 2305 1005 copus,
2341 950 2475 990 cum
2507 932 2859 989 Fresonibus
2890 930 3333 1001 evangelizaret,
3376 930 3654 1003 martyrio
3683 932 3757 986 ab

2101 1022 2186 1079 eis
2215 1026 2526 1079 coronatus
2555 1026 2645 1078 est
2673 1038 2826 1076 anno
2856 1021 3228 1092 episcopatus
3265 1036 3433 1074 xxxvn
3487 1023 3546 1074 et
3596 1021 3753 1093 apud

2104 1111 2390 1168 Fuldense
2419 1110 2752 1168 cmnobium
2784 1109 3051 1183 sepultus
3083 1126 3096 1177 ;
3131 1125 3235 1180 pro
3266 1124 3379 1180 quo
3412 1108 3617 1165 Lullus
3645 1126 3746 1164 ar-

2098 1201 2507 1273 chiepiscopus
2565 1199 2798 1272 praeluit
2855 1199 3028 1255 annis
3074 1214 3252 1254 xxxu.
3282 1198 3426 1255 Ann.
3464 1197 3630 1252 Fuld.
3657 1215 3753 1253 an.

2097 1290 2223 1344 755.
2261 1321 2327 1328 -
2356 1288 2777 1348 Carlomannus
2810 1289 2985 1343 frater
3015 1286 3267 1360 Pippini,
3299 1303 3432 1343 cum
3488 1288 3561 1343 ad
3612 1303 3746 1343 eum

2099 1395 2204 1451 pro
2235 1378 2633 1435 dissuadenda
2665 1377 3028 1450 expeditione
3055 1376 3256 1432 Italica
3305 1376 3499 1432 venire
3556 1375 3748 1443 vellet,

2099 1468 2384 1541 Lugduno
2416 1467 2577 1523 obiit.
2610 1468 2795 1523 Al.an.
2820 1467 3018 1522 754.-
3052 1465 3333 1538 Pippinus
3363 1465 3589 1522 Italiam
3610 1482 3749 1522 cum

2097 1557 2354 1613 exercitu
2387 1556 2612 1629 petit,et
2642 1554 3000 1613 Haistulfum
3028 1571 3223 1628 regem
3246 1553 3463 1610 victum
3484 1559 3543 1611 et
3562 1554 3752 1628 Papiae

2099 1648 2407 1702 obsessum
2441 1645 2674 1701 obsides
2709 1646 2867 1714 dare,
2901 1649 2958 1700 et
2987 1660 3082 1701 res
3110 1643 3297 1700 sancti
3348 1643 3498 1698 Petri
3553 1660 3753 1701 sacra-

2100 1739 2297 1790 mento
2328 1735 2571 1790 reddere
2597 1731 2897 1806 compulit.
2933 1732 3598 1804 Anast.Fred.append.—-
3627 1732 3757 1789 Ste-

2100 1823 2333 1895 phanus
2348 1841 2499 1896 papa
2524 1824 2671 1879 duce
2690 1823 3040 1895 Hieronymo
3061 1820 3291 1893 Pippini
3306 1820 3483 1877 fratre
3499 1822 3746 1877 Romam

2099 1912 2289 1968 rediit.
2325 1914 2469 1968 Ann.
2504 1911 2662 1967 Fuld.

2178 2002 2327 2058 I22
2354 2004 2461 2056 755
2494 1998 2819 2057 Haistulfus
2869 2002 3301 2056 sacramentum
3367 2000 3748 2055 contemnens

2102 2090 2347 2145 Romam
2377 2089 2627 2157 obsidet,
2659 2089 2860 2144 omnia
2888 2088 3108 2144 circum
3136 2088 3285 2144 ferro
3310 2093 3372 2145 et
3400 2088 3533 2160 igne
3566 2088 3745 2145 deva-

2100 2183 2304 2247 stans;
2339 2195 2441 2250 pro
2469 2195 2586 2250 qua
2614 2194 2675 2233 rc
2707 2194 2858 2251 papa
2887 2176 3110 2250 legatos
3159 2176 3384 2233 marino
3431 2176 3636 2232 itinere
3665 2176 3739 2233 ad

2102 2267 2412 2340 Pippinum
2446 2272 2719 2339 questum
2751 2270 2809 2322 et
2836 2268 3028 2321 dueno
3060 2265 3342 2321 auxilium
3373 2264 3743 2322 obsecratum

2100 2356 2304 2412 mittit.
2340 2356 2549 2411 Annal.
2583 2354 2739 2409 Fuld.

2168 2447 2276 2501 756
2307 2445 2365 2500 Pi
2373 2445 2589 2517 ppinus
2619 2460 2739 2512 rex,
2764 2442 2976 2498 iterum
3009 2441 3241 2499 Italiam
3265 2441 3752 2514 petens,Haistul-

2100 2533 2225 2590 fum
2243 2534 2414 2606 Papio
2433 2531 2730 2588 inclusum
2755 2531 3067 2600 obsidet,et
3088 2532 3425 2587 Ravennam
3446 2547 3583 2588 cum
3598 2532 3725 2589 Pen.

2098 2622 2302 2694 tapoli,
2334 2621 2586 2694 aliisque
2618 2637 2746 2692 quae
2794 2624 3148 2693 pervaserat,
3206 2624 3413 2676 sancto
3468 2620 3636 2677 Petro
3690 2625 3752 2677 et

2099 2711 2315 2767 domno
2350 2726 2508 2783 papa:
2539 2726 2643 2782 per
2672 2709 2928 2782 legatum
2951 2725 3127 2765 suum
3159 2707 3472 2765 Folradum
3505 2710 3748 2766 reddere

2098 2803 2376 2855 coarctat.
2408 2799 2511 2854 An.
2534 2797 2690 2853 Fuld.
2714 2798 2934 2869 Fredcg.
2966 2805 3106 2853 cont.
3135 2812 3404 2870 an.praec.

2167 2890 2274 2943 757
2304 2886 2630 2944 Haistulfus
2662 2903 2779 2957 rex,
2814 2887 2873 2941 in
2905 2890 3117 2942 venatu
3149 2903 3216 2942 ex
3246 2900 3397 2959 equo
3426 2886 3750 2960 lapsus,in-

2098 2977 2292 3047 teriit;
2324 2994 2425 3049 pro
2457 2993 2573 3048 quo
2602 2975 2937 3031 Desiderius
2968 2975 3232 3049 regnavit
3262 2976 3434 3047 (260).
3465 2979 3747 3033 Constan-

2096 3067 2258 3123 tinus
2286 3064 2604 3138 imperator
2640 3064 2795 3119 inter
2844 3062 2959 3119 alia
3016 3079 3261 3120 munera
3318 3064 3563 3137 Pippino
3619 3065 3748 3138 regi

2096 3156 2272 3213 etiam
2306 3170 2590 3228 organum
2615 3152 2796 3208 misit.
2829 3154 2972 3209 Ann.
3002 3152 3162 3209 Futd.

2167 3245 2273 3299 758
2304 3243 2361 3300 Pi
2369 3242 2583 3316 ppinus
2615 3241 2942 3299 Saxonibus
2967 3241 3106 3298 item
3122 3241 3416 3315 superatis
3436 3242 3744 3298 annuatim

2016 3317 2058 3385 C
2098 3351 2199 3390 ccc
2219 3349 2506 3405 equorum
2536 3348 2779 3388 censum
2810 3331 3080 3403 imponit.
3111 3331 3424 3388 Ann.Fuld.
3456 3362 3526 3374 -η
3550 3333 3746 3388 Romae

2100 3422 2394 3496 Stephano
2425 3438 2579 3494 papa
2608 3419 2827 3476 Paulus
2858 3419 3141 3477 successit
3161 3419 3334 3476 annis
3363 3438 3418 3476 x.
3451 3421 3639 3477 Anast.
3686 3437 3743 3476 a.

2096 3512 2238 3579 757;
2269 3513 2350 3566 sic
2378 3513 2427 3564 et
2460 3510 2698 3565 Gotlwic.

1368 3693 1840 3753 COMPENDIUM
1879 3698 1969 3755 EX
2004 3697 2256 3755 CODICE
2294 3696 2672 3754 BERNOLDI.

402 3789 511 3844 747
541 3788 769 3845 Carolus
792 3804 894 3861 pro
937 3790 1037 3846 Dei
1080 3805 1268 3846 amore
1310 3790 1515 3847 mundo
1561 3792 1979 3865 abrenuntiatis,

334 3880 398 3935 in
418 3882 599 3935 castra
631 3877 855 3934 Cassino
883 3880 1212 3935 monachum
1248 3896 1305 3936 se
1328 3882 1479 3952 fecit.

404 3967 514 4021 750
542 3968 812 4038 Pippinus
841 3966 1172 4039 Griphoni...
1205 3970 1478 4028 Neustriae
1496 3970 1660 4029 dedit.

402 4054 501 4109 75l
544 4056 832 4126 Pippinus,
862 4058 1114 4114 missis...
1149 4060 1362 4128 ignavis
1390 4060 1510 4132 ejus
1553 4063 1804 4133 regibus,
1853 4079 1981 4119 con-

332 4143 519 4199 suluit.
546 4142 693 4197 Idem
719 4144 1013 4214 Pippinus,
1036 4161 1141 4200 rex
1167 4147 1409 4217 effectus,
1448 4165 1569 4203 xvn
1598 4153 1761 4206 annis
1789 4168 1984 4221 regna-

339 4232 438 4285 vit.

403 4319 511 4373 752
567 4318 967 4375 Auctoritate...
1033 4319 1336 4379 Childerico
1382 4325 1716 4396 Pippinus...
1764 4338 1978 4399 unctus,

332 4407 580 4480 regnavit
611 4410 777 4464 annis
806 4425 946 4465 xvu.
980 4409 1386 4481 Audogarius...
1417 4412 1655 4470 incolere
1682 4418 1858 4488 σαφῆ.

2086 3811 2357 3851 manus...
2387 3793 2627 3863 Lugdim'
2657 3792 3089 3866 abawippiuus
3107 3795 3333 3851 Italiam
3348 3777 3474 3853 cum
3495 3796 3749 3852 exercitu

2086 3888 2276 3956 petens
2304 3883 2640 3954 Haistulfum
2666 3898 2847 3954 regem
2874 3885 3070 3955 Papia:
3096 3883 3373 3941 obsessum
3398 3884 3612 3943 obsides
3632 3883 3742 3940 da-

2090 3989 2169 4042 re,
2198 3979 2255 4030 et
2282 3988 2366 4029 res
2396 3970 2452 4028 S.
2483 3973 2638 4029 Petri
2662 3971 2762 4028 sub
2790 3980 3130 4030 momento
3150 3972 3372 4030 reddere
3396 3975 3586 4047 coegit.
3616 3973 3739 4030 Ste-

2084 4063 2367 4136 phanus...
2398 4061 2583 4118 rediit.

2160 4153 2268 4208 755
2293 4151 2725 4223 Haistulphus...
2758 4158 3018 4215 vastans;
3042 4167 3146 4223 pro
3169 4167 3279 4223 qua
3307 4166 3368 4208 re
3416 4167 3559 4225 papa
3587 4152 3738 4223 lega-

2090 4245 2171 4298 tos
2196 4257 2296 4312 per
2322 4256 2477 4296 mare
2505 4239 2575 4295 ad
2602 4240 2906 4312 Pippinum
2929 4256 3030 4312 pro
3059 4241 3275 4297 auxilio
3315 4242 3487 4297 misit.

2159 4330 2267 4385 756
2293 4330 2635 4401 Pippinus...
2654 4331 2844 4401 Papiae
2872 4329 3094 4397 obsidet,
3137 4337 3189 4386 et
3218 4331 3539 4389 Rei-cunam
3565 4331 3739 4386 alias-

2088 4435 2191 4491 que
2217 4420 2376 4474 urbes
2394 4434 2653 4490 pervasus
2678 4433 2803 4474 eum
2831 4417 2888 4474 S.
2921 4422 3084 4476 Petro
3110 4422 3167 4474 et
3192 4419 3413 4476 domino
3452 4436 3609 4493 papas
3635 4436 3741 4493 per

400 4497 508 4552 753
536 4498 811 4570 Pippinus
839 4515 944 4555 rex
975 4498 1344 4599 saxoniam...
1378 4504 1583 4558 occisus
1625 4508 1722 4560 est.
1756 4505 1980 4579 Stepha-
2011 4546 2060 4610 D
2094 4509 2331 4580 legatum
2352 4507 2576 4564 reddere
2602 4507 2882 4579 compulit.

330 4602 436 4642 nus
460 4603 677 4659 papa...
702 4604 853 4659 reges
875 4589 1056 4644 unxit.

401 4675 508 4729 754
540 4674 594 4731 S.
630 4677 947 4750 Bonifacius
975 4677 1469 4749 Moguntinensis...
1501 4680 1821 4737 Fresouibus
1836 4698 1982 4754 prae-

332 4761 556 4832 dicaret,
582 4767 973 4837 martyrimtus
1003 4772 1082 4822 est
1111 4766 1180 4822 ab
1210 4767 1356 4823 eis...
1390 4770 1553 4824 annis
1582 4785 1756 4825 XXXII.
1792 4770 1978 4829 Carlo-

2159 4598 2263 4653 757
2295 4596 2680 4654 Constantinus
2709 4598 2892 4668 imp...
2921 4597 3096 4653 misit.

2159 4687 2264 4741 758
2296 4688 2546 4744 Romae...
2570 4686 2736 4741 annis
2763 4683 2967 4740 decem.

1929 4873 2156 4929 NOT/E.

406 4957 553 5029 (255)
584 4956 1001 5017 Gottwicensis
1030 4962 1089 5017 id
1127 4961 1186 5017 in
1238 4967 1434 5020 monte
1481 4966 1712 5022 Soracte
1760 4966 1979 5025 factum

335 5028 561 5112 scribit,
596 5029 683 5085 uti
720 5031 1171 5112 etiam__Regino,
1204 5035 1306 5090 sed
1345 5036 1500 5092 brevi
1534 5042 1668 5109 post
1690 5055 1759 5094 ex
1788 5039 1887 5096 illo
1920 5042 1978 5098 in

331 5102 667 5160 Onesimum
698 5103 967 5173 perrexit.

404 5173 555 5252 (256)
574 5173 971 5252 Schmpflipus
1004 5174 1230 5252 aliique
1248 5178 1615 5252 Lantfridum
1635 5179 1791 5237 hunc
1808 5180 1982 5252 primi

331 5244 615 5300 Lantfridi
650 5244 882 5302 an._730
911 5244 1362 5313 mortui-lilium,
1411 5253 1466 5304 ct
1494 5244 1848 5307 Alemannis;
1874 5253 1980 5307 du-

332 5331 459 5394 cem
511 5317 692 5394 fuisse
735 5322 1026 5394 asserunt.
1076 5318 1207 5394 Yid.
1259 5321 1442 5394 Alsat.
1486 5321 1709 5394 illustr.
1744 5340 1800 5394 p.
1832 5324 1928 5379 751
1967 5341 1979 5391 ;

331 5386 738 5512 ﬁcc:r%.i(l)1er.
770 5390 971 5446 Franc.
1003 5393 1045 5443 t.
1081 5389 1124 5457 Ι,
1158 5407 1213 5462 p.
1250 5392 1377 5457 1:87,
1407 5391 1611 5461 Calles,
1672 5386 1905 5462 Annal.,
1934 5386 1979 5450 ι.

391 5499 406 5524 ,
441 5473 496 5526 p.
530 5473 654 5512 διυ.

377 5526 553 5608 ,(257)
588 5530 947 5608 Legationein
979 5530 1134 5608 hanc
1182 5547 1248 5586 ex
1282 5532 1626 5608 .Eginhardo
1670 5536 1820 5606 parti
1857 5553 1983 5608 sua:

333 5600 594 5676 nimium
619 5601 849 5676 addicto
871 5603 929 5658 in
943 5602 1087 5660 alios
1128 5600 1366 5676 annales
1379 5600 1694 5676 derivatum
1710 5606 1984 5676 gravibus

335 5685 403 5728 ex
438 5669 629 5727 causis
663 5670 732 5727 dc
766 5672 879 5729 fide
903 5679 1237 5747 suspectam
1268 5672 1473 5731 saltem
1521 5669 1982 5734 habct'Cointius

2090 4967 2277 5026 Annal
2307 4969 2539 5038 eccles.,
2569 4973 2612 5026 t.
2644 4968 2769 5026 Vad
2826 4984 2966 5026 ann.
3013 4968 3144 5036 752,
3200 4968 3261 5023 et
3315 4966 3552 5025 Eccard.
3606 4966 3743 5025 Rer.

2093 5042 2324 5107 Franc.,
2358 5046 2400 5097 t.
2436 5044 2481 5107 Ι,
2603 5041 2730 5111 497,
2771 5040 2858 5096 uti
2890 5045 2947 5097 et
2984 5038 3415 5097 coronationem
3447 5038 3680 5113 Pippini
3708 5056 3748 5097 a

2093 5110 2153 5168 S.
2187 5111 2486 5168 Bonifacio
2542 5115 2755 5168 actam.
2786 5111 2918 5168 Nin.
2952 5115 3091 5168 Pan.
3124 5111 3197 5167 ad
3225 5127 3318 5167 an.
3349 5110 3477 5166 751.

2092 5110 2486 5195 summisso
2509 5110 2755 5195 feciet?-
2786 5111 2918 5195 Nir-
2952 5111 3197 5195 Pes-3d
3221 5127 3318 5195 .“P-
3349 5110 3477 5195 75!.-

2089 5183 2471 5310 22£1258)Vid.
2509 5183 2810 5241 Mabillon.
2838 5172 3069 5240 Annal?
3082 5181 3322 5251 Bened.,
3355 5185 3398 5240 t.
3420 5182 3494 5250 II,
3516 5197 3579 5261 Ρ.
3608 5172 3745 5248 459,

2163 5325 2316 5398 (259)
2343 5325 2475 5398 Hanc
2517 5324 2826 5398 coronatio
2854 5340 3009 5382 anno
3040 5325 3322 5398 sequente
3358 5324 3452 5398 die
3510 5323 3549 5380 5
3571 5323 3743 5398 _Aug.

2093 5392 2179 5451 1ιᾶ
2198 5397 2256 5469 S.
2290 5392 2552 5469 Dionysii
2584 5396 2983 5469 facta._§no_n.
3023 5392 3178 5469 apud
3208 5395 3536 5469 Hensohen,
3568 5392 3744 5466 Exeg.

2092 5467 2363 5539 praelium
2397 5465 2460 5537 II,
2491 5468 2563 5523 ad
2591 5471 2633 5523 t.
2669 5483 2733 5521 In
2761 5465 2973 5539 Martii,
3004 5465 3141 5539 oft.
3174 5485 3232 5539 ιι.
3262 5468 3355 5539 35.

2165 5538 2314 5619 (250)
2345 5539 2562 5619 Paulus
2584 5536 2976 5619 Diacpbitum
3007 5538 3344 5619 Raistulphi
3375 5557 3530 5599 anno
3548 5537 3747 5615 priore

2096 5609 2421 5681 consignat,
2456 5611 2541 5669 uti
2572 5615 2627 5667 et
2657 5609 2837 5667 codex
2861 5609 3267 5669 Gotwicensisi
