4108 6192
336 340 451 400 163

1144 335 1554 399 HERMANNI
1598 331 2041 397 CONTRACTI
2087 330 2507 397 AUGIENSIS
2550 330 2930 397 MONACHI.

3614 324 3730 391 164

1692 511 1921 568 CODEX
1960 511 2361 569 AUGIENSIS.

334 651 588 724 quodam
613 653 863 706 torrente
880 650 1067 723 aquis,
1091 650 1324 706 reﬁcere
1348 648 1577 713 meruit,
1601 645 1971 717 acceptisque
2002 647 2054 712 Α
2086 645 2292 713 bactis,
2326 646 2561 703 obsides
2584 647 2826 719 accepit.
2863 645 3061 702 Fuldis
3091 642 3312 701 Sturmi
3353 640 3536 698 abbas
3563 636 3737 709 obiit,

334 758 436 814 pro
468 756 607 811 pace
636 756 715 794 xu
745 738 1071 805 obsidibus,
1105 739 1296 794 rediit.
1329 739 1466 793 Ann.
1500 736 1656 790 Fuld.
1682 766 1749 775 —-
1781 735 1975 790 Romzn

334 832 465 901 post
493 827 852 900 Stephanum
883 828 1176 882 Adrianus
1208 843 1359 899 papa
1387 825 1537 881 sedit
1593 823 1764 879 annis
1823 839 1972 879 xxxv.

399 920 506 974 773
538 916 795 983 Carolus,
831 917 902 971 ab
933 915 1189 970 Adriano
1222 930 1370 986 papa
1402 929 1506 985 pro
1535 912 1871 968 defensione
1892 928 1977 966 re-

333 1024 461 1063 rum
495 1005 680 1063 sancti
710 1005 859 1059 Petri
889 1007 1142 1074 rogatus,
1172 1002 1394 1058 Italiam
1418 1001 1580 1075 petit,
1603 1006 1679 1069 et,
1702 1001 1976 1058 claustris

334 1096 564 1167 Alpium
591 1092 642 1146 vi
701 1093 939 1163 potitus,
1001 1091 1360 1147 Desiderium
1421 1090 1739 1163 fugientem
1787 1089 1975 1163 Papiae

332 1184 481 1240 125
507 1180 754 1246 obsedit,
788 1184 843 1234 et
874 1181 999 1251 ipse
1030 1180 1274 1235 Romam
1308 1180 1507 1235 orandi
1537 1179 1725 1251 gratia
1748 1179 1974 1247 adiens,

334 1271 552 1324 Pascha
582 1267 724 1322 inibi
748 1267 1057 1323 celebravit
1087 1270 1253 1339 (27l).
1291 1270 1489 1324 Annal.
1524 1269 1688 1324 Auld.

396 1358 499 1412 774
537 1357 892 1429 Longobardi
929 1375 1060 1413 cum
1098 1358 1394 1413 Desiderio
1427 1374 1558 1428 rege
1609 1375 1715 1411 suo
1773 1355 1974 1411 Carolo

329 1464 389 1502 se
421 1445 679 1511 tradunt,
714 1462 866 1501 anno
897 1463 965 1501 ex
996 1463 1110 1517 quo
1146 1446 1367 1501 Italiam
1401 1463 1532 1500 cum
1570 1445 1813 1499 Alboino
1847 1460 1977 1516 rege

328 1536 685 1592 intraverant
716 1551 838 1600 ccv,
862 1535 1103 1607 ipseque
1136 1551 1312 1607 regno
1345 1551 1544 1590 eorum
1579 1538 1635 1589 et
1683 1532 1977 1589 thesauris

328 1624 568 1698 potitus,
602 1624 852 1677 abducto
872 1640 1072 1679 secum
1106 1639 1237 1695 rege
1289 1639 1421 1678 cum
1471 1624 1741 1694 conjuge,
1795 1621 1978 1693 victor

330 1713 519 1769 rediit.
554 1712 734 1767 Annal
762 1712 916 1767 Fuld.
948 1712 1068 1767 Mel.

398 1806 651 1857 Saxones
684 1807 920 1873 pactum
952 1801 1283 1873 frangentes
1314 1799 1547 1856 Hessios
1581 1804 1821 1872 petunt;
1873 1799 1975 1855 sed

327 1890 633 1949 ecclesiam
661 1890 816 1963 apud
843 1889 1132 1954 Friteslar,
1161 1906 1191 1943 a
1208 1894 1409 1944 sancto
1432 1889 1724 1944 Bonifacio
1748 1888 1975 1944 dedica-

331 1987 474 2047 tam,
506 1980 622 2036 Deo
653 1978 993 2051 prohibente
1027 1978 1333 2033 incendere
1365 1982 1679 2050 nequeunt.
1705 1978 1789 2032 At.
1822 1994 1853 2031 a
1883 1993 1974 2049 pr.
2008 2013 2056 2078 Β

329 2074 678 2141 —Corpora
708 2072 1041 2123 sanctorum
1099 2066 1375 2122 Gordiani
1435 2072 1493 2121 et
1550 2066 1849 2139 Epimachi
1908 2067 1977 2121 de

332 2160 515 2214 Roma
546 2158 601 2211 in
637 2156 1045 2211 Alamanniam
1080 2155 1359 2210 translata
1388 2162 1527 2210 sunt
1557 2158 1724 2225 (272).
1758 2188 1825 2195 —
1874 2156 1976 2210 Ec-

331 2248 506 2304 clesia
528 2245 711 2301 sancti
728 2246 952 2299 Nazarii
980 2244 1334 2299 Lauresbam
1359 2244 1624 2300 dedicata
1645 2250 1751 2300 est.
1777 2245 1974 2299 Annal.

331 2337 486 2392 Fuld.

398 2426 505 2479 773
532 2421 769 2478 Carolus
797 2421 910 2476 late
937 2422 1230 2477 Saxonum
1264 2426 1448 2477 terras
1482 2425 1688 2487 vastat,
1729 2426 1784 2477 et
1835 2422 1976 2476 duo-

333 2516 444 2571 bus
474 2531 571 2569 eos
596 2511 813 2584 praeliis
856 2516 1016 2565 vasta
1049 2515 1210 2583 stage
1272 2500 1528 2582 supe'rat.
1581 2512 1980 2584 Roudgaudus

332 2604 478 2675 (273)
508 2600 927 2674 Longobardus
962 2599 1138 2654 Italiae
1169 2616 1415 2671 regnum
1467 2600 1714 2655 alfectat.
1774 2600 1976 2656 Annal.

333 2692 495 2747 Fuld.
532 2693 656 2759 Reg.

401 2781 510 2835 776
540 2778 778 2835 Carolus
810 2779 946 2833 item
983 2776 1211 2832 Italiam
1246 2775 1407 2848 petit,
1440 2782 1497 2832 et
1555 2777 1980 2850 Roudgaudum

334 2871 553 2925 victum
596 2867 825 2923 occidit.
886 2867 1141 2922 Saxones
1201 2867 1338 2921 item
1392 2866 1740 2922 rebellantes
1796 2866 1982 2922 Caroli

335 2957 604 3031 praesidia
633 2955 781 3011 bello
812 2959 1033 3026 petunt.
1067 2955 1249 3010 Annal
1278 2955 1434 3011 Fuld.

403 3046 509 3101 777
538 3044 795 3099 Saxones
827 3042 1012 3098 multa
1042 3044 1280 3099 tandem
1308 3045 1461 3100 caede
1510 3045 1816 3116 perdomiti
1875 3050 1983 3102 Ca-

338 3133 458 3190 rolo
489 3133 844 3199 subduntur,
876 3135 933 3187 et
961 3131 1271 3187 Christiani
1295 3133 1650 3201 efficiuntur,
1675 3151 1737 3190 se
1763 3151 1984 3207 suaque

337 3223 535 3278 omnia
563 3221 881 3286 tradentes,
909 3221 955 3275 si
999 3220 1152 3275 ultra
1199 3221 1371 3277 fidem
1426 3221 1729 3278 violarent.
1785 3225 1983 3280 Annal.

335 3311 490 3367 Fuld.

2085 740 2143 791 et
2173 736 2380 808 Bagolf
2409 735 2531 808 [al.,
2566 734 2912 808 Baugulfus]
2949 732 3252 790 successit.
3318 730 3520 785 Annal.
3578 727 3738 784 Fuld.

2084 824 2347 880 Laurish.
2774 847 2785 853 '

2154 913 2261 967 780
2289 912 2553 980 Carolus,
2577 912 2776 968 habito
2807 913 2866 967 in
2897 910 3151 968 Saxonia
3179 910 3486 975 conventu,
3531 911 3590 964 et
3616 906 3738 963 dis-

2086 1002 2296 1073 positis
2326 1007 2447 1058 tam
2478 1003 2774 1058 Saxonum
2808 1016 2985 1074 quam
3017 998 3353 1055 Sclavorum
3380 996 3579 1065 rebus,
3612 995 3742 1068 ipse

2084 1094 2331 1146 Romam
2351 1091 2557 1147 orandi
2588 1089 2777 1163 gratia
2807 1090 2968 1145 adiit.
3000 1088 3181 1145 Annal
3214 1086 3371 1142 Fuld.

2153 1183 2254 1235 781
2284 1180 2565 1251 Pippinus
2596 1178 2756 1234 ﬁlius
2787 1177 2976 1234 Caroli
3006 1181 3200 1233 Romae
3217 1176 3291 1231 ab
3311 1174 3567 1230 Adriano
3590 1189 3743 1245 papa

2084 1268 2415 1340 baptizatus
2440 1274 2548 1335 est,
2581 1273 2795 1323 etcum
2829 1267 3005 1322 fratre
3037 1263 3323 1320 Ludovico
3363 1279 3461 1319 rex
3504 1265 3741 1318 unctus.

2086 1355 2332 1418 Tassilo,
2368 1356 2485 1412 dux
2506 1356 2801 1428 Bajoarize,
2834 1355 3007 1410 ﬁdem
3025 1352 3408 1424 subjectionis
3426 1349 3627 1407 Carolo
3652 1365 3745 1405 sa-

2085 1450 2381 1501 cramento
2413 1450 2469 1501 et
2499 1445 2805 1501 obsidibus
2829 1446 3040 1499 ﬁrmat.
3064 1442 3263 1498 Annal.
3295 1440 3450 1496 Fuld.
3501 1470 3570 1481 -—
3592 1439 3740 1495 Con-

2086 1534 2314 1589 stantia:
2344 1534 2653 1606 episcopus
2680 1537 2736 1589 et
2765 1534 2947 1589 abbas
2977 1532 3233 1589 Joannes
3263 1528 3447 1586 obiit:
3480 1544 3585 1601 pro
3623 1543 3742 1600 quo

2086 1622 2267 1695 Egino
2298 1623 2608 1695 episcopus
2629 1638 2816 1677 annos
2834 1638 3015 1689 χχχιι,
3031 1624 3089 1677 et
3106 1621 3314 1676 Petrus
3333 1617 3531 1690 Augia:
3557 1616 3743 1673 abbas

2086 1728 2271 1767 annos
2292 1729 2350 1778 v,
2371 1716 2427 1767 et
2447 1712 2601 1783 apud
2625 1716 2893 1768 sanctum
2918 1709 3150 1767 Gallum
3167 1708 3537 1779 Roudpertus
3557 1706 3743 1762 abbas

2086 1817 2306 1856 annum
2341 1818 2357 1854 ι
2384 1800 2760 1873 prmfuerunt.
2794 1799 2985 1871 IIepid.
3020 1830 3089 1839 —
3113 1798 3268 1854 Inter
3296 1794 3411 1853 alia
3452 1794 3738 1868 prodigia,

2086 1906 2287 1946 cruces
2320 1889 2521 1945 multis
2546 1889 2605 1945 in
2626 1890 2886 1945 vestibus
2918 1890 3220 1960 apparent.
3251 1884 3507 1960 Sanguis
3536 1887 3743 1941 eterra

2088 1985 2145 2036 et
2172 1996 2304 2035 aere
2333 1980 2572 2035 ﬂuxisse
2599 1978 2831 2034 dicitur.
2868 1977 3068 2033 Annal.
3102 1975 3264 2033 Fuld.

2157 2070 2264 2125 782
2284 2067 2523 2124 Carolus
2551 2067 2690 2123 item
2724 2066 2782 2121 in
2812 2067 3062 2122 Saxonis
3090 2069 3442 2122 conventum
3493 2062 3747 2135 habens,

2087 2158 2309 2230 legatos
2327 2158 2623 2213 Danorum
2642 2161 2698 2212 et
2717 2156 3065 2211 Hunnorum
3090 2153 3329 2210 audivit.
3345 2154 3468 2217 Quo
3492 2167 3742 2220 reverso,

2089 2248 2345 2303 Saxones
2359 2245 2580 2318 legatos
2594 2246 2643 2315 ej
2654 2262 2741 2313 us,
2762 2245 2821 2299 in
2837 2244 3071 2300 Sclavos
3088 2258 3221 2299 cum
3237 2241 3487 2297 exercitu
3506 2240 3741 2307 missos,

2089 2336 2476 2408 persuadente
2498 2334 2863 2401 Widikindo,
2894 2332 3212 2389 commisso
3229 2328 3449 2403 praelio,
3479 2345 3592 2383 non
3617 2328 3745 2384 sine

2090 2441 2304 2497 magna
2334 2424 2497 2480 clade
2513 2441 2625 2480 sua
2642 2422 2992 2478 interimunt
3018 2439 3031 2489 ;
3052 2421 3125 2476 ob
3147 2434 3399 2492 quorum
3420 2417 3742 2473 vindictam

2089 2512 2331 2570 Carolus
2358 2516 2651 2569 Saxonum
2680 2515 2934 2584 quatuor
2962 2508 3149 2566 millia
3179 2513 3236 2564 et
3264 2508 3621 2580 quingentos
3649 2506 3747 2562 de-

2090 2600 2302 2657 collare
2324 2601 2526 2673 jussit.
2556 2602 2756 2657 Annal.
2798 2600 2960 2656 Fuld.
2994 2599 3115 2654 Met.
3144 2628 3212 2638 —
3241 2596 3413 2669 Apud
3467 2598 3745 2655 sanctum

2090 2690 2320 2748 Gallum
2352 2689 2563 2746 Waldo
2592 2690 2771 2746 abbas
2793 2688 3025 2761 praefuit
3044 2688 3378 2743 annumiet
3406 2684 3719 2740 dimidium

2090 2780 2291 2852 Hepizl.

2160 2868 2267 2923 783
2292 2867 2577 2940 Hiltigard
2602 2867 2803 2940 regina
2822 2883 2967 2922 uxor
2986 2863 3171 2921 Caroli
3201 2882 3245 2919 ιι
3265 2862 3393 2920 Kal.
3414 2862 3546 2919 Maii
3571 2861 3741 2934 (274),

2090 2961 2147 3013 et
2178 2955 2390 3012 Bertba
2419 2962 2607 3013 mater
2635 2956 2763 3027 ejus
2796 2972 2853 3011 ιν
2883 2955 2967 3010 Id.
2990 2952 3110 3010 Jul.
3141 2952 3307 3010 obiit.
3335 2949 3576 3009 Carolus
3598 2951 3741 3006 item

2092 3046 2348 3101 Saxones
2368 3044 2458 3100 bis
2481 3043 2602 3100 acie
2619 3044 2937 3116 conﬂigens
2959 3059 3172 3115 magna
3203 3042 3339 3098 I21
3370 3043 3563 3111 strage
3582 3039 3739 3108 vicit,

2092 3133 2548 3205 Fastradamque
2577 3151 2643 3191 eo
2672 3150 2826 3190 anno
2856 3132 3021 3189 duxit
3047 3147 3306 3187 uxorem.
3351 3129 3549 3185 Annal.
3585 3127 3743 3185 Fuld.

2092 3232 2144 3281 et
2174 3222 2292 3279 Met.
2828 3245 2833 3249 -

2162 3314 2272 3367 784
2298 3312 2510 3369 Junior
2538 3310 2775 3368 Carolus
2805 3328 2839 3367 a
2870 3314 3032 3384 patre
3063 3310 3121 3365 in
3154 3308 3466 3365 Saxoniam
3522 3307 3743 3364 missus

404 3400 512 3453 778
540 3398 778 3453 Carolus
810 3398 1119 3470 Hispanias
1151 3398 1299 3454 bello
1332 3400 1493 3471 petit,
1543 3405 1619 3465 et,
1677 3401 1982 3457 obsidibus
2014 3383 2056 3449 (ἶ
2097 3401 2448 3458 Westfaldos
2466 3400 2663 3474 pretio
2695 3400 2854 3468 vicit,
2877 3383 2942 3456 et
2969 3398 3218 3454 domuit.
3247 3397 3450 3453 Annal.
3487 3396 3643 3452 Fuld.
3677 3426 3748 3435 —

335 3485 609 3557 acceptis,
640 3485 1148 3557 Wasconibusque
1165 3490 1221 3540 et
1237 3486 1513 3541 Narbaris
1536 3488 1849 3558 (Navarris)
1882 3506 1983 3543 su-

337 3574 542 3642 bactis,
568 3572 756 3629 rediit.
783 3574 979 3627 Annal.
1006 3575 1263 3628 Lauresh.
1289 3605 1353 3614 —
1381 3574 1617 3629 Interim
1647 3580 1677 3630 l
1695 3577 1793 3631 26
1809 3577 1984 3633 Saxo-

338 3680 443 3719 nes
468 3662 604 3717 item
628 3660 872 3717 rebelles
888 3662 1032 3716 duce
1047 3661 1388 3717 Widikindo
1408 3663 1758 3719 Francorum
1787 3666 1984 3721 termi-

339 3768 444 3808 nos
475 3766 660 3821 usque
682 3750 753 3806 ad
777 3749 1043 3805 Rhenum
1066 3755 1327 3815 vastant;
1351 3752 1450 3805 sed
1472 3750 1815 3824 insequente
1837 3755 1986 3827 regis

338 3841 590 3898 exercitu
623 3856 837 3912 magna
861 3857 929 3894 ex
959 3845 1122 3911 parte
1152 3840 1285 3895 caesi
1319 3839 1571 3912 fugiunt.
1607 3843 1805 3898 Annal.
1825 3844 1981 3900 Fuld.

405 3931 513 3985 779
541 3928 781 3984 Carolus
811 3928 950 3983 item
984 3927 1311 3984 Saxonibus
1343 3945 1539 4001 pugna
1578 3930 1742 3987 victis
1773 3937 1830 3988 et
1886 3951 1985 3989 su-

2096 3491 2262 3563 Apud
2298 3494 2568 3545 sanctum
2600 3488 2832 3545 Gallum
2862 3487 3079 3544 Werdo
3102 3486 3284 3543 abbas
3306 3486 3539 3559 praefuit
3560 3499 3747 3541 annos

2094 3597 2225 3635 xxv.
2259 3578 2447 3648 IIepid.

2164 3668 2272 3723 785
2301 3665 2603 3721 Widikind
2645 3666 2814 3733 Saxo,
2847 3666 2920 3721 ad
2983 3664 3341 3723 deditionem
3385 3661 3587 3719 Carolo
3646 3677 3750 3719 ve-

2097 3758 2283 3823 niens,
2316 3755 2645 3827 baptizatus
2676 3759 2784 3823 est,
2819 3758 2876 3809 et
2904 3758 3026 3810 tota
3056 3754 3307 3809 Saxonia
3346 3753 3591 3808 subacta
3636 3755 3746 3809 est.

2094 3847 2232 3918 Conj
2246 3845 2430 3901 uratio
2463 3842 2835 3899 orientalium
2868 3843 3225 3899 Francorum
3250 3847 3453 3898 contra
3476 3840 3745 3897 Carolum

2096 3941 2222 3990 orta
2252 3941 2308 3990 et
2337 3948 2675 4006 compressa
2703 3936 2811 3988 est.
2835 3933 3038 3988 Annal.
3073 3932 3235 3988 Fuld.
3269 3929 3479 4003 Eginh.

1388 4087 1859 4146 COMPENDIUM
1897 4092 1988 4148 EX
2028 4091 2280 4149 CODICE
2314 4090 2694 4147 BERNOLDI.

406 4220 514 4275 773
546 4219 769 4275 Carolus
798 4218 931 4274 ab...
959 4221 1142 4291 petiit,
1181 4228 1253 4287 et,
1309 4221 1582 4277 Desiderio
1637 4240 1758 4295 rege
1776 4227 1984 4283 obsesso

336 4311 546 4381 Papiae,
571 4310 684 4380 ipse
712 4309 1005 4364 Romam...
1030 4310 1111 4365 ibi
1130 4310 1448 4367 celebravit.

403 4399 508 4453 774
538 4397 881 4469 Langobardi
908 4414 1032 4453 cum
1061 4399 1341 4455 Desiderio
1365 4416 1493 4470 rege
1544 4417 1733 4457 eorum
1790 4403 1985 4459 Carolo

335 4504 391 4545 se
419 4488 825 4555 tradunt,anno
854 4504 957 4543 ccv
981 4505 1051 4544 ea:
1080 4504 1183 4561 quo
1206 4491 1428 4545 Italiam
1449 4506 1570 4545 cum
1595 4507 1719 4562 rege
1766 4492 1986 4549 Alboino

339 4580 700 4634 intraverant.
734 4576 971 4649 Corpora
1002 4577 1142 4634 SS...
1171 4579 1442 4634 translata
1472 4583 1619 4634 sunt.

404 4669 512 4722 775
550 4667 779 4723 Carolus
825 4666 1130 4722 Saxoniam
1160 4669 1361 4724 iterum
1392 4668 1743 4723 rebellantem
1794 4678 1983 4727 vastat.

406 4757 514 4809 776
546 4755 778 4810 Carolus
815 4756 1172 4833 lludgaudum
1221 4773 1449 4826 regnum
1497 4758 1679 4813 Italae
1727 4760 1987 4830 a/fectan-

337 4847 447 4897 tem
476 4842 687 4896 occidit.

410 4931 513 4984 777
545 4929 786 4983 Saxones
818 4931 1037 4987 tandem
1062 4934 1296 4987 multa...
1328 4935 1665 5006 efﬁciuntur.

410 5020 515 5072 778
548 5018 774 5072 Carolus
805 5020 1093 5089 Hispanias
1121 5023 1295 5092 petiit,
1321 5025 1513 5091 quibus
1540 5026 1779 5079 subartz‘s
1827 5025 1987 5081 redit.

342 5108 417 5163 Sa
428 5123 585 5163 tones
617 5107 819 5161 iterum
839 5108 1126 5165 rebellant.

411 5198 483 5253 77
547 5195 777 5252 Carolus
799 5197 999 5252 iterum
1021 5199 1263 5254 Saxones
1290 5203 1587 5271 superauit.

2162 4226 2269 4280 780
2300 4224 2524 4280 Carolus
2552 4223 2830 4295 dispositis
2859 4225 3020 4281 rebus
3073 4224 3357 4281 Saxonum
3408 4226 3463 4280 ct
3517 4220 3745 4278 Sclavo-

2095 4332 2241 4381 rum,
2272 4316 2457 4385 ipse...
2491 4313 2653 4370 adiit.
3256 4328 3283 4341 ‘

2164 4403 2260 4459 78l
2302 4404 2570 4475 Pippinus
2598 4403 2751 4475 ﬁlius
2782 4402 2967 4459 Caroli
2998 4404 3178 4459 Romae
3203 4403 3271 4458 ab
3311 4401 3550 4458 Adriano
3602 4415 3750 4472 papa

2096 4493 2431 4564 baptizatur,
2463 4495 2516 4547 et
2543 4492 2611 4547 ab
2642 4490 2827 4548 eodem
2854 4508 2889 4547 a
2919 4492 3185 4563 baptismo
3212 4491 3540 4563 suscipitur,
3561 4492 3747 4546 etcum

2093 4584 2270 4653 fratre
2298 4581 2570 4637 Ludovico
2600 4596 2700 4636 rex
2738 4581 2988 4651 ungitur.
3048 4578 3448 4635 Constantia...
3504 4578 3748 4651 praefue-

2096 4674 2246 4726 runt.
2280 4672 2387 4727 Hoc
2415 4678 2650 4741 tempore
2678 4685 2861 4726 cruces
2891 4678 3267 4742 apparuerunt
3305 4668 3492 4725 multis
3531 4668 3593 4723 in
3642 4681 3753 4721 ves-

2086 4760 2262 4815 tibus.
2294 4759 2595 4829 Sanguis...
2627 4757 2848 4814 dicitur.

2018 4870 2066 4934 Β
2167 4849 2275 4902 782
2306 4847 2529 4903 Carolus
2559 4847 2841 4902 Saxonum
2868 4848 3010 4903 4500
3038 4846 3305 4903 decollare
3352 4847 3541 4918 jussit.
3596 4842 3753 4916 Apud

2099 4938 2154 4992 S.
2187 4936 2407 4991 Gallum
2446 4934 2629 4991 Waldo
2655 4936 2824 4991 abbas
2848 4937 3077 5007 praefuit
3097 4952 3242 4992 anno
3264 4952 3392 4991 uno.

2169 5026 2274 5081 783
2305 5024 2650 5094 Ilildigart...
2681 5026 2822 5081 Julii
2848 5026 3001 5080 obiit.

2168 5116 2273 5170 784
2301 5115 2499 5171 Junior
2519 5113 2814 5169 Carolus...
2846 5114 3196 5186 Westphalos
3228 5113 3372 5170 bello
3399 5112 3631 5170 domuit.

2170 5206 2278 5260 785
2313 5201 2661 5260 Widiltind...
2696 5203 3001 5276 baptizatus
3025 5207 3122 5259 est.

1929 5364 2160 5423 NOTAE.

417 5479 568 5624 E271)
596 5483 713 5537 Hoc
729 5482 1005 5565 ultimum
1032 5487 1258 5556 spectat
1278 5484 1347 5539 ad
1374 5501 1593 5541 annum
1626 5492 1990 5559 sequentem.

439 5553 574 5624 2724
600 5557 809 5609 Locum
836 5556 1057 5611 indicat
1086 5554 1497 5622 Gottwicexqis
1528 5558 1725 5623 codex,
1786 5575 1990 5624 nempe

439 5553 575 5632 272)
600 5553 1499 5632 Locumindigatﬂottwicexqis
1528 5553 1725 5632 codex,
1742 5630 1754 5632 _
1770 5575 1995 5632 nempe

349 5622 760 5756 Caigridonam.
796 5624 924 5682 Vid.
958 5626 1245 5693 Bolland.,
1277 5632 1318 5684 t.
1355 5645 1415 5684 ιι.
1451 5627 1581 5684 Maii
1612 5629 1685 5683 ad
1724 5629 1880 5687 diem
1905 5622 1993 5698 f0,

349 5702 405 5755 et
493 5694 657 5756 abill.
683 5696 894 5755 Annal.
913 5696 1150 5756 Bened..
1173 5704 1214 5756 t.
1245 5716 1309 5756 ιι.
1327 5715 1385 5756 n.
1408 5702 1534 5756 228.
1559 5716 1683 5756 sea.
1714 5718 1727 5756 :
1757 5701 1823 5756 it.
1848 5706 1892 5756 t.
1917 5720 1993 5756 ιν.

347 5702 405 5755 et
433 5694 657 5756 Mabill.
683 5696 894 5755 Annal.
913 5696 1150 5768 Bened.,
1173 5704 1214 5759 t.
1245 5715 1385 5779 n,p.
1408 5702 1534 5777 228,
1559 5716 1683 5779 seq.
1714 5718 1727 5773 ;
1757 5701 1823 5762 it.
1848 5706 1892 5763 t.
1917 5694 1993 5778 1v,

2103 5490 2718 5643 ?.(427§).Rotgaudhus,
2752 5562 3231 5643 seultotgausus,
3262 5560 3381 5643 dux
3409 5560 3534 5615 erat
3578 5554 3757 5613 Foro-

2104 5629 2407 5692 Juliensis.
2440 5629 2567 5686 Vid.
2603 5629 2817 5688 Cointii
2847 5629 3059 5687 Annal.
3094 5632 3167 5689 ad
3199 5631 3258 5689 b.
3292 5635 3348 5690 2.

2175 5704 2323 5784 (274)
2350 5700 2482 5763 Vid.
2514 5700 2781 5763 Bolland.
2808 5701 2879 5764 30
2909 5701 3095 5782 April.
