4108 6192
250 294 365 354 165

1467 296 1940 365 CHRONICON.
1970 334 2048 347 —
2079 300 2269 363 SAEC.
2296 300 2461 365 -VIII.

3543 310 3660 378 166

1622 435 1859 491 CODEX
1894 434 2296 491 AUGIENSIS.

316 514 429 570 786
460 514 707 572 Carolus
735 516 920 573 misso
949 534 1053 590 per
1080 520 1383 577 Autulfum
1416 520 1537 594 [al.,
1560 522 1907 596 Audulfum]
1938 524 1991 589 Α

249 604 509 659 exercitu
557 605 823 661 Britones
853 607 1103 675 domuit,
1132 613 1191 665 et
1240 610 1363 682 ipse
1413 609 1655 666 Romam
1703 612 1907 667 orandi

249 694 441 765 gratia
472 694 640 749 adiit.
664 700 949 752 Auctores
969 696 1394 768 conjurationis
1417 703 1617 755 contra
1636 699 1907 756 Carolum

250 781 501 838 diversis
533 783 723 855 pmnis
753 784 1100 841 multantur.
1129 784 1287 842 Lullo
1310 787 1701 860 Moguntiensi
1724 789 1910 845 archi—

250 871 528 943 episcopo
578 871 890 930 Richult‘us
937 874 1224 931 successit
1272 877 1443 933 annis
1476 877 1673 949 [suppL
1709 878 1905 950 xxvn].

250 960 451 1030 Angia:
486 966 619 1032 post
661 961 896 1017 Petrum
924 963 1132 1019 Waldo
1165 964 1347 1020 abbas
1397 969 1634 1022 octavus
1680 966 1911 1039 prmfuit

250 1048 422 1105 annis
453 1066 549 1105 xx.
580 1051 784 1106 Annal.
822 1051 979 1106 Fuld.

317 1140 425 1192 787
458 1136 725 1206 Carolus,
759 1140 1152 1196 Beneventum
1203 1146 1429 1213 petens,
1463 1143 1696 1199 obsides
1742 1160 1907 1200 acce-

250 1228 350 1297 pit.
392 1227 719 1283 Ituoddrud
747 1230 869 1298 [al.,
896 1230 1194 1300 Rotrudis]
1227 1230 1346 1285 lilia
1377 1233 1505 1301 ejus
1527 1231 1910 1287 Constantino

250 1316 593 1387 imperatori
629 1316 1038 1387 desponsatur.
1072 1317 1319 1390 Eclipsis
1360 1318 1501 1374 solis
1539 1337 1612 1374 xv
1642 1320 1770 1374 Kal.
1804 1322 1909 1375 Oc-

249 1404 362 1459 tob.
398 1406 611 1460 Annal.
642 1404 800 1459 Fuld.

311 1493 422 1547 788
452 1493 687 1550 Tassilo
718 1495 837 1549 dux
874 1495 1172 1566 Bajoarim,
1204 1495 1569 1553 inﬁdelitatis
1612 1502 1671 1553 et
1717 1498 1910 1570 periu-

248 1583 315 1637 rii
346 1582 688 1650 convictus,
722 1600 756 1639 a
785 1583 988 1640 Carolo
1019 1584 1234 1640 ducatu
1268 1585 1547 1658 privatur.
1580 1589 1909 1641 Graecorum

246 1670 541 1728 exercitus
573 1689 611 1728 a
640 1672 880 1728 Francis
908 1678 966 1729 et
1009 1673 1168 1730 Italis
1207 1674 1481 1730 vincitur.
1517 1676 1660 1731 Item
1691 1672 1910 1742 Hunni,

246 1761 341 1832 qui
374 1765 437 1816 et
469 1766 716 1827 Avares,
746 1778 780 1817 a
808 1761 993 1817 Caroli
1036 1763 1353 1819 vincuntur
1395 1764 1670 1819 exercitu.
1707 1765 1907 1819 Annal.

246 1849 401 1904 Fuld.
438 1853 589 1905 Nam.

311 1938 424 1991 789
455 1938 730 2004 Carolus,
777 1938 970 1995 valido
1030 1940 1287 2013 undique
1337 1939 1576 1997 collecto
1630 1941 1907 2006 exercitu,

244 2027 480 2103 Albiam
508 2026 753 2082 ﬂuvium
781 2028 1013 2091 transit,
1036 2032 1091 2084 et
1111 2028 1366 2096 Sclavos,
1392 2030 1488 2101 qui
1519 2028 1686 2084 Wilzi
1708 2030 1908 2084 dicun-

244 2124 362 2184 tnr,
397 2115 602 2188 praelis
630 2117 909 2188 protritos
941 2117 1295 2189 subjugavit.
1328 2119 1429 2173 An.
1462 2119 1617 2173 Fuld.
1651 2119 1846 2189 Eginh.

313 2205 630 2259 79011unc
679 2222 899 2260 annum
930 2205 1173 2261 Carolus
1219 2206 1345 2262 sine
1396 2206 1541 2263 bello
1573 2207 1908 2263 Wormatize

245 2294 493 2366 quietus
522 2294 821 2368 transegit.
854 2294 1063 2350 Annal.
1096 2295 1252 2351 Fuld.

326 2383 437 2436 79t
472 2382 718 2449 Carolus,
745 2382 1033 2439 trifariam
1056 2383 1241 2440 diviso
1269 2385 1520 2440 exercitu
1544 2389 1727 2441 terras
1750 2386 1908 2440 Hun-

250 2488 473 2527 norum
514 2472 867 2544 ingrediens,
901 2473 1052 2528 ferro
1100 2478 1154 2527 et
1204 2471 1339 2545 igne
1388 2474 1674 2531 devastat.
1708 2476 1906 2530 Annal.

248 2560 411 2615 Fuld.
445 2561 642 2616 Loisel.

322 2648 482 2705 128
524 2649 634 2703 792
679 2650 908 2721 Synodo
965 2649 1299 2722 Ratisponze
1355 2649 1614 2720 collecta,
1671 2650 1909 2707 haeresis

250 2737 549 2794 Peliciana
581 2738 860 2793 damnata
887 2742 996 2804 est,
1031 2737 1235 2794 Coneil.
1272 2739 1451 2795 Germ.
1475 2745 1519 2795 t.
1543 2742 1584 2807 Ι,
1608 2757 1665 2813 p.
1688 2742 1814 2796 287.
1840 2773 1909 2781 —

249 2826 591 2899 Conjuratio
622 2825 849 2899 Pippini
883 2831 1084 2882 contra
1120 2827 1348 2883 Patrem
1379 2827 1650 2884 Carolum
1681 2830 1911 2886 detecta

250 2922 303 2972 et
358 2914 658 2989 supplicio
712 2919 1016 2971 auctorum
1074 2916 1283 2989 punita
1339 2921 1445 2973 est.
1497 2919 1698 2974 Annal.
1747 2919 1905 2974 Fuld.

250 3005 449 3076 Eginh.

315 3094 426 3148 793
456 3094 665 3166 Pugna
686 3093 837 3149 inter
864 3097 1211 3150 Sarracenos
1234 3098 1289 3150 et
1314 3095 1561 3150 Francos
1593 3094 1653 3150 in
1673 3095 1907 3166 Gothia,

247 3182 592 3238 Sarracenis
639 3182 1066 3254 superioribus,
1112 3183 1433 3239 commissa
1488 3187 1594 3239 est.
1653 3184 1909 3241 Saxones

248 3271 387 3327 item
425 3286 594 3327 more
622 3287 731 3327 suo
761 3269 1068 3327 rebellant.
1099 3272 1301 3328 Annal.
1332 3271 1488 3327 Fuld.

2088 524 2193 577 794
2225 522 2454 595 Synodo
2486 539 2699 595 magna
2723 523 2778 578 in
2805 524 3227 580 Franconot‘urt
3244 527 3461 593 habita,
3486 530 3660 589 haere-

2017 612 2099 665 sis
2129 611 2266 666 item
2302 610 2591 667 Feliciana
2621 612 2901 669 damnata
2931 618 3039 669 est.
3074 615 3274 670 Annal.
3305 618 3563 674 Lauresh.
3592 654 3617 662 -

2016 700 2295 755 Fastrada
2324 701 2526 771 regina
2558 706 2783 756 mortua
2817 706 2871 757 et
2907 702 3255 775 Moguntiaci
3292 706 3522 777 sepulta
3550 714 3657 765 est.

2019 788 2504 860 Pseudosynodus
2526 788 2857 844 Graecorum
2879 792 3045 861 (275),
3067 808 3169 863 pro
3192 792 3501 851 aderandis
3525 796 3663 853 ima-

2018 874 2255 948 ginibus
2287 877 2505 943 habita,
2538 878 2609 932 ab
2642 878 2930 949 episcopis
2974 880 3251 936 damnata
3281 886 3385 937 est.
3420 882 3662 941 Carolus

2017 964 2156 1019 item
2188 965 2515 1022 Saxonibus
2546 966 2803 1022 subactis
2850 968 3080 1022 tertiam
3129 969 3385 1026 virorum
3437 979 3660 1044 partem

2017 1053 2338 1109 transtulit.
2374 1053 2473 1109 llis
2522 1056 2883 1127 temporibus
2930 1055 3247 1124 Alewinus,
3281 1061 3379 1130 qui
3413 1067 3469 1116 et
3496 1062 3662 1117 Albi-

2020 1160 2153 1209 nus,
2186 1143 2340 1212 apud
2376 1158 2568 1213 regem
2602 1148 2954 1213 czrterosque
2985 1144 3100 1198 vita
3147 1150 3202 1199 et
3250 1146 3515 1203 doctrina
3544 1149 3662 1204 cla-

2020 1248 2119 1283 rus
2153 1231 2419 1284 habetur.
2456 1232 2652 1285 Annal.
2686 1231 2839 1285 ιἰιίιΙ.
2873 1232 3064 1299 I'Jginh.

2088 1321 2194 1372 795
2222 1320 2498 1383 Saxones,
2533 1336 2664 1373 cum
2701 1319 2946 1372 Witzum
2997 1321 3204 1375 ducem
3253 1323 3661 1382 Aliedritarum

2019 1408 2090 1463 ad
2123 1423 2316 1477 regem
2347 1407 2612 1462 Carolum
2646 1407 2969 1461 venientem
3005 1409 3409 1480 percmissent,
3440 1420 3666 1470 vastata

2019 1496 2156 1551 item
2202 1496 2436 1567 regione
2485 1513 2591 1551 sua
2644 1495 2832 1567 puniti
2884 1496 3118 1551 obsides
3167 1498 3424 1555 tradunt.
3470 1501 3666 1558 Hunni

2021 1602 2255 1657 quoque
2276 1585 2475 1640 missis
2500 1584 2704 1656 legatis
2727 1602 2787 1639 se
2810 1602 2941 1639 cum
2967 1589 3120 1641 terra
3140 1603 3248 1641 sua
3270 1587 3379 1658 ipsi
3401 1590 3662 1666 tradunt;

2020 1674 2513 1728 Christianitatem
2548 1673 2915 1745 promittunt.
2951 1675 3149 1729 Annal.
3185 1677 3344 1732 Fuld.
3378 1680 3575 1747 Eginh.

2092 1763 2245 1818 I29
2272 1764 2380 1817 796
2428 1763 2643 1829 Romm,
2695 1762 2966 1817 defuncto
2997 1765 3146 1832 (276)
3191 1766 3445 1823 Adriano
3493 1786 3663 1841 papa,

2022 1852 2134 1908 Leo
2158 1852 2229 1906 III
2256 1868 2405 1923 papa
2425 1851 2577 1905 sedit
2601 1851 2772 1905 annis
2796 1868 2887 1906 xx.
2910 1850 3274 1924 Principibus
3296 1854 3663 1925 Hunnorum,

2019 1944 2248 2013 Cagano
2280 1944 2337 1994 et
2365 1940 2639 2011 Jugurro,
2674 1938 2823 1993 civili
2860 1939 3008 1994 bello
3040 1943 3378 2014 peremptis,
3402 1949 3556 2001 terra
3576 1963 3668 2001 eo-

2023 2047 2150 2085 rum
2185 2029 2576 2099 omnibusqne
2610 2028 2902 2083 thesauris
2932 2028 3191 2096 Carolus,
3228 2048 3326 2101 per
3357 2032 3664 2089 Ehericum

2019 2118 2469 2189 Ii‘orojuliensem
2496 2118 2701 2170 ducem
2728 2122 2783 2170 et
2807 2117 3115 2187 Pippinum
3143 2118 3323 2173 {ilium
3348 2138 3545 2187 suum,
3571 2141 3667 2194 ρος

2017 2209 2158 2263 titus
2185 2211 2291 2261 est.
2315 2206 2523 2260 Tudnn
2576 2221 2807 2277 quoque
2837 2206 3106 2277 princeps
3129 2224 3349 2275 eorum,
3376 2211 3445 2265 ad
3471 2210 3664 2281 ipsum

2018 2296 2274 2360 veniens,
2294 2312 2426 2350 cum
2452 2293 2666 2367 populo
2690 2312 2795 2349 suo
2819 2294 3146 2366 baptizatus
3163 2302 3252 2351 est
3272 2303 3329 2351 et
3351 2298 3666 2357 honorifice

2018 2387 2088 2441 ad
2122 2403 2230 2439 sua
2262 2384 2546 2439 remissus
2568 2387 2674 2438 est.
2701 2384 2952 2438 Saxonis
2981 2384 3156 2439 etiam
3188 2384 3400 2442 iterum
3432 2388 3666 2447 rebellis

2018 2476 2089 2529 ab
2124 2474 2248 2546 ipso
2282 2490 2524 2545 pervasa
2553 2476 2833 2527 vastatur.
2868 2474 3066 2527 Annal.
3102 2474 3256 2528 Fuld.
3288 2477 3486 2546 Eginh.

2087 2566 2190 2616 797
2224 2561 2547 2617 Barcinona
2577 2562 2718 2616 urbs
2754 2561 3039 2632 Hispaniae
3065 2562 3267 2619 Carolo
3300 2566 3526 2622 reddita
3554 2573 3664 2625 est.

2018 2650 2513 2722 Constantinopoli
2564 2649 2990 2707 Constantinus
3041 2651 3361 2722 imperator
3389 2671 3423 2709 a
3453 2655 3667 2713 Graecis

2019 2745 2353 2796 exczecatur.
2387 2738 2635 2795 Saxonia
2680 2738 2819 2794 item
2852 2756 2885 2793 a
2917 2738 3118 2794 Carolo
3161 2757 3349 2811 usque
3380 2744 3450 2797 ad
3483 2744 3664 2800 Ocea-

2019 2847 2160 2884 num
2195 2832 2442 2894 vastata,
2467 2833 2522 2882 et
2544 2827 2601 2882 in
2634 2826 2987 2882 deditionem
3018 2843 3119 2899 per
3145 2827 3381 2884 obsides
3413 2835 3661 2903 recepta.

2017 2920 2120 2973 An.
2153 2917 2313 2974 Fuld.
2349 2916 2574 2988 Theoph.

2086 3007 2193 3059 798
2223 3004 2463 3059 Carolus
2496 3003 2553 3058 in
2584 3003 2834 3059 Saxonia
2878 3020 3014 3059 cum
3062 3005 3313 3061 exercitu
3364 3006 3661 3078 hiemavit,

2017 3099 2075 3149 et
2104 3092 2555 3148 Transalbianos
2584 3096 2858 3158 Saxones,
2883 3093 2983 3163 qui
3015 3092 3233 3163 legatos
3253 3097 3381 3164 ejus
3406 3112 3666 3168 compre-

2017 3183 2358 3247 henderant,
2395 3179 2509 3234 late
2559 3180 2824 3248 vastavit,
2858 3186 2915 3234 et
2944 3197 3045 3251 per
3090 3180 3311 3252 legatos
3355 3200 3495 3238 suos
3525 3200 3663 3240 con-

2017 3275 2170 3328 serto
2202 3268 2396 3341 prtelio
2426 3272 2678 3340 quatuor
2710 3267 2891 3323 millia
2919 3285 2989 3324 ex
3025 3269 3110 3325 eis
3141 3271 3373 3340 occidit,
3406 3271 3664 3345 reliquos

1299 3378 1777 3435 COMPENDIUM
1817 3380 1910 3435 EX
1949 3376 2201 3434 CODICE
2240 3374 2621 3431 BERNOLDI.

310 3477 424 3531 786
453 3475 688 3530 Carolus
716 3477 918 3530 iterum
949 3476 1173 3532 Romam
1203 3478 1305 3532 ivit
1331 3476 1530 3533 orandi
1557 3479 1761 3547 gratia.
1791 3478 1901 3533 Au-
1934 3480 1978 3546 (ι
2084 3476 2191 3529 793
2222 3474 2529 3529 Saxones...
2563 3474 2852 3529 rebellant.

463 3566 636 3619 annis
664 3565 883 3632 viginti.

310 3656 423 3708 787
453 3651 713 3707 Rudtrud
739 3652 860 3722 ﬁlia
891 3653 1141 3708 Caroli...
1173 3654 1549 3726 desponsalur.

311 3744 426 3798 789
455 3743 571 3797 Hoc
598 3757 744 3796 anno
774 3742 1001 3797 Carolus
1034 3759 1243 3797 nvxxm
1278 3759 1419 3815 pene
1464 3760 1736 3800 canonum
1763 3745 1911 3816 capi-

249 3832 365 3886 tula
394 3833 568 3887 totius
597 3832 758 3900 regni
775 3833 866 3886 sui
884 3833 1146 3903 episcopis
1172 3834 1503 3899 transmisit,
1527 3841 1586 3888 ut
1605 3835 1720 3905 ejus
1748 3835 1908 3888 auxi-

253 3922 323 3976 lio
351 3918 685 3990 corrigenda
713 3922 987 3989 corrigere
1011 3925 1226 3992 possent
1256 3922 1425 3994 (277).

308 4009 423 4063 790
453 4010 614 4064 Hunc
645 4025 857 4064 annum
886 4008 1112 4065 Carolus
1141 4011 1455 4069 Wormatize
1483 4013 1698 4083 quietus
1727 4020 1910 4067 trans-

249 4107 376 4170 egit.

304 4189 413 4243 791
449 4186 686 4242 Carolus
714 4196 925 4242 tenam
950 4188 1278 4244 Hunnorum
1305 4189 1568 4246 devastat.

306 4277 416 4331 792
446 4274 737 4347 Synodo...
770 4275 1036 4331 damnata
1065 4280 1164 4333 est.

2085 3565 2189 3620 794
2223 3563 2503 3635 Synodo...
2556 3564 2835 3617 Feticiana
2890 3564 3154 3620 damnata
3210 3569 3307 3620 est.
3358 3566 3665 3638 Pseudosy-

2016 3654 2255 3709 nodus...
2314 3653 2577 3707 damnata
2632 3655 2727 3706 est.
2776 3653 2870 3706 llis
2929 3654 3264 3723 temporibus
3320 3655 3662 3710 Alewinus...

2017 3741 2264 3797 habetur.

2084 3830 2193 3885 795
2221 3831 2406 3885 Hunni
2449 3830 2631 3883 missis
2670 3829 2860 3898 legatis
2888 3844 2946 3882 se
2974 3844 3098 3882 cum
3128 3833 3276 3883 terra
3321 3846 3421 3884 sua
3471 3830 3663 3887 Carolo

2016 3920 2260 3986 tradunt,
2294 3927 2344 3974 et
2374 3918 2846 3973 Christianitatem
2869 3925 3195 3989 promzttunt
3225 3918 3393 3990 (278).

2084 4009 2193 4063 796
2223 4010 2428 4076 Roma},
2458 4006 2772 4077 defuncto...
2805 4007 2970 4061 annis
2999 4023 3092 4061 xx.

2084 4098 2191 4152 797
2225 4095 2760 4166 Constantinopoli...
2788 4102 3116 4151 emercatur.

2085 4188 2192 4242 798
2221 4187 2426 4241 Helena
2456 4188 2697 4240 mater...
2730 4200 2864 4254 pace
2892 4186 3065 4241 misit.

1839 4367 2072 4424 NOT/E.

306 4454 460 4537 (_275)
496 4450 848 4537 lutei-ﬁgitur
887 4453 983 4535 hic
1014 4453 1347 4537 concilium.
1373 4455 1677 4537 Niccenum
1708 4474 1771 4537 ῃ,
1799 4474 1894 4537 an.
1929 4474 1976 4537 Ι)
2008 4460 2126 4537 tem
2149 4453 2553 4537 cum_di:gretis
2572 4451 3423 4537 Snﬂomanorp‘m‘pontitieum
3445 4450 3655 4537 Siripii,

242 4526 507 4599 707,J)ro
539 4522 851 4599 θυμοί-88.
872 4525 1210 4599 imaginum
1256 4526 1547 4599 habitum,
1569 4531 1626 4583 et
1649 4545 1684 4584 a
1713 4522 1897 4583 Patri-

242 4596 351 4651 bus
372 4594 1323 4671 Francofordiensibusperperam
1342 4594 1895 4656 intellectum.Conc.

243 4667 420 4722 Germ.
456 4672 502 4720 t.
538 4665 581 4722 Ι.
616 4682 673 4722 n.
699 4669 826 4722 288.

304 4685 420 4721 rm.
456 4682 502 4720 t.
540 4682 581 4729 ι,
616 4682 673 4747 p.
699 4682 826 4722 κδδ.

304 4739 465 4810 (276)
486 4736 736 4810 Scilicet
770 4755 874 4793 νιιι
902 4738 1024 4795 Kal.
1063 4738 1225 4805 Jan.,
1254 4739 1347 4795 cui
1393 4739 1576 4797 altera
1624 4758 1756 4797 mox
1806 4741 1898 4796 die

242 4807 701 4885 mecessit_Leo;
736 4810 888 4882 quod
941 4810 1083 4867 adeo
1131 4810 1323 4866 adhuc
1353 4810 1425 4866 ad
1459 4812 1632 4868 ﬁnem
1683 4812 1897 4885 prioris

242 4881 374 4935 anni
406 4879 685 4952 pertinet.

312 4951 463 5026 (277)
497 4955 648 5006 Sunt
677 4951 796 5005 hmo
825 4952 1172 5026 capitularia
1191 4953 1689 5026 Aquisgranensia
1718 4954 1897 5025 hujus

244 5022 567 5098 annitqua;
596 5026 827 5098 exstant
868 5022 928 5078 in
952 5022 1210 5098 editione
1250 5022 1561 5081 Balu'ziana
1590 5030 1646 5082 et
1674 5022 1894 5098 passim

244 5092 300 5148 in
334 5092 778 5149 collectionibus
805 5094 1207 5151 conciliorum.

316 5166 665 5239 {2773)_Circa
693 5165 815 5219 haec
847 5170 1111 5239 tempora
1151 5166 1210 5221 in
1249 5166 1511 5239 margine
1542 5166 1757 5223 codicis
1789 5168 1894 5223 Ba-

246 5237 421 5291 varici
474 5234 694 5309 legitur
738 5234 991 5309 sequens
1039 5241 1195 5305 nota,
1229 5234 1520 5309 priméva,
1554 5242 1617 5293 ut
1646 5239 1893 5303 videtur,

246 5323 423 5362 manu
446 5307 762 5379 ascripta.«
782 5307 1098 5364 sciendum
1116 5307 1319 5364 Carolo
1341 5325 1554 5377 magno
1571 5309 1890 5366 Adrianum

246 5394 463 5450 papam,
492 5378 689 5433 Romae
712 5379 925 5435 librum
947 5380 1178 5436 dedisse
1209 5380 1602 5436 continentem
1632 5381 1895 5437 Canones

246 5449 648 5521 apostolorum
678 5466 813 5521 cum
845 5450 1108 5507 conciliis
1131 5451 1381 5520 Nicteno,
1405 5454 1727 5521 Ancyrano,
1754 5453 1896 5508 Neo-

245 5522 602 5595 cesariensi,
670 5520 1013 5595 Gangrensi,
1067 5522 1467 5595 _Antiocheno,
1530 5520 1891 5595 Laodicensi,

244 5592 913 5667 Constantinopolitano,
945 5593 1422 5667 Chalcedonensi,
1452 5594 1808 5667 Sardicensi,
1838 5599 1896 5654 et

244 5665 546 5745 quoddam
565 5668 873 5744 exceptum
897 5681 968 5729 ex
982 5664 1271 5731 Africanis
1300 5664 1564 5731 conciliis
1590 5664 1892 5732 continen-

2010 4525 2349 4591 Innocentii,
2373 4524 2609 4589 Zosimi,
2636 4524 2936 4589 Bonifacii,
2960 4521 3275 4588 leestini,
3306 4521 3535 4585 Leonis,
3563 4522 3658 4575 lli-

2008 4597 2158 4663 larii,
2192 4595 2504 4667 Simplicii,
2539 4594 2761 4659 Felicis,
2784 4594 3020 4667 Gelasii,
3056 4592 3364 4667 Anastasii,
3390 4593 3656 4667 Symma-

2007 4669 2123 4731 chi,
2187 4663 2524 4729 tIormisdze,
2587 4666 2863 4736 Gregorii.
2919 4665 3083 4718 Hunc
3144 4663 3656 4736 librum__quidam

2005 4740 2327 4794 Adrianum
2360 4733 2826 4809 cognominant.»
2855 4736 3122 4809 Codicem
3164 4736 3321 4809 hunc
3352 4733 3657 4809 llarzheim

2007 4829 2126 4866 sua:
2156 4805 2481 4865 collectioni
2514 4807 2906 4863 Conciliorum
2940 4805 3285 4871 Germania},
3314 4809 3356 4859 t.
3382 4806 3424 4871 Ι,
3449 4823 3505 4877 ρ.
3534 4807 3654 4871 191,

2008 4882 2286 4948 inseruit;
2319 4881 2377 4935 in
2401 4897 2515 4951 quo
2550 4884 2740 4934 tamen
2774 4878 3118 4951 pontiﬁcum
3152 4877 3382 4951 decreta
3413 4876 3529 4951 non
3558 4876 3657 4951 ha-

2006 4953 2237 5017 bentur,
2258 4968 2383 5023 qua:
2415 4948 2543 5005 vero
2577 4950 2808 5023 exhibet
2840 4948 2999 5023 inter
3020 4948 3296 5023 epistolas
3327 4948 3656 5023 pontificias

2006 5026 2078 5079 ad
2135 5020 2417 5079 Ecclesias
2478 5022 2797 5075 Germaniae
2853 5020 3198 5075 destinatas.
3235 5020 3426 5092 Pergit
3483 5020 3658 5092 citata

2006 5101 2143 5151 nota
2176 5114 2237 5150 :n
2278 5096 2434 5149 Idem
2467 5094 2710 5148 Carolus
2762 5094 2911 5147 duos
2963 5093 3141 5147 libros
3189 5110 3257 5146 ex
3308 5091 3656 5145 tractatibus

2006 5183 2107 5222 seu
2140 5166 2509 5221 sermonibus
2533 5167 2631 5220 SS.
2662 5165 2897 5219 Patrum
2920 5181 3033 5235 per
3062 5164 3308 5218 Paulum
3340 5162 3652 5235 Diaconem

2005 5237 2458 5314 suumcollegit,
2492 5252 2558 5291 eo
2591 5236 2745 5314 quod
2774 5229 3057 5314 quaslibet
3099 5232 3430 5314 apocrypha
3477 5229 3657 5314 nollet

2005 5256 2178 5293 suum
2208 5253 2458 5308 couegit,
2492 5253 2558 5291 eo
2635 5253 2745 5290 uoa
2786 5253 3057 5306 quamne:
3099 5253 3430 5305 apocrypna
3478 5253 3653 5285 nonet

2004 5309 2266 5365 ecclesia.
2291 5307 2437 5362 Nam
2472 5253 2727 5378 praeliicti
2757 5308 2871 5362 duo
2903 5305 3034 5378 libri
3054 5322 3168 5378 (per
3197 5301 3479 5378 circulum
3513 5301 3653 5357 anni

2004 5380 2255 5454 singulis
2289 5372 2701 5454 festivitatibus
2731 5394 2875 5449 pene
2897 5377 3014 5431 sive
3037 5372 3653 5454 jejuniisnad‘no‘ctur-

2004 5442 2166 5528 naleS
2200 5451 2472 5528 lectiones
2516 5442 2798 5528 sufﬁcere
2826 5442 3072 5528 possunt
3096 5442 3648 5528 cumnBibliotheea.

2003 5523 2245 5579 Perfecti
2276 5526 2415 5577 sunt
2434 5525 2625 5577 autem
2652 5520 2733 5577 illi
2766 5515 2881 5575 duo
2904 5516 3035 5572 libri
3059 5532 3212 5571 anno
3235 5515 3465 5573 Domini
3486 5517 3650 5573 808.»

2002 5598 2120 5650 Hoc
2143 5593 2575 5724 t'Htomiliarium
2634 5590 2796 5650 Pauli
2855 5586 3093 5647 Diaconi
3146 5587 3368 5665 passim
3426 5587 3650 5653 editum

2002 5682 2140 5724 nros
2167 5682 2202 5724 a
2233 5707 2245 5724 .

2001 5682 2245 5747 promat.
