4124 6188
411 272 524 342 1⁸11

1223 278 1636 352 HERMANNI
1680 275 2128 346 CONTRACTI
2170 276 2589 348 AUGIENSIS
2633 284 3007 351 MONACHI.

3702 276 3820 344 1'72

1786 439 2018 498 CODEX
2055 432 2459 501 AUGIENSIS.

486 541 586 597 811
615 540 779 599 Heito
800 542 984 600 abbas
1012 543 1207 617 Augias
1229 549 1286 599 et
1306 544 1618 617 episcopus
1646 540 1905 606 Basileae,
1928 555 2061 594 cum
2093 539 2148 609 Α
2176 543 2233 595 et
2262 541 2511 614 pleuresi
2545 544 2833 617 pulsatus,
2866 563 2902 602 ν
2928 544 3049 602 Kal.
3073 543 3241 601 Febr.
3269 537 3621 616 Aquisgrani
3652 538 3819 609 obiit,

413 629 659 703 Hugone
688 636 746 687 et
774 631 1013 698 Haione,
1046 632 1360 687 comitibus
1386 632 1535 701 (291)
1572 629 2063 700 Constantinopo-

417 719 523 777 lim
544 723 784 789 missus,
805 721 1191 793 Odoporicum
1217 718 1709 793 [Iiodmporicum]
1729 735 1901 773 suum
1923 717 2064 773 scri-

418 810 557 884 psit.
591 809 829 866 Interim
851 810 1139 865 Nicit'orus
1166 808 1571 881 [Nicephorus]
1596 808 1913 880 imperator
1931 822 2066 861 cum

420 899 778 973 Vulgaribus
810 915 1079 972 pugnans
1111 898 1339 953 occisus
1372 902 1479 953 est.
1514 897 1774 952 Tandem
1819 894 2068 951 Michael

420 990 741 1061 imperator
760 989 947 1043 factus
966 987 1186 1059 legatos
1205 986 1390 1042 Caroli
1410 985 1779 1058 imperatoris
1801 984 2065 1040 remittit.

421 1081 565 1135 Tres
595 1078 879 1132 exercitus
909 1077 1101 1131 lausto
1134 1075 1330 1131 omine
1359 1076 1420 1130 in
1453 1075 1724 1140 Linones,
1755 1074 1814 1128 in
1841 1074 2067 1128 Panno-

419 1166 572 1233 nias,
606 1166 760 1222 134
789 1165 847 1219 in
880 1164 1145 1221 Britones
1203 1166 1276 1219 ab
1329 1166 1679 1237 imperatore
1731 1162 2066 1217 mittuntur.

418 1253 663 1313 Carolus
693 1269 791 1309 rex
814 1252 969 1309 ﬁlius
995 1254 1365 1327 imperatoris
1393 1271 1433 1308 ιι
1464 1254 1608 1308 Νοιι.
1640 1252 1870 1308 Decem.
1903 1250 2069 1307 obiit.

420 1344 622 1400 Annal.
655 1344 813 1399 Fuld.

490 1434 597 1489 812
626 1432 973 1505 Hemmingo
998 1449 1131 1505 rege
1162 1437 1414 1499 mortuo,
1446 1435 1570 1487 orto
1600 1431 1752 1485 inter
1783 1430 1976 1485 Danos
2001 1428 2072 1484 de

420 1520 584 1593 regni
607 1522 860 1592 primatu
883 1521 1104 1593 przelio,
1125 1522 1326 1577 decem
1356 1519 1542 1575 millia
1560 1518 1836 1591 nongenti
1856 1521 1913 1573 et
1936 1534 2073 1589 qua-

418 1608 693 1680 draginta
712 1607 992 1663 cecidisse
1007 1608 1548 1664 feruntur.Michael
1570 1605 2072 1679 imperator,lega-

416 1696 497 1753 tis
524 1696 713 1753 Caroli
744 1696 1031 1765 remissis,
1059 1713 1198 1752 suos
1221 1698 1397 1753 etiam
1431 1713 1633 1768 pacem
1657 1695 2073 1751 confirmatum

420 1786 603 1842 misit.
623 1784 1008 1842 Beneventani
1028 1786 1235 1859 viginti
1259 1787 1518 1859 quinque
1543 1783 1728 1841 millia
1749 1783 2073 1840 solidorum

423 1875 552 1932 auri
582 1874 869 1930 tributum
900 1872 1102 1930 Carolo
1134 1873 1494 1947 persolvunt.
1528 1873 1745 1930 Classis
1774 1872 2075 1928 Danorum

422 1962 760 2020 Hiberniam
790 1962 1071 2019 invadens
1103 1981 1137 2018 a
1165 1963 1353 2018 Scotis
1380 1962 1532 2018 victa
1560 1967 1668 2018 est.
1707 1978 1799 2017 an.
1833 1960 1991 2017 Fuld.

495 2054 600 2109 813
621 2052 860 2109 Carolus
882 2053 1203 2125 imperator
1229 2050 1631 2106 Amalharium
1661 2052 2075 2107 Treverensem

426 2142 931 2214 archiepiscopum
954 2147 1011 2197 et
1031 2141 1265 2195 Petrum
1291 2138 1771 2195 Nonantulanum
1802 2139 2070 2194 abbatem

423 2230 566 2288 item
597 2229 1160 2301 ConstantinOpolim
1193 2228 1375 2295 misit,
1400 2244 1651 2299 quorum
1683 2227 2075 2299 Odoporicum

426 2320 567 2376 item
590 2320 873 2391 scriptum
895 2318 1328 2389 habetur(292).
1354 2319 1483 2389 Ipse
1507 2317 1863 2373 Ludovicum
1887 2316 2076 2372 ﬁlium

425 2412 755 2465 consortem
786 2407 1041 2479 imperii,
1068 2406 1474 2463 Bernhardum
1510 2406 1654 2478 (293)
1686 2422 1919 2477 quoque
1948 2405 2077 2477 Pip-

423 2497 549 2570 pini
562 2497 773 2564 ﬁlium,
792 2501 1060 2568 nepotem
1077 2512 1250 2552 suum
1269 2494 1445 2551 Italize
1461 2511 1655 2567 regem
1672 2495 1825 2550 fecit.
1844 2496 2071 2565 Thegan.

426 2617 495 2628 —
523 2586 716 2650 Quina
743 2585 890 2657 (294)
922 2602 1241 2658 permagna
1258 2583 1886 2656 conciliaMogontiaci,
1919 2584 2077 2639 Rhe-

426 2675 564 2746 mis,
586 2675 857 2742 Turonis,
883 2674 1235 2739 Cavillionis,
1255 2673 1472 2729 Arelati
1499 2690 1600 2745 pro
1622 2676 1778 2728 statu
1801 2671 2078 2729 Ecclesia-

427 2780 561 2820 rum
592 2762 717 2819 ﬂeri
742 2763 946 2834 jussit.
982 2762 1135 2817 Pons
1166 2761 1517 2834 Mogontiaci
1540 2778 1718 2833 super
1744 2760 2012 2817 Rhenum
2045 2779 2079 2817 a

428 2851 633 2909 Carolo
685 2855 945 2906 structus
995 2850 1264 2906 incendio
1313 2850 1501 2923 periit.
1554 2851 1754 2906 Annal.
1803 2851 1967 2905 Fuld.
2010 2882 2078 2891 —

431 2939 784 2995 Constantia
811 2939 991 3010 Egino
1011 2939 1321 3012 episcopus
1353 2939 1517 2995 obiit.
1547 2939 1684 2995 Post
1711 2955 1886 3010 quem
1915 2939 2079 2997 Wol-

432 3027 573 3085 ﬂeoz
605 3026 915 3098 episcopus
944 3026 1135 3084 factus
1176 3033 1285 3096 est,
1337 3022 1439 3101 qui
1486 3027 1814 3085 coenobium
1847 3046 2081 3103 quoque

434 3118 494 3175 S.
528 3116 677 3174 Galli
710 3134 765 3172 ιν
787 3118 913 3189 jam
946 3118 1117 3173 annis
1166 3117 1359 3173 tenuit
1400 3118 1573 3189 (295).
1607 3120 1777 3190 Apud
1810 3124 2080 3176 sanctum

437 3204 671 3262 Gallum
711 3204 1033 3277 Gazpertus
1062 3205 1244 3261 abbas
1270 3205 1499 3277 praefuit
1529 3206 1699 3262 annis
1727 3224 1900 3263 xxvn.

2171 632 2371 703 ibique
2386 631 2868 694 bonoriﬁcellli
2885 634 3151 708 sepultus
3175 637 3265 689 est
3286 648 3439 689 anno
3463 629 3650 686 aetatis
3672 646 3819 699 ιλιι,

2173 720 2339 792 regni
2368 738 2540 791 XLVII,
2574 724 2849 794 subjectae
2882 721 3059 779 Italiaa
3115 737 3265 789 xuv,
3311 718 3543 792 imperii
3583 736 3698 787 xxv,
3734 718 3823 774 in-

2175 808 2427 865 dictione
2454 827 2554 866 vu.
2591 815 2699 867 Pro
2730 829 2845 884 quo
2876 811 3030 868 ﬁlius
3060 811 3188 882 ejus
3229 808 3577 874 Ludovicus,
3609 823 3826 881 cogno-

2180 902 2373 953 mento
2405 898 2562 969 Pius,
2597 900 2859 972 regnavit
2888 899 3058 957 annis
3087 916 3264 955 xxvn.
3286 897 3396 964 Qui
3427 896 3626 953 statim
3656 896 3825 952 audi-

2177 985 2253 1042 tis
2272 990 2330 1041 et
2350 986 2634 1043 absolutis
2649 1004 2757 1059 gen
2767 989 2912 1044 tium
2931 989 3292 1044 diversarum
3310 985 3540 1059 legatis,
3555 982 3827 1058 generale

2179 1074 2534 1147 colloquium
2566 1076 2921 1150 Aquisgrani
2952 1076 3178 1144 habuit,
3210 1078 3269 1131 et
3301 1072 3487 1130 multa
3515 1090 3618 1147 per
3634 1077 3827 1130 totum

2179 1181 2426 1237 regnum
2478 1181 2785 1237 perperam
2842 1169 3009 1240 gesta
3062 1164 3329 1222 correxit.
3385 1163 3589 1219 Annal.
3644 1163 3825 1233 Fuld.,

2178 1253 2403 1325 Eginh.,
2438 1254 2668 1325 Thegan.

2251 1343 2356 1398 815
2384 1343 2687 1403 Exercitus
2719 1341 2981 1399 Perioldo
3034 1341 3329 1399 Danorum
3378 1340 3499 1413 regi
3549 1340 3623 1397 ad
3672 1337 3832 1395 auxi-

2181 1431 2326 1487 lium
2360 1448 2394 1486 a
2425 1432 2712 1489 Ludovico
2764 1448 2897 1504 rege
2950 1431 3171 1488 missus
3211 1448 3283 1486 xr.
3312 1429 3456 1503 (296)
3490 1428 3723 1486 obsides
3756 1428 3830 1483 ab

2181 1520 2452 1577 hostibus
2484 1520 2713 1592 accipit.
2746 1520 2995 1585 Quidam
3039 1534 3109 1575 ex
3154 1518 3435 1575 Romanis
3473 1516 3832 1589 primoribus

2182 1609 2242 1665 in
2272 1624 2476 1666 necem
2509 1609 2714 1666 Leonis
2736 1625 2897 1682 papas
2919 1608 3295 1680 conjurantes
3316 1605 3662 1681 puniuntur.
3684 1606 3828 1661 Ann.

2183 1699 2361 1767 Fuld.,
2394 1698 2651 1755 Laurish.

2253 1789 2358 1843 816
2369 1788 2595 1855 Sorabi,
2609 1786 2873 1859 itemque
2888 1786 3205 1842 Wascones
3224 1783 3507 1842 rebellare
3523 1784 3833 1840 molientes

2184 1877 2671 1949 comprimuntur.
2703 1876 2890 1954 Leone
2920 1891 3071 1948 papa
3100 1874 3160 1930 in
3191 1892 3293 1930 VIII
3338 1872 3461 1929 Kal.
3494 1871 3653 1929 Junii
3676 1871 3834 1945 (297)

2184 1965 2478 2036 defuncto,
2526 1964 2860 2037 Stephanus
2906 1962 3059 2019 sedit
3107 1962 3414 2019 mensibus
3462 1979 3564 2017 vn.
3614 1960 3724 2029 Qui
3754 1959 3835 2016 ad

2185 2054 2539 2111 Ludovicum
2560 2069 2758 2126 regem
2780 2053 2838 2107 in
2863 2051 3165 2108 Franciam
3190 2050 3453 2117 veniens,
3476 2049 3675 2108 Remis
3694 2065 3835 2106 eum

2183 2143 2595 2216 imperatorem
2645 2141 2958 2209 coronavit,
2991 2140 3453 2212 muneribusque
3488 2143 3547 2196 et
3574 2137 3837 2205 amicitia

2186 2236 2389 2288 mutuo
2418 2231 2504 2287 illi
2535 2232 2782 2302 junctus
2836 2230 3083 2285 Romam
3132 2228 3321 2285 rediit.
3365 2229 3689 2303 Imperator
3729 2244 3837 2299 sy—

2186 2321 2337 2377 nodo
2386 2320 2540 2394 (298)
2569 2319 2812 2376 collecta
2866 2317 3053 2375 multa
3106 2318 3177 2373 de
3220 2321 3376 2374 statu
3433 2320 3490 2374 et
3544 2315 3831 2389 religione

2186 2410 2585 2467 ccenobiorum
2617 2410 2764 2466 bene
2793 2407 3104 2481 disposuit.
3137 2408 3279 2463 Ann.
3310 2406 3475 2464 Fuld.
3511 2438 3577 2448 —
3627 2406 3832 2479 Augia:

2185 2500 2431 2557 basilica
2462 2500 2518 2556 S.
2545 2499 2761 2567 Mariae,
2784 2515 2818 2554 a
2840 2497 3084 2553 Heitone
3105 2496 3313 2554 abbate
3333 2500 3390 2553 et
3405 2495 3676 2570 episcopo
3698 2512 3838 2552 cou-

2186 2593 2427 2656 strueta,
2460 2587 2727 2643 dedicata
2757 2590 2863 2641 est.

2257 2678 2360 2731 817
2393 2675 2687 2748 Stephano
2718 2691 2870 2747 papa
2908 2692 2986 2729 Ix.
3040 2673 3168 2729 Kal.
3200 2672 3367 2730 Febr.
3400 2673 3693 2740 defuncto,
3722 2676 3837 2730 Pa-

2187 2765 2405 2823 schalis
2435 2764 2589 2821 sedit
2631 2763 2801 2820 annis
2853 2780 2953 2819 vn.
3013 2762 3261 2836 Eclipsis
3292 2762 3441 2836 (299)
3484 2762 3626 2819 solis
3653 2762 3840 2819 Nonis

2189 2856 2355 2912 Febr.
2388 2854 2560 2921 facta,
2592 2856 2651 2909 et
2681 2855 2907 2909 cometa
2940 2851 3066 2908 visa
3113 2854 3220 2908 est.
3256 2851 3456 2929 Legati
3485 2851 3692 2908 Leonis
3719 2850 3838 2907 im-

2188 2943 2472 3018 peratoris
2488 2941 2559 2998 de
2574 2938 3078 3023 Constantinopoli
3098 2955 3201 3013 pro
3220 2955 3361 3011 pace
3382 2939 3456 2995 ad
3472 2937 3837 2996 Ludovicum

2188 3033 2432 3089 veniunt
2459 3031 2891 3103 imperatorem.
2926 3028 3256 3085 Ludovicus
3282 3028 3602 3102 imperator
3620 3028 3834 3085 Letha-

2190 3124 2343 3178 rium
2366 3122 2513 3193 (800)
2535 3119 2993 3193 primogenitum
3016 3132 3192 3174 suum
3219 3116 3451 3189 imperii
3480 3120 3834 3188 consortem,

2192 3210 2551 3268 Ludovicum
2568 3214 2626 3265 et
2641 3208 2952 3281 Pippinum
2970 3205 3123 3263 ﬁlios
3139 3222 3279 3262 suos
3294 3205 3574 3278 Bajoaria:
3592 3210 3649 3263 et
3664 3207 3845 3280 Aqui-

508 3294 614 3349 814
642 3271 883 3349 Carolus
932 3295 1248 3365 imperator
1270 3271 1553 3365 magnus,
1588 3311 1719 3349 cum
1752 3296 1917 3367 prius
1948 3298 2080 3355 the~
2111 3271 2154 3338 θ
2192 3301 2361 3358 tanize
2386 3316 2551 3372 reges
2598 3271 2869 3371 praeit-icit.
2925 3294 3212 3353 Sclaomir
3260 3271 3392 3351 dux.
3415 3271 3834 3354 Abodritarum

432 3397 641 3436 sauros
663 3398 803 3436 suos
823 3381 977 3435 inter
996 3399 1090 3435 xxr
1117 3381 1652 3454 archiepiSCOpatus
1673 3386 1836 3455 regni
1860 3386 1953 3442 sui
1974 3405 2078 3443 cae-

428 3472 700 3539 terosque
730 3468 1104 3540 episcopatus
1147 3474 1205 3523 et
1260 3469 1546 3526 Ecclesiae
1572 3471 1886 3542 divisisset,
1919 3475 2078 3534 febre

2189 3388 2446 3447 rebellat.
2482 3387 2855 3443 Bernhardus
2884 3402 2984 3441 rex
3030 3384 3207 3442 Italia:
3255 3384 3535 3442 rebellare
3568 3385 3836 3455 molitus,

2188 3495 2321 3535 cum
2355 3478 2529 3533 rebus
2558 3475 2684 3532 suis
2731 3476 3089 3546 desperaret,
3147 3476 3357 3545 patruo
3388 3474 3724 3547 imperatori
3755 3475 3835 3532 ad

1460 3585 1933 3645 COMPENDIUM
1974 3593 2067 3649 EX
2104 3592 2360 3652 CODICE
2398 3588 2779 3647 BERNOLDI.

491 3683 593 3739 811
626 3684 777 3740 Hetto
806 3682 974 3739 abbas
1004 3683 1199 3751 Augiae
1228 3688 1281 3738 et
1328 3683 1606 3755 episcopus
1637 3685 1895 3758 Basileaz,
1926 3690 2068 3747 mis-

418 3788 512 3828 sus
532 3772 1077 3845 Constantinopolim.
1109 3771 1520 3843 Hodteporicum
1545 3787 1711 3827 suum
1739 3778 1977 3848 scripsit.

487 3863 595 3917 812
621 3861 848 3918 Michael
881 3864 1012 3935 imp.
1040 3863 1237 3931 legatis
1259 3860 1444 3916 Caroli
1463 3862 1727 3932 remissis,
1751 3881 1875 3921 suos
1903 3870 2071 3924 etiam

409 3966 605 4022 pacem
630 3953 1016 4021 conﬁrmatum
1044 3953 1224 4007 misit.
1258 3952 1630 4007 Beneventani
1656 3954 1836 4009 25000
1864 3957 2065 4014 solido-

416 4054 544 4093 rum
572 4043 701 4094 auri
719 4041 987 4095 tributum
1019 4041 1208 4096 Carolo
1236 4040 1567 4109 persolvunt.

486 4126 593 4182 813
625 4127 853 4182 Carolus
881 4129 1250 4197 imperator...
1281 4129 1453 4195 misit,
1478 4145 1710 4199 quorum
1738 4132 1879 4189 liber
1907 4135 2069 4190 itine-

414 4222 589 4283 ratus,
646 4215 1055 4287 Hodoeporicum
1115 4218 1247 4271 item
1322 4219 1588 4288 scriptum
1638 4220 1893 4278 habetur.
1951 4225 2066 4295 Ipse

412 4304 747 4362 Ludovicum
792 4304 974 4374 ﬁlium
1026 4304 1187 4373 regni
1260 4313 1575 4362 consortem
1638 4308 1794 4381 fecit.
1858 4311 2065 4369 Mortuo

410 4395 648 4467 Pippino
676 4395 793 4466 ﬁlio
821 4394 937 4466 ejus
966 4409 1086 4465 rege
1114 4393 1310 4461 Italiae,
1357 4394 1538 4464 ﬁlium
1587 4397 1762 4468 ipsius
1791 4400 2064 4458 Bernhar-

2182 3690 2394 3748 Arelati
2416 3703 2521 3760 pro
2549 3690 2697 3744 statu
2717 3686 3091 3743 Ecclesiarum
3106 3688 3231 3757 ﬁeri
3241 3687 3434 3758 jussit.

2250 3779 2354 3835 814
2386 3778 2612 3833 Carolus
2633 3778 2998 3848 imperator...
3026 3777 3124 3848 qui
3169 3777 3358 3832 statim
3385 3777 3641 3846 generale
3666 3778 3837 3834 collo-

2179 3869 2371 3942 quium
2399 3866 2732 3938 Aquisgrani
2760 3865 2974 3935 habuit,
3024 3868 3079 3921 et
3123 3864 3300 3920 multa
3334 3880 3629 3937 perperam
3676 3870 3837 3935 gesta

2172 3972 2275 4029 per
2300 3970 2532 4027 regnum
2567 3957 2827 4010 correxit.

2245 4046 2356 4101 815
2385 4043 2612 4113 Quidam
2644 4060 2714 4099 ea:
2744 4044 3000 4099 Romanis
3032 4042 3439 4115 primoribus...
3484 4044 3826 4116 puniuntur.

2246 4134 2352 4189 816
2379 4134 2556 4188 Leone
2598 4149 2749 4205 papa
2788 4131 3042 4202 defuncto
3086 4148 3190 4188 VIII
3240 4133 3359 4188 Kal.
3390 4133 3566 4189 Jun...
3597 4148 3830 4190 corona-

2174 4225 2273 4288 vit,
2305 4222 2499 4278 deinde
2528 4222 2754 4278 Romam
2802 4221 2985 4278 rediit.
3044 4223 3347 4293 Imperator
3390 4223 3662 4295 synodo...
3697 4225 3837 4280 bene

2174 4311 2461 4384 disposuit.

2242 4402 2349 4456 817
2387 4399 2658 4470 Stephano
2706 4415 2915 4472 papa...
2973 4401 3138 4456 annis
3184 4416 3286 4456 vn.
3329 4400 3520 4471 Legati

410 4454 563 4552 du‘m,
594 4454 1045 4556 nepotem'suumv
1084 4499 1269 4553 regem
1298 4454 1451 4554 vfecit
1498 4454 1699 4543 Italiae
1751 4454 2065 4559 Permapna
2094 4454 2142 4519 D
2173 4454 2409 4547 veniunt:
2424 4454 2829 4561 imperatorem.

407 4572 641 4628 concilia
706 4572 1055 4643 Moguntiaci,
1140 4573 1375 4640 Rhemis,
1457 4574 1685 4629 Turonis
1739 4577 2061 4649 Cavillonis,

1978 4693 2210 4751 NOTE.

506 4783 660 4860 291)__
682 4783 1003 4860 Turonensi
1058 4782 1285 4840 scilicet
1311 4790 1395 4860 Aet
1447 4787 1858 4860 Forojuliensi.
1896 4791 2063 4848 Hetto
2173 4795 2369 4849 autem
2400 4808 2495 4848 an.
2527 4791 2653 4847 815.

411 4854 808 4937 subscijbitur
837 4856 1279 4937 in_testa_mento
1301 4854 1724 4937 Carolngth
1746 4878 1897 4937 anno
1922 4880 2060 4937 con-
2241 4864 2389 4937 (296)
2420 4862 2669 4937 Annales
2700 4859 2866 4937 F_uld_.
2901 4879 2970 4917 ιιι
2996 4860 3233 4937 obsides
3263 4864 3603 4937 numerant.

410 4925 553 5008 dito‘.
588 4926 1031 5008 Testamentum
1081 4927 1336 5008 ho_cﬁ,__ut
1391 4930 1657 5008 perhibet
1686 4934 2059 5006 Eginhardus
2240 4925 2389 5008 (29?)
2418 4933 2672 4990 Annales
2722 4933 3044 5008 Fuldenses
3092 4934 3313 5008 habent
3362 4950 3462 5008 vni
3506 4933 3626 4990 Kal.
3657 4932 3824 5003 Julii,

407 4995 627 5122 gBaluz.
661 4996 849 5079 Capit.
881 5003 923 5052 t.
960 5000 1000 5064 Ι,
1035 5015 1090 5069 ρ.
1146 4999 1292 5079 {187),
1336 4995 1765 5085 _c6nscriptum’
1785 5010 1871 5061 est
1902 5022 2057 5062 anno
2169 4995 2481 5062 manifesto
2513 5021 2725 5071 errore,
2777 5022 2912 5062 cum
2960 5005 3293 5078 Stephanus
3340 5006 3468 5078 ejus
3513 4995 3826 5065 successor

451 5069 534 5122 11.
571 5068 835 5122 Hettonis
856 5068 1306 5122 Hodmnoricum
1333 5075 1650 5122 IntermdlL
1687 5077 1923 5122 Leuatin
1959 5077 2056 5122 Mi-
2166 5078 2283 5122 inm
2316 5080 2387 5122 Q9.
2414 5077 2549 5122 Jnn.
2587 5076 2762 5122 ﬁmi-if.
2811 5076 3117 5122 m-dinntng
3188 5076 3333 5122 nhiit
3378 5082 3574 5122 autem
3608 5076 3721 5122 Lm
3754 5093 3822 5122 ιιι

451 5069 534 5153 11.
558 5068 835 5153 _I1ettonis
856 5068 1306 5153 Hodmporicum
1333 5068 1651 5153 intercidit,
1686 5077 1923 5149 Legatio
1956 5077 2056 5133 Mi-
2159 5078 2286 5153 jam
2316 5080 2387 5153 22
2414 5077 2551 5153 Jun.
2587 5068 2762 5133 fuerit
2811 5068 3138 5146 ordinatus,
3188 5076 3333 5134 obiit
3364 5068 3575 5133 'autem
3608 5076 3721 5133 Leo
3754 5093 3824 5132 ιιι

407 5139 627 5196 chaelis
660 5139 841 5196 altero
872 5157 1023 5196 anno
1040 5139 1224 5196 Tacta.
1252 5142 1451 5210 Eginh.
1637 5139 1646 5143 ’
1765 5139 1799 5149 υ
2159 5139 2307 5205 Idus
2334 5149 2515 5205 Junii.

655 5212 940 5296 Ifl‘uspiam
962 5213 1182 5293 editum
1206 5211 1421 5296 legitur
1443 5214 1553 5270 hoc
1583 5216 2047 5291 Hodmporicum.
2174 5292 2203 5296 _
2237 5221 2385 5292 (298)
2415 5222 2514 5296 Est
2570 5219 2717 5296 haec
2750 5219 3009 5293 synodus
3062 5218 3580 5293 Aquisgranensis.
3637 5217 3819 5276 Cone.

502 5286 626 5355 293)
659 5284 719 5339 ld
743 5286 869 5355 jam
902 5301 1054 5339 anno
1082 5284 1283 5355 priore
1302 5285 1542 5341 factum.
1765 5284 1785 5291 ’

2196 5284 2377 5348 ιθιιωᾷ
2396 5310 2433 5347 ι.
2468 5292 2513 5355 Ι,
2538 5309 2594 5355 p.
2620 5292 2745 5346 430.

500 5354 625 5425 294)
656 5354 874 5411 Cuncta
905 5355 1023 5411 haec
1052 5355 1296 5410 concilia
1322 5373 1439 5412 una
1460 5358 1606 5413 serie
1630 5366 1887 5416 recenset
1908 5362 2051 5419 Lab-

404 5422 550 5478 beUs
662 5443 770 5503 sua
791 5427 1129 5503 collectione
1153 5427 1335 5503 i.-_Vll,
1360 5445 1414 5499 p.
1450 5431 1609 5503 1239,
1634 5436 1691 5503 et
1717 5432 2050 5503 Moguntia-

404 5499 872 5570 cum_llay;heini
908 5499 964 5553 in
998 5515 1158 5555 conc.
1189 5499 1379 5552 Germ.
1414 5516 1450 5552 ι.
1488 5501 1529 5564 l,
1564 5517 1617 5570 p.
1655 5501 1775 5555 404.

474 5564 623 5640 (295)
653 5567 781 5623 Vid.
815 5571 885 5624 ad
920 5587 1013 5625 an.
1057 5570 1180 5623 809.
1212 5570 1390 5624 Juxta
1420 5564 1765 5640 Ratp'ertum
1799 5573 2047 5631 Gozbcr-

399 5638 496 5694 tus
517 5637 776 5711 primum
790 5656 883 5698 an.
904 5641 1027 5708 816,
1044 5641 1225 5697 abbas
1244 5640 1461 5697 electus
1484 5637 1589 5713 est,
1611 5660 1680 5699 ex
1700 5645 2045 5717 Hepidanno

2236 5309 2843 5487 21239fl§dli§sizdljunm
2876 5361 2985 5417 fuit
3012 5361 3122 5417 hac
3145 5362 3259 5428 die,
3294 5360 3397 5418 illa
3424 5365 3619 5419 autem
3670 5359 3818 5418 solis

2236 5438 2408 5487 utimt
2440 5434 2506 5487 19
2554 5433 2696 5487 ‘ebr.

2163 5433 2408 5499 contigit
2440 5434 2506 5487 19
2532 5433 2696 5488 Febr.

2162 5581 2186 5632 ι
2234 5506 2381 5647 ἳ303)
2575 5503 2777 5559 charta
2803 5502 3107 5562 divisionis
3135 5504 3291 5578 apud
3317 5503 3618 5563 Baluzium
3645 5502 3819 5576 Capit

2193 5620 2205 5632 .
2263 5620 2281 5647 ,
2359 5618 2371 5630 .
2515 5619 2527 5631 .

2193 5620 2205 5632 .
2238 5618 2281 5647 .,
2315 5618 2371 5647 ε..
2400 5618 2527 5631 νη..
