4124 6188
202 343 324 421 m

1438 344 1922 416 CHRONICON.
1951 378 2030 397 --
2060 346 2252 417 SIEC.
2295 348 2405 418 1X.

3511 342 3629 420 m

1586 510 1823 569 GODEX
1859 508 2261 570 AUGIENSIS.

1586 513 1823 569 CODEX
1859 513 2261 571 AUGIENSIS.

200 611 566 674 deditionem
591 608 1087 685 venit.Retgarius
1117 608 1432 668 Fuldensis
1454 609 1636 669 abbas
1659 627 1693 667 a
1747 611 1861 667 fra-
1888 610 1946 679 Α
1974 611 2235 685 spatium
2264 612 2441 671 leucse
2468 612 2646 672 unius
2668 586 2741 671 in-
2760 613 3004 673 modum
3043 613 3276 691 aggeris
3321 612 3622 676 intumuit.

200 701 396 762 tribus
416 705 728 759 accusatus
756 704 816 757 et
844 700 1148 757 convictus
1178 700 1510 774 deponitur.
1539 700 1641 757 An.
1698 700 1856 756 Fuld.

272 792 433 850 1³0
461 794 569 849 818
609 790 944 848 Bernardus
971 806 1089 858 rex,
1139 788 1280 846 item
1333 789 1671 847 rebellionis
1720 806 1856 846 con-

198 880 650 954 victus,judicio
681 879 1042 936 Francorum
1059 883 1377 935 excwcatus
1406 879 1675 947 moritur,
1695 896 1857 935 com-

199 971 508 1046 plicesqne
554 970 682 1042 ejus
738 967 987 1024 diversis
1032 968 1223 1024 modis
1255 968 1443 1040 puniti
1483 966 1858 1040 episcOpique

196 1059 455 1134 depositi
476 1057 975 1117 sunt.Ludovicus
996 1055 1316 1130 imperator
1346 1057 1712 1113 Cismarinos
1732 1056 1855 1112 Bri-

196 1154 420 1209 tannos
452 1146 818 1217 rebellantes,
850 1146 1043 1204 exciso
1082 1146 1426 1202 Mormanno
1454 1146 1600 1202 duce
1631 1162 1855 1212 eorum,

200 1240 451 1297 domuit.
494 1236 741 1310 Eclipsis
763 1236 905 1293 solis
925 1254 1029 1292 vm
1067 1236 1150 1292 Id.
1183 1233 1325 1291 Julii
1384 1235 1534 1291 facta
1565 1233 1734 1307 (30!).
1786 1234 1856 1287 Ir-

200 1328 476 1401 mingard
500 1325 843 1399 imperatrix
862 1326 1009 1382 obiit
1036 1344 1071 1383 v
1091 1325 1237 1381 Non.
1256 1324 1456 1380 Octob.
1493 1322 1694 1378 Fuldis
1715 1322 1859 1396 Bigil

198 1418 381 1475 abbas
408 1415 813 1473 constituitur.
863 1415 1063 1472 Annal.
1096 1413 1278 1481 Fuld.,
1310 1413 1542 1482 Thegan.

262 1508 373 1563 819
398 1504 701 1562 Sclaomir
732 1504 850 1560 dux
870 1503 1291 1560 Abodritarum
1317 1501 1522 1558 exsilio
1545 1502 1858 1557 damnatus

198 1601 255 1653 et
283 1611 544 1669 regnum
578 1595 709 1666 ejus
737 1594 1071 1665 Ceaddrogo
1102 1592 1415 1650 Trasconis
1462 1590 1581 1647 ﬁlio
1631 1591 1857 1658 datum,

195 1685 431 1759 Synodo
460 1682 825 1758 Aquisgrani
855 1683 1006 1753 (302)
1052 1681 1253 1738 habita
1308 1680 1503 1737 multa
1563 1681 1634 1736 de
1699 1683 1856 1736 statu

195 1774 599 1832 Ecclesiarum
613 1777 671 1829 et
686 1771 1084 1829 cmnobiorum
1100 1774 1348 1827 tractata
1368 1770 1860 1841 sunt.lmpcrator

193 1864 403 1923 Judith
423 1862 617 1920 ﬁliam
637 1860 868 1934 Welphi
888 1860 1121 1917 comitis
1152 1859 1319 1917 duxit
1350 1874 1588 1916 uxorem
1609 1876 1681 1915 ex
1740 1876 1858 1931 qua

197 1953 474 2011 (‘aroium
504 1952 731 2026 genuit.
789 1950 1093 2007 Exercitus
1153 1949 1212 2004 in
1268 1948 1596 2005 Pannonias
1654 1952 1932 2050 contraB

196 2042 586 2098 Lindwidum
620 2039 745 2114 [al.,
774 2038 1090 2095 Liutvvitus
1111 2047 1163 2093 et
1211 2037 1526 2108 Liutulfus]
1579 2037 1852 2093 Sclavum

195 2130 582 2189 rebellantem
596 2145 774 2201 parvo
805 2127 1015 2184 eﬂ‘ectu
1073 2125 1347 2183 mittitur.
1383 2125 1667 2198 Pippinus
1697 2125 1854 2181 ﬁlius

192 2218 571 2293 imperatoris
600 2216 900 2274 Vascones
933 2213 1282 2272 rebellantes
1339 2214 1599 2286 subjicit.
1653 2214 1853 2271 Fuldis

195 2308 443 2367 ecclesia
461 2306 653 2364 sancti
682 2304 968 2362 Bonifacii
1000 2305 1071 2360 ab
1101 2304 1382 2361 Heislolfo
1416 2304 1852 2376 archiepiscopo

193 2399 469 2456 dedicata
495 2400 608 2453 est.
632 2395 836 2451 Annal.
871 2393 1029 2450 Fuld.

258 2488 370 2544 820
396 2486 550 2542 Tres
569 2484 859 2541 exercitus
890 2486 1091 2540 contra
1113 2481 1491 2538 Luidwidum
1521 2497 1592 2538 ex
1610 2481 1857 2540 diversis

193 2576 468 2652 partibus
488 2574 749 2631 immissi
769 2572 1134 2630 Pannoniam
1159 2588 1374 2646 magna
1397 2589 1465 2627 ex
1495 2576 1660 2644 parte
1690 2571 1855 2628 deva-

194 2669 374 2725 ltsnt.
396 2665 548 2721 Bera
567 2680 764 2720 comes
777 2661 1135 2729 Barcinonae,
1154 2676 1289 2716 reus
1308 2660 1853 2731 majestatis,duello

195 2754 527 2822 convictus,
543 2751 746 2809 exsilio
771 2752 1111 2808 damnatur.
1127 2751 1207 2805 Ex
1224 2748 1610 2806 inundatione
1630 2748 1853 2822 pluvia-

195 2860 324 2901 rum
354 2841 554 2900 raimia
582 2840 916 2915 pestilentia
945 2855 1159 2913 magna
1187 2843 1245 2895 et
1263 2838 1448 2895 fames
1475 2839 1851 2894 facta.Annal.

196 2929 348 2985 Fuld.

261 3019 365 3075 821
399 3015 737 3074 Ludovicus
768 3015 1087 3088 imperator
1107 3030 1355 3087 regnum
1388 3014 1542 3070 inter
1561 3014 1711 3071 ﬁlios
1766 3015 1853 3070 di-

198 3106 359 3173 vidit,
393 3104 611 3162 exsilia
630 3102 1134 3172 relaxavit,debita
1152 3105 1381 3160 cunctis
1426 3103 1671 3171 dimisit,
1720 3121 1853 3175 pos-

200 3196 497 3253 uniones
516 3194 584 3249 in
636 3195 847 3250 iiscum
904 3194 1172 3250 redactas
1216 3192 1496 3248 restituit.
1544 3192 1853 3248 Lotharius

199 3284 354 3342 ﬁlius
383 3283 522 3355 ejus
545 3298 787 3339 uxorem
808 3282 993 3338 duxit.
1021 3283 1253 3352 Thegan.
1278 3281 1683 3353 ~—Geaddrago
1706 3281 1852 3337 duce

2041 703 2190 758 187
2219 703 2545 761 Ludovicus
2576 705 2893 778 imperator
2937 709 3008 763 de
3064 704 3315 780 publicis
3375 705 3629 780 peccatis

1973 790 2097 846 suis
2127 791 2424 863 publicam
2444 794 2847 866 paenitentiam
2863 794 2981 869 egit
3004 800 3320 868 etquaeque
3342 794 3402 851 in
3448 811 3626 869 regno

1970 897 2076 936 suo
2098 880 2443 954 corrigenda
2463 884 2728 940 correxit.
2756 884 3065 941 Lotharius
3092 886 3151 940 in
3175 883 3628 959 ltaliam,Pippi-

1970 987 2083 1025 nus
2113 971 2288 1026 ducta
2306 988 2481 1028 uxore
2506 973 2563 1028 in
2604 973 2984 1045 Aquitaniam
3010 990 3177 1047 reges
3231 974 3398 1031 missi
3458 979 3619 1031 sunt.

1966 1057 2163 1113 Fuldis
2188 1058 2337 1130 Eigil
2362 1061 2542 1116 abbas
2564 1062 2725 1129 obiit,
2754 1062 2846 1117 cui
2883 1062 3181 1131 Rabanus,
3212 1062 3300 1117 vir
3329 1063 3534 1120 doctus
3560 1067 3618 1120 et

1968 1147 2298 1204 divinorum
2330 1149 2612 1205 librorum
2665 1155 2938 1207 tractator
2985 1151 3279 1224 egregius,
3312 1152 3615 1209 successit.

1968 1237 2168 1291 Annal.
2203 1237 2361 1292 Fuld.
2395 1269 2461 1278 —
2494 1238 2692 1311 Aegin:
2716 1239 2953 1303 Beltone
2992 1240 3200 1295 abbate
3233 1244 3291 1295 et
3347 1240 3618 1315 episcopo

1970 1326 2256 1398 privatam
2292 1332 2350 1381 et
2381 1327 2640 1397 quietam
2671 1328 2850 1383 vitam
2896 1329 3231 1400 adoptante,
3277 1328 3621 1386 Erlebaldus

1969 1415 2152 1471 abbas
2184 1416 2480 1488 Xpraifuit
2500 1418 2670 1472 annis
2689 1435 2813 1471 xm.
2849 1418 3007 1473 Ebbo
3052 1419 3370 1474 Remorum
3427 1417 3617 1475 archi-

1969 1504 2282 1577 episcopus
2312 1504 2469 1577 genti
2490 1506 2987 1563 Nortmannorum
3010 1509 3253 1563 verbum
3282 1508 3384 1564 Dei
3408 1507 3621 1583 prendi-

1969 1600 2078 1652 cat.
2102 1595 2304 1649 Annal.
2340 1593 2497 1650 Fuld.

2039 1685 2163 1740 823.
2190 1684 2500 1739 Lotharius
2523 1700 2620 1740 rex
2633 1684 2826 1752 Italian,
2863 1688 3102 1757 rogante
3133 1702 3286 1758 papa
3313 1686 3616 1756 Paschale,

1968 1772 2289 1846 imperator
2317 1774 2390 1829 ab
2419 1790 2486 1829 eo
2508 1774 2704 1829 Romae
2733 1778 3063 1829 coronatur.
3096 1775 3445 1832 Lutdwidus
3475 1776 3621 1834 Pan-

1969 1864 2157 1920 nonio:
2179 1869 2487 1936 tyrannus,
2520 1862 2579 1918 in
2602 1863 2956 1919 Dalmatiam
3006 1865 3428 1936 transfugiens,
3483 1865 3618 1923 dolo

1967 1952 2134 2008 ducis
2156 1951 2467 2008 Provinciae
2499 1955 2839 2023 peremptus
2870 1955 2979 2006 est.
3008 1953 3164 2007 Inter
3193 1951 3310 2007 alia
3345 1952 3612 2025 prodigia

1973 2045 2337 2097 terrasmotus
2358 2046 2630 2112 Aqucnse
2652 2040 2936 2111 palatium
2963 2039 3278 2096 concussit.
3303 2041 3365 2095 In
3386 2041 3615 2098 territo-

1963 2130 2049 2185 rio
2065 2129 2325 2185 Tullensi
2351 2110 2541 2201 puclla
2555 2110 2824 2200 quaedam
2839 2129 3170 2185 duodonnis
3183 2110 3625 2203 triennio(30/i),'

1963 2219 2081 2275 fere
2101 2219 2228 2274 sine
2249 2217 2376 2274 cibo
2398 2223 2454 2273 et
2474 2223 2614 2289 potu
2639 2235 2785 2274 sana
2799 2222 2855 2273 et
2877 2218 3151 2274 manibus
3173 2217 3299 2274 suis
3313 2218 3609 2285 laborans,

1963 2308 2305 2380 permansit.
2328 2309 2389 2363 In
2423 2324 2571 2379 pago
2617 2307 2878 2363 Saxonia:
2929 2308 3209 2364 Firihsazi
3262 2307 3412 2380 (305)
3470 2325 3616 2365 χχιιι

1962 2396 2133 2466 villae,
2165 2401 2221 2453 et
2250 2397 2309 2451 in
2341 2395 2473 2452 aliis
2506 2396 2820 2468 provinciis
2846 2396 2997 2453 ultra
3014 2396 3255 2453 solitum
3276 2395 3475 2469 plures
3498 2396 3613 2453 ful-

1965 2484 2123 2539 mine
2151 2487 2436 2540 crematzs.
2464 2482 2721 2555 Fulgura
2741 2483 2913 2538 crebo
2936 2499 3140 2539 sereno
3162 2483 3304 2539 oculo
3330 2484 3611 2552 cecidere,

1965 2573 2089 2646 agri
2111 2578 2320 2645 praeter
2340 2572 2574 2627 solitum
2598 2571 2763 2626 multi
2787 2571 3070 2643 grandine
3086 2571 3317 2639 vastati,
3347 2572 3501 2630 veris
3532 2574 3618 2630 in-

1962 2666 2052 2718 ter
2081 2661 2271 2733 ipsam
2298 2665 2353 2716 et
2385 2660 2615 2733 magnis
2638 2660 2935 2731 lapidibus
2966 2661 3323 2732 quibusdam
3365 2661 3425 2717 in
3469 2660 3616 2718 locis

1962 2748 2386 2806 decidentibus.
2408 2748 2743 2805 Pestilentia
2761 2764 2995 2821 quoque
3026 2749 3233 2821 ingens
3258 2750 3446 2820 facta.
3490 2756 3605 2807 Αη.

1962 2839 2117 2898 Fuld.

2032 2929 2138 2982 824
2170 2927 2287 2982 Rex
2316 2926 2705 2998 Vulgarorum
2728 2926 3005 2999 Omortag
3021 2942 3124 2998 pro
3147 2943 3286 2998 pace
3316 2926 3390 2983 ad
3421 2927 3607 2998 impe-

1962 3021 2214 3074 ratorem
2246 3015 2602 3071 Ludovicum
2634 3014 2816 3070 misit.
2860 3015 3054 3070 Romae
3105 3015 3401 3088 Eugenius
3458 3032 3612 3089 papa

1962 3111 2095 3179 post
2112 3103 2449 3160 Paschalem
2472 3102 2624 3158 sedit
2638 3103 2809 3157 annis
2824 3103 3112 3159 1:1.Hiems
3139 3111 3345 3175 praeter
3366 3104 3605 3160 solitum
3620 3106 3645 3126 ‘

1961 3194 2173 3267 frigida
2197 3198 2252 3248 et
2276 3192 2516 3265 prolixa.
2545 3193 2606 3245 In
2639 3191 2929 3246 territorio
2951 3192 3468 3264 Augustodunensi
3486 3191 3608 3266 gla-

1960 3284 2078 3339 cies
2109 3283 2180 3337 de
2204 3298 2336 3336 acre
2358 3279 2637 3336 cecidisse
2658 3278 2870 3334 dicitur
2896 3296 2967 3335 xv
3020 3281 3233 3351 pedum
3293 3279 3490 3353 longa,
3521 3296 3604 3337 vn

198 3354 621 3431 Abodritarnm
660 3371 921 3445 perfidia)
987 3374 1206 3440 notato,
1264 3369 1570 3436 Sclaomir,
1648 3369 1850 3426 exsilio
1881 3354 1924 3420 C
1963 3367 3604 3442 lata,ugrossa.LudovicusimperatorfiliumLotharium

198 3467 509 3520 revocatus
548 3466 865 3533 tactusque
913 3460 1138 3526 morbo,
1178 3463 1450 3532 percepto
1500 3458 1853 3530 baptismate
1962 3477 2067 3533 pro
2088 3458 2442 3531 quibusdam
2460 3456 2818 3530 corrigendis
2835 3457 3081 3513 Romam
3098 3456 3613 3531 misit.Ipserebel-

200 3549 354 3606 obiit.
389 3550 566 3605 Annl.
599 3546 756 3603 Fuld.
1961 3548 2180 3605 lantem
2212 3546 2575 3602 Britanniam
2608 3546 2757 3601 ferro
2790 3550 2846 3602 et
2875 3546 3008 3618 igne
3055 3552 3296 3604 vastans
3354 3546 3607 3616 domuit,

258 3638 472 3692 822111
492 3633 820 3708 Thuringia
866 3646 1071 3705 cespes
1119 3632 1485 3705 longitudine
1529 3650 1561 3688 L
1615 3633 1853 3704 pedum,
1962 3635 2807 3709 Annal.Fuld.——181Augiae
2864 3635 3138 3691 Wetinus
3193 3636 3540 3705 monachus,
3580 3652 3611 3691 e

200 3724 515 3781 latitudine
541 3740 660 3791 ειν,
675 3722 986 3779 altitudine
1000 3739 1165 3793 xvm,
1188 3722 1261 3778 de
1278 3721 1405 3778 loco
1426 3740 1533 3779 suo
1556 3739 1666 3778 xxv
1682 3723 1856 3795 pedes
1966 3739 2208 3795 corpore
2223 3723 2433 3777 ductus
2448 3726 2505 3777 et
2523 3722 3233 3796 reductus,posttriduum
3254 3723 3398 3779 obiit
3414 3742 3427 3792 ;
3443 3724 3613 3794 cujus

202 3814 525 3871 translatus
550 3810 1112 3886 integerinvenitur.
1161 3813 1225 3867 In
1282 3811 1549 3867 orientali
1607 3813 1859 3868 Saxonis
1964 3812 2218 3868 visiones
2253 3812 2422 3866 Hetto
2480 3811 2792 3882 episcopus
2852 3827 3044 3883 prosa,
3105 3815 3163 3867 et
3209 3810 3614 3868 Walabfridns

196 3909 361 3962 noete
381 3902 862 3976 quadam,juxta
890 3899 1083 3957 lacum
1104 3903 1327 3957 Arnseo
1359 3901 1529 3972 (303),
1555 3898 1730 3958 tellus
1757 3917 1860 3975 per
1966 3900 2199 3957 heroico
2232 3904 2417 3955 metro
2447 3898 2686 3971 scripsit
2708 3898 2876 3970 (306).

1253 4024 1728 4082 COMPENDIUM
1769 4026 1862 4083 EX
1898 4025 2150 4085 CODICE
2191 4023 2571 4081 BERNOLDI.

264 4143 375 4201 8l8
426 4140 744 4200 Ludovicus
795 4141 1094 4212 imperator
1153 4140 1487 4198 Cismarinos
1558 4142 1858 4198 Britannos
1970 4152 2094 4198 tone
2125 4140 2319 4196 abbate
2373 4147 2425 4195 et
2478 4140 2721 4211 episcopo
2778 4140 3020 4212 quietam
3070 4141 3244 4195 vitam
3301 4140 3615 4215 adoptante,

209 4232 435 4289 dotauit.
1970 4227 2292 4286 Erlebaldus
2331 4229 2499 4283 abbas
2528 4228 2773 4284 decimus
2802 4229 3068 4284 successit.

264 4322 374 4379 819
427 4317 664 4393 Synodo
720 4319 1057 4392 Aquisgrani
1113 4318 1326 4384 habita,
1363 4317 1542 4374 multa
1597 4318 1663 4373 de
1716 4322 1863 4374 statu

207 4409 578 4468 Ecclesiarum
606 4408 871 4480 disposita
896 4415 1042 4464 sunt.

263 4502 373 4556 80
402 4501 492 4555 Ex
522 4497 885 4555 inundatione
909 4498 1235 4570 pluviarum
1276 4497 1603 4567 pestilentia
1661 4513 1869 4567 magna

219 4594 492 4657 mea.

269 4676 713 4732 @1me
742 4678 875 4748 imp.
936 4691 1169 4747 regnum
1232 4675 1387 4730 inter
1450 4674 1595 4743 ﬁlios
1653 4673 1863 4743 divisit,

216 4767 409 4824 milia
436 4763 745 4832 relaxavit,
776 4764 962 4821 debita
988 4766 1197 4821 cunctis
1215 4763 1445 4819 dimisit.

277 4855 388 4913 822
432 4854 825 4912 Ludovicus...
882 4856 1136 4926 egregius
1190 4854 1468 4911 successit.
1509 4852 1711 4921 Augiae
1740 4853 1868 4908 Het-

2040 4320 2148 4373 823
2206 4318 2560 4376 Lotharius...
2622 4318 2800 4372 Romae
2858 4323 3169 4374 coronatur.
3257 4322 3394 4392 Agri
3448 4319 3619 4375 multi

1967 4416 2173 4480 praeter
2199 4408 2423 4463 solitum
2448 4406 2722 4475 grandine
2749 4410 2871 4462 sunt
2902 4411 3118 4474 vastati,
3152 4411 3366 4480 magnis
3421 4408 3618 4480 lapidi-

1979 4498 2077 4552 bus
2107 4497 2315 4551 alicubi
2343 4496 2733 4551 decidentibus.

1902 4578 1946 4642 D
2047 4586 2357 4640 82480111.ιέ
2411 4585 2685 4654 Eugenius
2728 4599 2874 4655 papa
2930 4587 3044 4657 post
3100 4585 3424 4641 Paschalem
3478 4584 3622 4640 sedit

1975 4675 2139 4729 annis
2178 4673 2375 4729 tribus.
2409 4672 2600 4744 Augizc
2651 4674 2911 4729 Wettinus
2966 4674 3264 4729 monachus
3312 4690 3342 4731 θ
3395 4689 3619 4747 corpore

1975 4763 2168 4820 ductus
2190 4771 2309 4835 post
2340 4762 2656 4819 triduum...
2689 4763 2908 4818 Hetto...
2943 4763 3194 4835 scripsit.

1804 4974 2032 5032 ΝΟΤίΕ.

275 5078 432 5149 (301)
462 5074 718 5149 Eelipsis
745 5076 863 5133 ista
875 5075 1130 5149 pertinet
1158 5075 1281 5132 ad7
1312 5073 1454 5142 Jul.,
1489 5091 1604 5131 non
1620 5090 1753 5131 vero
1799 5074 1872 5129 ad

219 5148 433 5291 alain)
464 5219 646 5291 Cone.
678 5219 809 5276 Ger.
843 5220 993 5291 an,
1016 5235 1075 5291 p.
1100 5217 1189 5273 u.

297 5222 433 5289 ωε)
464 5222 646 5276 Cone.
678 5222 809 5276 Ger.
843 5223 886 5275 t.
922 5222 993 5285 II,
1016 5222 1189 5291 p.41.

276 5222 439 5363 Em
452 5290 597 5363 Inde
628 5307 867 5363 nomem
894 5290 1074 5363 habet
1128 5289 1413 5363 oppidum
1456 5288 1716 5363 _Arntsee,
1738 5358 1750 5363 _
1770 5303 1871 5363 seu

216 5357 521 5419 Arsnsecin
539 5362 719 5418 veteri
739 5362 1005 5418 marchia
1027 5357 1721 5431 Brand'enburgicaJacui
1738 5358 1874 5415 huic

283 5450 733 5577 Ιῶῗῗῗηῃαιθε
752 5502 1087 5577 Fuldenses
1114 5502 1314 5577 decem
1363 5504 1593 5577 tantum
1643 5516 1876 5577 menses

223 5572 460 5645 habent,
492 5574 585 5632 uti
613 5577 676 5631 et
702 5574 959 5631 Annales
988 5573 1325 5648 Eginbardi,
1355 5573 1458 5628 sed
1491 5573 1562 5627 ad
1589 5589 1725 5627 ann.
1773 5572 1879 5626 8'25

224 5648 542 5706 triennium
562 5651 811 5720 ponunt.

290 5722 440 5793 (335)
474 5713 673 5793 Pagus
717 5719 811 5777 hic
860 5717 996 5776 aliis
1054 5718 1268 5775 Frisazi
1313 5715 1506 5774 dictus
1575 5713 1753 5787 vulgo
1818 5714 1878 5770 in

1982 5074 2244 5147 Saxonico
2258 5071 2664 5147 confinibusiu
2686 5071 3054 5145 Westphalia
3073 5073 3491 5141 collocatur,de
3511 5091 3627 5147 quo

1982 5144 2411 5220 consulendum
2445 5144 2768 5220 Chronicon
2815 5144 3218 5220 Gottwicense,
3251 5165 3308 5220 p.
3354 5148 3483 5220 609.
3526 5144 3629 5201 Ἐκ

1981 5216 2092 5271 hoc
2142 5221 2339 5271 autem
2397 5215 2523 5271 loco
2586 5216 2798 5271 erroris
2864 5215 3624 5282 convincitur'Paullinus,

1982 5288 2257 5362 eumdem
2283 5302 2501 5359 pagum
2534 5286 2594 5341 in
2628 5287 2890 5343 marchia
2922 5288 3436 5362 Brandenburgica
3486 5302 3623 5342 oon-

1986 5360 2258 5416 stituens.

2056 5428 2509 5502 (306)7Hettonis
2562 5428 2876 5502 descriptio
2923 5431 3189 5501 prosaica
3229 5427 3626 5502 desideratur;

1986 5499 2289 5557 walai'ridi
2326 5505 2522 5556 autem
2546 5499 2781 5556 carmen
2839 5499 3027 5557 exstat
3078 5502 3137 5556 in
3197 5499 3415 5556 Canisii
3470 5501 3627 5557 Lect.

1986 5573 2180 5644 Antiq.
2213 5578 2255 5627 t.
2312 5573 2379 5637 II,
2416 5590 2471 5643 p.
2509 5589 2569 5636 II,
2636 5591 2690 5643 p.
2741 5574 2866 5640 201,
2930 5588 3056 5627 nov.
3099 5572 3190 5627 ed.
3236 5571 3365 5628 Vid.
3414 5574 3628 5639 Coint.,

1987 5643 2197 5701 Annal.
2227 5650 2267 5701 t.
2293 5644 2411 5716 vn,
2440 5660 2495 5717 p.
2529 5644 2653 5697 733.
