4124 6188
1487 347 1955 422 GHRONIGON.
1988 386 2066 405 αε-
2096 350 2282 423 ΒΛΕΟ.
2331 357 2431 423 ΙΧ.

1623 519 1857 576 CODEX
1884 519 2284 578 AUGIENSIS.

244 610 613 681 bito,omnes
634 612 736 685 qui
756 612 870 670 sibi
887 615 1161 672 contrarii
1186 615 1436 687 fuerant,
1450 617 1768 674 honoribus
1790 616 1901 690 pri-
1928 619 1985 687 Α
2013 619 2390 691 Antwerpam
2422 619 2648 688 urbem,
2672 624 2729 676 et
2756 620 2815 675 in
2846 620 3012 678 ostiis
3028 623 3200 681 Mosae
3217 626 3398 685 situm
3417 631 3657 694 Witlam

241 700 419 773 vavit,
452 702 743 774 quosdam
785 704 963 761 etiam
1010 704 1245 777 praediis
1290 705 1578 779 spoliavit,
1611 709 1899 780 quosdam
2011 707 2439 782 [al.,Witham]
2461 709 2789 781 emporium
2810 710 3154 786 incendunt,
3174 719 3284 772 eta
3307 718 3657 780 Fresonibus

249 351 363 415 177
1487 351 1955 422 CHRONIGON.
1988 386 2066 405 α-
2096 351 2282 423 ΒΛΕΟ.
2331 357 2431 423 ΙΧ.
3176 394 3187 404 ο
3542 375 3659 439 178

242 789 448 845 exsilio
470 790 770 864 relegavit,
795 792 1140 865 animosque
1168 798 1291 850 tam
1314 793 1571 851 ﬁliorum
1591 811 1767 868 quam
1794 811 1897 850 caa-

242 881 508 936 terorum
538 884 743 936 contra
772 898 837 938 se
861 885 920 938 et
946 881 1150 939 Judith
1178 898 1416 940 uxorem
1448 900 1617 939 suam
1649 883 1901 957 graviter

242 966 515 1024 irritavit.
544 968 747 1027 Annal.
778 970 938 1027 Fuld.

316 1059 430 1114 832
459 1059 778 1131 Imperator
829 1064 1034 1121 contra
1078 1060 1292 1118 Filium
1348 1061 1705 1118 Ludovicum
1763 1078 1898 1118 cum

240 1147 504 1204 exemita
550 1148 877 1220 Augustam
917 1148 1275 1206 Vindelicam
1325 1151 1484 1206 venit
1517 1169 1530 1207 :
1565 1168 1681 1222 quo
1724 1151 1898 1207 resis-

238 1239 422 1305 tente,
454 1241 662 1293 contra
688 1237 1006 1311 Pippinum
1044 1237 1293 1295 alterum
1337 1238 1526 1295 ﬁlium
1558 1240 1629 1295 ad
1660 1240 1898 1312 Aquita-

240 1325 405 1381 niam
431 1342 498 1381 se
528 1326 812 1382 convertit
835 1341 1093 1400 eumque
1120 1344 1299 1401 regno
1331 1328 1596 1400 privavit.
1621 1329 1732 1385 Sed
1766 1329 1901 1385 inde

238 1414 499 1483 rediens,
532 1414 743 1471 timore
773 1414 1032 1472 ﬁliorum
1064 1433 1243 1474 uxore
1272 1417 1539 1473 abdicata
1563 1418 1732 1489 (313),
1752 1418 1901 1473 difﬁ-

240 1502 428 1559 culter
474 1506 748 1575 Aquense
796 1503 1079 1577 palatium
1120 1505 1368 1578 repetiit.
1402 1504 1648 1579 Eclipsis
1686 1506 1828 1563 solis
1858 1524 1899 1563 11

238 1592 319 1661 (31
334 1593 390 1665 4)
412 1592 563 1649 Non.
591 1592 729 1649 Maii
750 1595 808 1650 et
826 1594 1002 1650 Lunaa
1023 1610 1126 1650 χιιι
1148 1593 1274 1650 Kal.
1307 1594 1468 1651 Junii
1499 1595 1669 1650 facta.
1692 1595 1894 1651 Annal.

306 1770 416 1827 833
443 1771 788 1844 Imperator,
822 1775 1058 1844 recepta
1086 1788 1285 1839 uxore,
1319 1776 1520 1829 contra
1549 1772 1701 1829 ﬁlios
1732 1772 1804 1828 ad
1836 1787 1898 1828 se

238 1860 435 1916 venire
462 1859 751 1931 volentes,
774 1860 1015 1917 collecto
1038 1861 1293 1917 exercitu
1322 1861 1383 1916 in
1421 1861 1704 1917 Alsatiam
1735 1877 1900 1917 arma

240 1948 561 2005 commovit
594 1966 607 2004 :
640 1949 742 2004 ubi
773 1949 1042 2006 veniente
1073 1966 1207 2005 cum
1252 1949 1391 2005 ﬁliis
1418 1950 1693 2023 Gregorio
1724 1967 1897 2023 papa,
1928 1988 1977 2052 Β

239 2037 565 2110 imperator
594 2054 630 2093 a
669 2037 795 2093 suis
844 2038 1112 2111 proditus
1142 2055 1209 2095 ac
1241 2037 1481 2094 relictus
1531 2039 1590 2093 in
1641 2039 1896 2095 ﬁliorum

238 2144 485 2184 suorum
518 2130 872 2201 potestatem
904 2127 1152 2184 devenit.
1184 2128 1387 2184 Annal.
1418 2127 1575 2183 Fuld.

302 2217 412 2273 834
444 2217 776 2289 Imperator
794 2216 1022 2287 judicio
1060 2216 1469 2289 episcoporum
1511 2215 1692 2273 armis
1722 2216 1895 2286 depo-

238 2306 387 2375 sitis,
424 2307 500 2363 ad
532 2306 822 2379 agendam
850 2306 1253 2378 paenitentiam
1281 2305 1606 2361 includitur
1635 2306 1802 2377 (315),
1840 2309 1898 2361 et

238 2413 381 2452 uxor
411 2396 545 2466 ejus
575 2395 635 2449 in
668 2393 897 2450 Italiam
929 2393 1250 2467 relegatur;
1285 2396 1383 2451 sed
1416 2412 1551 2451 mox
1579 2398 1777 2451 aestate
1807 2410 1895 2450 re-

237 2488 406 2558 cepta
434 2499 637 2550 uxore,
670 2488 727 2539 et
756 2483 939 2539 armis
985 2483 1323 2539 Lotharium
1357 2484 1545 2540 ﬁlium
1576 2483 1636 2538 in
1672 2482 1895 2539 Italiam

235 2572 457 2646 repulit
476 2572 652 2644 (316).
692 2572 943 2628 Nithard.
979 2573 1132 2644 Theg.
1158 2573 1459 2629 —Eodem
1499 2589 1651 2629 anno
1702 2588 1898 2646 pugna

234 2667 445 2718 contra
465 2661 818 2716 Matt'redum
841 2664 899 2716 et
926 2661 1306 2733 Lantpertum
1332 2661 1503 2731 facta,
1528 2662 1587 2716 in
1611 2678 1729 2733 qua
1746 2661 1900 2717 inter

235 2750 385 2807 alios
416 2748 626 2823 plures
677 2749 888 2805 cecidit
935 2748 1057 2805 Odo
1108 2766 1303 2806 comes
1349 2748 1809 2818 Aurelianensis,
1840 2754 1899 2806 et

234 2839 476 2896 Theodo
507 2838 694 2895 abbas
723 2838 1109 2906 Turonensis,
1142 2840 1285 2895 Ann.
1319 2837 1475 2894 Fuld.

302 2928 771 3001 8351mperator
820 2943 957 2983 cum
1008 2926 1150 2983 ﬁliis
1200 2926 1443 3000 Pippino
1500 2930 1557 2982 et
1612 2927 1897 2985 Ludovico

237 3015 513 3090 Lugduni
544 3016 696 3088 (317)
733 3032 1017 3089 magnum
1065 3015 1273 3072 habuit
1318 3017 1465 3071 141
1522 3020 1895 3072 conventum.

236 3104 594 3162 Nortmanni
625 3109 996 3161 Dorestatum
1023 3105 1170 3176 (318)
1190 3108 1440 3161 vastant.
1467 3105 1609 3162 Ann.
1641 3106 1795 3161 Fuld.
1828 3138 1897 3146 —

235 3193 494 3250 Basilica
515 3194 708 3250 sancti
735 3193 884 3250 Galli
914 3193 1180 3249 dedicata
1209 3197 1316 3249 est.
1352 3193 1539 3265 Hepid.

304 3284 416 3338 836
431 3285 762 3355 Imperator
778 3287 1127 3339 conventum
1144 3282 1297 3355 apud
1317 3282 1736 3338 Theodenhove
1749 3283 1896 3355 (319)

2007 795 2295 851 tributum
2327 796 2641 869 accipiunt.
2674 798 2777 853 An.
2810 800 2966 856 Fuld.
2991 831 3061 845 —-
3083 804 3283 877 Augiaa
3305 806 3470 865 Heito
3495 810 3656 867 Basi-

2007 883 2108 939 leaa
2138 886 2448 958 episcopus
2477 886 2622 942 obiit
2650 891 2705 942 et
2734 888 3017 960 sepelitur
3037 891 3203 965 (321).

2078 973 2184 1028 837
2217 973 2488 1029 Ticinum
2519 992 2584 1029 ιιι
2616 975 2740 1031 Kal.
2765 976 2898 1033 Jan.
2923 980 3104 1037 octies
3134 987 3312 1040 noctu
3342 989 3657 1048 tremuisse

2008 1060 2242 1117 dicitur.
2264 1062 2432 1118 Multi
2454 1063 2785 1136 principum
2809 1065 2985 1122 Italiae
3007 1071 3211 1127 morbo
3228 1074 3657 1148 absumpti.Co-

2010 1154 2165 1206 meta
2191 1151 2251 1205 in
2283 1151 2450 1224 signo
2483 1152 2665 1207 Librae
2694 1154 2819 1209 visa
2838 1156 3004 1228 (322).
3025 1158 3371 1217 Nortmanni
3400 1163 3460 1219 in
3491 1166 3653 1222 Wal-

2009 1252 2105 1293 cra
2128 1240 2249 1310 [al.,
2271 1239 2585 1311 Walacria]
2623 1239 2818 1297 insula
2848 1245 3163 1302 commissa
3196 1266 3394 1321 pugna
3421 1269 3495 1309 xv
3523 1254 3649 1312 Kal.

2007 1326 2147 1383 Julii
2179 1327 2396 1384 multos
2433 1328 2807 1399 interimunt;
2838 1332 3095 1405 itemque
3123 1335 3492 1397 Dorestatum
3522 1359 3655 1400 vas-

2007 1418 2199 1471 tantes
2229 1415 2517 1471 tributum
2550 1434 2584 1472 a
2620 1417 2973 1499 Fresonibus
3023 1421 3336 1494 accipiunt.
3362 1428 3463 1482 An.
3496 1430 3652 1486 Fuld.

2078 1504 2183 1560 838
2212 1506 2601 1561 Terraemotus
2648 1523 2720 1561 xv
2767 1506 2895 1563 Kal.
2946 1509 3113 1565 Febr.
3146 1528 3385 1585 vespere
3442 1516 3653 1575 factus.

2006 1593 2192 1649 Naves
2223 1598 2425 1649 contra
2444 1593 2840 1652 Nortmannos
2865 1597 3183 1655 aediﬁcata).
3209 1602 3532 1675 Imperator
3562 1623 3660 1680 op-

2005 1682 2214 1738 timam
2236 1687 2460 1754 partem
2480 1684 2643 1756 regni
2661 1683 2781 1741 ﬁlio
2792 1686 3017 1757 juniori
3031 1688 3232 1745 Carolo
3253 1691 3433 1749 dedit.
3450 1696 3655 1759 Annal.

2006 1772 2214 1827 Bertin.
2249 1789 2341 1826 an.
2365 1789 2457 1843 pr.
2482 1803 2548 1814 —
2575 1772 2886 1830 Lotharius
2915 1778 2974 1830 et
3005 1776 3328 1837 Ludovicus
3356 1782 3564 1841 fratres
3593 1786 3656 1843 in

2008 1858 2352 1915 Tridentina
2387 1859 2533 1915 valle
2580 1860 2732 1916 inter
2761 1878 2823 1917 se
2854 1861 3213 1935 colloquium
3243 1868 3520 1928 habuere.
3548 1874 3656 1928 An-

2006 1948 2122 2003 nal.
2159 1950 2364 2005 Berlin.
2415 1966 2509 2004 an.
2556 1966 2645 2020 pr.
2695 1949 3037 2022 Imperator,
3064 1952 3265 2011 habito
3312 1958 3654 2034 Noviomagi

2008 2043 2315 2105 conventu,
2348 2037 2592 2094 consilio
2636 2040 3029 2110 quorumdam
3061 2044 3347 2102 Ludovico
3394 2046 3516 2105 ﬁlio
3562 2066 3653 2107 re-

2006 2142 2191 2200 gnum
2228 2126 2602 2183 orientalium
2636 2116 3014 2199 Francorum,
3038 2132 3191 2202 quod
3217 2134 3291 2189 ab
3320 2151 3388 2191 eo
3417 2153 3653 2211 accepe-

2007 2219 2119 2284 rat,
2150 2214 2447 2271 interdixit
2478 2232 2491 2270 :
2525 2216 2680 2287 quod
2712 2214 2811 2270 ille
2842 2216 3062 2274 invidia
3088 2236 3400 2291 pravorum
3432 2226 3653 2284 factum

2007 2303 2220 2373 sciens,
2247 2320 2382 2360 cum
2405 2303 2560 2359 idem
2586 2319 2832 2381 regnum
2854 2305 3183 2377 invasisset,
3206 2309 3524 2383 imperator
3545 2314 3657 2371 col-

2006 2392 2154 2448 lecto
2174 2392 2430 2448 exercitu
2453 2393 2507 2447 vi
2529 2409 2663 2448 eum
2688 2393 2974 2465 expellere
2999 2397 3221 2453 statuit.
3254 2398 3533 2472 Pippinus
3555 2420 3657 2462 rex

2010 2480 2355 2552 Aquitanica,
2398 2480 2555 2536 ﬁlius
2609 2480 3005 2554 imperatoris,
3054 2500 3256 2543 mense
3310 2488 3654 2550 Novembris

2007 2570 2154 2641 (323)
2184 2570 2347 2625 obiit.
2378 2570 2576 2625 Annal.
2610 2570 2763 2625 Fuld.
2791 2603 2855 2612 —
2887 2574 3059 2645 Apud
3104 2580 3375 2634 sanctum
3422 2579 3654 2640 Gallum

2008 2657 2289 2731 Gozperto
2340 2659 2537 2714 abbati
2590 2658 2929 2717 Bernwicus
2981 2664 3284 2720 successit.
3314 2667 3557 2739 Ratpert.
3584 2699 3656 2713 ——

2007 2747 2205 2821 Augiaa
2236 2746 2542 2803 Erlebaldo
2575 2748 2782 2804 abbate
2822 2750 3079 2819 cedente,
3113 2751 3441 2811 Ruodhelm
3472 2757 3654 2815 abbas

2005 2854 2064 2892 χι
2094 2837 2325 2909 prmfuit
2354 2836 2525 2892 annis
2555 2854 2631 2894 1v.

2078 2927 2121 2981 1
2131 2926 2232 2982 42
2245 2924 2349 2982 839
2365 2924 2691 2982 Ludovicus
2703 2926 2855 2998 patri
2878 2925 3216 2999 imperatori
3229 2931 3555 2991 cedendum
3568 2951 3657 2993 ra-

2004 3014 2292 3086 tus,inBaj
2301 3014 2519 3070 oariam
2534 3014 3053 3088 rediit.Imperator
3063 3017 3353 3076 celebrato
3360 3021 3526 3093 juxta
3536 3022 3658 3080 Bri-

2007 3103 2315 3176 gantinum
2340 3101 2533 3158 lacum
2547 3103 2691 3174 (324)
2708 3103 2948 3169 Pascha,
2963 3109 3165 3176 postea
3182 3106 3379 3163 habito
3392 3113 3655 3168 Worma—

2004 3191 2096 3246 tia;
2109 3194 2393 3247 conventu
2404 3190 2691 3256 ,Lothario
2707 3190 2822 3245 ﬁlio
2836 3192 2906 3248 de
2926 3192 3090 3248 Italia
3103 3194 3431 3251 advenienti
3454 3212 3655 3255 recon-

2006 3279 2259 3345 ciliatur,
2284 3280 2514 3352 ipsique
2540 3282 2595 3334 et
2617 3278 2820 3335 Carolo
2843 3279 2961 3336 ﬁlio
2983 3298 3228 3354 regnum
3257 3285 3525 3355 partitur.
3541 3287 3656 3342 An-

234 3354 773 3443 palatiumihabuit,
790 3374 860 3426 ad
885 3387 1059 3443 quem
1078 3370 1390 3426 Lotharius
1412 3370 1569 3427 ﬁlius
1585 3372 1714 3443 ejus
1735 3371 1894 3444 gravi
1927 3354 1969 3420 C
2005 3368 2685 3439 nal.Bertin.——Bajoaria
2703 3372 2933 3425 tantum
2948 3370 3237 3427 Ludovico
3263 3374 3403 3444 quia
3422 3391 3557 3431 eum
3578 3377 3660 3432 of-

231 3462 443 3516 morbo
466 3460 736 3516 detentus
764 3459 960 3516 venire
990 3476 1107 3515 non
1137 3458 1326 3532 potuit
1346 3460 1515 3531 (320).
1544 3460 1892 3516 Nortmanni

2001 3459 2267 3515 fenderat
2289 3456 2524 3513 relicta:
2548 3456 2939 3531 Lotharioque
2962 3458 3189 3516 Italiam
3209 3465 3659 3539 repetente,ipse

1300 3575 1780 3632 COMPENDIUM
1809 3577 1903 3632 EX
1934 3575 2188 3634 CODICE
2220 3574 2602 3632 BERNOLDI.

301 3676 411 3731 832
439 3677 752 3748 Imperator
777 3677 971 3730 contra
1001 3674 1145 3733 filios
1186 3689 1311 3731 suos
1352 3676 1656 3731 exercitum
1682 3677 1850 3731 movit
1877 3694 1900 3730 .·

239 3781 475 3822 mrem
503 3767 703 3820 timore
728 3764 977 3834 ﬁliorum
996 3763 1295 3819 abdicavit.

303 3853 416 3909 833
476 3855 783 3925 Imperator
847 3855 979 3908 item
1042 3855 1237 3908 contra
1296 3852 1441 3923 ﬁlio:
1506 3854 1569 3907 in
1637 3852 1904 3909 Alsatiam

239 3946 392 3999 venit
422 3961 443 3997 :
488 3943 573 3997 ibi
628 3943 872 3998 veniente
925 3940 1183 4012 Gregorio
1232 3957 1379 4012 papa
1435 3958 1560 3997 cum
1609 3942 1745 4011 ﬁliis
1795 3944 1902 3997 im-

233 4037 487 4104 perator,
519 4048 556 4085 α
596 4033 717 4088 suis
761 4031 1005 4100 relictus,
1053 4033 1116 4085 in
1158 4030 1403 4101 ﬁliorum
1440 4038 1759 4102 potestatem
1805 4031 1901 4087 de-

234 4126 404 4179 venit.

302 4212 411 4267 834
443 4211 757 4282 Imperator
774 4207 1058 4281 judicio...
1092 4207 1412 4265 includitur.

300 4300 414 4356 835
442 4299 823 4371 Imperator...
852 4314 1119 4367 magnum
1146 4302 1468 4353 conventum
1498 4298 1708 4353 habuit.

2079 3675 2184 3730 837
2214 3675 2462 3730 Ticinum
2510 3675 2667 3729 tertio
2696 3675 2815 3729 Kal.
2848 3675 3109 3731 Januarii
3134 3678 3296 3732 octies
3340 3687 3503 3734 noctu
3547 3682 3657 3735 tre-

2008 3763 2214 3817 muisse
2241 3760 2466 3816 dicitur.

2080 3851 2186 3905 838
2212 3852 2516 3924 Imperator
2544 3850 2727 3905 habito
2757 3858 3021 3905 conventu
3047 3851 3368 3921 Noviomagi
3394 3852 3659 3912 Ludovico

2009 3941 2124 4011 ﬁlio
2155 3956 2385 4010 regnum
2412 3930 2755 3995 Francorum
2784 3940 3101 3995 interdixit.
3134 3944 3308 3996 Puoto
3338 3941 3460 4012 [al.,
3495 3942 3659 4015 Bodo]

2009 4029 2270 4085 diaconus
2293 4029 2494 4099 palatii
2514 4028 2571 4081 in
2593 4027 2941 4083 Judaismum
2969 4029 3170 4100 lapsus.
3194 4030 3402 4087 Annal.
3437 4031 3655 4090 Bertin.

2012 4120 2085 4175 ad
2116 4134 2209 4173 an.
2243 4116 2369 4170 839.

2079 4206 2185 4260 839
2213 4207 2519 4276 Imperator
2539 4204 2655 4275 ﬁlio
2676 4222 2770 4262 suo
2797 4205 3050 4263 Lothario
3080 4209 3484 4285 repaciﬁcatur.
3508 4210 3660 4269 Ebbo

2010 4298 2300 4353 Remorum
2326 4293 2767 4367 archiepiscopus
2800 4294 3132 4364 degradalur
3161 4298 3330 4371 (325).

1834 4395 2067 4454 ΝΟΤΔΕ.

305 4498 437 4569 313)
472 4494 597 4550 Alii
627 4494 735 4551 hoc
763 4495 836 4551 ad
869 4510 1093 4551 aunum
1122 4494 1229 4550 830
1258 4494 1536 4551 referunt.
1572 4496 1670 4551 Vit.
1699 4494 1904 4551 Ludov.
1938 4500 1983 4564 1)
2016 4491 2569 4569 nunc__Dieder_1/1.o_fen
2598 4490 2847 4569 ducatus
2871 4491 3323 4569 Luxemburgici
3354 4492 3557 4569 civitas
3586 4495 3660 4550 ad

238 4570 466 4709 P2,3111)
501 4636 760 4694 Annales
808 4634 1149 4709 Fuldensesi
1172 4636 1411 4693 habent.
1443 4654 1481 4692 v
1516 4639 1704 4709 Nonas
1748 4636 1901 4709 Maii,

240 4711 337 4767 sed
368 4709 548 4766 nulla
595 4709 707 4766 hoc
756 4725 911 4781 anno
939 4708 1082 4765 solis
1121 4708 1363 4764 defectio
1412 4708 1674 4781 contigit,
1707 4714 1765 4764 et
1808 4708 1908 4764 illa

240 4781 393 4837 lunae
424 4781 546 4836 fuit
575 4782 645 4836 18
674 4779 860 4852 April.

306 4853 467 4925 (315)
504 4849 758 4907 Facinus
788 4850 899 4925 hoc
919 4867 1072 4925 anno
1105 4849 1295 4925 priore
1326 4854 1619 4925 patratum
1656 4850 1909 4925 produnt

344 4930 409 4980 ta
445 4922 969 4979 'exauctorationis
1028 4922 1179 4993 apud
1245 4922 1578 4993 DuChesne,
1628 4925 1669 4977 t.
1722 4922 1790 4989 II,
1844 4938 1902 4992 p.

311 4998 367 5064 2,
392 4993 514 5078 ubi
557 4995 737 5051 etiam
786 4993 1000 5066 legitur
1040 4992 1313 5049 Ludovici
1346 4992 1431 5047 Pii
1472 4993 1724 5065 desuper
1768 5009 1905 5048 con-

238 5071 783 5209 ?u(e351tt‘5()LFugiente
815 5133 1087 5209 Lothario
1136 5134 1480 5209 Ludovicus
1489 5136 1614 5207 jam
1645 5134 1705 5190 in
1750 5135 1906 5209 Qua-

238 5205 620 5281 dragesima'
639 5205 883 5278 imperio
939 5205 1243 5262 restitutus
1294 5210 1401 5262 est.
1447 5205 1660 5262 Alsiron.
1694 5206 1764 5261 ad
1811 5223 1902 5261 an.

239 5280 472 5421 8:317)
496 5348 750 5421 Videtur;
769 5347 867 5421 hic
894 5347 1139 5421 indic_a_ri
1168 5351 1490 5421 conventus
1519 5347 1905 5421 Wormatien-

240 5418 329 5501 iis;
360 5437 533 5501 auge
578 5436 702 5501 seq.
737 5418 998 5489 habitus,
1028 5418 1289 5491 Thegani
1336 5420 1585 5491 append.
1634 5420 1903 5475 Lambec.

239 5490 402 5547 Bibl.
434 5498 581 5548 Cas.
618 5490 756 5557 1.711,
787 5508 836 5547 c.
869 5508 925 5546 ν.
1162 5490 1179 5491 ί

246 5634 256 5636 ᾼ
313 5564 473 5636 (318)
510 5563 694 5636 Hodie
732 5563 886 5636 Wyck
911 5561 1222 5630 Duerstede,
1255 5562 1436 5636 Belgii
1466 5562 1605 5618 urbs
1628 5562 1688 5618 in
1716 5560 1904 5618 Ultra-

234 5634 471 5707 jectina
501 5634 820 5707 provincia.

313 5706 476 5787 (319)
502 5703 614 5767 Est
648 5703 770 5765 haec
816 5704 1109 5770 Theodonis
1155 5705 1314 5783 villa,
1343 5708 1445 5764 aut
1495 5705 1707 5777 Τοιοηίδ
1747 5704 1906 5788 villa,

2017 4562 2337 4621 Mosellam.
2370 4563 2626 4617 Pertinet
2654 4579 2784 4619 vero
2827 4562 2920 4617 hic
2950 4562 3269 4619 conventus
3318 4565 3390 4618 ad
3438 4581 3661 4620 annum

2059 4635 2289 4692 riorem.
2326 4634 2578 4702 Thegan.,
2624 4634 2824 4689 Annal.
2881 4635 3088 4689 Bertin.
3116 4634 3663 4695 ——Substituendus

2058 4707 2108 4762 ic
2139 4711 2229 4762 est
2259 4710 2579 4776 conventus
2607 4705 3122 4776 Aquisgranensis.
3146 4706 3344 4761 Annal.
3381 4708 3586 4763 Bertin.

2086 4778 2233 4850 (320)
2265 4777 2496 4850 Spectat
2542 4775 2601 4830 id
2660 4775 2731 4831 ad
2771 4775 3258 4832 Wormatiensem
3308 4784 3663 4837 conventum

2016 4846 2127 4905 hoc
2157 4846 2324 4904 anno
2341 4846 2715 4903 celebratum.

2086 4922 2235 4990 (321)
2267 4919 2539 4992 Sudanus
2563 4917 2623 4973 in
2651 4918 2869 4974 Basilea
2912 4934 3070 4974 sacra
3120 4919 3287 4976 illum
3313 4922 3440 4992 jam
3472 4939 3525 4979 a.
3558 4923 3666 4981 830

2018 4988 2318 5048 mertuum
2351 4988 2509 5045 dicit.

2267 5065 2599 5148 astronom.
2633 5061 2798 5144 ponit
2826 5061 2885 5116 in
2918 5062 3086 5148 signoo
3113 5062 3391 5148 Yirginis.

2109 5132 2377 5205 323)'Alii
2430 5132 2653 5188 obitum
2694 5134 2821 5204 ejus
2876 5132 3065 5190 mensi
3115 5132 3290 5191 Junio
3338 5133 3661 5205 ascribunt.

2014 5204 2145 5261 Vid.
2181 5205 2317 5278 Pagi
2350 5205 2513 5271 Crit.,
2553 5221 2605 5259 a.
2649 5205 2775 5272 838,
2802 5209 2859 5260 et
2906 5205 3155 5272 Bunan.,
3208 5204 3663 5262 Reichshistorie

2015 5281 2057 5331 t.
2093 5275 2186 5331 IIl.
2221 5293 2275 5331 ι).
2315 5276 2415 5331 175
2444 5292 2566 5331 sea.

2015 5281 2057 5332 t.
2093 5279 2186 5342 IIl,
2221 5293 2275 5342 p.
2315 5279 2415 5332 175
2444 5292 2566 5342 seq.

2094 5292 2186 5342 111,
2264 5320 2275 5331 .
2315 5292 2415 5332 us
2444 5292 2566 5356 seq.
3335 5343 3345 5353 .

2087 5293 2484 5419 (324$Nempe
2536 5363 2595 5400 ιη
2650 5346 2907 5402 Bodoma
2963 5346 3182 5419 palatio
3230 5359 3407 5415 regio.
3458 5343 3660 5400 Annal.

2018 5421 2226 5475 Bertin.

2089 5492 2233 5564 (325)
2291 5489 2630 5564 Pagius__in
2690 5486 3183 5564 Critic_a_-Ba_ro_u_ii
3237 5484 3663 5564 depositiongm

2017 5555 2176 5694 hagcé
2211 5555 2283 5621 ad
2328 5555 2423 5618 an.
2473 5562 2581 5620 835
2623 5561 2818 5619 refert.
2850 5559 2979 5615 Vid.
3013 5555 3198 5614 Gallia
3244 5555 3456 5615 Christ.
3490 5562 3532 5616 t.
3567 5559 3659 5637 IX,

2018 5651 2073 5694 ι).
2182 5675 2194 5693 .
