4124 6188
436 320 552 391 119
1246 318 1658 382 HERMANNI
1702 313 2146 384 CONTRACTI
2190 318 2609 383 AUGIENSIS
2654 314 3033 381 MONACHI.
3718 310 3839 379 180

1817 458 2051 516 CODEX
2084 459 2484 518 AUGIENSIS.

434 573 570 633 cum
595 555 714 612 ﬁlio
736 557 937 613 Carolo
960 558 1031 613 ad
1051 558 1475 632 disponendam
1497 556 1884 629 proﬁciscitur
1903 557 2075 630 Aqui-
2104 564 2156 628 Α
2187 562 2379 630 strage
2405 558 2553 615 facta
2571 558 2901 614 Ludovicus
2921 559 2979 614 et
2997 554 3239 615 Carolus
3253 552 3462 610 castris
3485 550 3653 625 potiti
3675 553 3838 607 sunt.

434 645 678 703 taniam.
707 645 941 703 Cometa
971 645 1031 702 in
1054 647 1220 719 signo
1242 646 1472 713 Arietis,
1497 644 1707 701 coelum
1731 645 1917 702 instar
1947 663 2081 702 san-
2194 647 2503 703 Lotharius
2532 662 2665 703 vero
2711 646 2940 720 fugiens
2968 647 3237 719 Aquense
3270 640 3555 716 palatium
3587 640 3754 712 petit,
3784 642 3847 696 et.

437 735 635 808 guinis
665 737 912 791 rubeum
943 735 1300 808 igniculique
1331 751 1432 808 per
1451 752 1584 791 aera
1604 734 1929 791 discurrere
1948 735 2078 791 visi.
2191 735 2513 792 recollectis
2544 735 2804 809 undique
2846 735 3051 808 cepiis,
3085 734 3380 807 digressos
3419 748 3454 787 a
3496 746 3559 786 se
3592 728 3845 785 invicem

438 824 639 880 Annal.
672 824 828 879 Fuld.
2194 829 2418 893 fratres,
2445 825 2635 897 primo
2669 824 3026 881 Ludovicum
3054 826 3341 879 autumno
3370 823 3429 876 et
3455 818 3650 876 hieme
3678 820 3849 875 αλιος

509 913 616 969 840
647 912 970 967 Ludovicus
1015 927 1077 967 se
1119 910 1408 982 privatum
1460 911 1681 979 dolens,
1716 912 1918 968 multis
1969 912 2081 968 sibi
2192 915 2315 970 lum
2350 915 2408 969 in
2441 913 2647 969 Galliis
2674 914 2891 969 frustra
2910 908 3505 985 persequilaboravit.
3525 907 3764 964 Cometa
3782 905 3848 963 in

436 1000 709 1059 adunatis
738 1017 841 1072 per
869 999 1300 1065 Alamanniam,
1327 1000 1494 1072 quasi
1522 1001 1783 1057 debitum
1815 1006 2084 1073 repetens
2193 1004 2359 1076 signo
2392 1002 2628 1075 Aquarii
2660 1020 2762 1057 vm
2804 1001 2928 1058 Kal.
2959 1002 3092 1059 Jan.
3126 999 3267 1058 visa.
3298 999 3499 1055 Annal.
3528 995 3709 1064 Fuld.,
3740 997 3845 1053 Ni-

435 1105 701 1163 regnum,
726 1087 1145 1143 Franconofurt
1166 1088 1340 1153 venit,
1366 1094 1566 1145 contra
1587 1107 1759 1163 quem
1786 1095 1949 1163 pater
1980 1090 2091 1157 im:
2192 1092 2369 1148 thard.
2397 1124 2462 1132 —
2486 1090 2823 1147 Grimaldus
2858 1087 3361 1161 archicapellanus
3411 1084 3684 1143 Ludovici
3732 1101 3846 1141 cm-

433 1180 667 1250 perator
692 1175 1017 1231 Ludovicus
1057 1177 1256 1233 relicta
1285 1178 1597 1251 Aquitania
1636 1180 1834 1251 cepias
1864 1177 2085 1251 colligit
2192 1181 2435 1237 nobium
2466 1180 2653 1237 sancti
2683 1178 2828 1236 Galli
2860 1178 3125 1236 beneﬁcii
3169 1176 3293 1234 loco
3326 1176 3399 1234 ab
3429 1191 3497 1232 eo
3527 1173 3851 1247 accipiens,

433 1278 687 1335 eumque
714 1279 817 1337 per
864 1264 1250 1338 Tburingiam
1283 1267 1353 1321 ad
1387 1267 1666 1323 barbaros
1711 1267 1948 1340 pulsum
1983 1283 2085 1338 per
2194 1269 2383 1325 tenuit
2414 1267 2583 1325 annis
2613 1286 2768 1325 xxxx.
2799 1267 2989 1340 Hepid.

436 1352 773 1411 Sclavorum
794 1358 997 1426 gentes
1020 1354 1307 1412 laboriose
1323 1356 1654 1428 Bajoariam
1678 1362 1937 1429 repetere
1958 1372 2084 1411 coe-
2264 1360 2371 1413 842
2400 1357 2557 1424 νίεα,
2573 1357 2768 1414 fratris
2799 1354 3140 1431 pertinacia,
3174 1352 3496 1412 Ludovicus
3531 1356 3589 1409 et
3605 1350 3851 1409 Carolus

439 1442 545 1516 git.
574 1443 754 1498 Annal
795 1443 1007 1507 Berth.,
1030 1445 1254 1500 Nith.—
1274 1446 1383 1502 Aer
1405 1446 1573 1518 quasi
1603 1446 1845 1519 sanguis
1872 1461 2085 1517 coagu-
2197 1446 2378 1519 copiis
2401 1445 2659 1503 collectis
2682 1446 2835 1518 apud
2858 1447 3322 1519 Argenturacum
3335 1442 3482 1515 (328)
3497 1440 3855 1499 conveniunt

438 1530 596 1587 tatus
625 1531 683 1585 in
715 1531 947 1588 Paschze
975 1536 1235 1606 tempore
1265 1535 1483 1590 rubens
1515 1535 1805 1608 apparuit.
1842 1534 2086 1605 Eclipsis
2194 1552 2447 1608 eumque
2501 1534 2775 1608 persequi
2836 1536 3129 1601 statuunt,
3191 1536 3248 1590 et
3302 1531 3458 1605 apud
3518 1529 3855 1588 Sentiacam

438 1619 669 1677 solisvn
690 1620 823 1676 ldus
841 1621 973 1676 Maii
997 1623 1502 1694 postsextamdiei
1522 1624 1727 1679 horam
1750 1621 2082 1695 facta(3'26).
2195 1624 2460 1696 (Sinzick)
2488 1623 2688 1679 villam
2720 1624 3044 1689 inventum,
3077 1638 3211 1677 cum
3243 1639 3278 1685 a
3305 1620 3430 1676 suis
3462 1619 3852 1687 desereretur,

439 1738 508 1751 --
537 1709 856 1781 Imperator
915 1710 1242 1767 Ludovicus
1299 1712 1501 1768 morbo
1560 1716 1882 1785 correptus,
1914 1715 1971 1766 et
2026 1711 2085 1765 in
2194 1729 2311 1767 xvu
2345 1712 2467 1767 Kal.
2494 1711 2677 1784 April.
2704 1711 2900 1784 fugere
2930 1708 3296 1783 compellunt
3325 1722 3695 1782 regnumque
3721 1707 3854 1780 ejus

437 1798 755 1871 quamdam
800 1797 985 1855 Rheni
1017 1799 1269 1855 insulam
1301 1818 1478 1873 prope
1510 1800 1901 1873 lngelenheim
1947 1799 2084 1853 duc-
2197 1802 2281 1857 cis
2310 1800 2481 1873 Alpes
2514 1801 2663 1855 inter
2701 1816 2763 1855 se
2796 1799 3179 1871 dispertiunt;
3214 1798 3313 1870 qui
3345 1812 3582 1854 rursum
3608 1794 3854 1854 collecto

436 1891 552 1958 tus,
577 1886 880 1960 designato
910 1888 969 1943 in
1011 1887 1325 1962 imperium
1370 1890 1642 1945 Lothario
1677 1889 1815 1955 tilio,
1847 1906 1929 1943 xu
1962 1887 2084 1942 Kal.
2119 1925 2164 1962 η
2196 1888 2447 1945 exercitu
2480 1889 2634 1962 apud
2682 1888 3095 1945 Madasconam
3128 1886 3326 1944 Gallia:
3369 1887 3576 1944 urbem
3621 1902 3720 1942 eos
3752 1901 3860 1941 ex-

434 1976 576 2033 Julii
607 1977 769 2045 obiit,
792 1981 850 2033 et
876 1977 1046 2032 Metis
1068 1979 1126 2032 in
1151 1977 1395 2033 ecclesia
1431 1980 1618 2033 sancti
1650 1977 1868 2032 Arnolli
1902 1975 2089 2048 sepul-
2122 1971 2167 1992 υ
2201 1983 2450 2051 spectat;
2489 1978 2843 2050 tandemque
2891 1977 3122 2033 cunctis
3171 1991 3375 2048 pacem
3405 1991 3583 2048 quam
3629 1971 3857 2030 bellum

436 2070 534 2123 tus
562 2070 670 2122 est.
704 2066 1013 2121 Lotharius
1045 2066 1114 2120 de
1150 2065 1313 2121 Italia
1346 2066 1578 2121 rediens
1614 2082 1860 2138 regnum
1893 2080 2089 2120 susce-
2200 2068 2601 2134 mallentibus,
2624 2070 2714 2122 ter
2741 2065 3135 2139 quadragenis
3160 2064 3501 2138 proceribus
3521 2062 3737 2135 juratis
3766 2076 3860 2117 re-

439 2155 526 2229 pit
557 2173 570 2212 :
605 2155 759 2227 quod
812 2155 1091 2209 fratribus
1120 2156 1247 2225 ejus
1282 2156 1569 2210 Ludovico
1617 2160 1674 2210 et
1722 2155 1925 2211 Carolo
1974 2171 2090 2210 non
2201 2173 2382 2229 gnum
2414 2156 2472 2210 in
2506 2155 2621 2210 tria
2651 2154 3024 2227 partiendum
3057 2154 3150 2210 die
3171 2157 3394 2210 statuta
3423 2152 3728 2208 mandant.
3757 2151 3858 2207 Ni-

442 2245 783 2311 ferentibus,
819 2244 1044 2315 primus
1076 2244 1124 2297 ei
1161 2244 1486 2298 Ludovicus
1522 2245 1871 2316 cumfcopiis
1902 2245 2090 2299 orien-
2203 2244 2382 2301 thard.
2407 2277 2474 2285 —
2506 2242 2831 2299 Ludovicus
2880 2243 2939 2297 in
2988 2242 3239 2299 Saxonia
3287 2240 3752 2313 conjuratiouem
3778 2238 3857 2295 1i-

443 2333 650 2388 talium
680 2332 1036 2386 Francorum
1067 2347 1245 2403 prope
1278 2333 1627 2404 Moguntiaci
1656 2334 1937 2400 occurrit;
1971 2334 2093 2388 vix-
2202 2336 2501 2389 bertorum
2530 2337 2731 2388 contra
2751 2331 3041 2399 dominos,
3067 2328 3406 2387 auctoribus
3427 2328 3616 2402 capite
3645 2328 3854 2401 plexis,

445 2437 557 2492 que
587 2436 786 2492 pugna
816 2419 1017 2484 dilata,
1046 2436 1178 2475 cum
1231 2420 1539 2476 Lolharius
1589 2427 1790 2477 contra
1820 2422 2092 2478 Carolum
2202 2421 2581 2496 compescuit.
2602 2426 2743 2477 Cum
2767 2420 2943 2494 legati
2976 2425 3196 2477 statuta
3225 2420 3319 2476 die
3349 2418 3700 2476 concordare
3728 2433 3854 2473 non

444 2507 662 2565 Gallias
694 2511 933 2580 peteret,
972 2509 1298 2565 Ludovicus
1337 2510 1445 2565 sibi
1481 2512 1731 2565 Francos
1760 2510 2092 2579 orientales,
2203 2516 2460 2585 possent,
2495 2512 2730 2585 partitio
2763 2511 2817 2565 in
2865 2509 3026 2566 aliud
3066 2514 3300 2582 tempus
3332 2508 3616 2564 ditfertur.
3646 2507 3855 2563 Annal.

444 2598 719 2663 Saxones,
742 2596 1117 2669 Thuringios,
1142 2596 1498 2654 Alamannos
1522 2598 1935 2671 Bajoariosque
1959 2615 2092 2654 con-
2202 2601 2360 2657 Fuld.
2395 2603 2550 2655 I44
2578 2598 2775 2671 Augize
2806 2597 3239 2656 Walachfridus
3268 2596 3473 2653 Strabo
3502 2594 3591 2652 vir
3620 2597 3858 2665 doctus,

444 2686 704 2743 fmderat.
737 2686 939 2741 Annal.
969 2686 1150 2758 Fuld.,
1184 2687 1432 2741 Nithard.
2204 2691 2386 2746 abbas
2428 2707 2509 2745 χιι
2543 2688 2775 2761 praefuit
2804 2688 2974 2743 annis
3003 2704 3106 2755 vn,
3136 2685 3238 2759 qui
3269 2685 3457 2742 multa
3507 2684 3726 2758 ingenii
3757 2684 3863 2745 sui

517 2776 619 2830 841
655 2774 982 2831 Ludovicus
1004 2791 1137 2831 cum
1161 2775 1498 2832 orientalem
1525 2776 1711 2832 Rheni
1740 2777 1925 2849 ripam
1948 2794 2093 2848 pra-
2206 2779 2569 2834 monimenta
2599 2781 2784 2834 metro
2814 2780 2872 2833 et
2901 2793 3076 2850 prosa
3107 2775 3361 2848 reliquit.

449 2863 617 2922 sidiis
639 2869 1002 2935 occupasset,
1022 2864 1292 2921 Lothario
1316 2868 1353 2920 Ι
1368 2866 1467 2921 43
1496 2865 1715 2922 omissa
1736 2865 1924 2922 Caroli
1947 2866 2097 2922 inse-
2275 2858 2380 2923 843
2397 2866 2697 2941 Descripta
2723 2882 2902 2939 regno
2924 2866 3058 2923 etin
3086 2865 3198 2923 tria
3219 2863 3426 2930 diviso,
3459 2862 3862 2936 fratribusque

452 2954 686 3009 cutione
714 2953 1012 3021 redeunte,
1032 2957 1088 3009 et
1109 2970 1307 3010 mense
1328 2954 1504 3026 Aprili
1523 2956 1693 3026 juxta
1713 2956 2095 3011 Wormatiam
2203 2956 2476 3012 Viriduni
2493 2952 3318 3023 convenientibus,Lotharius
3334 2968 3469 3009 cum
3487 2950 3869 3025 imperatoris

452 3040 602 3098 clam
616 3041 881 3098 Rhenum
903 3057 1036 3097 cum
1054 3042 1303 3098 exercitu
1324 3046 1723 3111 trauseunte,a
1741 3044 2094 3116 quibusdam
2206 3045 2440 3101 nomine
2464 3043 2689 3100 Italiam
2712 3048 2769 3098 et
2791 3041 3036 3099 Galliam
3064 3040 3379 3115 Belgicam,
3403 3058 3533 3114 quas
3562 3057 3717 3098 nunc
3748 3057 3864 3099 us-

450 3129 576 3189 suis
594 3145 741 3204 pene
755 3131 1021 3203 proditus
1044 3135 1099 3186 et
1114 3148 1145 3187 a
1164 3131 1338 3187 fratre
1354 3131 1882 3202 circumventus,in
1899 3133 2099 3205 Bajoa—
2207 3151 2322 3205 que
2361 3134 2432 3189 ab
2454 3148 2520 3189 eo
2542 3149 2786 3205 regnum
2819 3130 3072 3187 Lotharii
3097 3131 3312 3187 dicitur
3331 3130 3501 3203 (329);
3527 3130 3865 3188 Ludovicus

453 3220 602 3277 riam
633 3220 819 3277 redire
840 3219 1179 3293 compulsus
1201 3224 1308 3291 est,
1336 3220 1759 3293 Lothariusque
1796 3221 1997 3278 relicta
2025 3222 2097 3277 ad
2146 3292 2153 3293 ί
2209 3221 2605 3290 Germaniam,
2631 3221 2981 3287 Pannonias,
3011 3218 3286 3276 Noricum
3322 3222 3380 3274 et
3418 3217 3861 3288 Alemanniam;

453 3309 790 3383 praesidium
814 3292 998 3365 Rheni
1022 3308 1319 3381 ecpiarum
1343 3314 1504 3381 parte
1526 3312 1597 3364 ad
1625 3292 2096 3383 persequendum
2129 3292 2171 3359 (ἶ
2208 3311 2448 3368 Carolus
2491 3311 2746 3384 reliquas
2777 3308 3097 3366 Galliarum
3130 3306 3457 3382 provincias
3506 3306 3803 3380 accipiunt
3840 3322 3860 3363 :

454 3398 626 3455 rediit
640 3397 933 3454 Carolum.
956 3398 1229 3464 Nitliard.,
1256 3400 1454 3453 Annal.
1482 3401 1705 3453 Bert.——
1730 3400 1964 3455 Interim
1988 3400 2098 3454 Lu-
2211 3401 2559 3472 firmataque
2591 3402 2955 3455 sacramento
2988 3414 3149 3469 pace,
3180 3395 3428 3470 digressi
3460 3402 3618 3452 sunt.
3651 3396 3862 3455 Annal.

453 3486 692 3544 dovicus
723 3487 795 3541 ad
828 3486 1111 3541 auxilium
1143 3486 1326 3541 Caroli
1369 3504 1471 3558 per
1502 3488 1742 3542 nuntios
1773 3493 2097 3554 revocatus,
2208 3490 2441 3555 Bertin.,
2464 3489 2688 3542 Fuld.—-
2709 3485 2948 3543 Carolus
2967 3485 3346 3557 Aquitaniam
3372 3484 3636 3557 Pippino.
3662 3484 3864 3542 fratris

453 3575 894 3633 occurrentibus
915 3574 973 3628 in
1001 3574 1312 3629 lthaztiensi
1339 3574 1630 3629 territorio
1654 3574 1871 3630 relictis
1893 3577 2098 3631 Lotha-
2207 3578 2298 3632 sui
2331 3576 2561 3649 Pippini
2586 3576 2727 3640 filio,
2747 3575 2974 3630 auferre
3005 3573 3526 3645 moliens'eumque
3546 3572 3861 3641 infestans,

452 3662 2095 3738 riioopiis,mldusMaiipugnaconflixit,etAdalbertum
2203 3666 2459 3738 plurima
2499 3664 2716 3736 proprii
2764 3664 3053 3719 exercitus
3102 3662 3320 3718 damna
3348 3659 3862 3734 iper-tulitJudith

450 3754 721 3811 comitem
754 3769 887 3809 cum
937 3751 1144 3807 multis
1192 3750 1321 3806 aliis
1361 3751 1544 3806 victor
1591 3752 1922 3823 prostravit.
1960 3754 2097 3808 Inde
2203 3753 2544 3827 imperatrix
2598 3751 2761 3807 obiit.
2814 3751 3011 3806 Annal.
3060 3750 3308 3806 Fuld.—
3338 3751 3535 3806 Romae
3579 3748 3869 3823 Gregorio

448 3843 696 3903 transito
728 3842 950 3907 Rheno,
978 3840 1252 3896 adunatis
1281 3856 1416 3896 cum
1450 3840 1625 3895 fratre
1655 3840 1858 3896 Carolo
1888 3841 2093 3913 copiis,
2202 3859 2355 3916 papa
2410 3843 2706 3908 defuncto,
2740 3841 2981 3913 Sergius
3028 3840 3082 3895 II
3130 3840 3285 3896 sedit
3336 3855 3523 3895 annos
3568 3854 3634 3893 ιιι
3682 3837 3864 3910 (330).

447 3947 581 3987 cum
612 3930 884 3987 Lothario
907 3928 1307 3985 monarchiam
1340 3933 1666 4001 appetente,
1691 3930 1760 3984 de
1784 3929 2094 4001 partitione
2206 3931 2391 3987 Mauri
2426 3932 2818 3987 Beneventum
2849 3933 3157 4001 occupant.
3190 3929 3277 3984 Al.
3311 3944 3364 3984 a.
3396 3943 3505 3999 seq.

447 4015 609 4086 regni
623 4018 973 4074 concordare
990 4032 1103 4071 non
1122 4018 1547 4089 possent,juxta
1563 4017 1925 4072 Fontinatam
1944 4018 2092 4090 (327)
2272 4022 2377 4075 844
2406 4019 2646 4075 Carolus
2676 4036 2774 4075 rex
2802 4017 3127 4075 Galliarum
3156 4017 3561 4073 Bernbardum
3591 4015 3875 4072 Baroino~

446 4102 643 4160 villam
674 4121 754 4159 vn
782 4104 903 4159 Kal.
942 4103 1084 4159 Julii
1132 4104 1255 4159 acie
1302 4105 1644 4176 confligunt,
1675 4109 1732 4160 et
1780 4105 2094 4163 innumera
2203 4125 2444 4164 nensem
2465 4109 2670 4164 ducem
2695 4106 2840 4163 nihil
2863 4105 3002 4163 mali
3024 4106 3421 4179 suspicantem
3439 4103 3666 4161 occidit.
3688 4104 3871 4161 Exer-

1487 4220 1959 4277 COMPENDIUM
2000 4222 2093 4277 EX
2132 4223 2384 4279 CODICE
2424 4222 2801 4279 BERNOLDI.

515 4319 621 4374 840
649 4319 965 4390 Imperator,
998 4319 1113 4389 ﬁlio
1141 4334 1238 4375 suo
1270 4319 1520 4375 Lothario
1562 4319 1630 4373 ad
1676 4321 1967 4391 imperium
1994 4320 2084 4376 de-
2117 4325 2162 4389 D
2193 4324 2302 4377 tria
2329 4323 2542 4393 partiri
2571 4323 2924 4376 constituunt.
2958 4321 3150 4393 Augiae
3187 4317 3607 4394 Walachfridus.
3653 4359 3667 4373 .
3713 4361 3725 4372 .
3773 4359 3787 4372 .
3837 4360 3854 4375 .

442 4409 680 4481 signato,
710 4425 789 4462 xu
819 4409 938 4463 Kal.
970 4408 1109 4463 Julii
1137 4409 1271 4463 obiit
1304 4412 1351 4462 et
1381 4408 1532 4462 Metis
1557 4410 1836 4479 sepelitur.
2193 4412 2445 4482 praefuit,
2478 4412 2573 4482 qui
2600 4414 2769 4465 metro
2799 4414 2848 4465 et
2870 4426 3035 4481 prosa
3058 4411 3380 4482 conscripsit
3405 4409 3601 4465 multa.

512 4497 614 4552 841
666 4497 965 4553 Ludovicus
1017 4499 1233 4564 Iunior,
1285 4496 1538 4552 adunatis
1584 4514 1711 4552 cum
1763 4501 1937 4569 fratre
1990 4516 2087 4556 suo
2266 4499 2371 4553 843
2402 4492 2692 4554 Lotharius
2722 4515 2846 4553 cum
2884 4500 3234 4571 imperatoris
3262 4498 3486 4555 nomine
3513 4496 3735 4554 Italiam
3761 4510 3863 4550 ac-

445 4586 636 4645 Carolo
665 4588 855 4660 copiis,
904 4603 1030 4642 cum
1072 4586 1325 4642 Lothario
1355 4586 1730 4643 monarchiam
1776 4596 2085 4659 appetente,
2194 4589 2338 4661 cepit
2378 4591 2428 4641 et
2474 4588 2753 4655 Belgicam
2784 4587 3048 4653 Galliam,
3101 4602 3228 4660 quae
3269 4601 3420 4642 nunc
3465 4600 3636 4658 usque
3675 4583 3743 4641 ab
3791 4596 3860 4640 eo

443 4675 509 4733 de
554 4679 858 4749 partitione
904 4677 1061 4748 regni
1113 4675 1437 4731 concordare
1482 4692 1594 4730 non
1640 4685 1873 4747 possent,
1919 4680 2089 4748 juxta
2196 4693 2424 4748 regnum
2457 4676 2701 4731 Lotharii
2728 4675 2931 4732 dicitur
2945 4692 2965 4737 ;
3011 4676 3308 4731 Ludovicus
3344 4674 3716 4743 Germaniam,
3746 4670 3859 4727 Ca-

441 4766 796 4822 Fontinacam
846 4767 1038 4821 villam
1094 4783 1172 4821 vn
1232 4765 1351 4820 Kal.
1411 4766 1550 4820 Julii
1604 4767 1720 4819 acie
1774 4766 2087 4836 conﬁgunt:
2196 4767 2346 4821 rolus
2377 4765 2583 4820 Gallias
2610 4765 2865 4819 obtinuit.

442 4853 742 4909 Ludovicus
770 4862 820 4909 et
856 4856 1082 4911 Carolus
1110 4856 1301 4909 castris
1344 4856 1507 4925 potiti
1554 4858 1699 4921 sunt,
1750 4856 1935 4925 fugato
1987 4858 2085 4910 Lo-
2266 4856 2369 4909 844
2396 4855 2659 4925 Defuncto
2703 4852 2953 4925 Gregorio
3001 4871 3145 4927 papa
3198 4854 3419 4925 Sergius
3469 4849 3736 4908 secundus
3763 4864 3857 4905 se-

442 4941 641 4998 thario.

2196 4943 2276 5001 dit
2300 4944 2464 4999 annis
2486 4942 2662 4998 tribus
2694 4942 2862 5016 (331).

507 5031 615 5088 842
644 5031 875 5090 Tandem
902 5034 1109 5089 cunctis
1155 5047 1340 5105 pacem
1377 5033 1692 5105 optantibus
1746 5052 1980 5105 regnum
2028 5036 2087 5091 in

2028 5150 2259 5210 NOTAE.

510 5246 659 5323 (32G)
686 5250 937 5324 Annales
984 5249 1148 5306 Fuld.
1186 5269 1197 5307 :
1235 5269 1287 5307 ιν
1316 5251 1446 5307 Idus
1493 5250 1625 5308 Maii
1655 5254 1709 5309 in
1742 5250 1935 5324 vigilia
1981 5250 2078 5310 As-
2192 5250 2408 5324 “(329)
2438 5254 2548 5306 Seu
2596 5247 2992 5324 Lotharingia.
3025 5247 3260 5324 Celebre
3307 5246 3431 5324 boc_
3468 5249 3557 5303 est
3605 5246 3851 5324 pactum

436 5315 878 5399 censionis_,_quze
908 5323 1017 5379 hoc
1048 5340 1199 5399 anno
1230 5329 1347 5399 erat
1383 5341 1443 5378 ιιι
1472 5325 1651 5399 Nonas
1681 5315 1829 5391 Maii,
1861 5343 1964 5381 seu
1987 5326 2080 5399 die
2186 5315 2669 5399 Virodunense,‘a
2689 5339 2809 5399 qu_o_
2824 5315 3149 5399 Ludovicus
3162 5318 3545 5377 Germanicus
3566 5315 3732 5390 regni
3751 5316 3849 5399 sui

440 5392 648 5464 quinta
698 5391 867 5473 nan,
888 5413 1003 5467 qua
1042 5395 1277 5473 eclipsis
1335 5395 1453 5473 hac
1508 5397 1658 5451 facta
1714 5402 1802 5452 est
1834 5413 1847 5453 :
1881 5403 1938 5453 et
1996 5397 2080 5453 sic
2189 5391 3845 5473 annosinpluribusdiplomatibusnumerareconsuevit.

440 5462 674 5535 duoque
701 5464 878 5521 habet
907 5462 1198 5523 annalists.
1227 5466 1617 5522 Bertinianus.
2261 5465 2409 5535 (330)
2440 5462 2753 5535 Gregorius
2802 5462 3057 5533 primum
3100 5482 3209 5519 xxv
3236 5462 3504 5521 Januarii
3547 5476 3702 5519 anno
3750 5475 3847 5518 εθ-

512 5534 660 5614 (327)
690 5536 1108 5614 Ερηιηειιιίειοιιιιι
1156 5538 1369 5614 habent
1417 5538 1668 5614 Annales
1720 5538 1883 5594 Fuld.
1919 5540 2081 5608 Mct.,
2192 5534 2406 5614 quanta
2434 5534 2598 5614 obiit.
2633 5535 2819 5614 Anast.
2859 5536 3025 5614 Pag.__
3281 5608 3293 5614 Δ
3383 5609 3393 5614 Α
3545 5608 3555 5614 Δ
3830 5600 3844 5614 ⁸

439 5605 709 5679 Fongtenai
726 5608 786 5661 in
810 5624 951 5679 pago
978 5611 1461 5666 Autissiodorensi.
1573 5676 1584 5679 _
1774 5677 1783 5679 Α
2069 5605 2076 5608 ⁷
2208 5605 2225 5608 “
2261 5605 2410 5679 (331)
2441 5605 2738 5679 Πθᾲωοιδιο
2769 5605 3035 5679 Gregorii
3070 5607 3143 5667 IV
3173 5608 3403 5669 variant
3431 5608 3716 5674 auctores,
3748 5605 3850 5661 cui

512 5675 657 5755 (328)
683 5675 1133 5755 Argentoratum
1163 5680 1380 5740 habent
1402 5676 1655 5739 Annales
1687 5677 1853 5741 Fuld.
2190 5675 2301 5739 hoc
2329 5675 2485 5742 anno
2513 5676 2753 5755 Sergius
2782 5675 3093 5745 successit.
