4108 6192
466 389 580 454 183

1264 386 1676 452 HERMANNI
1721 384 2164 449 CONTRACTI
2209 378 2623 446 AUGIENSIS
2670 382 3042 447 MONACHI.

3743 371 3859 440 184

1830 542 2064 601 CODEX
2100 542 2498 600 AUGIENSIS.

465 685 530 727 se
557 671 955 742 pugnaturum
990 684 1124 723 cum
1158 666 1425 722 hostibus
1455 665 1732 730 crederet,
1765 660 2005 717 Carolus
2034 661 2107 716 ti-
2137 662 2193 729 Α
2221 661 2421 715 fertur.
2456 659 2676 716 Insoliti
2698 660 2849 715 aeris
2871 659 3138 716 turbines
3157 661 3215 713 et
3241 654 3584 729 grandines,
3609 652 3859 724 fulgura,

471 774 630 814 more
660 756 964 829 perculsus
987 755 1347 811 Gotefridum
1380 770 1514 809 cum
1541 751 1740 807 suisin
1771 750 2110 805 societatem

470 845 897 921 regniassumit
916 844 1116 916 eisque
1130 850 1342 899 terram
1363 842 1432 896 ad
1457 840 1907 895 inhabitandum
1929 838 2107 893 dedit.

471 936 677 994 Fames
702 949 914 1005 magna
934 931 1303 988 Germaniam
1322 935 1377 986 et
1397 929 1645 986 maxime
1666 928 1820 984 circa
1844 926 2113 983 Rhenum

473 1020 783 1096 oppressit,
808 1024 864 1075 et
891 1020 1208 1075 Rhabanus
1236 1018 1707 1090 archiepiscopus
1730 1016 1948 1073 multos
1979 1030 2116 1086 pau-

475 1126 637 1185 peres
667 1108 827 1163 aluit.
862 1109 1063 1162 Annal.
1090 1107 1248 1162 Fuld.

542 1200 645 1253 851
678 1196 1003 1252 Ludovicus
1035 1213 1133 1251 rex
1161 1196 1411 1252 Sorabos
1444 1194 1724 1249 terminos
1763 1194 2117 1249 Francorum

474 1286 838 1356 infestantes,
870 1289 1098 1339 vastata
1112 1283 1345 1355 regione
1368 1299 1570 1337 eorum
1593 1280 1954 1354 perdomuit.
1987 1279 2118 1349 Pip-

474 1375 651 1449 pinus
694 1390 794 1429 rex
845 1372 1304 1444 comprehensus
1347 1389 1380 1426 a
1426 1370 1551 1426 suis
1581 1375 1638 1425 et
1676 1374 1882 1441 patruo
1919 1364 2119 1422 Carolo

473 1462 729 1521 traditus
777 1466 835 1516 et
879 1464 952 1515 ab
982 1477 1048 1515 eo
1078 1465 1306 1527 tonsus,
1350 1458 1683 1515 Suessionis
1718 1458 1778 1511 in
1828 1458 2121 1512 monaste-

476 1552 631 1607 rium
664 1549 851 1606 sancti
883 1548 1143 1604 Medardi
1170 1554 1438 1603 retrusus
1459 1552 1547 1603 est
1576 1546 1745 1617 (342).
1767 1543 2045 1599 Similiter
2066 1544 2125 1597 et

477 1637 718 1697 Carolus
767 1638 944 1693 frater
990 1638 1118 1707 ejus
1157 1636 1381 1708 junior,
1431 1653 1566 1691 cum
1604 1635 1676 1690 ad
1722 1633 1919 1705 ipsum
1950 1630 2123 1703 proﬁ-

478 1727 618 1784 cisci
646 1725 835 1793 vellet,
870 1743 903 1781 a
933 1725 1245 1784 comitibus
1274 1724 1461 1780 Caroli
1483 1723 1748 1794 ejusdem
1772 1725 2000 1793 captus,
2030 1734 2125 1774 eo-

479 1833 594 1889 que
617 1816 865 1887 jubente
896 1819 1126 1880 tonsus,
1156 1814 1216 1868 in
1248 1812 1594 1868 Corbciense
1625 1810 1958 1865 cocnobium
1990 1823 2128 1862 cus-

481 1905 650 1961 todite
682 1904 934 1959 traditus
964 1908 1053 1958 est
1078 1903 1223 1972 (343)
1265 1902 1464 1957 Annal.
1501 1900 1654 1954 Fuld.

549 1996 656 2049 852
682 1996 892 2064 Magna
923 1993 1182 2065 synodus
1229 1996 1285 2046 et
1314 1990 1601 2063 generalis
1642 1991 1962 2043 conventus
2007 1985 2127 2040 Mo-

2220 755 2277 804 et
2304 748 2563 804 touitrua
2583 748 2749 804 facta.
2777 746 3031 803 Ecclesia
3056 745 3241 802 sancti
3263 743 3513 801 Chiliani
3546 743 3691 811 (344)
3714 741 3863 799 148

2221 837 2463 893 fulmine
2493 842 2754 893 cremata
2778 837 2925 893 Non.
2957 835 3141 901 Junii,
3164 837 3222 889 et
3241 838 3444 906 postea
3463 829 3618 886 muri
3637 829 3867 886 turbine

2222 925 2399 981 diruti
2430 930 2589 983 sunt.
2623 924 2953 997 Gozpaldus
2975 924 3161 995 ipsius
3193 920 3357 977 urbis
3372 920 3682 992 episcopus
3703 918 3864 986 obiit,

2224 1016 2318 1071 cui
2346 1018 2539 1073 Arnus
2567 1014 2872 1071 successit.
2897 1011 3103 1069 Annal.
3141 1010 3307 1067 Fuld.
3331 1040 3399 1051 —
3422 1009 3743 1066 Ludovicus
3772 1024 3869 1066 rex

2229 1107 2496 1162 Rastizen
2528 1106 2736 1161 ducem
2781 1101 3218 1158 Marahensium
3261 1099 3596 1156 Sclavorum
3646 1102 3867 1172 petens,

2227 1199 2451 1251 vastata
2478 1211 2547 1252 ex
2577 1198 2738 1266 parte
2769 1191 3022 1264 regione,
3061 1189 3382 1261 subjugare
3425 1187 3724 1260 nequivit:
3757 1202 3870 1259 quo

2228 1300 2478 1351 reverso,
2514 1282 2890 1339 Marahenses
2920 1278 3127 1347 secuti,
3175 1277 3451 1350 contigua
3486 1280 3651 1333 trans
3679 1276 3870 1332 Danu-

2228 1374 2394 1428 bium
2442 1372 2569 1427 loca
2616 1373 2865 1427 vastant.
2927 1366 3236 1423 Lotharius
3301 1365 3621 1439 imperator
3675 1364 3873 1422 relicto

2232 1462 2452 1517 mundo
2484 1460 2786 1532 divisoque
2817 1459 2969 1514 inter
2997 1455 3149 1512 filios
3180 1470 3380 1527 regno,
3422 1454 3779 1511 monachum
3809 1469 3874 1511 se

2232 1548 2479 1605 Prumiae
2512 1548 2666 1617 fecit,
2694 1553 2752 1603 et
2779 1562 2897 1603 non
2929 1544 3114 1601 multo
3156 1548 3289 1616 post
3317 1558 3382 1600 ιιι
3413 1542 3538 1599 Kal.
3570 1543 3773 1600 Octob.
3802 1542 3874 1599 ad

2233 1654 2480 1711 regnum
2512 1636 2745 1693 sceleste
2774 1634 3062 1707 migravit.
3095 1633 3234 1689 Post
3276 1648 3451 1705 quem
3480 1631 3588 1688 ﬁlii
3613 1634 3743 1704 ejus
3771 1632 3880 1689 Lu-

2236 1728 2474 1783 dovicus
2503 1725 2822 1798 imperator
2854 1723 3104 1791 Italiam,
3134 1728 3192 1778 et
3220 1720 3526 1779 Lotharius
3555 1721 3880 1796 Cisalpinae

2238 1820 2431 1889 partes
2461 1813 2623 1887 regni
2648 1817 2905 1870 tenuere.
2950 1810 3195 1885 Igniculi
3228 1810 3415 1867 crebri
3454 1810 3643 1867 instar
3678 1811 3881 1884 spicu—

2239 1905 2427 1961 lorum
2459 1905 2531 1959 ab
2562 1903 2794 1958 Oriente
2818 1902 2877 1957 in
2909 1896 3277 1957 Occidentem
3311 1916 3414 1972 per
3443 1916 3575 1957 aera
3611 1899 3746 1955 ferri
3782 1916 3882 1957 xv:

2241 1992 2364 2048 Kal.
2396 1992 2671 2048 Novemb.
2709 2007 2810 2063 per
2850 1995 3029 2046 totam
3058 1994 3289 2045 noctem
3312 1988 3439 2044 visi.
3485 1989 3681 2045 Annal.
3718 1988 3875 2044 Fuld.

483 2082 741 2157 guntiaoi
765 2098 798 2137 a
830 2081 1109 2136 Rhabano
1141 2078 1577 2151 archiepiscopo
1607 2082 1663 2133 et
1685 2074 1967 2130 Ludovico
2000 2088 2135 2145 rege
2166 2074 2209 2097 ”
2240 2083 2449 2137 Berlin.

484 2172 743 2238 habitus,
777 2169 1079 2240 multaque
1110 2171 1366 2223 correcta
1396 2170 1553 2221 sunt.
1592 2166 1748 2220 Cone.
1784 2162 1960 2219 Germ.
1993 2170 2029 2217 t.
2067 2163 2130 2229 ll,

484 2278 539 2333 ρ.
576 2262 695 2314 165.
729 2289 793 2298 --
826 2257 1131 2312 Herioldus
1152 2256 1553 2310 Nortmannus
1585 2253 1683 2307 diu
1707 2254 1855 2307 bene
1884 2268 1918 2306 a
1945 2251 2132 2305 Ludo-

481 2349 609 2403 vico
637 2350 942 2411 tractatus,
975 2345 1306 2416 suspicione
1330 2341 1678 2414 proditionis
1709 2357 1741 2395 a
1775 2340 2132 2411 quibusdam

486 2434 725 2493 Francis
756 2433 1085 2504 perimitur.
1119 2433 1300 2487 Annal
1330 2431 1489 2485 Fulcl.
1516 2460 1585 2472 —
1619 2428 1926 2484 Translato
1947 2427 2135 2482 sancti

488 2523 734 2595 Remigii
768 2522 1080 2577 Remorum
1114 2520 1534 2593 archiepiscopi
1552 2520 1625 2574 ab
1649 2517 1959 2573 Hincmaro
1978 2516 2133 2587 ejus-

490 2614 626 2669 dem
682 2611 848 2667 urbis
878 2610 1317 2682 archiepiscopo
1366 2609 1641 2665 Kalendis
1695 2606 1898 2662 Octob.
1959 2605 2133 2660 facta.

492 2702 629 2758 Boll.
660 2708 696 2756 t.
728 2704 778 2765 I,
815 2699 924 2756 Oct.
957 2698 1045 2754 (lie
1076 2700 1125 2754 1.

557 2791 663 2845 853
707 2788 1053 2845 Nortmanni
1084 2804 1186 2860 per
1224 2784 1471 2858 Ligerim
1516 2784 1895 2840 ascendentes
1927 2785 1983 2839 et
2010 2780 2138 2837 Gal-

488 2880 600 2937 lias
627 2880 947 2942 vastantes,
970 2875 1273 2932 basilicam
1297 2890 1529 2946 quoque
1551 2872 1735 2929 sancti
1765 2870 1997 2927 Martini
2019 2871 2135 2925 Tu-

493 2967 655 3024 ronis
692 2965 1034 3021 incendunt.
1079 2964 1359 3036 Aquitani
1402 2961 1588 3018 Caroli
1638 2960 1885 3033 injurias
1918 2959 2134 3031 questi,

495 3054 873 3122 Ludovicum,
907 3058 973 3109 ut
1003 3070 1178 3126 super
1208 3069 1269 3108 se
1300 3056 1520 3124 regnet,
1563 3050 1653 3106 vel
1703 3049 1891 3105 filium
1941 3064 2137 3120 regem

497 3145 693 3210 donet,
726 3141 1061 3199 sollicitant.
1091 3141 1289 3196 Annal.
1312 3140 1473 3195 Fuld.

566 3234 675 3288 854
711 3231 1038 3287 Ludovicus
1095 3230 1456 3302 azquivacum
1516 3228 1703 3284 filium
1760 3218 2139 3298 Aquitaniam

497 3321 759 3386 mittens,
804 3318 1110 3376 instabiles
1159 3335 1359 3375 eorum
1408 3318 1635 3374 animos
1676 3316 2139 3388 deprehendens,

2311 2172 2416 2225 856
2448 2168 2727 2224 Rhabano
2760 2167 3163 2240 Moguntiense
3202 2165 3638 2239 archiepiscopo
3665 2182 3707 2221 ιι
3736 2165 3882 2221 Νοιι.

2243 2259 2409 2314 Febr.
2445 2258 2740 2324 defuncto,
2779 2254 3021 2311 Carolus
3069 2253 3301 2327 Pippini
3351 2254 3507 2327 regis
3563 2252 3887 2327 Aquitanis:

2244 2347 2424 2415 ﬁlius,
2478 2347 2576 2418 qui
2609 2362 2639 2401 e
2669 2344 2937 2401 custodia
2980 2341 3347 2399 Corbeiensis
3388 2342 3635 2398 comobii
3684 2343 3756 2399 ad
3786 2358 3889 2415 pa-

2242 2440 2399 2491 trum
2438 2434 2795 2490 Ludovicum
2839 2431 3251 2503 transfugerat,
3301 2430 3777 2504 archiepiscopus
3813 2430 3889 2487 ab

2242 2524 2369 2596 ipso
2403 2527 2728 2595 promotus,
2766 2520 2998 2593 praefuit
3041 2520 3216 2576 annis
3258 2536 3384 2575 vm.
3437 2519 3714 2592 Hiltigart
3740 2519 3889 2592 (346)

2243 2611 2445 2683 regina
2473 2610 2637 2665 obiit.
2671 2607 2874 2664 Fuldis
2923 2609 3093 2664 Hatto
3145 2607 3329 2663 abbas
3368 2607 3515 2663 obiit
3563 2606 3889 2680 Thiotoquo

2246 2697 2546 2755 successit.
2585 2696 2907 2753 Ludovicus
2938 2712 3036 2752 rex
3058 2712 3162 2768 per
3190 2695 3446 2752 Sorabos
3465 2697 3763 2753 transiens
3784 2712 3889 2753 au-

2242 2787 2496 2859 xiliaque
2528 2786 2664 2841 inde
2694 2801 3025 2852 assumens,
3066 2783 3363 2841 Dalmatas
3393 2784 3541 2858 (346)
3590 2784 3740 2842 bello
3777 2786 3892 2843 vic-

2246 2879 2335 2935 tos
2383 2874 2722 2930 tributariOs
2772 2872 2927 2942 facit,
2971 2877 3028 2928 et
3071 2888 3176 2945 per
3202 2873 3527 2930 Boemanos
3574 2873 3893 2933 nonnullos

2244 2980 2444 3023 eorum
2465 2963 2525 3018 in
2547 2962 2903 3019 deditionem
2920 2961 3232 3033 accipiens,
3253 2962 3443 3018 rediit.
3467 2964 3694 3028 Annal.,
3727 2963 3890 3020 Fuld.

2244 3055 2391 3108 Bert.
2433 3083 2500 3092 ——
2541 3051 2736 3107 Romae
2789 3056 2974 3106 Leone
3011 3050 3305 3120 defuncto,
3356 3051 3695 3108 benedictus
3739 3067 3896 3125 papa

2246 3140 2398 3198 sedit
2418 3141 2589 3196 annis
2622 3158 2662 3195 ιι
2694 3139 2996 3195 mensibus
3015 3155 3071 3194 vr
3093 3139 3261 3211 (347).
3291 3142 3631 3197 Anastasius.

2317 3232 2419 3286 857
2476 3228 2771 3285 Exercitus
2802 3229 2942 3284 item
2973 3245 3007 3283 a
3038 3228 3287 3284 Ludovic
3317 3244 3451 3302 rege
3494 3228 3553 3284 in
3585 3228 3895 3288 Boemiam

2251 3319 2468 3376 missus
2494 3318 2785 3389 Sclavitag
2814 3317 2963 3389 (348)
2994 3317 3147 3373 149
3165 3320 3478 3389 tyrannum
3496 3317 3556 3374 in
3584 3319 3897 3377 Marahen-

496 3408 866 3483 contempsit.
901 3409 1244 3463 Nortmanni
1281 3424 1349 3463 ex
1382 3406 1648 3473 diversis,
1700 3421 1848 3477 quas
1875 3406 2000 3475 jam
2034 3421 2137 3476 per
2166 3397 2209 3463 C
2247 3424 2341 3465 ses
2363 3406 2603 3480 pepulit.
2622 3406 2893 3479 Synodus
2913 3405 3163 3461 aCarolo
3184 3405 3620 3480 archiepiscopo
3645 3408 3894 3482 Mogun-

493 3517 568 3556 xx
596 3515 782 3555 annos
814 3496 1143 3565 vastabant,
1177 3495 1515 3567 regionibus
1547 3493 1791 3560 collecti,
1814 3493 2024 3565 vulgus
2055 3493 2137 3547 in-

495 3604 808 3646 numerum
840 3589 1145 3656 totumque
1173 3600 1358 3663 genus
1378 3583 1603 3655 regium
1633 3597 1818 3653 usque
1848 3583 1917 3635 ad
1955 3598 2139 3637 unum

494 3693 743 3752 puerum
792 3679 1001 3733 mutua
1046 3674 1200 3729 clade
1262 3676 1681 3728 mactaverunt.
1735 3671 1934 3725 Annal.
1978 3670 2134 3727 Fuld.

494 3768 708 3825 Berlin.

561 3856 667 3913 855
707 3854 879 3927 Apud
929 3851 1367 3926 Moguntiacum
1411 3854 1565 3905 terra
1606 3848 1779 3904 vicies
1825 3847 2137 3904 tremuisse

2246 3496 2339 3551 tia:
2368 3495 2607 3551 collecta
2637 3494 2809 3565 (349).
2844 3495 3186 3566 Tempestas
3228 3492 3394 3550 valde
3423 3495 3701 3553 terribilis
3736 3496 3903 3555 Colo-

2247 3585 2355 3639 niae
2386 3602 2502 3639 xvn
2535 3584 2659 3639 Kal.
2693 3583 2891 3638 Octob.
2926 3584 3095 3652 facta,
3142 3587 3202 3639 et
3237 3582 3458 3640 fulmen
3508 3584 3694 3641 instar
3738 3586 3899 3659 ignei

2246 3671 2516 3728 draconis
2547 3670 2856 3727 ecclesiam
2888 3672 2946 3727 S.
2982 3670 3136 3726 Petri
3168 3675 3503 3744 penetrans,
3545 3678 3664 3730 tres
3702 3673 3900 3732 homi-

2246 3777 2348 3817 nes
2395 3759 2639 3817 diversis
2682 3759 2741 3816 in
2781 3758 2927 3817 locis
2969 3760 3267 3828 exstinxit,
3318 3759 3517 3833 plures
3571 3764 3897 3834 prostravit

2245 3849 2443 3904 Annal.
2475 3847 2631 3903 Fuld.

1538 3989 2012 4048 COMPENDIUM
2054 3989 2141 4045 EX
2178 3990 2429 4048 CODICE
2469 3989 2844 4048 BERNOLDI.

436 4112 443 4119 ’
562 4114 669 4170 852
697 4110 889 4184 Magna
919 4109 1221 4183 synodus...
1254 4109 1490 4167 habitus.

560 4203 665 4259 853
710 4201 1040 4258 Nortmanni
1083 4200 1369 4254 basilicam
1413 4199 1592 4253 sancti
1633 4198 1859 4253 Martini
1908 4195 2136 4253 Turonis

490 4290 806 4349 incendunt.

560 4382 669 4437 855
719 4379 1009 4437 Lotharius
1060 4378 1428 4450 imperator...
1493 4378 1679 4446 partes
1738 4375 1897 4445 regni
1952 4382 2137 4430 tenue-

562 4474 640 4526 nt.

490 4488 668 4616 mggti
688 4558 1015 4631 Moguntiaci
1046 4555 1299 4611 Rhabano
1331 4550 2015 4626 archiepiscopodcfuncto.

2167 4538 2213 4603 D

2243 4110 2494 4165 successit
2524 4105 2749 4165 Carolus
2778 4105 2928 4178 ﬁlius
2956 4108 3189 4182 Pippini
3229 4110 3377 4180 regis
3417 4111 3748 4183 Aquitania.
3799 4113 3910 4170 Ro-

2245 4213 2346 4252 ma
2379 4202 2551 4254 Leone
2575 4213 2721 4269 papa
2750 4197 2979 4268 defunco
3000 4196 3327 4255 Benedictus
3347 4214 3498 4271 papa
3532 4200 3724 4257 tertius
3753 4200 3912 4259 sedit

2246 4289 2410 4343 annis
2435 4304 2473 4341 ιι
2510 4330 2522 4355 ,
2558 4286 2831 4343 mensibus
2866 4303 2943 4342 v1.

2316 4375 2419 4519 8‘57
2475 4375 2727 4448 Synodus
2772 4392 2807 4431 a
2851 4375 3051 4432 Carolo
3105 4375 3510 4450 archiepiscopo
3566 4376 3911 4452 Hoguntiaci

2368 4466 2559 4519 icitur.

2251 4466 2559 4535 colligitur.

2075 4695 2302 4753 NOTAE.

557 4818 705 4889 (3'12)
734 4816 908 4889 Juxta
938 4816 1294 4873 annalistam
1332 4815 1735 4871 Bertinianum
1767 4813 1822 4869 id
1856 4830 2008 4869 anno
2040 4829 2130 4870 se-

488 4893 702 4960 quente
734 4888 998 4960 contigit.

559 4960 707 5032 (343)
734 4957 1057 5032 Chronicon
1101 4957 1539 5014 Fontanellcnsc
1580 4958 1687 5012 hoc
1743 4957 1868 5027 jam
1910 4957 1981 5011 ad
2027 4971 2132 5010 an-

491 5028 639 5087 num
684 5028 790 5085 849
820 5028 1013 5084 refert.

558 5100 705 5174 (344)
737 5102 839 5174 Est
875 5098 1379 5174 haccACathedr-alis
1418 5097 1961 5174 Wur‘ceburgensis.
1994 5098 2127 5153 Vid.

485 5170 726 5230 Eccard.
763 5173 965 5229 Franc.
1000 5170 1217 5226 Orient.
1251 5175 1291 5225 t.
1330 5172 1393 5236 II,
1419 5187 1473 5242 p.
1509 5170 1631 5224 442.

558 5246 706 5318 (34Γὶ)
738 5243 1088 5318 Hildegarda
1104 5242 1302 5318 regina
1327 5239 1498 5310 dicta,
1533 5242 1670 5318 quia
1692 5239 1977 5318 Ludovici
1996 5241 2131 5318 Ger-

486 5311 699 5373 manize
733 5316 886 5388 regis
909 5311 1038 5369 lilia
1064 5311 1206 5388 erat,
1240 5314 1395 5388 circa
1424 5314 1675 5388 an.‘8.‘33,
1708 5311 1979 5388 Turiensi
2022 5313 2131 5388 vir-

485 5388 691 5459 ginum
731 5383 1080 5459 Pziurthenoni
1123 5385 1406 5459 praelecta,
1460 5383 1539 5459 uti
1582 5400 1649 5439 ex
1680 5383 1944 5459 ejusdem
1979 5384 2130 5456 regis

485 5454 801 5530 diplomate
834 5454 1197 5530 (Guilliman.
1230 5454 1518 5530 llclvet._l.
1555 5470 1721 5530 111.3.
1880 5454 2126 5530 constat.

486 5525 720 5599 Obitum
744 5525 871 5599 ejus
901 5529 1193 5585 annalista
1221 5528 1369 5583 Saxo
1400 5527 1469 5581 ad
1498 5542 1591 5579 an.
1616 5527 1742 5599 857,
1765 5525 2047 5599 Chronica
2068 5528 2125 5581 S.

483 5597 856 5659 Pantaleonis
886 5603 958 5657 ad
1005 5619 1098 5656 an.
1131 5602 1237 5655 859
1268 5599 1638 5665 consignant.
1674 5597 1784 5651 Sed
1817 5613 1970 5651 anno
2001 5600 2125 5665 858,

485 5673 677 5729 adhuc
706 5671 765 5744 in
798 5670 941 5744 vivis
962 5676 1106 5744 erat,
1128 5689 1243 5744 quo
1262 5665 1492 5744 xv:
1521 5666 1655 5725 Maii
1682 5665 1842 5744 aliud
1872 5668 2130 5744 diploma

485 5742 773 5817 concessit
798 5741 954 5804 idem
986 5738 1326 5803 Ludovicus.
1349 5740 1504 5803 Obiit
1528 5755 1658 5801 vero
1680 5756 1715 5797 x
1744 5738 1864 5799 Kal.
1886 5738 2019 5800 Jan.
2040 5738 2129 5803 uti

2241 4830 2309 4869 cx
2361 4812 2534 4869 veteri
2584 4811 2779 4868 codice
2827 4815 2883 4868 8.
2942 4812 3089 4869 Galli
3146 4811 3299 4870 eruit
3342 4814 3641 4872 Mabillon.
3679 4813 3903 4871 Annal.

2250 4885 2461 4964 Beasti:
2494 4888 2536 4964 ἒ·
2566 4883 2638 4964 1."
2650 4925 2660 4937 -
2694 4900 2751 4964 P-
2784 4883 2873 4963 63-

2336 4956 2457 5029 346)
2493 4954 2877 5029 Qalemincios
2908 4954 2966 5029 i_n
2999 4955 3209 5011 Misnia
3230 4955 3569 5029 intelligunt
3598 4956 3717 5029 alii.

2334 5025 2457 5097 347)
2510 5025 2715 5102 Obitus
2766 5025 2971 5102 Leonis
3023 5027 3315 5102 p_ap:e_ad
3366 5025 3590 5102 annum
3633 5028 3905 5102 priorem

2241 5097 2485 5182 spectat.
2504 5097 2624 5182 .Hic
2656 5097 3423 5182 sequiorisnaa‘vi‘scriptores
3469 5097 3761 5182 Joannem
3788 5117 3906 5182 pg-

2241 5117 2485 5182 ερθεωι.
2519 5117 2624 5152 HIC
2656 5117 2945 5169 seqmorls
2976 5117 3077 5152 ξενι
3110 5117 3423 5171 scriptores
3469 5117 3761 5157 Joannem
3833 5117 3905 5156 8·

2241 5187 2460 5242 pissam
2501 5168 2833 5242 intrudunt,
2877 5168 3114 5242 refutati
3163 5186 3198 5225 a
3246 5169 3493 5242 Labbeo,
3521 5174 3694 5228 Conc.
3728 5117 3905 5237 uix,

2240 5239 2490 5367 pl.._ll73.
2524 5241 2755 5309 Eckart,
2790 5240 2921 5296 Rer.
2953 5239 3331 5315 Wurzburg.,
3363 5240 3402 5297 l.
3435 5259 3567 5310 xxx,
3600 5260 3653 5299 c.
3702 5243 3809 5297 117
3840 5246 3912 5298 et

2240 5331 2273 5367 a
2300 5331 2397 5367 us.

2240 5331 2456 5528 al31384.8)
2492 5385 2551 5438 In
2587 5382 2914 5438 Annalibus
2949 5380 3109 5437 Fuld.
3144 5382 3524 5457 Scalajugalus
3553 5387 3819 5440 vocatur.

2331 5456 2458 5528 349)
2489 5454 2616 5528 Vid_.
2652 5454 2859 5528 concil.
2893 5455 3175 5528 ὕει-ωε).
3225 5453 3297 5528 I_l,
3340 5472 3399 5528 p.
3440 5456 3588 5528 243,_
3609 5453 3865 5528 quamvgi

2605 5497 2616 5509 .
2652 5470 2859 5510 concu.
2893 5470 3087 5508 uerm.
3136 5470 3175 5508 ι.
3225 5470 3297 5522 ιι,
3340 5472 3399 5524 p.
3440 5470 3567 5524 24:5,
3615 5470 3909 5524 quamvns

2310 5471 2458 5538 (849.)
2497 5471 2616 5510 για.
2652 5471 2859 5536 concu.
2893 5471 3087 5508 uerm.
3136 5471 3175 5508 ι.
3225 5471 3297 5522 ιι,
3340 5472 3399 5538 p.
3440 5471 3567 5524 245,
3615 5471 3908 5529 quamvns

2240 5526 2551 5600 concilium
2595 5526 2704 5600 hoc
2745 5540 2897 5600 circa
2941 5540 3061 5600 an;
3079 5525 3183 5579 857
3219 5526 3528 5600 distinguit
3572 5525 3791 5596 Mansi,
3834 5525 3908 5584 in

2240 5598 2444 5673 Suppl.
2477 5597 2682 5655 concil.
2717 5601 2759 5654 t.
2796 5596 2837 5665 Ι,
2872 5612 2927 5671 p.
2960 5596 3086 5654 979.
