4124 6188
388 303 505 367 187

1185 293 1598 360 HERMANNI
1645 291 2081 358 CONTRACTI
2124 291 2540 362 AUGIENSIS
2587 290 2969 359 MONACHI.

3662 291 3778 356 188

1747 496 1975 556 CODEX
2010 497 2408 557 AUGIENSIS.

383 636 542 701 sunt,
568 628 992 701 Lothariusque
1012 645 1132 694 rex,
1149 627 1263 683 nisi
1286 624 1670 698 rosipisceret,
1689 639 2020 679 excommu-
2048 627 2104 692 Α
2203 625 2308 680 866
2339 624 2664 680 Ludovicus
2692 625 2901 681 Junior
2928 629 3166 698 propter
3195 626 3462 699 quadam
3493 619 3776 682 beneﬁcia

386 717 1049 791 nicatusest.Moguntia3
1062 715 1264 773 Carolo
1277 712 1714 785 archiepiscopo
1729 713 2022 781 defuncto,

384 809 720 882 Luitpertus
744 805 1046 862 successit.
1063 805 1261 859 Annal.
1293 802 1480 871 Fuld.,
1501 804 1647 857 Bert.
1665 832 1734 842 -—-
1750 800 2027 858 Nonnulli

383 913 452 955 ex
481 897 710 953 Hunnis
739 893 1053 950 Christiani
1084 892 1270 946 effecti
1294 894 1453 946 sunt.

452 988 557 1042 864
586 983 947 1041 Guntharius
990 979 1370 1046 Coloniensis,
1405 979 1542 1051 quia
1597 980 2018 1035 contumeliose

381 1077 596 1131 domno
616 1088 777 1143 papas
800 1068 1417 1140 rescripserat(356),et
1427 1071 1628 1123 contra
1646 1067 2022 1123 interdictum

381 1163 510 1232 ejus
539 1158 798 1214 cilicium
847 1156 1174 1229 episcopale
1221 1160 1624 1228 usurpaverat,
1684 1156 2024 1228 paenitentia

377 1248 862 1304 ductus.Romam
892 1246 964 1301 ad
987 1261 1120 1300 eum
1151 1245 1348 1312 venit;
1378 1245 1479 1301 sed
1502 1245 1744 1300 minime
1765 1245 2022 1300 reconci-

373 1336 502 1392 liari
534 1336 768 1391 meruit.
800 1335 998 1389 Annal.
1044 1333 1209 1390 Futd.
1259 1351 1312 1388 a.
1344 1351 1434 1405 pr.
1466 1365 1535 1373 —
1567 1333 1893 1388 Ludovicus
1923 1350 2023 1390 rex

374 1425 698 1482 Germanis:
720 1424 986 1479 Rastizen
1008 1423 1442 1479 Marahensium
1467 1423 1674 1478 ducem
1709 1426 1931 1494 petens,
1965 1427 2023 1478 et

375 1516 531 1588 apud
560 1513 871 1570 Dowinam
900 1516 1158 1567 castrum
1189 1511 1486 1577 obsidens,
1538 1512 1742 1582 jussos
1786 1511 2021 1567 obsides

375 1605 514 1660 dare
532 1603 656 1660 etin
665 1601 1089 1674 jusjurandum
1103 1601 1234 1670 subj
1243 1599 1486 1656 ectionis
1505 1599 1716 1655 iterare
1738 1603 2014 1655 coarctat.

375 1698 506 1766 Ipse
524 1693 663 1748 item
686 1689 1012 1746 Ludovicus
1045 1692 1102 1745 et
1122 1689 1298 1744 frater
1317 1689 1444 1758 ejus
1466 1688 1728 1757 Carolus,
1763 1704 1860 1744 rex
1890 1688 2020 1744 Gal-

374 1782 585 1838 liarum
613 1779 1039 1845 convenientes,
1058 1777 1252 1833 debita
1273 1776 1384 1833 sibi
1404 1776 1651 1832 invicem
1675 1775 1938 1832 relaxant
1961 1782 2022 1833 et

374 1872 564 1928 fmdus
621 1873 978 1942 pactumque
1031 1866 1311 1922 innovant
1353 1869 1410 1922 et
1461 1866 1813 1921 conﬁrmant
1843 1866 2013 1938 (357).

371 1961 575 2018 Annal.
633 1959 806 2016 Fuld.
857 1957 1154 2028 «Augiae
1213 1959 1346 2026 post
1396 1953 1801 2010 Waldkarium
1835 1956 2018 2012 abbas

375 2050 540 2106 Hetto
570 2065 641 2103 xv
670 2046 902 2118 praefuit
955 2044 1124 2100 annis
1155 2061 1256 2099 v11.
1306 2041 1634 2098 Translatio
1665 2043 1721 2097 S.
1755 2043 2018 2100 0thmari

373 2139 434 2194 in
465 2136 765 2193 basilicam
795 2133 983 2190 sancti
1017 2131 1165 2187 Galli
1197 2131 1366 2202 (358).
1399 2129 1587 2201 Ilepid.

441 2229 549 2280 865
579 2221 901 2279 Ruodolfus
933 2220 1240 2275 Fuldensis
1271 2219 1572 2290 presbyter
1591 2221 1648 2272 et
1670 2219 2014 2285 monachus,

371 2316 592 2377 doctor,
625 2316 797 2382 poeta
842 2309 992 2365 152
1044 2312 1101 2363 et
1131 2306 1444 2362 historicus
1477 2306 1625 2361 satis
1652 2307 1878 2378 doctus,
1911 2325 2017 2362 vm

373 2402 510 2456 Idus
543 2399 724 2454 Martii
756 2397 901 2452 obiit
931 2396 1100 2467 (359).
1134 2395 1416 2450 Arsenius
1446 2393 1779 2466 episcopus,
1814 2396 2014 2450 domni

371 2506 531 2561 papas
562 2486 780 2543 Nicolai
812 2486 1060 2558 legatus,
1092 2500 1293 2556 pacem
1353 2484 1503 2538 inter
1543 2483 1896 2538 Ludovicum
1930 2501 2018 2541 re-

371 2594 503 2652 gem
535 2580 592 2633 et
621 2574 924 2631 fratrueles
955 2575 1083 2644 ejus
1111 2573 1467 2628 Ludovicum
1493 2572 1672 2627 Italizs
1703 2572 2016 2644 imperato-

373 2684 496 2723 rem
528 2669 631 2738 (et)
662 2663 999 2720 Lotharium
1025 2661 1458 2734 redintegravit.
1490 2661 1724 2733 Ipsique
1747 2662 2016 2718 Lothario

376 2757 550 2811 fidem
583 2752 862 2810 connubii
891 2767 996 2825 per
1023 2755 1392 2808 sacramenta
1417 2766 1496 2804 xu
1530 2749 1857 2821 principum
1880 2766 2016 2805 suo-

373 2861 507 2899 rum
522 2840 1247 2916 pollicenti,Thiotpirgam
1261 2839 1568 2911 conjugem
1586 2837 2016 2893 reconciliatam

371 2932 662 2989 reddidit:
695 2929 1075 2985 Waldradam
1107 2927 1494 2984 concubinam
1524 2927 1585 2980 in
1611 2925 1840 2982 Italiam
1872 2927 2014 2982 rele-

372 3021 557 3095 gavit;
581 3019 784 3076 multis
795 3019 970 3074 etiam
988 3017 1144 3090 apud
1167 3015 1438 3071 Carolum
1461 3031 1563 3087 per
1582 3014 1800 3071 Gallias
1821 3015 2017 3088 dispo-

373 3111 524 3176 sitis,
553 3109 875 3164 honoratus
895 3125 931 3162 a
959 3105 1194 3178 regibus
1215 3109 1271 3160 et
1295 3105 1545 3160 donatus
1558 3104 1801 3159 Romam
1824 3105 2013 3160 rediit.

373 3199 576 3257 Annal.
607 3197 790 3263 Fuld.,
823 3196 1034 3252 Bertt'n.

2049 1998 2097 2063 B

2134 729 2243 769 sua
2274 713 2436 768 fratri
2491 713 2874 770 Carlomanno
2940 715 3095 783 data,
3149 716 3301 788 patri
3337 713 3625 770 Ludovico
3655 710 3778 784 regi

2134 802 2414 858 rebellare
2443 801 2629 858 multo
2683 803 2875 858 studio
2935 803 3199 875 molitus,
3255 809 3312 860 et
3369 803 3534 860 facile
3563 802 3774 868 victus,

2132 891 2368 946 tandem
2399 891 2692 946 mediante
2722 892 3018 963 Luitperto
3049 893 3486 965 archiepiscopo
3511 891 3664 964 patri
3685 905 3778 946 re-

2132 979 2476 1035 conciliatus
2496 984 2604 1036 est.
2627 980 3013 1052 Gundpaldus
3037 982 3158 1052 [al.‘,
3193 981 3588 1054 Guntpoldus]
3607 978 3777 1035 miles

2094 1097 2102 1104 -
2132 1067 2503 1124 Carlomanni
2533 1073 2735 1125 contra
2763 1068 2959 1141 ipsum
3010 1087 3269 1142 pugnare
3298 1087 3504 1138 ausus,
3537 1067 3776 1124 amissis

2133 1157 2316 1229 copiis
2345 1158 2554 1224 victus,
2582 1157 2676 1213 vix
2705 1158 2952 1230 aufugit.
2975 1159 3216 1232 Vulgari
3243 1160 3443 1216 missis
3475 1176 3508 1214 a
3537 1156 3775 1214 Nicolao

2131 1262 2279 1318 pape
2300 1250 2358 1302 et
2388 1246 2674 1303 Ludovico
2706 1263 2839 1319 rege
2856 1249 3333 1319 predicatoribus
3356 1249 3534 1304 ﬁdem
3558 1245 3775 1302 Christi

2132 1333 2461 1407 suscipiunt
2493 1336 2692 1391 Annal.
2721 1337 2883 1393 Fuld.

2199 1425 2303 1478 867
2334 1423 2642 1481 Lotharius
2673 1441 2793 1492 rex,
2824 1426 3134 1498 promissis
3164 1427 3289 1483 suis
3319 1425 3774 1499 principumque

2128 1513 2514 1568 sacramentis
2543 1514 3232 1588 posthabitis,conjugem
3257 1515 3656 1588 Thiotpirgam
3681 1513 3776 1569 de-

2126 1617 2242 1657 nuo
2274 1601 2586 1671 injurians,
2608 1603 2937 1658 Waldradze
2960 1608 3234 1660 revocatas
3257 1604 3409 1660 clam
3433 1620 3494 1660 se
3516 1603 3773 1660 miscuit.

2127 1689 2289 1745 Unde
2318 1694 2513 1746 motus
2545 1705 2694 1762 papa
2723 1690 3022 1759 Nicolaus,
3055 1692 3253 1748 missis
3285 1695 3357 1748 ad
3392 1692 3648 1749 diversos
3680 1691 3776 1746 lit-

2124 1777 2426 1848 teris,cum
2456 1779 2680 1834 cunctis
2710 1778 2878 1833 illum
2912 1779 3059 1850 (360)
3091 1779 3477 1852 complicibus
3517 1779 3643 1835 suis
3671 1795 3776 1834 ex-

2125 1867 2595 1922 communicavit.
2613 1868 2940 1939 Rucpertus
2962 1866 3109 1939 (36l)
3126 1867 3481 1924 fortissimus
3503 1869 3575 1923 de
3596 1883 3775 1940 regno

2124 1955 2310 2010 Caroli
2339 1971 2558 2026 comes,
2591 1954 2736 2010 alter
2766 1955 2857 2010 sui
2916 1955 3197 2026 temporis
3251 1956 3629 2024 Machabetis,
3667 1955 3771 2027 qui

2127 2044 2516 2100 Nortmannos
2545 2047 2603 2100 et
2633 2043 2920 2099 Brittones
2971 2045 3201 2116 magnis
3243 2060 3392 2118 saepe
3424 2045 3776 2117 protriverat

2127 2131 2362 2205 praeliis,
2412 2133 2566 2204 apud
2617 2132 2863 2204 Ligerim
2913 2133 3158 2188 ﬂuvium
3208 2150 3342 2189 cum
3391 2133 3774 2190 Nortmannis

2128 2221 2351 2276 fortiter
2370 2219 2680 2286 dimicans,
2699 2220 2989 2277 occubuit.
3013 2223 3400 2278 Terramotus
3423 2237 3674 2294 magnus
3693 2237 3776 2275 vn

2129 2310 2264 2364 Idus
2295 2309 2494 2365 Octob.
2529 2309 2742 2365 famus.
2776 2311 2979 2366 Annal.
3009 2310 3170 2366 FuId.

2196 2399 2302 2452 868
2333 2399 2601 2470 Synodus
2631 2415 2846 2470 magna
2877 2399 3211 2456 Wormatiie
3260 2415 3456 2455 coram
3486 2399 3776 2455 Ludovico

2127 2502 2258 2558 rege
2288 2486 2548 2551 collecta,
2581 2491 2635 2542 et
2666 2487 2820 2542 153
2851 2489 3038 2543 multa
3080 2489 3225 2544 inibi
3257 2507 3359 2562 pro
3391 2492 3544 2544 statu
3575 2487 3775 2544 Eccle-

2127 2575 2224 2629 siae
2253 2575 2502 2630 decreta.
2567 2575 2769 2630 Concil.
2824 2576 3000 2631 Germ.
3061 2585 3098 2633 t.
3160 2579 3213 2633 II
3260 2596 3317 2649 p.
3379 2578 3504 2632 307.
3576 2578 3772 2633 Mense

2126 2663 2278 2718 Maio
2299 2663 2646 2734 (362)Romte
2667 2663 2941 2719 defuncto
2962 2682 3114 2736 papa
3134 2666 3390 2734 Nicolao,
3411 2666 3705 2722 Adrianus
3724 2663 3774 2721 II

2127 2751 2277 2806 sedit
2297 2752 2468 2807 annis
2489 2769 2545 2822 x,
2577 2753 2647 2807 ad
2672 2769 2845 2824 quem
2869 2771 3003 2809 cum
3036 2754 3343 2812 Lotharius
3373 2770 3471 2810 rex
3493 2755 3766 2825 venisset,

2127 2844 2185 2895 et
2196 2840 2412 2896 frustra
2432 2840 2752 2912 opitulante
2783 2841 2958 2897 fratre
2977 2842 3262 2899 Ludovico
3285 2843 3637 2916 imperatore
3667 2860 3772 2916 pro

2128 2928 2459 2984 Waldradze
2491 2930 2866 2986 matrimonio
2889 2933 3215 3005 sategisset,
3240 2931 3386 2987 nihil
3408 2932 3648 3004 profuit.
3673 2932 3776 2990 Co-

2127 3021 2283 3072 meta
2345 3018 2490 3086 visa,
2519 3018 2823 3075 inundatio
2881 3023 2938 3075 et
2992 3021 3188 3077 illuvio
3239 3037 3453 3095 magna
3483 3023 3652 3091 facta,
3687 3023 3773 3078 fa-

2128 3121 2392 3179 mesque,
2449 3111 2507 3163 et
2558 3108 2889 3179 pestilentia
2929 3108 3136 3182 ingens
3193 3114 3394 3167 secuta
3421 3114 3529 3166 est.
3562 3111 3763 3167 Annal.

2130 3195 2287 3250 Fuld.

1414 3372 1890 3428 COMPENDIUM
1930 3373 2019 3428 EX
2059 3373 2306 3430 CODICE
2347 3374 2728 3430 BERNOLDI.

445 3528 550 3584 864
580 3525 913 3582 Guntharius
944 3523 1274 3580 Coloniensst
1305 3524 1606 3595 episcopale
1626 3524 1870 3594 ofﬁcium
1897 3531 2018 3594 post
2047 3523 2089 3588 C
2197 3523 2302 3578 868
2333 3523 2579 3593 Synodus
2614 3541 2819 3593 magna
2868 3540 3055 3582 coram
3103 3527 3368 3585 Ludovico
3409 3545 3532 3602 rege
3561 3532 3774 3603 colligi-

377 3617 729 3676 interdictum
758 3629 1059 3685 usurpans,
1109 3612 1200 3667 sed
1241 3614 1425 3683 postea
1455 3612 1650 3667 ductus
1677 3613 2016 3682 pamilentia,

376 3711 597 3765 Romam
632 3707 800 3770 venit,
831 3703 924 3758 sed
953 3704 1182 3756 minime
1208 3702 1556 3756 reconciliari
1584 3703 1804 3755 meruit.

445 3798 551 3852 865
579 3795 834 3850 Arsenius
863 3793 1158 3864 episcopus,
1214 3791 1427 3845 Nicolai
1451 3805 1610 3860 papae
1651 3789 1878 3860 legatus,
1913 3790 2023 3860 ipsi

374 3887 630 3943 Lothario
687 3883 851 3952 ﬁdem
904 3881 1168 3936 connubii
1219 3896 1320 3951 per
1370 3886 1712 3935 sacramenta
1741 3879 2022 3933 duodecim

370 3976 689 4046 principum
739 3987 966 4026 suorum
1016 3970 1300 4041 pollicenti
1357 3968 1695 4040 Tithpirgam
1739 3969 2022 4040 conjugem

375 4062 788 4119 reconciliatam
813 4058 1068 4114 reddidit.
1102 4056 1311 4114 Annal.
1345 4057 1514 4113 Fuld.

449 4150 554 4205 866
589 4147 837 4216 Wulgari
866 4148 1115 4201 missis...
1152 4146 1358 4200 Christi
1383 4147 1716 4216 suscipiunt.

447 4239 553 4293 867
582 4237 864 4292 Lotharius
893 4250 992 4289 rex
1015 4234 1334 4305 posthabitis
1363 4236 1680 4305 principum
1705 4250 2019 4290 sacramen-

380 4329 448 4383 tis
473 4327 810 4395 Tithpirgam
838 4323 1170 4396 repudiavit,
1197 4324 1398 4379 iterum
1424 4340 1482 4378 se
1502 4324 1683 4394 priori
1709 4324 2023 4379 concubinae

379 4417 733 4474 contmiscens
751 4431 772 4477 ;
793 4413 936 4469 unde
963 4429 1090 4468 eum
1131 4428 1279 4485 papa
1308 4413 1560 4468 Nicotaus
1589 4428 1716 4466 cum
1734 4415 1850 4468 suis
1879 4429 2023 4468 com-

375 4505 618 4579 plicibus
661 4504 1171 4571 excommunicauit,
1233 4501 1438 4558 litteris
1494 4501 1563 4557 ad
1613 4501 1851 4559 diuersos
1888 4503 2022 4557 mis-

382 4597 478 4651 sis.

2127 3616 2220 3667 tur
2259 3613 2775 3671 WormatiaeJtoma:
2802 3615 3053 3686 defuncto
3093 3633 3242 3688 papa
3295 3619 3520 3674 Nicolao
3569 3620 3774 3675 Adria-

2125 3718 2230 3756 nus
2261 3702 2312 3755 ΙΙ
2337 3700 2472 3756 sedit
2499 3703 2661 3756 ann-is
2690 3719 2744 3757 v.
2802 3703 2882 3756 Ad
2911 3719 3134 3773 quem...
3187 3722 3286 3776 pro
3320 3707 3628 3766 Waldradae
3654 3725 3778 3765 con-

2127 3791 2340 3845 cubinae
2367 3804 2489 3846 suae
2516 3791 2866 3846 matrima-nio
2921 3795 3057 3848 satis
3112 3796 3322 3864 egisset,
3367 3797 3514 3850 nihil
3539 3799 3772 3869 pro/uit.

2128 3881 2206 3934 Ea
2233 3879 2451 3949 quidem
2476 3879 2714 3935 conditio
2759 3881 2812 3934 ei
2839 3880 3096 3949 dabatur,
3142 3885 3202 3936 ut
3243 3885 3293 3938 si
3330 3886 3587 3941 innocens
3616 3890 3770 3955 esset,

2128 3968 2458 4038 ﬁducialiter
2480 3984 2673 4039 corpus
2705 3971 2929 4024 Domini
2949 3973 3293 4042 perciperet;
3331 3975 3422 4028 sin
3451 3990 3594 4042 vero,
3629 3975 3773 4030 illud

2128 4058 2443 4113 nullatenus
2468 4060 2715 4129 accipere
2739 4064 3116 4130 praesumeret.
3167 4061 3269 4116 Sed
3299 4063 3416 4134 ipse
3443 4066 3780 4120 temerarius

2128 4149 2428 4217 accessit,et
2453 4162 2580 4201 cum
2609 4148 2726 4202 suis
2755 4146 3115 4218 complicibus
3153 4151 3470 4208 inevitabile
3501 4152 3782 4223 judicium

2129 4236 2238 4289 sibi
2262 4250 2465 4306 suoque
2487 4250 2674 4304 regno,
2690 4235 2796 4291 heu
2815 4238 3056 4292 nimium
3073 4237 3292 4295 demens
3313 4245 3331 4294 t
3349 4243 3608 4313 percepit.
3641 4242 3781 4298 Nam

2132 4325 2286 4379 tanta
2315 4323 2493 4380 clades
2517 4325 2659 4379 hanc
2682 4327 3177 4396 prwsumptionem
3193 4328 3460 4384 divinitus
3487 4331 3780 4386 subsecuta

2131 4419 2226 4476 est,
2248 4415 2308 4466 ut
2338 4413 2399 4467 in
2427 4412 2669 4484 ejusdem
2695 4413 2947 4470 Lotharii
2975 4429 3138 4485 regno
3185 4423 3294 4472 tota
3313 4418 3489 4473 virtus
3519 4434 3584 4474 ac
3612 4418 3782 4474 nobi—-

2135 4501 2260 4556 litas
2289 4517 2398 4558 non
2451 4505 2617 4573 peste,
2678 4502 2768 4558 sed
2825 4505 2986 4574 quasi
3041 4504 3228 4561 hostili
3253 4505 3436 4577 gladio
3465 4506 3649 4563 deleta.
3669 4520 3782 4563 esse

2133 4590 2426 4647 videretur.
2460 4590 2672 4648 Annal.
2705 4593 2882 4662 Bert.,
2915 4594 3074 4662 Met.,
3107 4611 3262 4652 anno
3302 4611 3425 4669 seq.

1965 4765 2197 4822 NOTAE.

453 4921 602 4993 (356)
631 4920 867 4993 Logitur
896 4920 1083 4993 ipsius
1114 4919 1357 4992 epistola
1378 4920 1447 4974 ad
1483 4934 1691 4993 papam
1724 4917 2026 4993 Nicolaum
2060 4921 2105 4985 D
2137 4917 2468 4993 Ful_d._l._n,
2503 4935 2552 4973 c.
2587 4917 2674 4974 44.

381 4994 442 5048 in
463 4991 796 5046 Annalibus
820 4991 1203 5048 Fuldensibus
1234 4993 1430 5048 ad.an.
1458 4991 1646 5060 863,0t
1677 4991 2027 5046 Bcrtinianis

387 5065 458 5121 ad
492 5079 713 5118 annum
739 5064 863 5117 864.

452 5136 600 5206 (357)
631 5133 746 5190 Hoc
779 5135 1033 5206 primum
1055 5151 1206 5190 anno
1230 5136 1509 5205 sequente
1548 5133 1788 5196 factum.
1825 5133 2018 5189 Baluz.

385 5207 571 5278 Capit,
605 5207 746 5273 LII,
782 5224 839 5278 p.
871 5207 992 5259 201.

455 5275 602 5349 (358)
634 5277 718 5332 Ita
738 5275 798 5332 et
813 5276 1331 5349 Gottwicensis.De
1363 5275 1620 5349 secunda
1641 5275 1747 5331 hac
1770 5277 2024 5332 transla—

385 5350 544 5404 tione
575 5349 688 5402 vid.
722 5349 938 5403 Concil.
973 5348 1165 5404 Germ.
1203 5352 1246 5401 t.
1283 5348 1347 5414 II,
1385 5365 1437 5418 p.
1469 5348 1592 5401 293.

457 5418 917 5500 (359)hl}u.od_016
951 5424 1197 5500 mortem
1229 5435 1380 5500 anpo
1405 5422 1692 5500 sequente
1719 5419 2026 5500 consignat

385 5489 588 5550 Petrus
601 5489 1286 5547 Bibliothecarius.lllum
1302 5489 1627 5545 Ludovicus
1644 5489 2024 5544 Germanicus

383 5566 672 5634 oratorem
703 5562 1210 5634 confessoremque
1231 5577 1404 5618 suum
1428 5576 1494 5618 ac
1498 5557 1851 5634 scholarum
1887 5559 2026 5634 Ful-

388 5633 654 5700 densium
684 5632 1019 5711 praefectum
1036 5629 1310 5711 appellat,
1331 5636 1479 5692 teste
1498 5631 1792 5708 Browero,
1823 5629 2021 5709 Antiq.

2209 4989 2556 5076 (360).:luxta
2587 4989 3190 5076 AnnalesnFul‘denses
3220 4995 3276 5046 et
3310 4991 3598 5074 Metenses
3630 5009 3784 5076 papa

2133 5060 2247 5116 non
2281 5060 2644 5130 Lotharium,
2679 5062 2779 5116 sed
2814 5062 3188 5118 Waldradam
3224 5060 3773 5121 excommunicavit.

2132 5133 2260 5187 Vid.
2291 5132 2508 5204 Nicolai
2540 5149 2703 5204 papae
2722 5132 2964 5203 epistola
2979 5150 3029 5189 a.
3060 5137 3160 5189 866
3181 5135 3318 5191 data
3341 5153 3356 5204 ;
3376 5136 3784 5194 Labb.Concil.

2203 5203 2695 5351 ggtilgollolgdgus
2720 5273 2831 5351 istc
2851 5280 3234 5351 cognomento
3258 5277 3467 5347 Fortis,
3483 5294 3562 5351 ex
3581 5293 3789 5351 genere

2133 5347 2189 5402 S.
2232 5345 2478 5410 Arnulli,
2517 5363 2616 5430 per
2649 5345 2992 5430 Bothertiiin
3041 5348 3253 5430 filium,
3289 5345 3777 5430 FranCice‘postea

2133 5433 2348 5497 regem,
2386 5423 2562 5498 caput
2593 5421 2781 5472 extitit
2801 5421 2981 5472 tertiis
3005 5421 3226 5546 stirpis,
3259 5437 3364 5476 seu
3395 5421 3784 5494 Capetiorum.
3848 5449 3858 5456 -

2133 5487 2327 5542 Mabll.
2367 5489 2469 5543 lib.
2503 5505 2670 5548 xxxv,
2697 5488 2905 5543 Annal.
2941 5489 3092 5546 Bene
3140 5535 3152 5546 .
3190 5509 3247 5546 n.
3282 5493 3404 5548 451.

2203 5559 2354 5635 (362)
2379 5531 2802 5635 Nicolaus’jam
2832 5577 2984 5617 anno
3013 5561 3226 5635 priore,
3253 5529 3454 5621 metise
3485 5563 3651 5635 Nov.,
3675 5564 3784 5622 de~

2135 5630 2392 5706 functus,
2425 5630 2595 5707 eique
2629 5630 2922 5692 Adrianus
2949 5630 3228 5695 sutt‘ectus
3255 5639 3364 5697 est.
