4152 6186
334 294 444 360 193

1565 299 2041 369 CHRONICON.
2072 307 2153 352 -ὲ-
2189 301 2376 368 ΞΛΕΟ.
2423 298 2528 367 IX.

3618 302 3733 375 194

1685 463 1917 521 CODEX
1955 461 2355 521 AUGIENSIS.

331 559 482 620 158
514 559 867 618 Veronensis
896 559 1206 635 episcopus
1235 559 1396 628 obiit,
1432 561 1533 633 qui
1572 561 1665 618 sui
1723 561 1979 618 nominis
2008 565 2064 632 Α
2093 561 2374 620 divisione
2404 566 2872 635 exspectaturum
2899 563 3110 637 jurans
3135 580 3148 620 :
3181 580 3296 639 quo
3319 567 3552 626 credulo
3573 573 3628 628 et
3646 586 3736 628 re-

330 649 1340 722 dellamjuxtaAugienseminsulam
1367 651 1711 707 construxit.
1734 652 1980 707 Hemma

329 739 475 811 (376)
507 739 708 812 regina
731 740 985 813 paralysi
1017 740 1308 796 dissoluta
1339 747 1446 796 est.

394 831 502 885 875
518 829 676 884 Inter
705 829 959 885 Francos
988 834 1044 884 et
1066 830 1323 885 Saxones
1346 828 1551 884 seditio
1596 845 1742 901 pene
1792 845 1982 901 usque

330 919 399 975 ad
432 917 644 974 caedem
674 922 944 973 mutuam
968 922 1145 986 mota,
1170 935 1204 972 a
1226 917 1511 973 Ludovico
1524 918 1554 973 J
1562 917 1762 973 uniore
1784 918 1984 973 sedata

330 1013 437 1064 est.
455 1007 651 1062 Annal.
677 1008 826 1062 Berl.
853 1039 919 1045 —
940 1009 1172 1062 Cometa
1194 1005 1328 1078 plus
1343 1005 1514 1061 solito
1534 1006 1860 1062 scintillans
1880 1024 1981 1062 vm

328 1097 471 1153 Idus
498 1095 656 1151 Junii
687 1095 831 1150 visa.
853 1095 1005 1150 Villa
1027 1096 1293 1167 qundam
1314 1095 1372 1150 in
1409 1111 1556 1168 pago
1575 1097 1812 1153 Nitense
1834 1095 1981 1168 (377)

327 1186 711 1242 Ascabrunno
742 1184 918 1250 dicta,
953 1188 1135 1249 nocte,
1168 1202 1202 1238 v
1235 1185 1430 1240 Nonas
1453 1184 1590 1240 Julii
1626 1185 1823 1240 subita
1843 1190 1986 1240 tem-

324 1277 550 1348 pestate
581 1276 638 1330 et
658 1273 897 1342 nimbis,
918 1290 1170 1330 Lxxxvm
1192 1273 1536 1330 hominibus
1558 1274 1881 1344 exstinctis,
1903 1274 1986 1329 ita

326 1363 644 1434 absumpta
663 1367 718 1417 et
739 1361 932 1417 deleta
986 1367 1092 1429 est,
1118 1367 1307 1418 utnec
1322 1363 1633 1435 vestigium
1659 1364 1786 1434 ejus
1805 1380 1985 1420 rema-

322 1454 510 1509 neret.
540 1481 611 1492 —
647 1451 973 1506 Ludovicus
1006 1451 1179 1506 Italiae
1199 1452 1516 1523 imperator
1535 1452 1847 1507 defunctus
1871 1452 1985 1508 Me-

325 1538 572 1605 diolani,
605 1539 663 1594 in
694 1539 938 1595 basilica
969 1541 1154 1595 sancti
1196 1541 1488 1595 Ambrosii
1551 1535 1815 1613 sepultus
1874 1543 1983 1607 est,

327 1645 483 1685 anno
513 1628 677 1700 regni
710 1646 802 1694 xx,
836 1629 1007 1699 cujus
1037 1628 1347 1684 thesauros
1379 1633 1438 1684 et
1467 1645 1713 1700 regnum
1738 1632 1985 1701 patruus

324 1718 456 1789 ejus
488 1715 728 1772 Carolus
761 1733 859 1772 rex
877 1716 1220 1787 Galliarum,
1245 1717 1413 1788 quasi
1444 1717 1552 1773 soli
1585 1716 1693 1772 sibi
1720 1717 1984 1772 debitum

325 1805 545 1862 invasit
575 1822 640 1860 ac
671 1804 934 1877 diripuit.
964 1805 1126 1861 Unde
1157 1810 1355 1860 motus
1383 1806 1561 1861 frater
1590 1806 1718 1876 ejus
1743 1807 1984 1862 Ludovi-

326 1912 437 1951 cus
469 1911 569 1950 rex
599 1895 923 1950 Germaniae
946 1894 1134 1950 ﬁlium
1168 1911 1344 1950 suum
1359 1894 1812 1950 Carlomannum
1838 1896 1987 1967 (378)

327 1988 538 2041 contra
568 1999 702 2038 eum
735 1983 796 2037 in
825 1983 1052 2038 Italiam
1085 1983 1248 2038 misit
1277 1983 1518 2055 ipseque
1540 2001 1673 2039 cum
1693 1984 1986 2056 aequivoco

325 2072 553 2129 Gallias
583 2088 832 2144 regnum
864 2072 993 2143 ejus
1024 2071 1256 2128 invasit.
1286 2072 1526 2128 Carolus
1555 2089 1688 2128 vero
1711 2072 1985 2145 congredi

324 2159 486 2217 bello
517 2160 755 2230 timens,
788 2159 936 2216 dolis
968 2165 1023 2216 et
1052 2160 1316 2232 pecuniis
1348 2162 1789 2233 mendaciisque
1834 2161 1986 2217 159

325 2249 786 2306 Carlotnannum
816 2250 886 2304 de
918 2249 1080 2304 Italia
1111 2249 1326 2322 abegit,
1381 2266 1443 2305 se
1494 2267 1728 2322 quoque
1786 2252 1986 2306 statim

333 2339 762 2406 discessurum,
793 2342 850 2393 et
879 2337 1114 2393 fratrem
1147 2337 1498 2394 Ludovicum
1530 2339 1601 2394 de
1630 2339 1791 2410 regni
1830 2338 1990 2394 illius

2092 668 2276 718 verso,
2313 651 2436 723 ipse
2468 656 2708 708 Romam
2742 652 2948 720 tendit,
2982 653 3420 727 conciliatisque
3453 659 3562 714 sibi
3604 661 3735 716 dolo

2087 745 2145 796 et
2175 741 2420 812 pecunia
2455 742 2748 808 Romanis,
2776 742 3183 816 imperatorem
3217 745 3566 801 seaJoanne
3589 765 3739 822 papa

2089 828 2350 884 coronari
2380 829 2534 895 fecit,
2567 830 2931 902 Italiamque,
2966 832 3048 887 uti
3080 832 3281 901 voluit,
3344 835 3511 906 quasi
3569 853 3736 893 suam

2090 917 2399 989 disposuit.
2435 920 2634 974 Annal.
2670 919 2825 976 Fuld.

2160 1008 2266 1061 876
2302 1007 2621 1062 Ludovicus
2655 1025 2752 1062 rex
2783 1009 3052 1079 precibus
3083 1010 3281 1082 populi
3323 1028 3611 1084 annuens,
3671 1015 3740 1072 de

2089 1093 2312 1160 Galliis,
2349 1111 2417 1149 ne
2449 1112 2544 1150 eas
2574 1099 2850 1162 vastaret,
2875 1097 3064 1165 rediit,
3099 1099 3343 1154 Ilemma
3375 1101 3575 1173 regina
3631 1108 3742 1160 Ra-

2090 1184 2336 1239 tisbonze
2368 1184 2531 1253 obiit,
2564 1187 2621 1238 et
2649 1184 2705 1238 in
2731 1185 2973 1240 basilica
3004 1187 3186 1242 sancti
3218 1187 3634 1246 Emmerammi
3659 1209 3744 1248 se-

2093 1271 2257 1345 pulta
2287 1275 2392 1328 est.
2426 1273 2706 1329 Fresones
2736 1273 2874 1329 item
2907 1274 3286 1331 Nortmannis
3325 1294 3523 1350 pugna
3547 1279 3737 1349 victis,

2093 1360 2349 1433 plurima
2381 1360 2567 1432 spolia
2597 1361 2908 1434 diripuere.
2943 1364 3142 1418 Annal.
3189 1365 3344 1419 Fuld.
3381 1397 3446 1407 —
3505 1368 3744 1424 Carolus

2093 1449 2496 1505 fraudulenter
2526 1452 2841 1522 imperator
2871 1452 2941 1507 de
2973 1451 3136 1507 Italia
3184 1452 3398 1508 Gallias
3453 1461 3742 1528 repetens,

2093 1555 2241 1594 nova
2275 1539 2535 1604 habitus,
2559 1543 2800 1595 actuum
2832 1544 2887 1595 et
2904 1540 3211 1596 verborum
3228 1541 3498 1610 vanitate,
3515 1545 3745 1615 jactan-

2093 1628 2176 1682 tia
2206 1631 2261 1682 et
2293 1627 2523 1683 levitate
2555 1644 2716 1695 usus,
2754 1627 3038 1684 Ludovico
3087 1630 3253 1684 fratri
3314 1634 3638 1702 procaciter
3693 1639 3750 1690 et

2096 1715 2272 1771 stulte
2305 1715 2725 1784 minitabatur;
2760 1716 2858 1770 sed
2895 1717 3178 1772 Ludovico
3219 1719 3536 1776 exercitum
3586 1720 3748 1777 colli-

2097 1807 2264 1876 gente
2289 1803 2649 1874 perterritus,
2701 1804 2936 1860 crebros
2965 1809 3021 1859 et
3048 1805 3340 1877 supplices
3362 1825 3465 1878 pro
3497 1826 3636 1880 pace
3659 1828 3752 1882 pe-

2096 1892 2274 1947 tenda
2299 1892 2518 1963 legatos
2550 1891 2621 1945 ad
2652 1907 2785 1946 eum
2819 1891 3104 1946 mittebat.
3163 1895 3356 1949 Iidem.
3391 1927 3456 1936 —
3508 1899 3747 1954 Interim

2097 1982 2222 2054 ipse
2250 1980 2572 2036 Ludovicus
2605 1997 2702 2036 rex
2725 1981 2891 2037 fortis
2921 1986 2978 2036 et
2993 1981 3302 2054 religiosus
3333 1986 3534 2040 morbo
3555 1991 3749 2043 tactus

2096 2071 2247 2142 apud
2292 2069 2714 2124 Franconofurt
2739 2086 2774 2124 v
2805 2068 2926 2124 Kal.
2961 2070 3254 2142 Septemb.
3304 2072 3422 2128 vita
3476 2073 3748 2143 decessit,

2098 2175 2249 2214 anno
2270 2157 2430 2230 regni
2461 2174 2653 2227 xxxvi,
2676 2161 2732 2213 et
2752 2159 2907 2230 apud
2931 2158 3288 2214 Lauresham
3309 2162 3641 2219 coenobium
3664 2182 3750 2220 se-

2099 2247 2298 2320 pultus
2329 2251 2416 2302 est
2446 2262 2810 2318 regnumque
2841 2248 2969 2318 ejus
3001 2252 3118 2302 tres
3166 2247 3268 2302 filii
3325 2249 3751 2308 Carlomannus

2099 2334 2447 2407 Bajoariam,
2472 2334 2793 2390 Ludovicus
2813 2335 3205 2406 Germaniam,
3223 2337 3463 2395 Carolus
3482 2341 3722 2396 Alcman
3737 2371 3759 2382 -

1388 2463 1861 2520 COMPENDIUM
1899 2463 1993 2520 EX
2031 2460 2284 2519 CODICE
2323 2458 2704 2517 BERNOLDI.

406 2564 513 2619 875
569 2561 871 2618 Ludovicus
934 2562 1236 2632 imperator
1290 2562 1475 2620 Italiae
1533 2562 1823 2634 defunctus
1881 2561 1984 2619 Me-

331 2652 556 2708 diolani
583 2649 848 2723 sepelitur
873 2665 1020 2706 anno
1049 2651 1206 2721 regni
1233 2652 1508 2707 vicesimo.
1543 2651 1710 2723 Cujus
1757 2667 1990 2722 regnum

325 2744 570 2815 patruus
587 2744 710 2812 ejus
734 2737 964 2794 Carolus
980 2755 1082 2794 rex
1101 2738 1407 2795 Galliarum
1439 2740 1724 2806 invadens,
1738 2742 1992 2798 aJoanne

330 2846 482 2903 papa
512 2845 568 2884 se
600 2830 987 2900 imperatorem
1015 2831 1270 2884 coronari
1297 2830 1445 2899 fecit.

409 2919 518 2975 876
543 2917 846 2976 Ludovicus
876 2933 978 2974 rex
1007 2918 1300 2989 religiosus
1329 2918 1476 2992 apud
1502 2920 1904 2992 Franconofurt
1957 2935 1994 2978 ν

2095 2561 2216 2616 Kal.
2250 2559 2393 2631 Sept.
2421 2559 2577 2626 obiit,
2603 2575 2748 2615 anno
2778 2561 2937 2630 regni
2993 2577 3184 2629 xxxvx,
3245 2577 3585 2635 regnumque
3637 2567 3764 2638 ejus

2099 2653 2207 2706 tres
2234 2649 2346 2720 ﬁlii
2376 2647 2774 2706 Carlomannus
2804 2649 3140 2720 Bajoariam,
3168 2650 3470 2707 Ludovicus
3526 2653 3751 2709 Germa-

2096 2739 2271 2807 niam,
2305 2737 2534 2793 Carolus
2565 2738 2968 2806 Alemanniam,
3002 2739 3213 2809 singuli
3225 2755 3350 2794 cum
3369 2743 3750 2813 adjacenlibus

2098 2827 2416 2900 provinciis,
2449 2842 2717 2898 accepere.

1397 3043 1873 3102 COMPENDIUM
1914 3043 2005 3100 EX
2044 3040 2301 3100 CODIGE
2343 3039 2721 3096 BERNOLDI.

339 3137 568 3212 nequit,
605 3139 823 3267 quipge
844 3141 971 3211 jam
999 3144 1131 3224 ante
1152 3141 1501 3224 decennium
1533 3143 1997 3224 defuncto,'prae-
2029 3143 2072 3209 ί]
2112 3137 2318 3219 liquet,
2353 3153 2479 3209 quae
2510 3137 2605 3219 hic
2635 3137 3068 3219 describuntur,
3101 3138 3339 3196 Notkeri
3370 3141 3597 3197 Balbuli
3620 3147 3760 3199 tem-

342 3217 746 3267 teranamauo
808 3216 946 3267 aetas
963 3229 1142 3267 nimis
1165 3217 1433 3267 provecta
1456 3214 1508 3267 1d
1527 3230 1640 3267 non
1664 3218 1994 3267 permittat:
2112 3210 2352 3267 DOI‘IbIlB
2381 3212 2770 3267 contigerunt.
2804 3224 2905 3267 au:
2936 3213 3079 3266 teste
3114 3211 3440 3267 Hermanno
3500 3230 3592 3267 an.
3654 3215 3760 3267 9l2

342 3217 616 3286 terquem
629 3213 784 3286 quod
804 3216 946 3286 fetas
963 3213 1142 3286 nimis
1163 3217 1433 3285 provecta
1456 3213 1508 3268 id
1527 3230 1640 3286 non
1664 3213 1994 3286 permittat;

340 3298 454 3340 nec
484 3283 610 3354 ipse
640 3283 1598 3358 San-Gallensiumcommunione
1622 3283 1998 3358 indiguisset.

340 3358 685 3428 utpoteeeu
703 3355 1017 3428 Augiensis
1038 3355 1362 3411 monachus
1384 3357 1650 3428 ejusdem
1665 3355 1790 3428 jam
1818 3357 1997 3428 parti-

342 3423 724 3496 ceps.Nullus
738 3423 971 3552 quoque
989 3427 1167 3497 hujus
1180 3423 1436 3508 nominis
1449 3423 2000 3500 episcopusveronze

342 3502 494 3552 tunc
513 3500 654 3552 erat.
672 3513 734 3552 se
785 3497 1114 3552 Adelardus
1140 3514 1152 3552 :
1178 3514 1291 3552 mm
1316 3499 1371 3552 1d
1391 3498 1718 3552 deRctaldo
1744 3499 2000 3552 secundo

339 3502 494 3552 tunc
513 3500 654 3561 erat,
672 3513 734 3553 se

344 3566 536 3640 accipi
555 3567 720 3640 velit,
755 3584 928 3640 quem
959 3567 1237 3640 Ughellus
1269 3586 1337 3625 ex
1372 3575 1577 3626 Peroto
1634 3571 1788 3626 inter
1845 3570 2002 3626 illius

342 3637 614 3713 Ecclesia
636 3637 943 3713 episcopos
972 3637 1044 3696 ad
1075 3658 1170 3713 an,
1196 3642 1624 3699 840numerat.
1668 3647 1812 3697 Cum
1868 3659 2002 3698 vero

346 3712 423 3792 ab
453 3727 548 3792 an,
575 3711 694 3792 .8fi4_
710 3710 808 3766 alii
839 3710 1094 3792 episcopi
1123 3712 1344 3792 ibidem
1375 3713 1733 3792 praefuerint,
1766 3731 1881 3792 non
1900 3713 2003 3792 Avi-

346 3783 456 3856 deo
487 3781 838 3856 ubi_i_nt_erea
869 3781 971 3856 per
1000 3781 1069 3839 40
1097 3800 1282 3839 annos
1313 3781 1610 3856 delituerit
1647 3784 1760 3841 iste
1810 3784 2001 3840 Rotal-

346 3855 462 3909 dus
486 3853 559 3908 II.
591 3852 756 3908 Unde
787 3852 886 3909 aut
916 3872 1106 3911 annus
1135 3859 1189 3911 et
1205 3855 1387 3912 abbas
1419 3855 1474 3910 in
1499 3856 1673 3912 citato
1701 3859 1882 3923 textu,
1905 3859 2006 3911 aut

345 3923 582 3999 Ratoldi
603 3941 817 3999 nomen
838 3926 897 3981 in
916 3929 1128 3982 mendo
1152 3928 1327 3999 cubat
1347 3926 1443 3999 (a).
1461 3929 1623 3994 Quod
1641 3932 2003 3999 postremum

347 3995 498 4052 mihi
530 4011 662 4051 vero
695 3998 1013 4054 admodum
1047 3997 1236 4054 simile
1264 3995 1495 4054 videtur
1538 4016 1606 4054 ex
1643 3995 2005 4057 'Ekkehardo

344 4067 617 4143 .Iuniore,
649 4068 748 4138 qui
779 4069 1000 4143 in_Vi_ta
1019 4070 1079 4124 B.
1099 4070 1334 4143 Notheri
1356 4069 1583 4126 Balbuli
1616 4071 1822 4143 cap.“
1857 4069 2008 4143 (Gol-

347 4140 559 4214 dast_t.
591 4138 633 4214 I,
671 4156 726 4210 p.
759 4140 884 4214 23f)
918 4140 1150 4214 Petrum
1205 4141 1614 4214 Veronensem,
1665 4138 2003 4214 episcopum

349 4208 724 4281 inepinatum
749 4211 820 4265 ad
853 4208 910 4268 S.
935 4211 1162 4294 Gallum
1186 4213 1414 4269 venisse
1445 4213 1668 4281 scribit,
1689 4208 1744 4268 et
1768 4208 2006 4295 quidem

347 4281 539 4356 eodem
554 4281 719 4356 modo
750 4299 864 4356 quo
883 4283 1118 4356 scilicet
1147 4284 1433 4356 Adalbero
1465 4289 1860 4356 Augustensns
1899 4303 1972 4340 an
1992 4315 2006 4326 -

346 4352 521 4428 tistes
553 4350 833 4428 locum—8.
868 4353 1016 4409 Galli
1050 4355 1109 4410 in
1140 4350 1592 4428 diefestivitatis
1625 4357 1753 4428 ejus
1801 4356 2007 4428 orandi

350 4423 546 4550 gratia
563 4423 775 4504 adiisse
791 4441 918 4496 cap.
944 4443 1108 4498 prose.
1134 4427 1492 4499 perhibetur.
1525 4423 1687 4492 Quod
1721 4428 1777 4482 in
1810 4427 2006 4484 libello

401 4499 808 4550 raternltatum
835 4497 906 4550 ad
929 4514 1148 4550 annum
1171 4499 1276 4550 908
1299 4500 1561 4550 refertur.
1580 4505 1644 4550 ut
1664 4504 1859 4550 tamen
1885 4517 2006 4550 uua!

785 3497 1114 3553 Adelardus
1140 3514 1152 3552 :
1178 3498 1291 3554 nisi
1316 3499 1371 3553 id
1391 3497 1718 3555 deRctaldo
1744 3499 2000 3555 secundo

2112 3210 2352 3290 poribus
2381 3210 2770 3291 contigerunt,
2804 3210 2905 3280 qui
2936 3213 3079 3266 teste
3114 3211 3440 3293 Hermanno
3500 3230 3592 3268 an.
3654 3215 3762 3270 9l2

2110 3282 2271 3336 obut.
2305 3284 2662 3351 Cumgigitur
2681 3281 2884 3336 Petrus
2919 3280 3266 3337 Veronensns
3299 3299 3450 3338 circa
3471 3283 3591 3339 hmc
3613 3289 3759 3340 tem-

2109 3368 2251 3424 pora
2280 3351 2337 3406 S.
2371 3349 2603 3424 Gallum
2624 3351 2903 3424 inviserit,
2928 3351 3208 3424 Ratnldus
3230 3358 3424 3409 autem
3455 3360 3582 3410 tum
3605 3373 3761 3412 mor-

2108 3422 2398 3500 tuus_j_am
2422 3423 2786 3500 fuerithorte
2806 3422 2961 3500 haud
2983 3422 3236 3500 multum
3259 3424 3633 3500 aberraverit,
3659 3428 3762 3500 qui

2111 3491 2421 3550 Ratoldum
2454 3491 2576 3548 loco
2605 3494 2754 3549 Petri
2788 3494 3043 3556 positum
3077 3494 3258 3551 fuisse
3292 3497 3530 3555 diceret.
3565 3491 3692 3555 séd'
3708 3504 3767 3556 et

2112 3565 2387 3643 hieprior
2407 3565 2559 3643 redit
2579 3565 2914 3643 difﬁcultas,
2933 3565 3134 3622 nullus
3155 3567 3312 3643 enim
3331 3568 3534 3625 Petrus
3554 3569 3768 3643 legitur

2113 3637 2173 3692 in
2195 3637 2619 3711 Veronensium
2636 3637 3042 3711 episcoporum
3065 3639 3346 3711 catalogo,
3370 3657 3488 3711 nec
3509 3637 3642 3696 ante
3661 3659 3767 3698 nec

2114 3708 2379 3781 posthaec
2399 3708 2696 3779 tempora;
2721 3708 2852 3764 nisi
2867 3709 2968 3780 qui
2986 3708 3282 3766 sustinere
3297 3709 3452 3765 velit.
3475 3712 3766 3768 Adelardo

2115 3779 2473 3852 episcopos.
2523 3782 2629 3836 877
2677 3796 2710 3852 a
2768 3779 2919 3852 papa
2974 3781 3474 3852 excommunicato
3530 3782 3767 3839 Petrum

2115 3849 2297 3906 fuisse
2316 3849 2656 3916 suffectum,
2681 3851 2750 3905 de
2767 3849 2880 3922 quo
2903 3854 3096 3922 tamen
3121 3849 3283 3907 nulla
3305 3850 3443 3908 alibi
3463 3854 3762 3910 memoria.

2209 3923 2336 3998 ξῖρ)
2360 3923 2498 3998 liene
2531 3939 2671 3998 uxor
2700 3921 2824 3976 erat
2855 3921 3489 3998 Ludovic_i__Germaniei
3517 3925 3693 3998 regis.

2211 3991 2334 4062 377)
2360 3991 2615 4065 Nitensis
2647 4008 2852 4064 pagus,
2885 3992 3061 4065 etiam
3091 3992 3409 4065 Niddegowe
3435 3991 3652 4062 dictu's,
3703 3996 3762 4051 in

2115 4063 2469 4135 Wetteravia
2490 4069 2631 4135 erat,
2648 4063 2718 4119 de
2734 4063 2855 4135 quo
2869 4064 2988 4135 vid.
3005 4063 3243 4120 Besselii
3259 4063 3468 4123 Chron.
3491 4067 3764 4124 Gottwie.

2117 4139 2159 4189 t.
2195 4134 2264 4198 II,
2299 4152 2354 4206 p.
2409 4134 2534 4190 709.
2591 4136 2650 4189 In
2710 4134 2776 4190 eo
2833 4134 3012 4190 situm
3069 4139 3193 4191 erat
3239 4137 3630 4195 Ascabrunnon
3660 4157 3762 4196 seu

2118 4206 2604 4283 Arenenbrunnon,
2640 4207 2726 4261 uti
2757 4206 3171 4283 in_diplomate
3198 4282 3201 4283 ν
3228 4209 3460 4283 Henriei
3513 4211 3561 4266 II
3621 4211 3764 4283 imp.

2121 4277 2322 4352 alOOS
2354 4282 2620 4352 vocatur,
2680 4278 2835 4350 quod
2893 4277 3066 4352 hodie
3123 4282 3212 4335 est
3262 4281 3559 4352 Eschborn,
3617 4277 3772 4340 inter

2120 4349 2565 4404 Francol‘urtum
2596 4352 2652 4404 et
2679 4349 2872 4405 arcem
2904 4350 3313 4407 Cronbergam.

2193 4421 2342 4495 (5378)
2376 4420 2629 4495 Annales
2646 4420 3100 4495 citatiGarolum
3125 4420 3310 4495 filium
3339 4440 3373 4478 a
3394 4426 3558 4494 patre
3579 4423 3771 4495 primo

401 4496 808 4581 reternitatum
835 4491 906 4581 ad
929 4491 1150 4580 annum
1171 4499 1276 4581 9Q‘8
1299 4491 1561 4581 refertur,
1574 4505 1648 4581 .ut
1664 4504 1860 4555 tamen
1885 4517 2011 4581 qua:
2041 4511 2089 4576 D
2123 4491 2183 4581 in
2204 4491 2414 4547 ltaiam
2435 4491 3155 4581 missum‘perhibe‘ntncui
3179 4491 3610 4581 tumea—postea
3631 4495 3767 4581 Gar-

355 4566 428 4620 de
443 4569 628 4641 Petro
657 4571 990 4641 narrantur,
1026 4569 1187 4641 prius
1218 4570 1343 4625 fieri
1360 4566 1691 4641 potuerint;
1720 4587 1823 4626 nec
1854 4566 2010 4626 enim

355 4637 624 4712 ordinem
655 4655 887 4712 semper
916 4637 1180 4696 observat
1211 4637 1595 4698 Ekkehardus
1621 4661 1634 4709 ;
1680 4637 1815 4698 mox
1853 4642 2009 4698 enim

356 4725 486 4780 cap.
523 4709 591 4763 13
620 4709 1039 4767 τεῖεινῐῖειοιυω
1082 4713 1190 4768 sub
1249 4730 1394 4770 novo
1452 4715 1660 4770 abbate
1716 4713 2009 4770 Bernardo

357 4797 455 4844 an,
487 4779 614 4844 883,
649 4797 764 4844 quo
794 4781 1034 4839 Carolus
1064 4787 1308 4841 Crassus
1322 4788 1469 4841 teste
1496 4786 1828 4842 Hermanno
1855 4787 2010 4844 apud

357 4797 455 4844 an,
487 4797 614 4846 nes,
649 4797 764 4853 quo
794 4797 1034 4839 uaroxus
1064 4797 1308 4841 Crassus
1322 4797 1469 4841 teste
1497 4797 1828 4842 Hermanno
1855 4797 2010 4857 apud

356 4852 418 4907 S.
452 4850 682 4907 Gallum
717 4857 856 4910 erat.
894 4855 965 4911 Ut
993 4856 1150 4912 enim
1183 4872 1252 4912 ex
1291 4861 1413 4913 tota
1454 4856 1808 4912 narrationis
1864 4858 2012 4913 serie

429 4992 650 5057 (alLQua:
685 4994 771 5044 hic
791 4995 857 5045 de
896 4996 1117 5048 Ratoldo
1156 4997 1379 5057 dixerat,
1409 4999 1463 5048 in
1481 4997 1748 5048 Addenda
1777 5001 1825 5047 et
1854 4999 2011 5047 corri-

361 5041 564 5116 gendi;
576 5041 852 5119 eali-asa;
874 5041 2014 5111 osanna;insessi“;sanitas}-

362 5130 597 5196 mannos
617 5119 683 5196 ad
714 5134 800 5194 an.
832 5124 930 5196 874⁸
952 5123 1155 5196 obitum
1184 5123 1370 5196 Ratolﬂ
1398 5124 1732 5196 Xeronensis
1744 5125 2009 5196 episcopi,

425 5193 524 5250 tem
555 5184 819 5250 tamenin
837 5185 1147 5250 _subjunctis
1175 5186 1319 5250 notis
1349 5184 1524 5250 adhuc
1562 5199 1649 5250 an.
1681 5188 1769 5236 885
1789 5184 1845 5234 in
1876 5184 2012 5235 vivis

387 5244 524 5313 uisse
558 5257 621 5292 ex
640 5244 816 5313 libello
837 5244 1248 5313 Fraternitatum
1279 5248 1732 5313 Sian-Gallensium
1753 5262 2011 5313 apparere

366 5303 611 5367 diximus,
630 5307 896 5374 simulque
914 5310 1167 5374 mendum
1180 5310 1449 5374 quoddam
1468 5312 1539 5361 ibi
1553 5311 1770 5361 subesse
1787 5303 2010 5374 conjeci-

364 5379 480 5438 mus
496 5382 512 5429 ;
531 5370 675 5438 quod
694 5370 853 5438 etiam
873 5371 1079 5438 interea
1091 5370 1308 5424 aliunde
1323 5370 1908 5438 deprehensum.__lnter
1923 5387 2014 5423 an-

364 5433 511 5492 tiqua
528 5433 670 5482 enim
702 5433 1199 5485 confraternitatum
1230 5433 1540 5486 monasterii
1572 5437 1622 5487 S.
1663 5435 1792 5485 Galli
1848 5437 2008 5486 docu-

367 5494 606 5563 mentain
620 5499 832 5563 vetusto
853 5498 1052 5563 regula)
1074 5499 1255 5563 codice
1277 5500 1680 5549 membranaceo
1701 5502 2012 5563 notaturco-

366 5558 450 5616 pia
469 5558 1088 5624 confrsternitatis'initae
1108 5562 1390 5611 interillud
1413 5563 1795 5611 monasterium
1822 5566 1872 5610 et
1893 5561 2013 5624 epi-

369 5631 550 5682 scopos
562 5621 870 5686 Ratpoltum
882 5623 1243 5674 Trevirensem
1256 5629 1308 5674 et
1321 5624 1680 5675 Luitwardum
1693 5625 1820 5674 Cum
1828 5638 1893 5673 an
1901 5621 1988 5674 um
1999 5662 2011 5686 ,

371 5692 452 5729 an.
483 5686 585 5736 886.
619 5685 720 5736 sub
743 5686 1022 5738 Bernardo
1044 5687 1257 5738 abbate.
1286 5687 1435 5738 Unde
1457 5688 1542 5737 vel
1575 5687 1759 5746 codex,
1783 5687 1866 5738 vel
1899 5687 2014 5749 ejus

2123 4561 2437 4618 lomannus
2464 4564 2520 4618 in
2545 4561 2826 4619 auxilium
2861 4563 3196 4619 submissus
3221 4569 3330 4620 est.
3349 4561 3565 4620 Vérum
3589 4569 3768 4620 totum

2122 4650 2243 4706 rem
2272 4651 2376 4706 pro
2405 4635 2659 4706 partium
2691 4634 2886 4691 studio
2936 4635 3322 4706 diversimode
3353 4639 3594 4690 narrant
3650 4640 3769 4690 An-

2122 4705 2289 4761 nales
2319 4705 2638 4762 Fuldenses
2666 4711 2722 4761 et
2753 4706 3090 4762 Bertiniani.
3126 4705 3352 4762 Medius
3384 4707 3601 4763 incedit
3649 4710 3769 4763 An-

2122 4778 2292 4832 dreas
2325 4779 2646 4848 presbyter,
2677 4781 2980 4832 Ravennae
3028 4777 3416 4848 synchronus,
3476 4778 3536 4834 in
3593 4779 3771 4836 Chro-

2121 4848 2251 4904 nico
2283 4850 2438 4920 apud
2473 4849 2769 4905 Mencken.
2803 4855 2844 4904 t.
2880 4849 2921 4903 Ι.

2122 4989 2296 5055 editor
2325 4991 2607 5055 Goldastus
2637 5005 2734 5055 pro
2759 4991 3026 5055 ARartpoldo
3058 5005 3152 5041 seu
3183 4991 3424 5042 Ratbodo
3477 4993 3775 5044 Trevirensi

2121 5053 2312 5116 legisse
2341 5053 2556 5102 videtur
2585 5053 2785 5103 Rolholt
2813 5053 3313 5118 Veronensis;quod
3337 5070 3400 5104 eo
3422 5055 3776 5118 verosimilius

2122 5119 2207 5190 eet
2223 5129 2342 5190 eum
2361 5129 2504 5190 .mox
2528 5121 2711 5190 postea
2741 5117 2880 5190 apud
2905 5116 3215 5190 Ggldastum
3235 5133 3321 5190 vui
3341 5117 3777 5190 Kal._Juliianno-

2122 5179 2226 5243 885Δ
2241 5177 2445 5243 legatur
2456 5177 2632 5229 obitus
2649 5177 2980 5229 Liuchwardi
2993 5181 3215 5231 Cumani
3235 5180 3494 5243 episcopi,
3506 5192 3625 5227 cum
3644 5179 3773 5243 san-

2121 5239 2454 5302 Gallen’sibus
2477 5243 2842 5302 confmderati,
2864 5243 2955 5292 ubi
2978 5257 3078 5292 nec
3097 5244 3150 5292 in
3175 5239 3334 5301 anno,
3367 5239 3464 5289 nec
3484 5242 3535 5288 in
3557 5242 3775 5290 nomine

2122 5301 2490 5353 difficultatem
2522 5305 2764 5355 reperio:
2797 5301 2948 5355 facile
2975 5305 3115 5354 enim
3147 5307 3202 5353 in
3235 5304 3377 5353 cifris
3405 5302 3654 5350 Romanis
3677 5316 3773 5352 nu-

2122 5379 2302 5414 merus
2330 5369 2555 5417 unarius
2585 5364 2602 5416 I
2634 5366 2758 5416 addi
2784 5368 2867 5417 vel
2888 5369 3059 5416 omitti
3092 5368 3280 5428 potuit,
3316 5367 3476 5426 prout
3503 5364 3663 5428 etiam
3685 5367 3776 5428 qui

2122 5379 2302 5414 merus
2330 5380 2555 5417 unarius
2585 5379 2599 5416 Ι
2634 5379 2758 5416 audi
2784 5379 2867 5417 vel
2888 5379 3059 5416 omitti
3092 5379 3280 5428 potuit,
3316 5379 3476 5426 prout
3503 5379 3663 5414 suam
3724 5380 3775 5415 un

2121 5428 2209 5477 hic
2231 5428 2527 5488 Ratpoldus
2551 5435 2786 5488 vocatur,
2805 5431 2858 5478 in
2875 5430 3041 5478 Gallia
3062 5427 3376 5484 Christiana,
3391 5430 3518 5474 tom.
3540 5427 3669 5486 XIII,
3685 5379 3775 5477 za-

2122 5491 2282 5560 bodus
2311 5489 2521 5561 dicitur.
2546 5507 2642 5561 pro
2674 5493 2878 5561 diverso
2910 5504 3099 5561 nempe
3121 5489 3571 5561 nominapropria
3596 5491 3778 5561 afﬁnia

2123 5553 2458 5616 exprimendi
2489 5552 2667 5605 modo.
2700 5556 2954 5604 Caeterum
2988 5552 3324 5616 Liutwardus
3342 5552 3425 5600 hic
3454 5553 3508 5602 in
3531 5554 3774 5602 sericCu-

2121 5613 2402 5683 manorum
2435 5619 2808 5683 episcoporum
2838 5617 2892 5665 in
2927 5615 3130 5680 Ughelli
3159 5613 3310 5668 Italia
3343 5629 3493 5668 sacra
3541 5619 3670 5669 tom.
3707 5616 3772 5668 VI

2120 5677 2453 5744 supplendus
2469 5677 2578 5732 'est.
2609 5677 2635 5726 ἱ
2975 5677 2993 5680 “
3711 5715 3714 5718 ~
