4108 6192
341 284 458 358 195

1150 283 1568 353 HERMANNI
1611 275 2061 352 GONTRACTI
2103 275 2520 347 AUGIENSIS
2563 279 2945 350 MONACHI.

3633 281 3750 351 1'98

1687 463 1918 526 GODEX
1955 456 2358 522 AUGIENSIS.

335 597 497 657 niam
527 597 747 674 singuli
770 615 906 660 cum
927 599 1334 674 adiacentibus
1356 594 1670 672 provinciis
1709 607 1982 666 accepere
2010 591 2066 658 Α
2097 590 2276 649 tiliam
2291 592 2567 651 Ludovici
2593 594 2754 652 Italie
2769 595 3210 670 imperatorisvi
3228 599 3526 671 rapuerat,
3539 613 3748 670 quem-

335 705 657 762 pacemque
686 689 838 745 inter
867 706 929 746 se
960 692 1322 746 sacramento
1365 687 1687 743 firmavere.
1747 716 1815 724 ——
1873 682 1983 738 Sed

337 776 580 836 Carolus
600 778 919 836 Galliarum
953 785 1236 847 tyrannus
1265 777 1433 849 (379),
1459 778 1757 846 comperta
1789 771 1983 827 fratris

333 873 518 924 morte
567 869 822 941 gavisus,
841 868 1036 922 statim
1057 866 1294 921 collecto
1312 865 1566 921 exercitu
1589 878 1834 934 regnum
1855 862 1982 932 ejus

331 957 530 1013 Rheno
553 956 892 1027 contiguum
922 955 1162 1010 invasit:
1191 970 1366 1026 quem
1387 970 1521 1008 cum
1547 950 1866 1008 Ludovicus
1886 949 1983 1005 Ju-

331 1045 460 1101 nior
489 1063 591 1118 per
621 1045 840 1118 legatos
873 1043 1058 1099 redire
1096 1059 1416 1116 pacemque
1478 1057 1706 1098 servare
1765 1041 1983 1095 frustra

331 1133 703 1206 postulasset,
736 1149 988 1204 eumque
1009 1133 1119 1188 sibi
1145 1132 1276 1188 dolo
1302 1131 1548 1187 insidias
1572 1135 1796 1187 struere
1819 1145 1978 1183 com-

327 1222 595 1294 perisset,
629 1222 876 1277 transito
908 1221 1128 1290 Rheno,
1156 1240 1258 1278 νιιι
1294 1222 1430 1276 Idus
1463 1220 1663 1278 Octob.
1711 1219 1767 1274 in
1829 1217 1978 1290 (380)

325 1310 602 1366 Ribuaria
634 1311 761 1382 [lcg.
794 1310 1084 1382 Ripuaria]
1121 1310 1272 1366 bello
1305 1309 1446 1364 inito
1477 1309 1635 1376 vicit,
1660 1306 1978 1378 multisque

325 1399 538 1455 occisis
569 1404 624 1454 et
653 1399 1115 1471 comprehensis,
1149 1398 1316 1453 illum
1355 1416 1498 1471 pene
1557 1399 1780 1453 nudum
1841 1413 1976 1451 cum

293 1487 528 1560 .paucis
550 1488 800 1560 turpiter
830 1489 1028 1561 fugere
1060 1488 1346 1561 compulit
1377 1493 1434 1543 et
1465 1492 1656 1544 castra
1685 1488 1812 1558 ejus
1843 1502 1976 1540 cum

322 1575 650 1632 innumeris
681 1577 884 1648 spoliis
915 1577 1179 1649 diripuit.
1212 1578 1413 1633 Annal.
1446 1576 1604 1632 Fuld.
1640 1578 1786 1632 Berl.

394 1665 551 1722 160
581 1667 685 1720 877
715 1665 965 1722 Linones
996 1671 1051 1721 et
1107 1665 1284 1722 Suisli
1323 1681 1642 1737 eorumque
1694 1664 1976 1730 confines,

322 1753 705 1810 defectionem
729 1753 1054 1821 molientes,
1070 1772 1103 1811 a
1117 1753 1391 1810 Ludovici
1418 1753 1800 1809 missisfacile
1817 1767 1975 1807 com-

323 1841 510 1913 pressi
542 1847 702 1912 sunt,
734 1843 936 1898 Annal.
969 1843 1126 1898 Fuld.
1160 1873 1228 1883 ——
1259 1841 1501 1898 Carolus
1517 1841 1834 1898 Galliarum
1864 1839 1975 1894 im-

322 1934 556 2002 perator
581 1930 929 2027 tyrannicus
959 1933 1158 1987 aestate
1188 1930 1327 2027 item
1351 1929 1600 2027 Italiam.
1648 1929 1972 2027 ingressus,
2009 1962 2056 2027 Β

321 2035 457 2074 cum
471 2017 924 2075 Carlomannum
939 2036 1171 2092 quoque
1197 2019 1398 2075 fratris
1411 2019 1501 2075 sui
1521 2017 1708 2074 filium
1724 2034 1786 2074 se
1799 2016 1976 2072 invito

319 2108 679 2164 transeensis
700 2107 945 2180 Alpibus
968 2125 1167 2182 pugna
1196 2124 1394 2164 secum
1427 2106 1698 2180 congredi
1718 2105 1860 2162 velle
1881 2123 1974 2162 co-

322 2195 636 2269 gnovisset,
669 2197 868 2269 fugam
901 2215 1060 2252 more
1081 2195 1332 2253 suoiniit
1362 2200 1420 2252 et
1449 2196 1602 2251 inter
1633 2195 1974 2268 fugiendum

321 2285 653 2357 dysenteria
682 2289 986 2357 correptus
1017 2285 1189 2356 periit
1219 2302 1369 2340 anno
1403 2283 1563 2357 regni
1593 2301 1809 2350 xxxvn,
1830 2287 1887 2339 et
1915 2283 1974 2338 in

321 2373 662 2444 Burgundia
692 2373 920 2445 Agauni
948 2374 1095 2446 (38l)
1128 2374 1398 2446 sepultus
1438 2377 1544 2429 est.
1581 2374 1781 2428 Annal.
1814 2374 1964 2429 Berl.

320 2489 392 2504 -—
417 2461 554 2516 Post
583 2477 759 2532 quem
792 2461 950 2516 filius
981 2461 1110 2532 ejus
1129 2462 1458 2517 Ludovicus
1486 2461 1704 2517 Balbus
1726 2477 1972 2534 regnum

323 2548 644 2607 Galliarum
677 2549 922 2622 accepit,
954 2554 1012 2606 et
1040 2551 1196 2622 apud
1227 2549 1520 2623 patrueles
1576 2551 1648 2606 de
1699 2550 1976 2606 omnibus

322 2638 508 2709 patris
537 2635 773 2708 injuriis
805 2653 867 2693 se
898 2654 1002 2710 per
1031 2637 1254 2710 legatos
1281 2654 1592 2707 excusans,
1615 2651 1817 2709 pacem
1837 2653 1973 2692 cum

321 2726 406 2782 eis
436 2726 606 2794 fecit;
637 2725 1060 2783 Carlomannus
1090 2743 1225 2783 vero
1256 2727 1559 2800 disposita,
1579 2730 1753 2799 prout
1767 2725 1970 2793 voluit,

319 2814 505 2884 Italia,
538 2815 598 2870 in
624 2815 954 2886 Bajoariam
986 2816 1158 2871 rediit
1176 2820 1235 2872 et
1254 2816 1414 2872 fratri
1444 2816 1730 2872 Ludovico
1749 2819 1972 2888 partem

321 2919 491 2960 suam
523 2903 594 2959 de
625 2920 803 2976 regno
836 2903 1086 2959 Lotharii
1114 2904 1386 2960 reddidit.
1419 2936 1488 2946 —-
1519 2905 1717 2960 Febris
1753 2903 1969 2972 Italica,

233 3046 236 3048 ν
319 2991 506 3048 tussis
553 2996 612 3048 et
670 2992 834 3048 dolor
887 2991 1214 3063 oculorum,
1275 2997 1332 3048 et
1369 2992 1718 3065 pestilentia,
1753 2991 1972 3049 multos

320 3079 576 3153 graviter
603 3082 828 3137 vexavit
857 3085 913 3138 et
942 3082 1249 3152 exstinxit,
1284 3083 1498 3138 Annal.
1533 3082 1690 3138 Fuld.

392 3168 497 3226 878
530 3170 859 3227 Ludovicus
891 3188 989 3228 rex
1016 3172 1338 3228 Germaniae
1379 3189 1513 3228 cum
1547 3172 1723 3228 fratre
1771 3169 1972 3227 Carolo

317 3272 565 3331 regnum
586 3259 844 3316 Lotharii
874 3259 1094 3316 divisit.
1118 3262 1464 3332 Lantpertus
1515 3262 1663 3333 (382)
1693 3265 1750 3318 et
1796 3258 1972 3318 Adal-

317 3351 520 3420 pertus
549 3349 794 3404 Comites
825 3352 1070 3404 Romam
1102 3365 1238 3404 cum
1264 3331 1442 3405 manu
1471 3331 1664 3406 valida
1686 3353 1968 3422 petentes,
2002 3331 2044 3398 C

316 3435 538 3491 Joanne
563 3452 713 3507 papa
744 3437 855 3491 sub
885 3437 1152 3493 custodia
1180 3441 1424 3504 retento,
1458 3439 1750 3512 principes
1768 3443 1973 3494 Roma-

319 3538 527 3581 norum
546 3522 722 3579 ﬁdem
737 3523 1122 3582 Carlomanno
1141 3529 1507 3582 sacramento
1521 3527 1753 3583 ﬁrmare
1772 3543 1971 3599 coege-

318 3618 492 3667 runt:
528 3611 682 3668 unde
713 3611 867 3669 idem
899 3629 1053 3686 papa
1081 3617 1411 3671 commotus
1442 3613 1747 3672 ecclesiam
1785 3615 1971 3672 sancti

317 3699 498 3768 Petri,
511 3700 788 3759 omnibus
799 3701 1094 3759 thesauris
1108 3703 1407 3760 Lateranis
1425 3702 1744 3775 translatis,
1763 3704 1974 3760 clausit

319 3789 630 3863 divinaque
659 3791 805 3847 inibi
830 3792 1023 3848 ofﬁcia
1053 3791 1346 3849 celebrare
1376 3792 1696 3866 prohibuit,
1732 3793 1972 3867 ipseque

318 3893 422 3952 per
453 3894 613 3934 mare
643 3879 1010 3954 Tyrrhenum
1043 3880 1263 3940 Gallias
1294 3882 1522 3952 adiens,
1579 3886 1769 3939 totum
1823 3900 1971 3955 pene

318 3966 463 4026 inibi
495 3973 758 4026 moratus
787 3973 877 4026 est
905 3987 1151 4027 annum.
1187 3970 1406 4028 Deinde
1431 3975 1738 4044 assumpto
1768 3987 1969 4030 secum

319 4055 547 4112 Bosone
575 4057 853 4128 quodam,
889 4059 990 4132 qui
1025 4059 1259 4133 propria
1280 4076 1458 4117 uxore
1483 4076 1702 4117 veneno
1742 4066 1967 4132 necata,

2093 698 2207 754 que
2235 682 2474 740 Carolus
2501 683 2812 740 Provinciae
2860 687 3216 758 praefecerat,
3266 691 3510 743 Romam
3569 685 3745 744 rediit

2092 773 2323 845 ipsique
2352 790 2598 846 regnum
2631 772 2806 828 Italia:
2836 774 3125 846 subjicere
3155 780 3211 830 et
3238 773 3625 832 Carlomanno
3640 793 3745 834 au-

2092 860 2241 916 ferre
2273 862 2515 918 studuit.
2531 860 2776 934 Eclipsis
2807 861 2949 918 solis
2979 881 3058 918 νιι
3091 864 3239 936 (383)
3284 862 3410 919 Kal.
3465 865 3745 922 Novemb.

2092 954 2225 1022 post
2273 967 2488 1007 nonam
2522 950 2729 1008 horam
2762 951 2934 1018 facta,
2967 968 3297 1026 magnaque
3337 952 3646 1011 hominum
3691 960 3749 1011 et

2089 1039 2268 1096 boum
2292 1039 2650 1112 pestilentia.
2676 1042 2878 1096 Annal.
2902 1039 3066 1096 Fuld.

2068 1149 2074 1163 ι
2159 1129 2265 1183 879
2278 1130 2699 1186 Carlomannus
2729 1147 2828 1186 rex
2849 1130 3128 1202 Bajoariaa
3149 1130 3402 1204 paralysi
3419 1131 3747 1190 dissolutus

2091 1235 2264 1274 usum
2279 1217 2553 1292 loquendi
2569 1218 2865 1276 amisitzad
2876 1220 3384 1291 quemLudovicus
3399 1221 3574 1277 frater
3584 1221 3750 1291 visen

2087 1305 2228 1362 dum
2244 1309 2500 1376 veniens,
2516 1308 3044 1382 regnumBajoariaa
3057 1307 3743 1382 disposuit.Annal.Fuld.

2087 1428 2154 1435 —
2168 1399 2208 1452 ι
2220 1399 2312 1453 0|
2329 1396 2869 1454 LudovicusBalbus
2884 1395 3227 1453 ﬁliusCaroli
3241 1398 3667 1456 rexGalliarum
3680 1418 3745 1458 ιιι

2089 1486 2225 1541 Idus
2255 1485 2438 1558 April.
2473 1487 2620 1559 (384)
2651 1486 2990 1559 Compendii
3021 1485 3166 1543 obiit
3195 1486 3393 1560 ibique
3423 1489 3742 1560 sepelitur;

2085 1575 2286 1631 Carolo
2318 1575 2438 1630 ﬁlio
2468 1575 2785 1647 posthumo
2827 1573 3026 1634 relicto
3057 1576 3405 1649 duobusque
3445 1577 3578 1634 aliis
3623 1596 3742 1636 non

2085 1661 2348 1736 legitima
2376 1664 2623 1736 conjuge
2650 1663 2823 1734 natis,
2863 1663 3148 1721 Ludovico
3179 1664 3404 1722 scilicet
3434 1671 3492 1722 et
3541 1667 3745 1724 Carlo-

2086 1767 2301 1808 manno
2330 1752 2388 1807 in
2420 1769 2664 1826 regnum
2697 1751 2781 1807 illi
2811 1752 3286 1810 succedentibus.
3327 1755 3531 1810 Annal.
3589 1758 3739 1814 Berl.

2087 1871 2156 1882 -—
2188 1842 2309 1907 Quo
2341 1846 2570 1897 mortuo
2631 1841 2960 1898 Ludovicus
3012 1858 3111 1898 rex
3158 1843 3482 1900 Germania
3537 1845 3741 1902 statim

2086 1929 2422 2002 contiguam
2446 1929 2558 1984 sibi
2579 1928 2824 1986 Galliam
2846 1929 3136 2003 Belgicam
3158 1931 3320 2003 petit,
3345 1931 3596 2005 indeque
3614 1951 3742 1992 rur-

2087 2035 2220 2074 sum
2251 2018 2312 2073 in
2343 2018 2669 2091 Bajoariam
2701 2037 2734 2074 a
2755 2018 3111 2091 quibusdam
3157 2025 3417 2089 vocatus,
3478 2039 3604 2094 qua:
3651 2023 3742 2079 vi.

2086 2108 2393 2175 debentur,
2409 2107 3085 2180 disposuit,fratremque
3097 2107 3552 2167 Carlomannum
3563 2127 3743 2186 aegro-

2085 2199 2233 2263 tum,
2266 2195 2480 2268 scripto
2510 2195 2560 2252 ei
2593 2212 2684 2252 res
2712 2213 2872 2263 suae,
2923 2193 3061 2268 quia
3108 2195 3314 2270 lingua
3358 2215 3476 2261 non
3525 2201 3737 2273 potuit,

2085 2284 2591 2342 commendentem
2614 2283 2839 2351 invisit,
2872 2283 3042 2356 eique
3062 2284 3504 2344 ministraturos
3519 2289 3739 2361 princi-

2083 2391 2186 2446 pes
2204 2373 2517 2430 nonnullos
2537 2371 2858 2445 deputavit.
2895 2374 3158 2445 Itemque
3185 2373 3386 2430 missis
3408 2375 3592 2448 copiis
3618 2381 3736 2432 Hu-

2082 2479 2294 2535 gonem
2326 2461 2581 2519 Lotharii
2614 2462 2766 2536 regis
2798 2478 2868 2518 ex
2905 2461 3215 2518 Waldrada
3235 2462 3528 2532 ﬁlium,in
3551 2465 3737 2523 Gallia

2082 2550 2310 2624 Belgica
2335 2551 2708 2624 tyrannidem
2737 2553 3120 2619 exercentem,
3146 2565 3279 2606 cum
3302 2551 3426 2608 suis
3446 2567 3737 2626 compres-

2082 2638 2176 2695 sit.
2209 2641 2356 2696 Boso
2386 2640 2724 2712 Burgundia
2751 2639 2952 2698 invasa
2972 2639 3341 2713 tyrannidem
3361 2646 3606 2698 exercet.
3627 2645 3732 2700 An.

2080 2729 2236 2785 Fuld.
2271 2731 2401 2788 Mel.

2153 2821 2258 2876 880
2289 2819 2487 2876 Hiems
2518 2817 2816 2892 prolixaet
2845 2817 3023 2876 nimis
3052 2817 3268 2890 frigida
3309 2817 3481 2876 iacta.
3534 2819 3728 2876 Ludo-

2077 2909 2240 2965 vicus
2271 2925 2368 2965 rex
2397 2908 2722 2965 Germania
2751 2908 2811 2964 in
2829 2904 3049 2965 Gallias
3075 2907 3314 2964 veniens
3345 2911 3401 2963 et
3431 2905 3584 2964 ﬁlios
3619 2912 3724 2964 Lu-

2081 2998 2269 3055 dovici
2301 2997 2462 3055 Balbi
2493 2997 2566 3054 ad
2587 3013 2652 3054 se
2669 2996 2966 3053 venientes
2998 2995 3347 3069 suscipiens,
3372 3013 3574 3069 pacem
3598 3014 3734 3053 cum

2080 3087 2165 3144 eis
2196 3087 2332 3144 fecit
2366 3091 2672 3159 totumque
2703 3085 2959 3142 Lotharii
2987 3101 3240 3158 regnum
3297 3085 3410 3142 sibi
3469 3085 3732 3158 subjicit.

2080 3176 2209 3250 Ipse
2239 3175 2385 3232 inito
2416 3192 2551 3232 cum
2596 3173 2972 3232 Nortmannis
2994 3173 3170 3247 quiin
3197 3173 3380 3232 Scilta
3397 3174 3544 3248 (385)
3557 3174 3736 3233 ﬂuvio

2080 3265 2438 3333 residebant,
2471 3263 2670 3337 pralio
2699 3263 2834 3336 plus
2859 3279 3037 3335 quam
3067 3263 3329 3335 quinque
3359 3263 3544 3320 millia
3559 3279 3629 3320 ex
3649 3263 3736 3322 eis

2081 3355 2293 3412 occidit
2315 3354 2515 3426 ibique
2534 3357 2702 3426 Hugo
2719 3370 2786 3410 ex
2816 3351 3142 3409 concubina
3161 3351 3319 3409 illius
3349 3354 3479 3426 ejus
3499 3352 3732 3411 cecidit.

2081 3445 2226 3500 Item
2255 3442 2601 3499 Nortmanni
2631 3441 2778 3500 inita
2797 3457 2933 3498 cum
2965 3440 3294 3498 Saxonibus
3322 3458 3523 3516 pugna
3547 3442 3731 3500 victo-

2082 3549 2195 3600 res,
2228 3532 2375 3588 duos
2403 3532 2708 3604 episcopos
2737 3531 2908 3604 (386),
2941 3547 3023 3586 ιιι
3054 3530 3324 3599 comites,
3354 3548 3494 3590 xvm
3539 3530 3732 3604 rogos

2081 3621 2299 3678 milites
2327 3638 2462 3677 cum
2490 3624 2691 3677 secuta
2719 3635 2936 3692 magna
2963 3618 3342 3676 multitudine
3357 3621 3733 3692 peremerunt

2079 3714 2137 3766 et
2166 3710 2424 3784 captivos
2453 3709 2669 3766 multos
2699 3709 3006 3765 duxerant.
3034 3709 3260 3777 Sorabi,
3279 3708 3580 3778 Dalmatae,
3602 3710 3734 3782 (Da-

2079 3798 2358 3870 lemincii)
2388 3803 2445 3857 et
2472 3797 2747 3856 Boemani
2796 3797 2985 3856 Sclavi
3017 3797 3255 3856 collecto
3287 3797 3542 3856 exercitu
3569 3797 3732 3857 Thu-

2080 3889 2334 3964 ringiam
2343 3889 2514 3961 juxta
2525 3889 2766 3945 ﬂuvium
2780 3885 2978 3945 Salam
2993 3887 3276 3960 populati,
3291 3905 3326 3944 a
3337 3888 3570 3960 Popone
3582 3903 3734 3948 mar-

2079 3978 2286 4035 chione
2303 3977 2709 4047 circumventi,
2734 3993 2940 4034 omnes
2964 3977 3252 4051 perempti
3271 3981 3428 4034 sunt.
3449 4008 3520 4018 -—
3539 3975 3733 4034 Cario.

2081 4083 2335 4123 manuus
2364 4083 2464 4124 rex
2496 4065 2772 4138 Bajoariae
2796 4065 2982 4134 fortis,
3003 4067 3262 4140 prudens
3280 4069 3337 4123 et
3356 4065 3513 4139 pius,
3531 4083 3588 4124 χι
3610 4064 3738 4124 Kal.

1373 4209 1844 4270 COMPENDIUM
1886 4214 1974 4272 EX
2018 4217 2270 4276 CODICE
2311 4217 2686 4276 BERNOLDI.

388 4332 494 4386 877
525 4331 749 4388 Carolus
778 4350 878 4390 rex
905 4334 1216 4391 Galliarum
1243 4338 1381 4392 obiit
1406 4351 1553 4392 anno
1581 4339 1740 4408 regni
1775 4356 1970 4396 xxxvn

313 4425 438 4493 post
465 4435 626 4493 quem
651 4422 802 4492 ﬁlius
829 4424 945 4495 ejus
977 4425 1278 4482 [Λιάουίσιιδ
1308 4425 1514 4481 Balbus
1563 4442 1795 4498 regnum
1845 4429 1970 4485 Gal-

321 4519 528 4576 liarum
556 4523 780 4594 accepit.

389 4609 496 4665 878
517 4610 821 4668 Ludovicus
842 4629 943 4668 rex
1003 4612 1313 4674 Germaniae
1368 4629 1492 4671 cum
1546 4617 1725 4685 fratre
1779 4615 1970 4674 Carolo

320 4713 552 4771 regnum
579 4701 830 4758 Lotharii
855 4702 1066 4761 divisit.

2152 4345 2258 4401 879
2288 4344 2592 4402 Ludovicus
2609 4342 2835 4412 Balbus,
2866 4344 3018 4416 ﬁlius
3049 4343 3255 4411 Caroli,
3284 4358 3383 4400 rex
3408 4341 3734 4413 Galliarum,

2081 4451 2145 4489 ιιι
2176 4433 2254 4490 Id.
2292 4433 2478 4507 April.
2513 4433 2832 4506 Compendii
2859 4433 3012 4490 obiit.

2150 4523 2256 4580 880
2283 4524 2726 4582 Carolomannus
2753 4539 2854 4579 rex
2883 4523 3161 4596 Bajoariae
3190 4522 3337 4596 apud
3392 4522 3588 4580 villam
3637 4521 3735 4579 Οι-

2076 4615 2292 4685 tingam
2315 4613 2453 4671 obiit
2477 4630 2536 4670 ιι
2565 4613 2688 4670 Kal.
2718 4613 2901 4685 April.

1924 4820 2150 4877 NOTAE.

394 4936 543 5065 $379)
575 4938 662 4995 Ita
690 4941 959 5025 Carolum
988 4944 1226 5002 Calvum
1256 4945 1480 5018 passim
1505 4944 1764 5028 appellat
1791 4961 1972 5027 anna-
2006 4948 2052 5014 D

394 5029 396 5057 ε
425 5008 805 5065 aFuldensis.
834 5019 1082 5065 scrmtnr
1103 5033 1312 5065 ne.an
1331 5022 1741 5065 Germanicus:
1769 5015 1973 5065 mitius

322 5007 459 5066 lista
475 5007 810 5094 Fulden'sis,
823 5015 1082 5094 scriptor
1103 5007 1312 5094 nempe
1331 5007 1742 5094 Germanicus;
1769 5015 1973 5094 mitius

323 5097 456 5166 vero
482 5083 658 5172 sentit
686 5083 1095 5172 Bertinianus;
1131 5083 1285 5170 unde
1343 5089 1400 5170 in
1459 5089 1649 5170 hujus.
1693 5083 1976 5172 temporis

323 5156 710 5227 scriptoribus
741 5157 944 5215 merito
977 5160 1107 5231 quis
1149 5160 1491 5232 primariam
1534 5156 1651 5214 veri
1711 5156 1976 5216 historici

324 5227 518 5303 dotem
545 5226 858 5302 desideret,
889 5231 1153 5288 animum
1186 5247 1392 5303 nempe
1421 5249 1456 5286 a
1493 5230 1750 5302 partium
1781 5233 1976 5288 studio

327 5297 667 5446 fhﬁ‘lglilfbe
697 5372 1066 5446 amplissimo
1095 5375 1204 5430 hoc
1233 5373 1371 5446 olilIl
1403 5372 1854 5446 Αυδίνδδὶωίδω
1878 5379 1979 5431 ω’

323 5438 1105 5566 :hapiggizepagoﬁipuaria
1133 5446 1250 5504 vid.
1283 5445 1492 5500 Chron.
1526 5445 1795 5502 Gottwis.
1831 5450 1870 5502 t.
1903 5448 1974 5513 II,

575 5543 777 5644 Potius
806 5588 865 5645 in
893 5591 1287 5649 Nantuacensi
1315 5589 1688 5646 monasterio.

417 5656 526 5713 382
567 5655 921 5721 'Lambertus
979 5664 1198 5729 Spoleti
1252 5664 1370 5720 dux
1419 5665 1561 5729 erat,
1621 5669 1688 5718 A4

417 5655 921 5729 382)'Lambertus
979 5664 1198 5739 Spoleti
1252 5664 1370 5720 dux
1419 5665 1561 5733 erat,
1621 5661 1976 5721 Adalbertus

2083 4961 2216 5004 vero
2249 4941 2474 5000 Tusciae
2507 4941 2788 5000 marchio.

2178 5016 2304 5090 383)
2335 5012 2592 5090 Annales
2625 5013 2791 5090 Fuld.
2823 5011 3038 5090 melius
3066 5015 3272 5090 ivnlial.
3302 5015 3444 5070 Nov.

2177 5080 2450 5164 38@)_Alii
2481 5089 2707 5158 ponunt
2737 5102 2793 5164 iv
2814 5085 2960 5164 Idus
3004 5085 3249 5164 Aprilis_
3272 5101 3388 5164 seu
3433 5083 3503 5164 ρο
3538 5080 3735 5164 Δᾼιξιῆι.

2085 5155 2211 5233 qua:
2244 5155 2357 5233 fuit
2386 5155 2796 5233 Parasoeveut
2814 5157 3032 5233 habent
3058 5155 3322 5233 annales
3340 5155 3662 5233 Vpdsstini.

2155 5232 2304 5304 (385)
2334 5228 2593 5304 annales
2621 5226 2787 5286 Fuld.
2819 5229 3040 5287 habent
3067 5230 3271 5298 Scalas,
3295 5228 3395 5300 qui
3445 5241 3602 5284 nunc
3649 5228 3740 5284 est

2086 5302 2302 5360 ὅσαιιῶ
2332 5302 2566 5358 ﬂuvius.

2155 5375 2305 5447 (386)
2333 5372 2758 5447 Theodoricum
2789 5372 3013 5430 scilicet
3041 5371 3408 5447 Mindensem
3465 5373 3522 5426 et
3576 5368 3734 5447 Mar-

2085 5443 2372 5519 quardum
2404 5443 2990 5519 Hildesheimensem.
3023 5448 3237 5502 Omnes
3271 5443 3332 5519 hi
3361 5459 3468 5519 ceu
3507 5444 3736 5519 marty-

2084 5511 2176 5573 res
2199 5516 2811 5590 Ebbekestorpienses,
2831 5516 3006 5590 eloco
3028 5534 3235 5590 pugnae
3256 5511 3734 5590 dictiLcoluntnr.

2085 5593 2343 5659 Quorum
2367 5583 2709 5660 tamenacta
2725 5583 3162 5660 (Leibnit.,'t.l,
3177 5587 3386 5660 Soript.
3411 5583 3750 5660 Brunsvic.)

2084 5658 2355 5722 fabulosa
2377 5663 2536 5718 sunt.
2562 5658 2694 5716 Vid.
2725 5663 2769 5715 t.
2803 5658 3263 5731 IBolland.,die
3286 5658 3324 5717 2
3354 5659 3520 5717 Febr.
