4152 6186
428 182 550 306 iss

1233 230 1655 304 HERMANNI
1698 224 2139 299 CONTRACTI
2182 221 2600 294 AUGIENSIS
2645 225 3028 294 MONACHI.

3725 216 3846 290 200

1822 390 2053 450 CODEX
2088 389 2462 448 AUGIENSIS

421 515 763 584 licentibus,
795 514 948 574 datis
996 515 1321 583 obsidibus,
1367 531 1502 572 cum
1549 528 1684 585 rege
1730 526 1934 568 eorum
1984 507 2069 562 Si-
2100 505 2155 573 Α
2181 506 2483 588 Ιέθαξηορ-
2511 503 2755 561 Carolus
2789 503 3107 579 imperator
3137 503 3197 562 in
3229 503 3497 563 citeriore
3546 501 3848 562 Pannonia

421 605 644 681 gefrido
689 603 838 676 (393)
889 607 1163 660 mutuum
1218 600 1578 674 colloquium
1640 599 1794 654 104
1850 594 2074 663 habuit,

422 710 677 768 eumque
730 693 1228 750 Christianitatem
1283 690 1611 763 professum
1659 687 1731 742 de
1783 684 2075 758 baptismo

422 783 702 856 suscepit,
755 782 1030 853 datisque
1088 783 1294 835 mutuo
1353 776 1699 832 muneribus
1747 781 1804 831 et
1847 775 2076 829 firmata

420 871 683 929 amicitia
715 869 962 941 digressi
994 872 1153 924 sunt.
1182 867 1316 922 Orto
1347 865 1500 920 inter
1523 865 1780 920 Saxones
1813 867 1869 918 et
1916 862 2072 918 Thu-

420 961 643 1034 ringios
675 957 847 1024 bello,
881 961 1134 1012 Saxones
1177 953 1508 1026 superiores
1556 953 1846 1009 exstitere.
1898 952 2080 1007 Pesti-

419 1049 598 1104 lentia
629 1062 841 1118 magna
873 1045 931 1101 in
963 1043 1233 1115 Bajoaria
1259 1044 1427 1100 facta.
1461 1043 1662 1100 Annal.
1696 1041 1876 1109 Fuld.,
1901 1042 2072 1109 Bert.,

416 1135 534 1191 Met.
547 1179 560 1203 ,
591 1135 713 1206 Reg.

489 1269 594 1324 883
622 1267 864 1325 Carolus
894 1267 1233 1338 imperator,
1279 1265 1569 1321 celebrato
1618 1264 1675 1318 in
1728 1262 2076 1318 Alamannis

416 1357 620 1414 Natale
645 1356 894 1422 Domini,
929 1355 999 1410 ad
1034 1354 1223 1410 sancti
1263 1353 1411 1411 Galli
1461 1369 1693 1425 quoque
1739 1351 2068 1408 coenobium

415 1445 575 1502 venit
623 1445 822 1516 ibique
867 1447 1097 1515 petente
1147 1443 1463 1499 Hardmoto
1512 1441 1722 1498 abbate
1761 1442 1886 1512 jam
1931 1454 2070 1496 sene

418 1533 823 1590 Bernbardum
857 1549 961 1604 pro
992 1547 1058 1587 eo
1092 1530 1362 1587 abbatem
1389 1529 1714 1596 constituit,
1750 1529 1851 1600 qui
1882 1528 2070 1584 eidem

417 1620 543 1678 loco
572 1639 651 1678 vn
683 1621 864 1677 annis’
887 1619 1121 1692 praefuit
1154 1637 1166 1674 :
1201 1619 1444 1691 ipseque
1475 1618 1804 1675 Ratisbonaa
1850 1617 2072 1674 Pascha

415 1711 552 1783 egit.
587 1712 822 1781 Ratpert.
853 1741 920 1750 -
944 1709 1140 1764 Romae
1164 1708 1422 1763 Joannes
1475 1723 1646 1779 papa,
1697 1707 1832 1762 dato
1878 1706 1991 1762 sibi
2037 1723 2071 1762 a

416 1800 671 1871 quodam
696 1798 1024 1870 propinquo
1046 1813 1153 1852 suo
1173 1811 1556 1861 veneno,cum
1589 1794 1781 1851 adhuc
1809 1795 2069 1850 victurus

415 1887 746 1956 putaretur,
779 1883 987 1939 malleo
1020 1899 1334 1954 percussus
1365 1883 1424 1937 in
1457 1879 1692 1938 eerebro
1725 1883 2068 1955 exspiravit;
2099 1879 2148 1946 B

415 1989 844 2044 percussorque
875 1973 1023 2043 ejus,
1057 1975 1437 2027 concurrente
1464 1971 1659 2038 turba,
1693 1971 1894 2027 eadem
1928 1971 2070 2028 hora

415 2079 450 2118 a
479 2061 642 2119 nullo
697 2061 873 2118 lassus
917 2061 1128 2117 cecidit
1175 2064 1472 2128 mortuus;
1507 2064 1564 2115 et
1605 2059 1893 2116 Martinus
1918 2061 2065 2132 (394)

414 2150 866 2206 archidiaconus
889 2166 1040 2222 papa
1068 2167 1157 2216 cx,
1193 2149 1399 2216 factus,
1429 2148 1660 2220 praefuit
1690 2165 1843 2204 anno
1865 2166 2070 2217 1,men-

414 2239 580 2294 sibus
610 2241 1022 2310 v1.1mperator
1052 2236 1292 2294 Carolus
1317 2237 1527 2292 iterum
1561 2237 1620 2291 in
1651 2237 1815 2292 Italia
1835 2237 2066 2293 obviam

413 2343 579 2399 papas
608 2327 797 2400 pergit
827 2331 885 2382 et
915 2326 1224 2383 Widonem
1273 2327 1484 2382 ducem
1523 2341 1690 2382 reum
1740 2325 2065 2398 majestatis

413 2419 754 2472 accusatum
796 2415 1117 2488 fugientem
1164 2416 1434 2489 persequi
1478 2414 1676 2486 jussit.
1728 2415 2068 2473 Pestilentia

412 2504 732 2560 exercitum
764 2503 1009 2559 vexavit.
1031 2506 1176 2560 Item
1203 2505 1459 2561 Saxones
1485 2520 1618 2559 cum
1649 2503 1989 2576 Thuringiis
2010 2508 2066 2560 et

414 2592 646 2665 Popone
675 2593 825 2665 (395)
857 2596 1187 2666 pugnantes
1236 2593 1494 2660 vincunt,
1546 2592 1893 2649 Nortmanni
1921 2592 2063 2650 item

412 2681 712 2740 Prumiam
747 2687 1007 2755 petentes
1037 2699 1072 2739 a
1110 2681 1376 2738 Heinrico
1428 2681 1766 2738 marchione
1813 2682 2066 2754 Poponis

413 2769 588 2827 fratre
636 2771 708 2827 ad
753 2771 1209 2828 internecionem
1257 2771 1390 2828 cassi
1439 2774 1598 2828 sunt.
1640 2802 1710 2812 —-
1742 2770 2066 2827 Ludovicus

413 2874 514 2914 rex
543 2858 764 2928 Gallias,
796 2863 1106 2931 postquam
1156 2875 1403 2932 regnum
1451 2857 1677 2914 fortiter
1703 2858 1851 2915 rexit
1879 2862 1936 2915 et
1964 2859 2063 2915 de-

415 2945 940 3017 fendit,defunctus
963 2951 1020 3003 et
1038 2947 1300 3004 Parisius
1326 2946 1591 3020 sepultus
1615 2951 1704 3003 est
1723 2955 1881 3004 sexto
1904 2947 2067 3021 regni

413 3051 566 3115 anno
609 3035 779 3107 (396).
825 3034 1166 3092 Zuentibald
1211 3036 1329 3092 dux
1376 3035 1810 3093 Marahensium
1841 3035 2064 3092 Panno-

410 3122 560 3193 nias,
593 3124 810 3196 quibus
840 3124 1118 3181 Arnoll‘us
1150 3125 1268 3181 dux
1295 3123 1454 3181 ﬁlius
1493 3124 1864 3181 Carlomanni
1913 3125 2067 3198 regis

409 3213 662 3284 praefuit,
694 3213 1010 3270 crudeliter
1040 3218 1246 3270 vastat.
1279 3214 1479 3270 Annal.
1513 3213 1669 3270 Fuld.

480 3343 584 3397 884
615 3343 862 3413 Bajoarii
898 3344 960 3398 in
994 3343 1224 3400 Italiam
1275 3349 1478 3401 contra
1524 3344 1836 3400 Widonem
1878 3344 2063 3402 missi.

412 3428 556 3484 Item
589 3429 934 3486 Zuentibald
970 3431 1304 3487 Pannonias
1335 3432 1765 3489 immanissima
1804 3438 2063 3502 vastans,

415 3517 702 3589 quosdam
735 3533 804 3573 ex
835 3518 1120 3588 Bajoariis
1155 3520 1327 3590 juxta
1374 3519 1595 3576 Rabam
1629 3520 1749 3591 [a,),
1784 3521 2066 3594 Raabam]

411 3605 628 3663 flumen
683 3606 914 3662 incaute
971 3623 1313 3679 congressos
1346 3607 1500 3673 vicit,
1534 3609 1860 3681 occisisque
1910 3609 2063 3678 aliis,

411 3694 727 3753 nonnullos
756 3695 1219 3769 comprehendit.
1243 3729 1309 3738 —
1337 3695 1489 3754 165
1523 3696 1945 3754 Carlomannus
1967 3714 2067 3754 rex

410 3783 790 3852 Gallieaﬁlius
822 3785 1098 3841 Ludovici
1131 3785 1457 3852 Balbi,cum
1474 3785 1720 3841 multam
1755 3786 2063 3858 pecuniam

409 3872 790 3930 Nortmannis
842 3891 946 3947 pro
995 3890 1136 3946 pace
1167 3875 1444 3944 dedisset,
1476 3874 1535 3930 in
1575 3878 1786 3930 venatu
1817 3875 1892 3931 ab
1923 3893 2063 3948 apro

411 3977 725 4033 percussus
755 3961 977 4018 interiit
1004 3979 1156 4019 anno
1189 3963 1352 4036 regni
1372 3981 1474 4034 vn,
1497 3968 1556 4020 et
1586 3980 1830 4037 regnum
1863 3963 2062 4020 Callias

411 4049 482 4106 ad
531 4048 803 4106 Carolum
836 4050 1250 4123 imperatorem
1299 4052 1491 4110 rediit.
1541 4052 1743 4111 Chron.
1797 4055 2058 4110 Norman.

2186 597 2537 652 conventum
2569 593 3269 651 habens.Zuentibaldum
3294 595 3508 652 ducem
3539 593 3846 651 Marahen-

2186 683 2342 740 sium
2365 701 2468 756 per
2495 699 2706 739 manus
2729 699 2790 739 se
2811 683 3070 739 dominio
3093 685 3222 754 ejus
3253 684 3844 755 tradentem,pacem-

2185 788 2300 844 que
2343 776 2400 828 et
2446 771 2748 828 servitium
2796 771 3237 843 promittentem
3281 771 3560 844 suscepit.
3586 774 3845 844 Itemque

2185 861 2596 917 Brazlavonem
2647 861 2882 927 ducem,
2913 860 3014 932 qui
3045 860 3198 916 inter
3244 860 3500 916 Dravum
3533 865 3589 916 et
3626 862 3840 917 Savum

2184 948 2393 1007 ﬂuvios
2411 949 2721 1006 Pannonias
2756 947 3396 1022 praefuit,nihilominus
3419 965 3481 1005 se
3510 949 3838 1007 tradentem

2184 1037 2424 1110 accepit.
2465 1039 2594 1110 Ipse
2625 1054 2728 1110 per
2757 1040 3148 1093 Carentanum
3195 1037 3256 1093 in
3308 1037 3533 1094 Italiam
3577 1038 3835 1109 veniens,

2182 1123 2451 1182 Natalem
2483 1125 2716 1182 Domini
2749 1126 2938 1198 Papiae
2965 1125 3297 1182 celebravit.
3331 1128 3535 1182 Annal.
3572 1128 3727 1183 Fuld.

2254 1217 2360 1270 885
2391 1216 2712 1286 Imperator
2739 1213 3212 1279 Carolus,habito
3245 1214 3305 1270 in
3340 1214 3506 1271 Italia
3526 1221 3838 1286 conventu,

2182 1303 2493 1360 Widonem
2525 1305 2733 1360 ducem
2758 1303 3228 1376 Spolelanum,se
3251 1308 3631 1360 excusantem
3655 1321 3840 1376 seque

2183 1393 2530 1450 subdentem
2563 1393 2823 1465 suscepit
2846 1391 3012 1447 :inde
3041 1391 3257 1448 Gallias
3290 1392 3493 1448 adiens
3524 1393 3838 1466 susceptis-

2184 1498 2297 1556 que
2324 1481 2701 1555 primoribus,
2735 1497 2982 1554 regnum
3013 1479 3179 1548 illud,
3217 1484 3282 1536 ut
3299 1481 3835 1554 videbatur,dispo-

2181 1571 2434 1639 nens,ad
2457 1571 2794 1626 condictum
2810 1587 2944 1626 cum
2967 1585 3120 1642 papa
3137 1567 3417 1641 placitum
3448 1570 3834 1627 Wormatiam

2178 1659 2354 1717 venit.
2387 1659 2498 1716 Sed
2532 1675 2701 1731 papa,
2744 1663 2973 1731 arrepto
3027 1659 3100 1714 ad
3134 1675 3268 1714 eum
3308 1658 3576 1715 veniendi
3607 1659 3832 1728 itinere,

2179 1749 2324 1806 obiit
2355 1747 2865 1822 (397);Roms3que
2896 1765 2999 1820 pro
3031 1764 3096 1804 eo
3120 1747 3408 1804 Adrianus
3439 1749 3514 1804 III
3547 1765 3698 1820 papa
3716 1764 3832 1814 cxi,

2179 1836 2330 1893 sedit
2357 1853 2510 1894 anno
2543 1854 2582 1905 ι,
2617 1836 2920 1892 mensibus
2955 1853 3028 1892 ιν.
3063 1836 3250 1909 Suppl.
3285 1836 3535 1892 Lambec.
3557 1867 3628 1878 —
3655 1837 3832 1893 Gota-

2180 1925 2367 1982 fridus
2400 1942 2498 1980 rex
2525 1924 3314 1997 Nortmannorum,perﬁdia3
3344 1929 3547 1981 contra
3576 1941 3831 1998 regnum

2176 2013 2531 2070 Francorum
2562 2013 3046 2082 insimulatus,ab
3067 2013 3213 2086 ipsis
3236 2013 3674 2069 accusatoribus
3696 2013 3831 2071 dolo

2177 2107 2516 2175 peremptus
2547 2102 2828 2174 est.Hugo
2859 2117 3093 2174 quoque
3123 2101 3344 2158 nothus
3374 2101 3630 2158 Lotbarii
3655 2102 3830 2175 regis,

2177 2208 2312 2248 cum
2343 2192 2576 2248 incaute
2605 2195 2809 2246 contra
2848 2191 3263 2264 imperatorem
3314 2191 3580 2264 agitaret,
3630 2191 3831 2248 oculo-

2176 2296 2308 2335 rum
2337 2279 2465 2336 luce
2495 2279 2757 2351 privatus
2797 2281 2904 2346 est,
2941 2284 3070 2350 Reg.
3106 2309 3171 2319 -—
3203 2279 3318 2334 Pax
3348 2278 3501 2334 inter
3530 2279 3830 2335 Arnolfum

2175 2367 2484 2424 Carentani
2503 2372 2561 2423 et
2589 2367 2902 2424 Pannonia
2925 2368 3133 2423 ducem
3157 2372 3214 2423 et
3235 2366 3684 2424 Zuentibaldum
3709 2368 3829 2424 Ma-

2175 2457 2486 2513 rabensem
2517 2456 2728 2512 ducem
2760 2455 3160 2513 conﬁrmatur.
3196 2455 3399 2511 Annal.
3431 2455 3594 2512 Fuld.

2245 2545 2351 2600 886
2382 2545 2724 2617 Imperator,
2755 2543 3042 2601 celebrato
3096 2543 3430 2600 Ratisbonzn
3483 2543 3686 2600 Natale
3715 2544 3829 2600 Do-

2176 2632 2580 2702 mini,Italiam
2610 2649 2646 2689 a
2675 2649 2827 2706 papa
2853 2631 3132 2690 invitatus
3163 2632 3401 2713 adiit,'t
3420 2632 3828 2691 Liutwardum

2173 2721 2600 2778 Versellensem
2632 2721 2971 2794 episcopum
2995 2738 3099 2794 pro
3121 2717 3479 2793 quibusdam
3502 2721 3830 2794 quaerendis

2176 2811 2421 2868 Romam
2451 2810 2633 2867 misit.
2666 2809 2982 2867 Tumultus
3012 2810 3201 2884 Papiae
3233 2811 3385 2867 inter
3414 2811 3568 2868 cives
3607 2811 3827 2884 regios-

2175 2915 2289 2971 que
2318 2897 2533 2955 milites
2562 2899 2722 2972 gravi
2750 2903 3136 2971 utrorumque
3185 2900 3399 2956 damno
3443 2905 3723 2955 movetur.
3757 2931 3830 2943 —-

2176 2989 2498 3060 Imperator
2525 2987 2723 3044 habito
2751 2992 2884 3061 post
2910 2987 3135 3044 Pascha
3164 2988 3356 3060 Papia
3383 2992 3690 3058 conventu,
3723 3005 3830 3063 per

2175 3077 2576 3150 Burgundiam
2606 3076 2824 3134 Gallias
2855 3080 3056 3133 contra
3083 3077 3479 3134 Nortmannos
3499 3077 3681 3150 petiit.
3719 3078 3828 3134 Ubi

2177 3183 2311 3224 cum
2342 3165 2496 3223 male
2527 3170 2730 3223 contra
2757 3182 2857 3223 eos
2886 3169 3211 3239 pugnatum
3233 3170 3407 3235 esset,
3431 3169 3490 3222 et
3520 3167 3828 3224 Heinricus

2097 3249 2139 3316 C
2177 3254 2439 3312 marchio
2469 3255 2750 3312 Neustrie
2778 3254 3170 3323 occubuisset,
3203 3255 3381 3311 rebus
3428 3256 3628 3312 minus
3661 3273 3828 3329 pros-

2176 3359 2311 3417 pere
2357 3345 2539 3417 gestis
2585 3344 2876 3401 discessit.
2923 3345 3077 3401 IOB
3125 3343 3497 3416 Peringarius
3545 3347 3667 3417 [al.,
3719 3347 3828 3402 Be-

2177 3433 2506 3505 rengarius]
2537 3433 2656 3488 dux
2687 3431 3121 3504 Forojuliensis,
3145 3448 3279 3488 cum
3311 3433 3648 3490 Luitwardo
3669 3434 3832 3506 epis-

2176 3537 2319 3592 copo
2361 3519 2736 3588 dissentiens,
2778 3519 3207 3576 Vercellensem
3255 3521 3459 3577 urbem
3514 3521 3821 3594 exspoliat.

2176 3607 2416 3665 Insolita
2446 3608 2752 3664 inundatio
2801 3607 3072 3664 autumni
3123 3613 3384 3681 tempore
3429 3610 3598 3679 facta,
3634 3626 3828 3666 exun-

2176 3697 2451 3753 dantibus
2475 3697 2668 3768 aquis,
2703 3695 2989 3768 plurimas
3015 3695 3187 3754 villas
3207 3699 3411 3754 evertit
3439 3702 3498 3754 et
3525 3698 3730 3754 multis
3759 3700 3826 3756 in

2175 3785 2476 3842 montibus
2505 3785 2629 3842 vias
2656 3785 2856 3854 diruit,
2891 3785 3192 3858 multaque
3219 3787 3569 3846 mortalibus
3607 3788 3830 3845 damna

2171 3874 2390 3931 intulit.
2438 3875 2633 3932 Roma
2669 3875 2911 3947 quintus
2960 3875 3290 3948 Stephanus
3319 3875 3467 3949 (398)
3495 3893 3648 3950 papa
3703 3892 3827 3933 ειη

2175 3967 2309 4037 post
2357 3963 2683 4020 Adrianum
2726 3963 3055 4032 ordinatus,
3105 3965 3260 4022 sedit
3305 3965 3473 4022 annis
3511 3982 3587 4022 v1.
3624 3967 3836 4022 Annal.

2177 4052 2331 4108 Fuld.

1464 4291 1941 4348 COMPENDIUM
1979 4293 2069 4348 EX
2107 4290 2360 4349 CODICE
2398 4291 2781 4349 BERNOLDI.

480 4413 586 4467 883
637 4414 816 4469 Roma:
869 4416 1107 4472 Joannes
1157 4433 1303 4489 papa
1363 4432 1404 4474 a
1464 4417 1702 4489 quodam
1769 4420 2066 4475 toxicatus.
2100 4423 2146 4488 D
2176 4420 2317 4474 nuit.

411 4503 579 4558 etiam
603 4518 637 4557 a
668 4503 904 4574 quodam
952 4505 1064 4560 alio
1109 4521 1396 4576 percussus
1439 4507 1638 4562 malleo
1667 4506 1822 4575 obiit,
1849 4509 2065 4563 statim-

408 4606 512 4659 que
543 4603 836 4662 percussor
862 4596 982 4664 ejus
1012 4610 1046 4648 a
1086 4596 1307 4651 nemine
1354 4595 1517 4652 la'sus
1562 4597 1800 4660 moritur
1826 4615 1848 4652 .·
1875 4604 1928 4652 et
1952 4597 2061 4653 Ma-

409 4678 569 4734 rinus
599 4679 1026 4737 archidiaconus
1046 4699 1190 4755 papa
1229 4699 1297 4738 cx
1323 4686 1533 4755 profuit
1562 4701 1707 4741 anno
1738 4701 1868 4754 uno,
1907 4701 2063 4741 men-

408 4767 559 4821 sibus
587 4783 703 4822 sex.
730 4769 1030 4826 Ludovicus
1064 4787 1164 4827 rea:
1195 4773 1385 4829 Gallia
1415 4773 1574 4829 obiit.

478 4855 582 4908 884
613 4855 1041 4914 Carolomannus
1088 4861 1238 4929 ﬁlius
1267 4861 1526 4916 Ludovici
1570 4862 1752 4927 Balbi,
1795 4878 1896 4918 rex
1937 4862 2064 4918 Gal-

408 4942 526 5008 liae,
555 4941 690 4998 obiit
717 4951 771 4999 et
795 4961 1026 5015 regnum
1069 4947 1268 5006 Galliw
1295 4951 1527 5006 Carolus
1576 4952 1878 5021 imperator
1925 4951 2064 5005 obti-

2243 4507 2350 4563 885
2378 4508 2621 4562 Marinus
2644 4523 2796 4580 papa
2821 4507 2981 4577 Obttl,
3007 4522 3112 4578 pro
3141 4521 3244 4577 quo
3263 4505 3540 4564 Adrianus
3568 4507 3662 4580 ιιι,
3678 4522 3839 4580 papa

2172 4611 2284 4663 CXI,
2315 4595 2453 4652 sedit
2480 4611 2626 4650 anno
2655 4611 2783 4662 uno,
2817 4594 3097 4651 mensibus
3130 4597 3364 4666 quatuor
3393 4635 3408 4650 .

2242 4686 2347 4740 886
2403 4685 2708 4755 Imperator
2761 4699 2796 4738 a
2845 4700 2994 4755 papa
3056 4685 3322 4740 invitatus
3379 4684 3602 4740 Italiam
3657 4685 3838 4744 venit.

2171 4777 2360 4829 Romae
2388 4772 2613 4842 quintus
2641 4769 2950 4842 Stephanus
2971 4779 3091 4842 post
3119 4771 3429 4829 Adrianum
3469 4771 3609 4828 sedit
3656 4776 3842 4832 annis

2172 4875 2270 4915 sex
2278 4900 2289 4912 .

1994 5102 2227 5161 NOTE.

407 5289 464 5346 la
469 5218 626 5346 I(11283)
657 5221 885 5296 Reliqui
913 5225 1167 5284 Annales
1205 5243 1400 5301 regem
1441 5227 1820 5284 Godefridum
1860 5228 2056 5302 appel-

420 5427 424 5429 ,
460 5360 625 5446 (394)
655 5365 907 5446 {Annales
939 5367 1104 5446 Fuld.
1133 5374 1284 5425 recte
1314 5370 1576 5438 Marinus,
1613 5370 1712 5442 qui
1746 5370 1804 5425 id
1850 5372 1917 5426 ad
1953 5388 2055 5428 an-

406 5444 553 5504 num
582 5440 836 5504 priorem
868 5440 1151 5496 referunt.

475 5503 628 5649 (395)
652 5507 987 5583 Thuringiw
1017 5513 1184 5568 duce.
1329 5581 1339 5590 .

476 5575 606 5648 (396
629 5576 805 5638 Juxta
837 5583 1092 5641 Annales
1125 5583 1490 5640 Bertinianos
1525 5581 1732 5638 Ludovi

476 5575 805 5648 (396)Juxta
837 5575 1092 5641 Annales
1125 5581 1490 5640 Bortinianos
1525 5581 1844 5642 Ludovicus
1876 5585 2053 5641 Fran-

2167 5228 2265 5284 cia:
2285 5227 2409 5300 rexj
2419 5243 2512 5284 am
2527 5243 2728 5311 mense
2742 5231 3005 5310 Augusto
3019 5243 3170 5283 anno
3177 5227 3374 5353 priore
3385 5226 3697 5309 defunctus
3708 5229 3824 5308 est.

2239 5301 2386 5353 (397)
2415 5300 2589 5353 Pana.
2623 5317 2724 5353 am
2775 5301 2835 5353 in
2883 5298 3092 5353 itinere
3141 5315 3172 5353 ο
3219 5302 3304 5353 ut.
3349 5299 3641 5353 Adrianus
3683 5297 3821 5353 fuit.

2239 5297 2589 5373 (397)'Papa,
2623 5300 2725 5373 qui
2775 5297 2866 5355 in'
2883 5298 3092 5354 itinere
3141 5297 3304 5373 obiit.
3349 5298 3641 5356 Adrianus
3664 5297 3821 5373 fuit,

2167 5369 2282 5427 non
2331 5369 2806 5442 Marianus'ejus
2861 5373 3211 5438 antecessor,
3239 5370 3366 5442 jam
3419 5386 3618 5428 mense
3663 5369 3823 5427 Maio

2166 5459 2258 5497 an.
2285 5442 2389 5500 88!:
2424 5446 2712 5496 mortuus.

2237 5513 2384 5586 (398)
2435 5511 2839 5586 stephanusV
2878 5511 3009 5586 jam
3042 5527 3246 5570 mense
3289 5511 3614 5586 Septembri
3663 5526 3823 5567 anno

2164 5583 2354 5658 priore
2385 5581 2668 5640 suffectus
2697 5587 2785 5639 est
2811 5581 3088 5641 Adriano.
