4152 6186
357 377 476 456 211

1180 380 1595 464 ΗΕΒΜΑΝΝῙ
1639 390 2076 462 CONTRACTI
2117 391 2535 463 AUGIENSIS
2578 394 2969 484 nomen“

3644 396 3765 465 212

1730 547 1962 605 CODEX
1997 546 2396 606 AUGIENSIS.

359 642 544 702 ferme
571 660 635 715 II,
662 648 719 702 et
746 650 880 720 post
906 646 1065 704 hunc
1091 647 1347 705 Joannes
1377 648 1441 719 X,
1466 663 1620 721 papa
1646 646 1882 715 CXXVI,
1908 662 2008 702 an-
2038 652 2091 714 Α
2118 646 2372 720 bateque
2401 647 2649 704 caanobii
2679 650 2864 705 sancti
2893 648 3043 706 Galli
3072 650 3372 718 defuncto,
3392 648 3684 724 Notingus
3703 649 3769 707 in

361 733 456 791 nis
482 751 597 806 xtv,
632 737 935 793 mensibus
970 755 1010 792 ιι
1040 736 1211 810 (439).

431 824 538 880 916
566 824 849 899 Hungarii
890 826 1029 881 item
1062 825 1279 898 egressi
1311 825 1464 881 inter
1494 824 1609 880 alia
1639 824 1793 881 mala
1824 827 2007 880 totam

360 930 509 986 pene
537 914 943 971 Alamanniam
974 914 1108 986 igne
1133 918 1190 969 et
1213 913 1406 986 gladio
1436 912 1848 970 miserabiliter
1876 929 2008 968 vas-

361 1005 510 1058 tant.
542 1003 741 1057 Annal.
773 1002 922 1058 Sa'xo
963 1019 1056 1057 an.
1089 1002 1213 1058 915.
1237 1033 1307 1043 —
1333 1004 1464 1075 Ipso
1513 1020 1664 1058 anno
1710 1003 1863 1075 apud
1914 1000 2008 1056 A1-

362 1090 545 1147 theim
578 1107 772 1145 coram
815 1091 998 1146 misso
1043 1091 1359 1164 apostolico
1405 1092 1664 1165 synodus
1692 1091 1912 1147 habita.
1941 1121 2008 1131 —-

360 1179 559 1253 Augiae
590 1178 898 1253 Thietingo
942 1181 1152 1237 abbate
1198 1182 1492 1249 defuncto,
1545 1179 1878 1236 Hieribraht
1908 1179 2008 1234 ab-

362 1268 469 1324 bas
516 1268 633 1335 XX,
665 1268 894 1341 praefuit
938 1269 1110 1325 annis
1141 1288 1195 1324 x.
1236 1269 1403 1341 Apud
1456 1273 1722 1325 sanctum
1774 1267 2006 1323 Gallum

362 1356 533 1412 beata
560 1357 722 1427 virgo
751 1356 1070 1412 Wiborada
1102 1357 1321 1414 arctius
1350 1355 1578 1413 inclusa
1606 1360 1716 1412 est.
1750 1356 1948 1428 llepid.

426 1445 534 1499 917
565 1445 846 1517 Hungarii
886 1462 1147 1517 pervasa,
1182 1450 1247 1502 ut
1292 1450 1603 1518 cmperant,
1638 1445 2005 1512 Alamannis,

358 1532 646 1589 Basileam
664 1534 869 1590 urbem
889 1534 1230 1605 destruunt;
1250 1536 1500 1607 indeque
1518 1534 1740 1591 Alsatia
1761 1537 2008 1600 vastata,

354 1621 612 1678 Lotharii
644 1638 912 1695 regnum,
949 1623 1135 1680 multa
1178 1623 1334 1680 mala
1365 1624 1666 1690 facientes,
1700 1622 2006 1679 invadunt.

353 1711 478 1782 Reg.
515 1711 666 1767 Cont.
692 1742 760 1753 —-
789 1712 1141 1786 Erchanger,
1177 1712 1276 1785 qui
1324 1714 1604 1768 ducatum
1648 1711 2011 1767 Alamanniae

348 1800 664 1868 invaserat,
697 1818 832 1857 cum
880 1802 1056 1858 fratre
1092 1800 1403 1858 Bertholdo
1434 1801 1556 1874 regi
1605 1800 1867 1856 Conrado
1915 1817 2003 1856 re-

348 1886 655 1956 bellantes,
674 1890 847 1963 eique
868 1891 1105 1945 tandem
1124 1891 1193 1946 ad
1215 1889 1570 1946 deditionem
1593 1906 1695 1961 spe
1717 1888 2006 1961 pactionis

2114 735 2457 809 episcopatu
2490 737 2661 794 annis
2690 755 2782 806 xv,
2814 739 3215 797 Hartmannus
3257 738 3319 795 in
3359 738 3595 796 abbatia
3622 756 3769 813 qua-

2113 827 2246 880 tuor
2278 826 2458 882 ferme
2487 826 2660 883 annis
2689 832 3121 884 successerunt.
3154 828 3250 883 Al.
3281 844 3337 883 a.
3367 828 3494 883 920.

2182 915 2290 970 920
2318 914 2558 971 Carolus
2592 931 2690 971 rex
2719 914 3044 971 Galliarum
3072 916 3134 971 in
3166 915 3471 972 Franciam
3501 916 3650 989 (443)
3670 934 3769 974 ve-

2114 1002 2221 1058 nit.
2245 1004 2414 1075 Apud
2444 1006 2720 1060 sanctum
2753 1003 2986 1060 Gallum
3019 1004 3318 1060 Rachildis
3349 1005 3510 1078 virgo
3539 1005 3771 1065 inclusa

2113 1093 2222 1146 est.
2253 1092 2447 1162 Hepid.

2183 1178 2291 1234 922
2323 1179 2674 1237 Liuthardus
2706 1198 2740 1236 a
2782 1179 3086 1236 Buchardo
3132 1181 3302 1251 duce,
3333 1196 3609 1252 oppresso
3656 1182 3768 1239 He-

2114 1267 2328 1325 riberto
2356 1270 2528 1341 (444),
2558 1269 2757 1341 Augiae
2787 1269 3157 1343 praepositus,
3190 1273 3250 1327 et
3292 1268 3501 1326 fratres
3529 1269 3591 1325 in
3621 1271 3770 1329 exsi-

2114 1357 2261 1413 lium
2291 1358 2460 1414 missi
2488 1363 2646 1415 sunt.

2183 1447 2288 1502 923
2310 1447 2564 1520 Sanguis
2575 1446 2808 1503 Domini
2831 1447 2890 1502 in
2906 1446 3154 1519 Augiam
3176 1445 3435 1504 insulam
3457 1464 3492 1503 a
3511 1449 3766 1520 quadam

2114 1539 2384 1592 matrona
2411 1536 2690 1603 defertur,
2718 1534 2892 1592 sicuti
2919 1534 3129 1592 litteris
3157 1534 3302 1591 inibi
3324 1535 3606 1592 historica
3624 1537 3769 1595 rela-

2114 1623 2270 1680 tione
2297 1625 2447 1696 (445)
2478 1624 2824 1681 continetur.
2849 1623 3019 1697 Apud
3067 1627 3341 1680 sanctum
3387 1622 3621 1680 Gallum
3650 1626 3768 1681 En-

2113 1711 2410 1785 gelbertus
2441 1713 2621 1770 abbas
2651 1713 3006 1769 constitutus
3040 1712 3213 1768 annis
3242 1730 3300 1767 1x
3332 1712 3565 1784 prafuit
3592 1715 3763 1787 (446).

2182 1802 2288 1857 924
2317 1806 2567 1859 Sanctus
2594 1801 2938 1859 Voldaricus
2981 1804 3258 1875 Augustae
3287 1800 3598 1857 Vindelicis
3639 1803 3764 1875 epi-

2112 1906 2327 1963 scopus
2373 1890 2681 1948 ordinatus
2711 1890 2885 1964 (447),
2919 1889 3070 1945 mira
3114 1888 3327 1962 pietate
3376 1893 3434 1945 et
3480 1886 3763 1964 religione

349 1978 673 2046 venientes,
702 1978 829 2051 ipso
851 1979 1097 2050 jubente
1126 1979 1283 2053 apud
1312 1978 1511 2036 villam
1540 1979 1831 2050 Adingam
1856 1977 1999 2049 (440)

2135 1978 2343 2035 irazl‘uit
2370 1980 2539 2036 annis
2567 1997 2617 2034 L.

361 2066 728 2123 decollantur
766 2085 844 2123 x11
896 2068 1019 2124 Kal.
1052 2069 1216 2125 Febr.
1251 2068 1449 2125 Chron.
1483 2068 1620 2139 Aug.
1651 2066 1847 2123 Ekkeh.
1871 2067 2001 2139 jun.

416 2156 523 2211 918
556 2156 855 2212 Burchard
868 2174 936 2213 us
958 2158 1128 2229 (441),
1153 2159 1271 2213 dux
1289 2156 1645 2213 Alamanniae
1670 2157 1877 2223 factus,
1912 2160 2005 2227 ty-

354 2245 661 2301 rannidem
720 2245 951 2302 invasit.
985 2246 1287 2302 Conradus
1345 2262 1445 2301 rex
1503 2245 1646 2302 obiit
1674 2244 1823 2317 (442)
1861 2247 2000 2318 Reg.

349 2336 491 2388 cont.
1148 2334 1171 2361 ’

426 2420 580 2476 I18
607 2421 713 2476 919
750 2421 1057 2478 lleinricus
1104 2438 1300 2479 comes
1339 2422 1574 2478 natione
1612 2423 1759 2477 Saxo
1804 2420 1865 2477 in
1906 2436 2000 2475 re-

348 2525 530 2583 gnum
561 2508 799 2578 electus,
834 2510 960 2566 sine
991 2510 1172 2583 regali
1213 2512 1491 2567 unctione
1536 2510 1799 2584 regnavit
1828 2508 1998 2565 annis

343 2615 505 2656 xvur.
536 2598 845 2655 Witichind.
874 2630 941 2639 -—
962 2600 1166 2673 Pugna
1194 2601 1351 2672 apud
1383 2600 1813 2655 Winterturum
1847 2598 1999 2653 inter

346 2686 701 2744 Ruodolfum
734 2705 931 2762 regem
972 2689 1322 2762 Burgundios
1366 2693 1423 2744 et
1460 2688 1858 2745 Burchardum
1886 2688 1995 2741 du-

341 2792 473 2833 cem
503 2777 865 2833 Alamanniaa
894 2778 1230 2846 commissa,
1255 2794 1354 2834 rex
1383 2795 1417 2834 a
1446 2778 1591 2834 duce
1620 2777 1808 2833 victus
1830 2776 1993 2848 fuga-

340 2867 460 2921 tur.
494 2865 683 2939 Hepid.
704 2897 771 2907 —
793 2865 1104 2923 Salomone
1124 2867 1396 2940 episcopo
1416 2865 1862 2924 Constantiense
1891 2864 1992 2920 ah-

2183 2068 2290 2123 925
2313 2068 2627 2141 Hungariis
2655 2067 2795 2124 item
2817 2066 3226 2123 Alamanniam
3249 2066 3529 2124 vastando
3558 2084 3759 2140 perva-

2112 2156 2410 2228 gantibus,
2434 2162 2493 2213 et
2519 2157 2590 2213 ad
2620 2156 2953 2212 ccenobium
2977 2172 3209 2229 quoque
3230 2155 3416 2211 sancti
3448 2154 3598 2211 Galli
3628 2172 3760 2228 per-

2110 2245 2502 2316 venientibus,
2533 2245 2847 2303 Wiborada
2890 2243 3051 2317 virgo
3099 2243 3347 2312 inclusa,
3380 2244 3564 2300 fracta
3593 2243 3757 2313 cella,

2111 2350 2145 2389 a
2175 2336 2431 2406 quodam
2458 2351 2527 2391 ex
2554 2334 2639 2391 eis
2687 2336 2989 2407 perempta
3034 2336 3092 2389 et
3138 2332 3415 2403 martyrio
3462 2337 3756 2406 coronata,

2110 2422 2528 2497 Rachildisque
2556 2421 2898 2480 contectalis
2928 2423 3057 2494 ejus
3088 2420 3272 2478 illaesa
3306 2420 3588 2478 divinitus
3619 2438 3757 2479 con-

2109 2516 2337 2567 servata
2364 2516 2453 2569 est
2483 2511 2651 2585 (448).

2177 2601 2330 2655 179
2362 2600 2469 2655 926
2517 2599 2824 2672 Hungarii,
2877 2603 3103 2656 vastata
3156 2597 3520 2669 Alamannia,
3572 2602 3756 2660 totam

2105 2687 2431 2756 Franciam,
2463 2688 2743 2744 Alsatiam
2794 2691 2970 2760 atque
3000 2686 3250 2744 Galliam
3286 2686 3421 2759 igne
3456 2690 3513 2742 et
3557 2685 3752 2759 gladio

2104 2776 2407 2832 saevientes
2437 2779 2806 2849 percurrunt.
2830 2778 2960 2845 Reg.
2992 2780 3214 2832 eont.—
3234 2775 3609 2831 Burchardus
3634 2776 3755 2835 dux

2104 2864 2390 2920 occiditur
2418 2865 2588 2938 (449).
2629 2866 2866 2937 Luitpr.;
2911 2866 3291 2921 Hartman.—
3321 2862 3606 2920 Henricus
3652 2879 3752 2920 rex

1385 2972 1860 3031 COMPENDIUM
1899 2970 1992 3026 EX
2028 2968 2283 3027 CODICE
2323 2971 2707 3029 BERNOLDI.

411 3071 521 3127 916
550 3073 821 3144 Hungarii
871 3076 1039 3129 totam
1087 3073 1474 3128 Alemanniam
1524 3074 1651 3144 igne
1705 3075 1758 3128 et
1811 3070 1994 3143 gladio
2103 3068 2214 3127 dia?
2240 3072 2393 3127 vicit.

343 3164 579 3217 vastant.
626 3161 876 3233 Synodus
920 3177 1104 3219 coram
1148 3163 1311 3219 misso
1360 3163 1644 3235 apostolici
1686 3163 1845 3217 Petro
1891 3162 1992 3218 0s-

346 3250 509 3305 tiensi
539 3250 688 3321 (450)
716 3252 960 3321 episcopo
988 3250 1132 3322 apud
1170 3250 1385 3307 Atheim
1430 3258 1509 3306 est
1555 3250 1762 3317 habita,
1795 3251 1857 3304 in
1885 3265 1995 3320 qua

342 3337 548 3409 synodo
574 3339 823 3407 generali
849 3338 1059 3393 decreto
1087 3340 1386 3405 sancitum,
1419 3343 1480 3394 ut
1509 3341 1817 3410 quicunque
1843 3338 1996 3392 dein-

341 3438 465 3495 ceps
495 3423 738 3480 bannum
766 3426 835 3480 ab
865 3428 1112 3496 episwpo
1158 3428 1474 3497 impositum
1519 3428 1864 3498 corrupisset,
1892 3441 1994 3496 per

2173 3160 2280 3214 920
2308 3160 2533 3216 Carolus
2561 3176 2730 3217 rex...
2761 3161 2978 3217 inclusa
3004 3164 3102 3216 est.

2173 3250 2280 3304 923
2307 3250 2542 3321 Sanguis
2591 3250 2879 3305 Domini...
2924 3250 3091 3304 sicuti
3133 3248 3333 3304 litteris
3379 3246 3524 3303 inibi
3565 3248 3745 3304 mani-

2101 3340 2354 3409 festatur.

2171 3428 2278 3482 924
2306 3427 2361 3482 S.
2393 3428 2678 3485 Udalricus
2706 3427 2962 3499 Augustae
2988 3425 3282 3485 Vindelicz
3300 3428 3579 3499 episcopus
3601 3440 3749 3499 ρνιε·

332 3489 617 3581 jej'unium
646 3527 718 3565 χι.
761 3489 977 3567 dierum
1004 3489 1060 3566 in
1090 3489 1250 3583 pane.
1272 3517 1489 3568 tantum
1516 3517 1567 3568 et
1596 3489 1741 3586 aqua
1786 3489 1989 3568 etis-ale
2017 3489 2063 3559 CI
2099 3518 2207 3588 fuit
2239 3532 2410 3571 annos
2439 3533 2489 3571 L.

340 3601 692 3655 commissum
723 3599 912 3656 lueret.
947 3600 1103 3673 Apud
1132 3600 1184 3656 S.
1223 3602 1506 3669 Gallum..,
1536 3605 1615 3657 est
1644 3603 1879 3657 inclusa.
2164 3605 2273 3659 925
2300 3605 2610 3675 Hungariis
2634 3607 2766 3659 item
2792 3606 3179 3662 Alananniam
3203 3604 3608 3661 vastantibus...
3632 3605 3746 3662 vir-

408 3687 516 3742 917
544 3688 623 3744 Ab
662 3691 970 3759 Hungariis
1022 3691 1244 3746 Busilea
1289 3690 1607 3747 destruitur.
1664 3690 1988 3760 Erchanger
2093 3710 2159 3765 go
2189 3694 2423 3761 inclusa,
2456 3710 2490 3747 a
2521 3692 2751 3764 quodam
2794 3708 2983 3750 eorum
3020 3697 3325 3766 perempta,
3355 3694 3621 3766 martyrio
3654 3709 3745 3751 eo-

335 3775 451 3832 dua:
480 3780 531 3833 et
559 3780 737 3849 frater
764 3779 879 3850 ejus
910 3778 1271 3835 decollantur.
2093 3791 2389 3840 ronatur...
2417 3785 2735 3838 conservata
2763 3784 2859 3837 est.

404 3865 512 3920 918
535 3866 883 3923 Burchardus
923 3867 1039 3924 dua:
1083 3869 1429 3926 Alemanniae
1472 3871 1818 3937 constitutus,
1849 3873 1982 3936 etc.,
2162 3872 2269 3928 926
2299 3871 2591 3940 Hungarii,
2623 3874 2835 3926 vastata
2863 3870 3208 3941 Alemannia,
3236 3887 3339 3944 per
3365 3873 3535 3927 totam
3562 3872 3743 3928 Fran-

336 3956 403 4009 ut
428 3955 576 4026 Aug.
2090 3964 2255 4029 ciam,
2288 3960 2554 4015 Alsatiam
2594 3963 2758 4031 atque
2801 3959 3040 4015 Galliam
3082 3961 3207 4032 igne
3251 3968 3303 4015 et
3347 3958 3529 4030 gladio
3570 3958 3740 4016 desa-

386 4042 509 4109 _919
535 4042 802 4099 Henricus
842 4060 1084 4103 comes...
1133 4049 1382 4118 regnavit
1428 4050 1591 4104 annis
1633 4066 1794 4104 xvm.
1840 4050 1982 4105 Bur-
2089 4053 2267 4108 viunt.
2300 4047 2650 4106 Burchardus
2673 4048 2790 4104 dux
2817 4047 3100 4116 occiditur,
3117 4064 3219 4119 pro
3248 4064 3352 4121 quo
3370 4048 3741 4105 Herimannus

330 4128 566 4186 chardus
593 4130 710 4187 dum
736 4133 1073 4189 Alemanniw
1121 4134 1463 4208 Rudolphum
1504 4152 1683 4209 regem
1727 4139 1984 4211 Burgun-
2094 4140 2429 4197 Alemanniae
2457 4137 2573 4193 dux
2601 4136 2858 4209 efﬁcitur.

1810 4238 1825 4246 ’
1920 4248 2155 4308 ΝΟΤΛΕ.

401 4334 551 4417 (489)
580 4336 687 4417 Ilio
715 4336 856 4417 ordo
885 4336 1151 4395 inversus
1179 4339 1528 4417 est;_Lando
1557 4342 1715 4417 enim
1746 4346 1978 4417 an._916
2086 4343 2431 4416 Engelberg.
2495 4344 2659 4397 notat
2715 4341 2867 4397 diem
2920 4359 2976 4397 vx
3036 4340 3094 4397 Id
3151 4340 3290 4396 Nov.
3356 4339 3470 4396 Vict.
3530 4339 3734 4396 Annal.

331 4404 496 4481 obiit,
531 4404 625 4462 eui
654 4408 859 4481 eodem
890 4426 1041 4481 anno
1072 4404 1357 4481 successit
1373 4411 1628 4469 Joannes
1660 4414 1727 4481 X,
1755 4419 1813 4469 et
1842 4415 1978 4473 huic
2087 4404 2253 4473 Scio.

332 4477 592 4550 primum
621 4495 715 4562 an.
746 4480 852 4536 928
882 4480 1122 4562 Leo-VI,
1154 4480 1255 4554 qui
1284 4498 1400 4537 non
1431 4483 1684 4554 duobus,
1714 4477 1819 4541 sed
1845 4504 1978 4560 sep-
2160 4486 2309 4612 (446)
2373 4483 2746 4555 [lepidannus
2804 4482 2913 4539 hoc
2969 4484 3041 4538 ad
3100 4498 3324 4539 annum
3393 4485 3732 4555 sequentem

332 4553 449 4606 tem
480 4552 785 4607 mensnbus
817 4553 1067 4612 praefuit.
1716 4598 1727 4605 .
2089 4576 2151 4612 re
2179 4562 2289 4612 ert.

328 4552 790 4624 ternmensibus
817 4553 1087 4624 praefuit.
1121 4622 1130 4624 μ
1174 4552 1189 4554 ἡ
1294 4623 1300 4624 ί
1495 4623 1502 4624 ί
1670 4552 1675 4554 ⁷
1716 4598 1727 4605 .
1914 4552 1930 4560 “
2089 4552 2289 4616 refert.

399 4618 546 4699 (449)
575 4623 713 4699 Qua:
745 4618 834 4679 sit'
870 4623 991 4679 haec
1039 4622 1175 4681 villa
1223 4623 1458 4699 Adinga,
1492 4623 1648 4699 haud
1684 4633 1975 4699 notatum
2154 4629 2306 4699 (447)
2339 4625 2573 4683 Scilicet
2626 4626 2719 4682 die
2769 4627 2839 4681 28
2885 4625 3018 4682 Dec.
3071 4641 3166 4681 an.
3198 4624 3324 4680 923.
3356 4625 3493 4694 Pag.
3527 4622 3599 4680 ad
3636 4640 3732 4679 an.

329 4692 513 4761 reperi
508 4694 1025 4767 _;_videtur4autem
1071 4711 1200 4767 esse
1246 4692 1461 4767 Ottinga
1486 4696 1648 4754 vicus
1679 4698 1739 4754 in
1771 4701 1974 4758 eodem
2083 4692 2209 4756 924.

327 4776 480 4850 pago
500 4762 819 4850 ‘Rhftiensi
852 4766 1285 4849 adcwernizam
1325 4762 1575 4850 amnem
1627 4847 1634 4850 Α
1685 4841 1717 4850 __
1869 4843 1906 4850 η
2006 4785 2051 4850 D
2080 4840 2117 4850 Π
2153 4767 2465 4850 (448)-Υίά.
2499 4766 2882 4850 Ilopidannuhs
2910 4766 3117 4850 εἷμαιοι
3143 4765 3456 4850 denVitahet
3482 4763 3733 4850 miracu-

396 4833 546 4914 (441)
585 4833 804 4914 Saevire
850 4839 1165 4914 principum
1220 4855 1496 4914 assenssu
1528 4841 1789 4914 statuitur.
1842 4843 1970 4898 Ala-
2006 4833 2049 4850 ν
2080 4833 2605 4914 Ιὶἐεηῶἱὺοιέᾶέ
2638 4839 2792 4910 apud
2824 4838 3163 4894 Goldastum
3214 4837 3343 4892 Rer.
3376 4834 3570 4890 Germ.
3605 4838 3648 4890 t.
3680 4836 3725 4904 Ι,

321 4904 542 4984 mannis
563 4904 686 4984 duce
711 4904 926 4984 primus
954 4904 1316 4984 Burchardus
1344 4911 1521 4984 gentis
1554 4913 1709 4966 illius
1738 4913 1965 4968 nobilis-
2079 4930 2136 4984 p.
2168 4913 2296 4968 206.

318 4975 495 5054 ﬁmus
522 4981 574 5030 et
607 4975 902 5054 yirtutum
929 4980 1047 5035 dote
1073 5052 1079 5054 _
1100 4975 1579 5054 pro_batissimus,jx
1604 4984 1778 5039 verba
1828 4989 1965 5039 sunt
2079 4975 2098 4984 ’
2146 4984 2296 5054 (449)
2326 4979 2554 5054 Scilicet
2591 4978 2888 5054 inultaliaA
2910 4976 3162 5054 Rudolfg
3204 4975 3552 5054 Βυςεηηάίββ
3599 4977 3726 5054 τεεί

322 5044 647 5123 Elikehardi
677 5049 939 5123 Junjoris
972 5068 1026 5123 p.
1063 5044 1148 5105 19.
1183 5051 1263 5106 De
1292 5067 1358 5107 eo
1386 5052 1503 5108 vid.
1538 5053 1869 5110 Tentzelius
1905 5055 1964 5110 in
2074 5044 2357 5109 auxilium
2380 5051 2601 5123 ferens.
2633 5050 2830 5123 Chron.
2854 5050 2986 5106 Sam.
3005 5049 3073 5123 in
3104 5047 3252 5123 libro
3284 5044 3722 5123 friaternitatum

317 5117 589 5194 vindiciis
621 5121 834 5194 p.218,
866 5117 991 5177 228'.
1060 5193 1104 5194 η
1190 5192 1196 5194 Α
2072 5130 2127 5178 S.
2161 5123 2310 5179 Galli
2341 5122 2668 5194 (Gonnum,
2700 5126 2741 5176 t.
2776 5122 2843 5189 II,
2876 5138 2933 5194 p.
2971 5120 3092 5194 153)
3122 5120 3223 5194 ubi
3264 5119 3545 5176 solemnis
3576 5135 3723 5191 quo-

388 5190 536 5262 (442)
561 5190 637 5246 xC
652 5192 774 5247 Kal.
803 5193 933 5249 Jan.
958 5209 1026 5249 ex
1056 5192 1316 5248 Mariano
1339 5194 1508 5249 Scoto
1538 5200 1595 5249 et
1625 5195 1963 5269 Nccrologio
2114 5212 2185 5250 ue
2224 5190 2700 5250 commemoratio
2751 5209 2855 5264 pro
2876 5190 2972 5248 'eo
3025 5191 3294 5247 instituta
3344 5194 3454 5260 est,
3485 5190 3724 5248 notatur

388 5260 617 5318 ildcnsi.
2071 5212 2163 5321 die
2191 5264 2390 5321 obitus
2434 5281 2497 5317 ιιι
2536 5264 2594 5318 (1.
2625 5262 2788 5321 Νον..
2822 5281 2874 5318 a.
2907 5264 3031 5318 925.
3064 5262 3173 5317 Sed
3216 5262 3276 5317 in
3324 5261 3607 5318 Chronico
3655 5262 3716 5319 S.

321 5259 617 5318 Fuldcnsi.
1868 5259 1901 5269 ν
2071 5259 2163 5321 die
2191 5264 2390 5321 obitus
2434 5281 2497 5317 ιιι
2536 5264 2594 5318 (1.
2625 5259 2788 5329 Nov;
2822 5281 2874 5318 a.
2907 5264 3031 5318 925.
3064 5262 3173 5317 Sed
3216 5262 3276 5317 in
3324 5259 3607 5318 Chronico
3655 5262 3716 5319 S.

316 5398 329 5416 9
384 5332 533 5403 (443)
555 5334 794 5416 Carolus
825 5334 1073 5416 simplex
1097 5334 1251 5391 Gall.
1283 5352 1381 5416 rex
1411 5340 1613 5416 contra
1642 5337 1960 5416 Henricum
2071 5335 2602 5416 Gal_l_i_(DUCHE§§§,
2688 5334 2996 5416 1“[.Ι,ρ.4“71)
3020 5349 3170 5405 equo
3194 5333 3470 5416 delapsus
3501 5333 3720 5390 obiisse

313 5406 374 5454 in
396 5418 622 5477 pagum
655 5406 1143 5462 Wormatiensem
1176 5406 1374 5462 movit.
1410 5408 1705 5463 Frodoard.
1747 5410 1957 5465 Witich.
2069 5406 2347 5464 scribitur
2389 5423 2443 5461 a.
2475 5407 2600 5470 926,
2633 5406 2669 5477 2
2696 5406 2853 5474 Maii,
2888 5406 3033 5462 feria
3064 5422 3125 5471 ιι,
3158 5423 3285 5477 quae
3316 5406 3454 5462 nota
3497 5420 3718 5461 annum

385 5472 535 5552 (444)
591 5477 785 5532 Abbas
835 5478 946 5552 _l_iic
1008 5477 1327 5552 Augiensis
1396 5479 1465 5532 ad
1521 5495 1578 5552 β.
1636 5480 1743 5552 916
1801 5481 1958 5535 Heri-
2068 5476 2763 5552 prmcedentemindicat.

312 5541 801 5621 bra‘titn'vocatur.
835 5550 962 5604 Vid.
1027 5541 1246 5605 Mavbill.
1303 5551 1453 5602 Ann.
1520 5549 1728 5603 Bened.
1764 5554 1805 5605 t.
1864 5553 1955 5619 Ill,
2068 5541 2085 5552 ’
2138 5551 2286 5621 (450)
2319 5548 2451 5602 Vid.
2501 5547 2572 5621 de
2629 5547 2739 5621 hac
2797 5548 3247 5621 synodeConc.
3297 5547 3495 5621 Germ.
3548 5549 3589 5601 t.
3630 5546 3715 5621 ⁸ΙΙ,

2145 5614 2280 5686 ’588;
2314 5624 2371 5692 et
2400 5619 2618 5692 Pagius
2647 5619 2706 5674 in
2737 5614 2949 5692 critica
2979 5620 3051 5675 ad
3084 5620 3140 5675 b.
3175 5637 3228 5675 a.
3254 5619 3354 5674 ubi
3386 5622 3581 5673 tamen
3613 5614 3715 5692 def

383 5685 434 5753 (4
450 5686 530 5757 45)
562 5685 875 5761 Historiam
918 5690 1095 5761 hujus
1134 5688 1535 5761 translationis
1565 5708 1632 5746 ex
1667 5692 1956 5747 mctnbra-
2064 5685 2291 5749 cretum
2321 5691 2383 5747 in
2412 5685 2538 5746 cod.
2574 5691 2707 5746 Bav.
2742 5690 3058 5761 allegatum
3106 5709 3221 5747 non
3265 5694 3590 5761 comparet;
3626 5688 3711 5745 ibi

312 5768 489 5813 naceo
517 5759 793 5831 Aegiensi
827 5758 1021 5816 codice
1052 5760 1213 5816 dedit
1250 5758 1623 5819 Mabillonius
1656 5762 1695 5819 l.
1729 5780 1778 5819 c.
1812 5764 1953 5820 Cod.
2066 5764 2239 5820 etiam
2272 5780 2373 5836 pro
2406 5762 2646 5821 Oriensis
2682 5758 2994 5838 legendum
3026 5762 3262 5819 Ortensis
3310 5758 3417 5817 vel
3441 5759 3709 5819 Hortanus
