4108 6192
401 317 517 390 215

1202 324 1614 398 HERMANNI
1657 327 2101 397 CONTRAGTI
2143 327 2563 398 AUGIENSIS
2608 323 2996 400 MONACHI.

3692 326 3814 397 216

1760 492 1990 550 CODEX
2028 491 2434 548 AUGIENSIS.

409 603 624 675 ierunt,
675 605 1048 681 episcopique
1105 613 1162 664 et
1211 609 1307 664 alii
1362 609 1461 682 qui
1519 625 1652 664 cum
1713 608 1797 664 eis
1849 611 2051 663 contra
2079 608 2132 676 Α
2163 607 3816 682 multum,utfertur,honestaverat,defunctus,Augiasque

409 710 608 770 regem
638 697 1120 770 venerant,fugati
1152 703 1210 754 et
1232 698 1475 768 dispersi
1523 701 1679 753 sunt.
1731 698 1862 752 Otto
1919 712 2052 752 vero

413 801 533 853 rex,
561 787 752 842 dedito
785 793 996 854 castro,
1056 788 1114 842 in
1174 804 1418 859 regnum
1478 786 1725 843 Lotharii
1791 803 2055 841 reversus

413 880 655 931 cunctos
685 875 795 930 sibi
825 875 1066 930 rebelles
1097 880 1304 946 praeter
1336 877 1654 930 Metensem
1714 875 2052 946 episcopum

413 963 768 1035 subjugavit.
798 963 1034 1022 I'Vitich;
1068 965 1196 1034 Reg.
1231 971 1372 1018 cont.
1407 996 1476 1005 -—
1499 963 1778 1018 Henricus
1823 979 2054 1034 quoque

415 1051 587 1107 frater
617 1053 763 1121 ejus,
798 1051 1069 1121 projectis
1102 1051 1302 1117 armis,
1334 1051 1444 1124 ipsi
1486 1067 1548 1106 se
1592 1051 1872 1106 subdidit.
1923 1053 2054 1106 Fro-

411 1139 597 1193 doard.
620 1155 640 1199 ,°
655 1141 782 1207 Reg.
815 1142 954 1193 cont.

484 1228 589 1281 940
618 1227 745 1282 Otto
779 1245 894 1294 rex,
939 1227 1154 1283 Gallias
1194 1232 1396 1283 contra
1445 1227 1801 1284 Ludovicum
1860 1243 2052 1298 regem

411 1319 918 1388 petens,magnam
951 1317 1259 1372 Provinciae
1288 1321 1514 1389 partem
1539 1333 1727 1388 usque
1749 1317 1818 1370 ad
1843 1317 2056 1387 Sequa-

415 1420 554 1460 nam
586 1422 819 1461 amnem
840 1408 1105 1473 vastavit,
1131 1410 1184 1461 et
1218 1411 1524 1478 Ilugonem
1548 1406 2053 1476 Heribertumque,

413 1493 709 1566 principes
739 1495 808 1549 ad
841 1510 904 1549 se
954 1496 1276 1562 venientes,
1337 1494 1611 1566 suscepit.
1664 1494 1954 1550 Frodoard.
1987 1524 2056 1533 ———

414 1582 611 1638 Hiems
642 1600 789 1638 saeva
818 1583 926 1638 hoc
957 1601 1109 1639 anno
1134 1584 1284 1639 facta
1321 1588 1376 1638 et
1435 1583 1617 1654 pestis
1667 1581 2054 1638 annimalium

413 1672 750 1727 subsecuta.
774 1672 939 1743 Hugo
967 1670 1120 1726 ﬁlius
1143 1671 1412 1726 Richardi
1436 1671 1682 1726 moritur
1700 1670 1865 1742 (463).

483 1761 588 1816 942
609 1761 737 1816 Otto
771 1777 869 1816 rex
897 1777 1030 1816 cum
1062 1760 1346 1815 Ludovico
1377 1776 1509 1831 rege
1547 1758 1866 1814 Galliarum
1899 1757 2054 1831 paci-

413 1850 640 1905 ﬁcator.
683 1850 839 1905 Frod.
867 1881 936 1891 -—
983 1854 1218 1904 Cometa
1267 1865 1369 1920 per
1418 1851 1617 1903 noctes
1656 1865 1751 1902 xxv
1797 1846 1940 1914 visa,
2001 1849 2057 1901 et

409 1937 702 1993 immensa
728 1936 1071 1993 animalium
1102 1935 1436 2010 pestilentia
1465 1936 1636 1990 facta.
1678 1936 1806 2004 Reg.
1838 1940 2056 1991 cont.—

411 2026 610 2082 Romae
642 2027 902 2082 Marinus
933 2027 1248 2096 secundus,
1286 2042 1437 2098 papa
1456 2024 1690 2092 CXXXI,
1711 2023 2058 2080 seditannos

414 2132 501 2188 In,
533 2132 766 2171 menses
795 2133 871 2170 v1.

484 2205 638 2261 182
669 2206 774 2259 943
806 2203 1106 2275 Hungarii,
1144 2203 1285 2258 item
1345 2201 1641 2272 Bajoarios
1697 2201 2056 2271 invadentes,

409 2309 610 2364 pugna
638 2310 770 2347 cum
793 2292 876 2347 eis
895 2291 1210 2346 commissa
1235 2290 1370 2346 victi
1394 2291 2058 2362 tergaverterunt.Apud

411 2385 681 2436 sanctum
705 2379 934 2435 Gallum
970 2379 1139 2434 Gralo
1175 2378 1297 2452 [al.,
1347 2378 1531 2449 Gralo]
1591 2379 1772 2434 abbas
1830 2379 2058 2450 praefuit

413 2469 584 2524 annis
603 2486 741 2523 xvu.
766 2469 988 2540 Hepid.;
1022 2468 1219 2524 Chron.
1261 2467 1552 2536 Salzburg.

483 2558 587 2613 944
617 2559 1004 2613 Terrzsmotus
1035 2557 1222 2612 factus
1255 2560 1342 2612 est
1369 2573 1460 2610 xvr
1495 2555 1618 2611 Kal.
1647 2555 1802 2610 Maii.
1865 2555 2053 2626 llepid.

485 2647 592 2701 945
647 2647 841 2701 Romae
898 2645 1185 2718 Agapitus
1221 2645 1536 2709 secundus,
1588 2661 1739 2716 papa
1793 2643 2054 2709 CXXXII,

413 2734 565 2790 sedit
593 2734 764 2789 annis
795 2734 976 2789 ferme
1008 2751 1060 2788 Χ.
1094 2734 1156 2787 Al
1176 2749 1320 2788 anno
1350 2749 1461 2805 seq.
1495 2763 1564 2772 —
1603 2732 1733 2788 Otto
1775 2748 1874 2786 rex
1921 2731 2052 2787 Gal-

413 2822 554 2879 liam
574 2823 903 2879 inferiorem
928 2822 1092 2894 petit.
1125 2821 1282 2877 Frod.
1318 2839 1371 2876 α.
1403 2838 1513 2893 seq.

481 2912 767 2984 946Apud
787 2915 1056 2966 sanctum
1080 2910 1309 2966 Gallum
1324 2909 1620 2965 Rachildis
1638 2907 1796 2981 virgo
1813 2909 1826 2962 i
1849 2907 2056 2964 nclusa

414 2999 689 3071 migravit
720 3001 789 3054 ad
825 2999 1155 3054 Dominum.
1193 2998 1391 3070 Hepid.

480 3089 584 3144 947
615 3088 903 3144 Bertbolfo
926 3089 1073 3144 duce
1116 3087 1389 3159 Bajoarizs
1421 3087 1717 3153 defuncto,
1773 3085 2054 3141 Henricus

408 3177 586 3232 frater
610 3177 835 3233 Ottonis
857 3177 1301 3250 regisducatum
1321 3173 1490 3230 illum
1513 3174 1753 3246 accepit.
1773 3176 1892 3245 Reg.
1908 3183 2050 3229 cont.

408 3283 462 3321 a.
495 3269 620 3322 945.
656 3299 720 3307 —
753 3265 1045 3321 Luitolfus
1076 3264 1232 3319 filius
1254 3263 1408 3336 regis
1429 3265 1570 3318 Itam
1592 3262 1945 3318 laudabilem
1968 3263 2051 3317 fe-

2162 697 2217 751 in
2242 696 2464 768 capella
2495 697 2678 753 sancti
2712 699 2960 754 Chiliani
2995 697 3260 771 sepultus
3291 701 3418 765 est;
3451 697 3810 754 etLuitolfus

2163 785 2317 840 filius
2341 786 2493 857 regis
2505 786 3119 853 Ottonis,viromnium
3135 786 3226 842 sui
3241 786 3520 857 temporis
3539 785 3811 843 universo

2164 874 2378 946 populo
2409 875 2871 946 acceptissimus,
2905 877 3021 929 dux
3051 893 3154 947 pro
3178 891 3249 947 eo
3281 879 3496 946 apatre
3533 891 3640 930 suo
3677 891 3814 930 con-

2163 964 2405 1018 stitutus
2432 968 2538 1018 est.
2581 965 2819 1030 Witich.;
2843 963 3030 1034 Hepid.
3059 995 3127 1002 —
3159 963 3429 1035 Synodus
3461 979 3678 1035 magna
3706 981 3814 1020 xxx

2163 1052 2566 1123 episcoporum
2620 1069 2814 1106 coram
2874 1051 3078 1107 Ottone
3117 1055 3173 1106 et
3230 1050 3513 1105 Ludovico
3566 1051 3799 1124 regibus

2163 1141 2315 1210 apud
2351 1139 2746 1212 Ingelenheim
2769 1140 2968 1194 habita
2996 1143 3101 1194 est.
3137 1139 3444 1210 (466).Ipso
3476 1155 3629 1195 anno
3673 1140 3810 1195 Lin-

2162 1228 2661 1300 daugiaincendio
2707 1229 3042 1300 conflagrat.
3095 1227 3282 1298 Hepid.
3332 1258 3402 1268 -—
3459 1227 3694 1299 Capella
3752 1229 3813 1284 in

2163 1317 2423 1372 coenobio
2447 1317 2632 1372 sancti
2663 1316 2986 1388 Meginradi
3048 1315 3277 1372 coalitus
3333 1320 3672 1374 consecrata
3727 1323 3817 1374 est

2163 1423 2298 1462 xvm
2345 1405 2469 1461 Kal.
2495 1406 2726 1462 Octobr.
2753 1406 2917 1476 (467).

2235 1494 2388 1551 183
2431 1495 2535 1550 949
2592 1494 2860 1550 Lotbario
2919 1509 3050 1565 rege
3119 1492 3294 1548 Italiae
3376 1495 3606 1548 mortuo
3640 1493 3810 1566 (468),

2167 1583 2535 1656 Beringarius
2554 1598 2800 1654 regnum
2833 1581 3067 1648 invasit,
3093 1581 3450 1653 viduamque
3478 1582 3608 1653 ejus
3630 1581 3810 1638 Adal-

2163 1672 2395 1728 heidem
2420 1671 2642 1727 Rodolﬁ
2674 1672 2724 1726 II
2761 1671 2914 1743 regis
2972 1669 3323 1743 Burgundiss
3380 1668 3564 1726 ﬁliam
3609 1669 3814 1727 multis

2164 1759 2396 1831 injuriis
2426 1759 2702 1815 afﬂixitet
2730 1757 3080 1827 coarctavit;
3115 1775 3242 1830 quae
3291 1757 3384 1812 vix
3423 1758 3562 1831 fuga
3609 1758 3811 1832 elapsa

2163 1848 2392 1904 Ottonis
2414 1848 2566 1920 regis
2583 1848 2894 1903 adventum
2927 1846 2985 1902 in
3017 1845 3220 1903 multis
3243 1846 3534 1919 angustiis
3564 1852 3814 1920 praesto-

2162 1936 2337 1992 latur.
2365 1941 2464 1994 Leo
2497 1937 2604 1992 0st.
2638 1937 2829 2007 Sigon.
2863 1952 2914 1990 a.
2946 1935 3074 1991 951.

2237 2026 2342 2082 950
2365 2025 2497 2082 Otto
2527 2042 2627 2081 rex
2687 2024 2913 2080 Italiam
2955 2024 3138 2095 petiit,
3189 2039 3437 2096 eamque
3494 2023 3814 2096 subjiciens

2167 2115 2280 2170 sibi
2311 2114 2714 2187 Beringarium
2745 2129 2942 2186 regem
2961 2112 3231 2168 resistere
3259 2127 3377 2168 non
3405 2111 3696 2168 valentem
3711 2128 3815 2185 pe-

2167 2201 2315 2274 pulit
2345 2203 2738 2274 domnamque
2757 2199 3139 2258 Adalheidem
3157 2217 3327 2256 suam
3349 2201 3608 2257 futuram
3623 2202 3822 2273 conju-

2165 2307 2297 2364 gem
2320 2290 2606 2346 liberavit.
2643 2293 2769 2360 Reg.
2801 2293 2945 2346 cont.
2977 2306 3070 2344 an.
3099 2305 3209 2361 seq.

2233 2381 2331 2435 951
2369 2380 2637 2452 Synodus
2658 2379 2806 2450 (469)
2853 2395 2964 2436 xxv
3004 2377 3412 2450 episcoporum
3446 2392 3817 2452 magnusque

2164 2469 2344 2524 totius
2367 2468 2528 2542 regni
2562 2467 2893 2539 principum
2916 2471 3232 2522 conventus
3272 2467 3425 2539 apud
3483 2471 3815 2540 Augustam

2163 2555 2524 2613 Vindelicam
2551 2557 2934 2625 coadunatur,
2965 2555 3165 2628 ibique
3193 2555 3570 2628 Beringarius
3618 2557 3817 2612 Ottoni

2165 2645 2285 2716 regi
2318 2645 2389 2700 ad
2413 2644 2769 2700 deditionem
2791 2644 2949 2700 venit
2973 2647 3030 2700 et
3058 2644 3481 2716 subjectionem
3499 2644 3813 2716 promittit.

2173 2733 2383 2790 Witich.
2408 2765 2476 2774 —-
2500 2735 2655 2788 Inter
2685 2732 2800 2788 alia
2829 2732 3100 2804 prodigia
3136 2731 3359 2804 ignitus
3416 2731 3589 2804 lapis,
3639 2733 3814 2805 quasi

2165 2839 2362 2878 massa
2391 2821 2700 2878 candentis
2729 2820 2884 2890 ferri,
2917 2821 2990 2876 ab
3038 2821 3335 2877 occidente
3365 2837 3468 2893 per
3496 2838 3632 2878 aera
3654 2822 3818 2878 venit

2163 2915 2222 2966 et
2251 2912 2426 2966 draco
2455 2909 2616 2965 visus
2634 2914 2724 2965 est
2753 2907 3086 2965 ambulans.

2233 3000 2338 3054 952
2367 2999 2496 3054 Otto
2514 3015 2611 3054 rex
2626 2997 2944 3064 Boemiam,
2969 3001 3025 3052 et
3047 2996 3204 3052 filius
3227 2998 3356 3069 ejus
3376 2997 3665 3054 Luitolfus
3695 2999 3819 3056 dux

2167 3087 2803 3160 Italiampetunt(470).
2837 3086 2967 3141 Otto
3017 3102 3116 3141 rex
3173 3103 3292 3142 una
3339 3103 3474 3142 cum
3528 3086 3647 3142 ﬁlio
3703 3104 3812 3144 suo

2164 3175 2410 3231 Luitolfo
2437 3174 2661 3230 Italiam
2688 3175 2827 3230 item
2859 3175 3203 3246 ingreditur,
3236 3181 3292 3230 et
3322 3176 3538 3248 nuptiae
3589 3175 3817 3249 regales

2164 3264 2349 3336 Papiae
2381 3263 2764 3320 celebrantur.
2789 3263 3090 3319 Discordia
3107 3263 3257 3318 inter
3277 3263 3818 3322 Luitolfumducem

408 3353 631 3409 minam
663 3354 996 3425 (46t)duxit
1025 3369 1284 3408 uxorem.
1334 3351 1686 3408 Mirmiduna
1740 3351 2052 3423 (465)igne
2082 3337 2124 3405 C
2161 3357 2220 3408 et
2273 3356 2549 3425 patruum
2589 3353 2716 3424 ejus
2745 3351 3059 3407 Henricum
3102 3352 3312 3408 ducem
3363 3353 3600 3425 agitata.
3654 3355 3812 3410 Witi-

407 3443 998 3497 consumituminnal.
1037 3441 1166 3495 Sam.
1191 3459 1242 3496 a.
1281 3457 1390 3512 seq.

477 3531 583 3585 948
613 3531 963 3586 IIerimanus
994 3531 1110 3583 dux
1140 3528 1519 3596 Alamanniae,
1577 3529 1676 3599 qui
1735 3530 2045 3600 provincia

411 3619 526 3675 sibi
557 3620 788 3676 creditae
817 3617 1060 3683 cultum,
1081 3617 1370 3684 habitum,
1431 3633 1621 3672 mores
1667 3621 1724 3673 et
1779 3617 2048 3674 instituta

2161 3441 2351 3496 chind.
2385 3472 2453 3481 —
2490 3440 2820 3495 Fridericus
2872 3440 3180 3513 Moguntize
3224 3440 3696 3514 archiepiscopus
3753 3450 3813 3499 et

2157 3530 2518 3601 Hardpertus
2539 3529 2722 3585 Curia:
2752 3528 3060 3600 episcopus
3093 3529 3336 3586 Romam
3373 3549 3408 3586 a
3457 3547 3588 3603 rege
3633 3531 3810 3588 missi

2159 3623 2317 3674 sunt.

1449 3741 1919 3798 COMPENDIUM
1960 3743 2053 3799 EX
2091 3743 2343 3802 GODIGE
2381 3740 2768 3807 BERNOLDI.

478 3863 583 3918 940
615 3862 730 3919 Otto
779 3877 882 3916 rea:
930 3859 1136 3916 Oallias
1197 3867 1390 3916 contra
1465 3858 1796 3914 Ludovicum
1869 3875 2054 3930 regem

402 3954 556 4025 petit.
589 3953 771 4007 Hiems
791 3965 938 4008 saeva
965 3957 1017 4006 et
1038 3949 1348 4005 mortalitas
1377 3948 1728 4003 animalium.

476 4040 581 4095 942
605 4043 728 4096 Otto
759 4043 809 4094 et
867 4037 1164 4094 Ludovicus
1206 4053 1358 4108 reges
1413 4037 1806 4108 paciﬁcantur.
1863 4043 2051 4096 Romae

406 4128 723 4184 Marinus...
755 4127 1032 4182 mensibus
1051 4142 1170 4181 sex.

479 4216 584 4271 943
621 4217 902 4288 Hungarii
929 4215 1211 4286 Bajoarios
1244 4215 1556 4270 invadentes
1585 4217 1900 4271 vincuntur.

477 4305 583 4360 944
617 4305 991 4365 Terraemotus,
1025 4306 1156 4370 etc.,
1192 4305 1256 4356 ut
1275 4305 1424 4373 Aug.

476 4394 584 4448 945
613 4394 1047 4464 Romw...ferme
1076 4409 1130 4445 x.
1166 4390 1282 4446 Otto
1302 4405 1400 4446 rex
1419 4391 1663 4446 Galliam
1708 4391 2040 4461 ingreditur.

476 4483 582 4537 946
611 4481 781 4554 Apud,
815 4485 947 4547 etc.,
969 4483 1033 4535 ut
1051 4482 1199 4552 Aug.

470 4572 575 4626 947
624 4570 891 4640 Bertolfus
935 4569 1050 4624 dua:
1095 4569 1374 4640 Bajoarite
1425 4567 1576 4635 obiit,
1620 4571 1713 4625 cui
1772 4571 2048 4626 Henricus

401 4664 577 4732 frater
599 4659 804 4716 Ottonis
832 4659 984 4731 regis
1014 4659 1076 4712 in
1106 4657 1308 4713 ducatu
1328 4659 1604 4713 successit.

2231 3861 2336 3914 948
2364 3859 2708 3914 Hermannus
2737 3857 2853 3913 dua:
2880 3857 3230 3919 Alemannis:
3245 3858 3401 3928 obiit,
3435 3859 3590 3932 cujus
3644 3858 3820 3917 duca-

2159 3956 2274 4005 tum
2301 3947 2548 4018 Lutol/us
2605 3945 2815 4001 Ottonis
2872 3949 3020 4016 regis
3075 3948 3226 4018 ﬁlius
3281 3949 3506 4020 accepit.
3560 3947 3821 4020 Synodus

2157 4053 2381 4106 magna.
2394 4077 2406 4090 .
2419 4077 2431 4092 .
2454 4036 2622 4106 facta.

2227 4125 2334 4180 949
2365 4123 2621 4180 Lothario
2652 4139 2842 4194 rege...
2873 4124 3099 4195 injuriis
3127 4126 3358 4197 afﬂixit.

2225 4214 2467 4271 9500tto
2495 4228 2595 4268 rex
2622 4212 2843 4267 Italiam
2867 4214 3000 4284 petit
3030 4213 3242 4284 sibique
3270 4230 3395 4270 eam
3441 4214 3696 4285 subjecit,
3758 4225 3817 4273 et

2154 4303 2309 4374 pulso
2340 4302 2662 4372 Beringario
2691 4299 2972 4356 dominam
3002 4301 3346 4358 Adelheidem
3376 4303 3652 4358 liberavit.

2224 4391 2321 4447 951
2357 4390 2674 4463 Synodus...
2706 4389 2776 4444 ad
2805 4389 3135 4446 deditionem
3190 4393 3355 4447 venit.
3415 4394 3564 4448 Inter
3615 4393 3812 4451 alia...

2153 4481 2313 4553 quasi
2340 4479 2622 4535 candentis
2650 4479 2858 4550 ferri...
2893 4479 3204 4535 ambulans.

2223 4568 2330 4624 952
2359 4568 2475 4624 Otto
2505 4583 2608 4623 rex
2635 4583 2760 4622 cum
2787 4568 2904 4638 ﬁlio
2931 4583 3028 4624 suo
3056 4569 3294 4640 Luitolfo
3322 4569 3547 4626 Italiam
3602 4572 3804 4627 intrat.

2152 4661 2202 4713 et
2220 4658 2432 4730 nuptiae
2460 4657 2672 4728 regales
2695 4657 2871 4728 Papia
2894 4655 3264 4712 celebrantur.

1979 4780 2212 4837 NOTAE.

468 4899 616 4979 (463)
647 4898 831 4979 Euge,
863 4901 1250 4979 cognomento
1277 4896 1470 4979 Niger,
1491 4895 1759 4979 Richardi
1784 4901 2048 4979 Burgun-
2080 4911 2127 4978 Β
2155 4896 2394 4978 tiquum
2404 4898 2461 4950 et
2506 4893 2689 4978 codici
2746 4911 3001 4951 cosavum
3072 4895 3255 4952 videri
3284 4895 3344 4952 in
3395 4897 3822 4957 dissertatione

400 4967 510 5026 dia:
540 4967 703 5024 ducis
732 4967 890 5024 filius
921 4967 977 5023 et
1008 4967 1508 5040 BodulphiGalliaa
1540 4969 1694 5040 regis
1726 4967 2040 5040 frater,pri-

399 5057 562 5098 mum
595 5057 746 5095 anno
777 5041 871 5095 951
912 5039 1075 5095 obiit.

468 5109 1361 5185 (464)IIVerimanniAlemannize
1397 5109 1563 5185 ducis
1594 5108 1793 5185 filiam:

463 5181 613 5256 (465)
637 5183 846 5256 Civitas
871 5182 1090 5256 scilicet
1119 5181 1613 5256 Monasterien_sis_,
1637 5182 1761 5256 nisi
1778 5181 2034 5256 Mindam

394 5253 873 5328 quisintelligcre
896 5253 1052 5328 velit,
1087 5271 1222 5328 cum
1257 5253 1553 5328 insynodo
1586 5253 2033 5328 lngelheimensi

393 5324 488 5383 an.
521 5330 646 5393 948,
682 5324 1215 5399 legaturliberisus
1262 5324 1680 5399 illimidonensis
1727 5325 2036 5399 epiSCOpus

391 5415 494 5453 seu
528 5395 868 5452 Mindensis.
893 5397 1054 5452 Unde
1087 5397 1229 5450 forte
1259 5395 1567 5468 legendum
1605 5395 1697 5449 hic
1739 5395 2037 5450 Mimidona

465 5470 612 5538 (466)
646 5470 767 5524 Vid.
803 5475 971 5524 Cone.
995 5473 1187 5538 Germ.
1214 5471 1253 5520 t.
1301 5467 1368 5531 II,
1417 5484 1497 5538 p.
1533 5469 1657 5520 610.
1718 5473 1858 5521 Acta
1907 5468 2035 5538 ejus

389 5539 549 5594 dedit
570 5537 835 5594 Canisius
875 5541 1022 5595 Lect.
1063 5537 1322 5610 Antiqq.,
1356 5542 1396 5591 t.
1435 5537 1523 5604 ΙΙΙ,
1559 5555 1613 5610 p.
1663 5555 1701 5606 ι,
1756 5555 1808 5609 p.
1855 5541 1908 5605 8,
1943 5537 2036 5594 ex

391 5611 602 5683 codice
629 5610 1076 5683 weingartensi.

460 5681 609 5753 (467)
632 5679 1110 5739 Additamentum
1144 5681 1273 5749 hoc,
1299 5679 1347 5736 si
1380 5685 1573 5736 tamen
1618 5680 1714 5750 sit,
1753 5680 1896 5737 satis
1931 5698 2034 5737 an-

2159 4965 2757 5040 praevia‘monuimus.

2215 5039 2364 5108 (468)
2399 5039 2661 5110 Mortuus
2691 5037 3124 5110 estrLotbarius
3175 5039 3432 5110 primum
3483 5055 3637 5095 anno
3691 5039 3817 5100 950

2146 5116 2409 5164 exeunte.
2442 5109 2633 5163 Murat
2662 5109 2901 5180 Antiqq.
2938 5108 3115 5164 Italia!
3147 5108 3220 5165 a'd
3237 5127 3333 5166 an.
3374 5113 3481 5168 949
3512 5117 3571 5167 et
3600 5125 3728 5180 seq.

2218 5127 2409 5164 eunte.
2443 5127 2633 5163 inurat
2662 5127 2901 5180 antiqq.
2938 5127 3115 5164 ιιαιιεε
3147 5127 3220 5165 aa
3237 5127 3333 5166 an.
3374 5127 3481 5168 949
3512 5127 3571 5167 et
3600 5127 3663 5165 se
3712 5153 3728 5165 .

2215 5182 2365 5253 (469}
2393 5181 2537 5236 Tam
2567 5181 2832 5252 Synodus
2862 5185 3206 5252 Augustana
3226 5198 3402 5253 quam
3433 5188 3642 5240 caetera
3667 5127 3806 5241 (ἦιξα

2147 5250 2327 5306 relata
2349 5253 2418 5307 ad
2450 5250 2670 5308 annum
2693 5250 3034 5323 sequentem
3067 5250 3377 5323 pertinent.
3431 5255 3560 5309 Vid.
3614 5253 3801 5312 Cone.

2145 5323 2276 5379 Ger.
2311 5328 2352 5378 t.
2385 5324 2451 5392 II,
2481 5341 2537 5396 p.
2578 5325 2702 5378 622.
2769 5323 2928 5396 Unde
2968 5323 3081 5396 duo
3110 5324 3165 5378 hi
3207 5327 3344 5380 anni
3376 5327 3502 5386 fere
3541 5324 3808 5385 invicem

2145 5397 2460 5466 permutati
2483 5394 2779 5450 videntur.
2815 5395 2948 5449 Vid.
2986 5394 3188 5467 Regin.
3218 5402 3369 5452 cont.
3403 5414 3454 5452 a.
3489 5399 3614 5453 952-.
3646 5403 3810 5455 Acta

2144 5483 2282 5541 vero
2314 5467 2492 5541 hujus
2537 5467 2859 5541 synodiex
2905 5467 3102 5541 codice
3156 5469 3582 5541 Weingartensi
3613 5468 3810 5527 ‘sistit

2143 5537 2418 5611 Canisius
2451 5537 2610 5611 Lect.
2638 5539 2876 5609 Antiqq.
2913 5544 2952 5611 ι,
2987 5539 3082 5611 ΙΙΙ,
3104 5553 3160 5609 p.
3196 5555 3234 5606 ι,
3261 5537 3413 5611 ρῘκ.

2144 5608 2364 5732 95(O47?)
2387 5613 2518 5665 llznc
2549 5610 2619 5665 ad
2644 5608 2864 5666 annum
2904 5609 3007 5665 950
3037 5608 3320 5682 spectant.
3346 5615 3476 5683 Reg.
3511 5618 3655 5668 cont.
3688 5627 3799 5669 an.

2273 5696 2301 5732 θ
2351 5697 2470 5732 sea.

2182 5680 2252 5732 5O
2273 5684 2330 5735 et
2351 5697 2470 5752 seq.
