4152 6186
236 423 353 491 251

1476 386 1952 498 CHRONICON.
1999 468 2078 482 -
2121 432 2312 501 szsc.
2355 436 2434 500 x.

3532 439 3652 503 222

1565 595 1572 604 “
1612 594 1842 651 CODEX
1877 595 2276 654 AUGIENSIS.

309 703 440 760 965.
469 703 600 761 Otto
628 704 970 778 imperator,
1003 705 1265 764 Natalem
1287 707 1518 764 Domini
1543 711 1679 766 item
1702 711 1889 783 Papiae
1919 716 1975 782 Α
2003 712 2232 781 clerico,
2265 713 2484 770 sororis
2515 731 2633 770 suae
2658 713 2985 787 Luitgardai
3011 717 3069 770 et
3095 714 3290 771 Peiere
3327 714 3555 772 comitis
3587 718 3655 772 fi-

231 809 508 861 manens,
543 793 792 867 indeque
814 812 919 868 per
940 802 1200 852 montem
1224 797 1510 853 Cenerum
1533 799 1604 854 de
1628 799 1792 854 Italia
1814 815 1892 854 re-

232 881 407 938 diens
458 887 718 938 octavam
777 883 1114 956 Epiphaniae
1163 885 1350 942 Curias
1381 886 1516 958 egit.
1552 887 1893 943 Buchardus

231 987 371 1026 vero
421 971 541 1026 dux
582 973 927 1039 Suevorum,
977 974 1204 1032 Italiam
1271 975 1561 1031 hostiliter
1592 977 1892 1042 invadens,

228 1059 615 1131 Adalpertum
646 1078 845 1134 pugna
874 1063 1091 1118 victum
1123 1064 1365 1136 fugavit,
1385 1065 1736 1135 fratremque
1766 1066 1894 1135 ejus

232 1147 550 1203 Widonem
581 1149 793 1204 occidit
822 1156 879 1205 et
904 1152 975 1205 ad
1025 1153 1435 1223 imperatorem
1484 1153 1664 1208 victor
1701 1153 1891 1208 rediit.

228 1268 300 1275 —
327 1237 466 1307 Ipso
497 1254 650 1292 anno
711 1243 866 1293 Brun
899 1239 1148 1294 Coloniae
1207 1241 1497 1313 Agripina
1547 1242 1894 1298 venerabilis

227 1324 734 1396 archiepiscopus,
779 1327 956 1382 frater
1003 1327 1231 1384 Ottonis
1279 1329 1673 1402 imperatoris,
1715 1331 1890 1394 obiit;

230 1414 404 1485 cujus
433 1413 568 1468 Vita
596 1413 808 1471 litteris
837 1416 992 1471 edita
1021 1433 1055 1472 a
1077 1418 1432 1488 quibusdam
1465 1419 1892 1490 habetur(a’187).

303 1518 417 1574 966
453 1520 651 1575 Romae
690 1521 965 1577 defuncto
1005 1522 1213 1592 Leone,
1233 1523 1532 1581 Joannnes
1555 1525 1704 1591 XIII,
1732 1525 1894 1596 prius

229 1607 582 1662 Narniensis
612 1608 944 1681 episcopus,
977 1627 1128 1683 papa
1147 1611 1434 1677 CXXXVI,
1468 1613 1529 1666 in
1560 1613 1764 1668 ordine
1805 1629 1894 1668 se-

233 1696 322 1751 dit
353 1696 528 1752 annis
561 1696 694 1768 plus
725 1698 925 1754 minus
955 1716 1031 1753 vu
1063 1699 1233 1771 (488).

306 1803 412 1856 968
441 1802 691 1875 Eclipsis
718 1803 862 1860 solis
891 1821 947 1860 χι
978 1804 1100 1860 Kal.
1134 1805 1404 1862 Decemb.
1440 1807 1591 1862 facta
1622 1808 1790 1879 (489.)

302 1909 412 1963 969
471 1909 593 1964 Hoc
637 1913 920 1982 tempore,
971 1911 1297 1968 Rodfredus
1338 1929 1534 1969 comes
1584 1918 1642 1969 et
1688 1915 1897 1970 Petrus

235 1998 548 2070 praefectus
579 2015 712 2054 cum
731 1999 864 2054 aliis
877 1999 1235 2072 quibusdam
1266 2003 1588 2058 Romannis
1608 2004 1895 2058 Joannem

233 2103 450 2158 papam
485 2088 1002 2160 comprehensum,
1025 2093 1081 2145 et
1101 2089 1159 2144 in
1183 2089 1487 2146 castellum
1511 2091 1696 2147 sancti
1723 2099 1903 2163 Angc-
1931 2091 1979 2155 Β

232 2176 272 2229 li
306 2181 633 2245 retrusum,
664 2181 722 2232 et
753 2177 809 2232 in
845 2177 1113 2234 exsilium
1148 2179 1385 2234 demum
1421 2180 1477 2234 in
1510 2179 1892 2252 Campaniam

233 2265 492 2320 missum
525 2281 630 2336 per
653 2265 795 2320 xvel
829 2267 978 2323 189
1010 2267 1266 2338 amplius
1333 2286 1567 2324 menses
1599 2269 1892 2341 afﬂigunt,

232 2353 441 2419 donec,
483 2353 772 2409 Rodfredo
804 2355 992 2410 occiso
1026 2373 1059 2411 a
1085 2356 1308 2412 Joanne
1339 2358 1595 2429 quodam
1627 2359 1896 2414 Crescen-

231 2441 297 2496 tii
329 2441 478 2507 filio,
522 2443 594 2496 ad
627 2460 795 2498 suam
832 2445 1028 2500 sedem
1056 2445 1153 2500 vix
1172 2446 1409 2502 tandem
1434 2446 1726 2502 relaxatus
1754 2447 1900 2502 redi-

231 2536 322 2587 ret
353 2529 533 2600 (490).
566 2532 755 2603 Regia.
790 2537 932 2588 cont.
960 2551 1013 2588 a.
1045 2535 1173 2589 965.

303 2638 416 2691 970
446 2636 580 2692 Otto
613 2639 930 2710 imperator
961 2640 1188 2696 Italicas
1203 2641 1417 2697 iterum
1441 2642 1900 2714 invasitprovin-

235 2726 381 2792 cias,
417 2730 788 2798 Romamque
816 2729 1054 2785 veniens
1077 2731 1324 2801 injurias
1356 2731 1556 2786 domni
1585 2748 1746 2803 papa.
1775 2747 1901 2803 gra-

233 2816 386 2870 viter
418 2816 482 2870 in
517 2817 855 2872 auctoribus
886 2818 1142 2885 sceleris,
1169 2821 1385 2892 partim
1407 2819 1652 2888 exsiliis,
1687 2821 1900 2892 partim

236 2903 548 2976 patibulis,
581 2905 876 2978 variisque
907 2906 1093 2978 pcenis
1123 2912 1179 2963 et
1204 2907 1743 2964 abominationibus
1773 2909 1902 2964 vin-

239 2993 481 3048 dicavit.
514 2994 602 3048 Al.
637 2995 763 3048 967.

308 3099 412 3154 974
453 3099 588 3155 Otto
619 3099 955 3172 imperator,
974 3119 1110 3158 cum
1135 3103 1193 3158 in
1226 3102 1391 3158 Italia
1413 3108 1759 3170 moraretur,
1778 3103 1906 3158 bea-

241 3193 342 3244 tus
372 3187 721 3244 Vodalricus
751 3192 1143 3263 Augustensis
1164 3192 1472 3264 episcopus
1492 3194 1615 3264 jam
1650 3193 1908 3265 grandae-

241 3293 355 3331 vus
388 3280 447 3331 et
473 3276 768 3346 inﬁrmus,
796 3295 933 3335 cum
971 3281 1213 3337 Romam
1264 3298 1442 3337 causa
1493 3281 1772 3337 orationis
1801 3297 1903 3352 pe-

2004 803 2103 869 lio,
2138 803 2208 858 ab
2241 819 2306 858 eo
2337 802 2668 875 impetravit
2692 804 2868 874 (491).
2895 804 3140 877 Signum
3173 804 3468 877 quoddam
3497 806 3650 878 ignei

2002 889 2211 946 coloris
2241 890 2299 944 in
2335 889 2478 944 cmlo
2510 891 2800 962 apparuit.

2071 979 2176 1031 972
2204 979 2400 1050 Augiai
2450 978 2788 1050 Eggehardo
2835 979 3044 1034 abbate
3076 979 3148 1034 ob
3180 996 3272 1034 res
3308 979 3560 1036 ecclesiae
3593 982 3651 1036 in

2004 1069 2408 1138 paupertatem
2439 1067 2704 1121 redactas
2731 1066 2999 1122 incusato
3022 1068 3166 1122 etab
3188 1068 3538 1140 imperatore
3561 1071 3654 1125 Ot-

2002 1159 2136 1210 tonc
2155 1155 2396 1226 privato,
2423 1155 2846 1210 Ruodmannus
2867 1156 3233 1228 praepositus,
3250 1157 3432 1212 abbas
3456 1159 3648 1225 XXIV,

2004 1247 2309 1314 promotus
2356 1243 2589 1314 praefuit
2635 1243 2805 1300 annis
2834 1262 2966 1299 xxrv
3014 1245 3308 1316 nimisque
3355 1246 3651 1302 abbatiam

2005 1331 2230 1386 ditavit.
2256 1363 2323 1371 -—
2345 1331 2615 1403 Synodus
2648 1333 2801 1403 apud
2839 1333 3230 1405 lngelenheim
3261 1335 3334 1388 ab
3363 1335 3654 1406 episcopis

2005 1419 2245 1474 collecta
2267 1424 2374 1486 est,
2410 1421 2604 1491 ibique
2633 1420 2838 1476 beatus
2877 1421 3187 1493 episcopus
3225 1421 3569 1479 Vodalricus
3598 1429 3655 1479 et

2002 1508 2290 1564 Adalbero
2310 1509 2527 1564 sororis
2558 1509 2686 1579 ejus
2709 1508 2864 1565 ﬁlius
2885 1509 3338 1582 trangressionis
3361 1528 3650 1567 canonum

2005 1597 2283 1666 accusati,
2346 1614 2526 1652 causa
2582 1615 2691 1652 sua
2748 1597 2906 1652 dicta
2953 1602 3009 1653 et
3057 1602 3351 1667 excusata,
3403 1600 3654 1656 absoluti

2003 1688 2376 1741 revertuntur
2404 1685 2572 1756 (492).
2625 1717 2692 1726 -
2738 1686 2931 1740 Romae
2982 1685 3332 1743 Benedictus
3377 1687 3473 1755 VI,
3508 1707 3659 1761 papa

2007 1774 2298 1830 CXXXVII
2351 1773 2579 1845 przefuit
2608 1791 2760 1829 anno
2794 1793 2834 1837 ι,
2885 1775 3190 1830 mensibus
3219 1793 3274 1830 x.
3312 1778 3484 1848 Apud
3517 1795 3655 1832 san-

2005 1871 2162 1917 ctum
2193 1861 2424 1917 Gallum
2455 1863 2744 1917 Notkerus
2773 1862 2956 1918 abbas
2988 1881 3044 1917 IV
3073 1879 3258 1920 annos
3288 1866 3536 1936 praefuit.

2074 1951 2181 2004 973
2219 1951 2362 2006 Cum
2396 1951 2599 2006 beatus
2630 1950 2942 2022 episcopus
2984 1950 3329 2007 Vodalricus
3359 1954 3511 2024 apud
3559 1953 3655 2008 Di-

2007 2039 2225 2110 lingam
2256 2043 2515 2094 castrum
2547 2054 2681 2094 eum
2728 2038 3032 2094 Richwino
3063 2039 3293 2104 comite,
3326 2040 3524 2096 fratris
3555 2041 3647 2097 sui

2008 2126 2326 2182 Theobaldi
2377 2126 2519 2197 ﬁlio,
2550 2126 2775 2182 Pascha
2819 2132 3036 2197 ageret,
3089 2128 3374 2183 Adalbero
3406 2128 3656 2186 clericus

2005 2216 2238 2270 futurus
2270 2219 2400 2286 post
2429 2231 2584 2279 eum,
2610 2219 2674 2269 ut
2696 2215 3060 2286 sperabatur,
3086 2214 3414 2288 episcopus,
3439 2216 3656 2273 ibidem

2005 2303 2480 2376 phlebotomatus
2513 2303 2710 2358 subita
2743 2307 2928 2358 morte
2975 2303 3143 2374 periit
3171 2307 3565 2377 Augustsaque
3597 2306 3655 2361 in

2005 2392 2500 2450 basilica-sancta:
2538 2393 2688 2447 Afrae
2738 2393 2810 2446 ab
2851 2391 3138 2448 avunculo
3182 2410 3287 2448 suo
3336 2396 3491 2451 I90
3538 2395 3656 2466 epi-

2007 2497 2182 2554 scopo
2228 2485 2427 2538 sancto
2476 2481 2744 2553 sepultus
2789 2485 2895 2536 est.
2947 2481 3076 2552 Ipse
3102 2481 3308 2538 beatus
3349 2483 3660 2555 episcopus

2008 2571 2162 2625 inter
2192 2570 2306 2626 alia
2353 2571 2506 2625 bona
2554 2569 2849 2624 abbatiam
2896 2569 3280 2625 Uttenburam
3323 2572 3492 2643 (493),
3545 2572 3657 2628 sibi

2009 2659 2335 2726 subditam,
2364 2658 2650 2715 libertatis
2697 2657 2998 2730 privilegio
3048 2659 3119 2712 ab
3169 2658 3520 2730 imperatore
3560 2661 3656 2716 0t-

2009 2753 2143 2804 tone
2174 2748 2393 2803 absolvi
2417 2748 2496 2802 im
2506 2746 2845 2820 petravit.—
2859 2747 2988 2801 Otto
3009 2745 3658 2819 imperator,peripsum

2011 2842 2245 2908 tempus
2272 2853 2406 2892 non.
2424 2836 2558 2891 Maii
2579 2836 2772 2891 subito
2795 2838 3086 2900 mortuus,
3106 2834 3259 2905 apud
3273 2834 3661 2909 Parthenopo-

2012 2924 2136 2992 lim,
2163 2941 2290 2997 quae
2315 2925 2704 2996 Magedeburg
2723 2923 2954 2988 dicitur,
2970 2922 3071 2978 ubi
3093 2922 3659 2998 archiepiscOpatum

2015 3031 2250 3070 summo
2281 3013 2478 3069 studio
2509 3014 2746 3082 fecerat,
2798 3011 3066 3084 sepultus
3097 3015 3202 3079 est,
3237 3016 3295 3068 et
3340 3013 3498 3070 filius
3529 3016 3659 3086 ejus

2013 3103 2142 3158 Otto
2175 3103 2470 3158 secundus
2515 3100 2675 3172 regni
2708 3117 2812 3172 pro
2843 3117 2908 3155 eo
2933 3101 3070 3170 jura
3099 3099 3378 3171 suscepit.
3412 3102 3662 3159 Sanctus

2016 3207 2248 3263 quoque
2295 3188 2641 3244 Vodalricus
2677 3187 3065 3260 Augustensis
3113 3186 3442 3259 episcOpus,
3487 3188 3663 3262 longa

2015 3279 2358 3335 inﬁrmitate
2388 3281 2680 3346 decoctus,
2711 3294 2865 3332 anno
2918 3276 3104 3332 aetatis
3152 3293 3384 3345 Lxxxni,
3437 3278 3659 3350 episco-

247 3366 452 3431 tisset,
479 3381 609 3419 eum
640 3366 780 3423 adiit
806 3372 864 3424 et
894 3369 1294 3443 episcopatum
1342 3387 1515 3426 suum
1555 3368 1906 3425 Adalberoni
1938 3354 1980 3419 C
2021 3373 2194 3440 patus
2225 3384 2358 3423 vero
2390 3385 2442 3434 L,
2486 3367 2628 3423 feria
2674 3371 2836 3423 sexta
2869 3383 2918 3422 IV
2961 3366 3108 3421 Non.
3135 3363 3272 3422 Julii
3319 3365 3470 3422 felici
3503 3367 3664 3424 obitu

1282 3510 1751 3567 COMPENDIUM
1791 3511 1883 3565 EX
1923 3509 2174 3566 CODICE
2214 3508 2595 3566 BERNOLDI.

315 3623 426 3677 965
453 3624 757 3694 Imperator
785 3624 851 3680 de
905 3627 1070 3681 Italia
1117 3627 1278 3694 redit,
1329 3636 1380 3682 et
1438 3625 1759 3682 Buchardus
1796 3627 1911 3681 dua:
2021 3627 2354 3698 impetravit.

241 3711 546 3767 Suevorum
575 3713 640 3766 in
667 3714 832 3768 Italia
859 3714 1087 3771 rebelles
1118 3717 1442 3787 imperatori
1471 3717 1622 3770 vicit.

309 3801 423 3854 966
473 3802 666 3858 Romae
717 3801 974 3873 defuncto
1031 3807 1232 3869 Leone,
1287 3805 1527 3860 Joannes
1564 3804 1906 3870 tredecimus,

234 3892 404 3960 prius
432 3892 774 3947 Narniensis
794 3895 1095 3964 episcopus,
1127 3893 1412 3949 ordinatus
1437 3902 1532 3948 est.

310 3979 424 4034 968
455 3982 530 4033 Ut
559 3983 708 4052 Aug.

310 4068 422 4122 969
451 4069 563 4124 Hoc
590 4074 832 4140 tempOre
859 4072 1092 4127 Ioannes
1116 4087 1289 4143 papa;
1318 4088 1352 4125 a
1399 4071 1722 4143 quibusdam
1759 4071 1907 4126 mul-

246 4165 358 4212 tum
416 4159 667 4228 afﬂictus
717 4159 944 4225 exsilio,
1007 4162 1100 4215 νίας
1121 4160 1338 4216 tandem
1364 4177 1399 4215 a
1423 4160 1655 4233 quodam
1690 4163 1906 4217 Joanne

244 4262 352 4301 sua:
379 4246 503 4302 sedi
533 4248 868 4303 restituitur.

307 4336 417 4389 970
439 4335 572 4393 Otto
601 4336 734 4408 imp.
769 4338 990 4393 Romam
1009 4339 1231 4394 veniens
1260 4340 1500 4410 injurias
1523 4339 1712 4395 damni
1737 4355 1904 4410 papa?

242 4425 297 4478 ia
331 4425 660 4479 auct-oribus
695 4427 958 4482 scelerum
986 4429 1237 4498 graviter
1257 4427 1575 4484 vindicavit.

2089 3716 2192 3770 972
2223 3714 2499 3787 Synodus,
2552 3721 2683 3780 etc.,
2711 3717 2795 3769 ut.
2847 3714 2988 3785 Aug.
3042 3715 3229 3770 Rom
3274 3715 3662 3770 Benedictus...

2016 3805 2288 3860 mensibus
2317 3805 2518 3860 decem.

2087 3894 2192 3948 973
2240 3892 2509 3948 Adalbero
2565 3893 2818 3958 clericus,
2893 3893 3140 3962 futurus,
3201 3893 3263 3946 ut
3317 3891 3664 3962 sperabatur,

2014 3984 2316 4054 episcopus,
2361 3981 2513 4036 obiit.
2566 3980 2683 4036 Otto
2734 3982 2866 4051 imp.
2915 3980 3085 4035 Nonis
3125 3979 3260 4034 Maii
3297 3979 3476 4036 subito
3520 3997 3667 4038 mor-

2013 4074 2140 4125 tuus
2195 4069 2348 4141 apud
2393 4069 2860 4140 Parthenopolim,
2911 4067 2967 4124 id
3013 4072 3094 4123 est
3138 4067 3518 4139 Megedeburc,
3569 4070 3666 4126 ubi

2014 4161 2132 4230 ipse
2178 4158 2668 4230 archiepiscOpium
2711 4159 2937 4227 fecerat,
2990 4158 3236 4229 sepultus
3279 4163 3382 4227 est,
3434 4166 3486 4214 et
3516 4160 3669 4230 ﬁlius

2015 4250 2130 4319 ejus
2162 4248 2278 4304 Otto
2328 4247 2579 4317 regnavit
2615 4262 2716 4319 pro
2755 4262 2838 4302 eo.
2871 4247 2926 4302 S.
2985 4246 3268 4304 Ulduricus
3313 4247 3668 4317 Augustensis

2014 4338 2290 4409 episcopus
2321 4338 2587 4405 migravit
2613 4336 2684 4392 ad
2713 4337 3004 4392 Dominum
3035 4352 3180 4391 anno
3220 4338 3403 4393 aetatis
3434 4354 3665 4406 Lxxxm,

2013 4427 2347 4497 episcopatus
2393 4443 2441 4492 L,
2475 4429 2683 4496 quarto
2732 4425 2919 4480 Nonas
2961 4425 3158 4480 Iulias.
3189 4425 3508 4481 Burhardus
3552 4427 3669 4482 dua:

306 4514 437 4568 971.
472 4521 535 4567 S.
595 4513 919 4585 Udpalricus
965 4519 1242 4588 episcopus
1289 4517 1542 4586 inﬁrmus
1579 4516 1908 4572 Adalberoni
1938 4517 1984 4581 D
2016 4515 2367 4570 Alemannia,o
2393 4516 2552 4581 obiit,
2585 4524 2635 4570 et
2668 4515 2783 4571 Otto
2813 4515 2968 4585 ﬁlius
2998 4514 3218 4583 Luitolﬁ
3244 4520 3539 4584 paternum
3563 4531 3668 4586 pro

241 4606 444 4658 sororis
496 4617 624 4659 suae
678 4603 793 4672 ﬁlio
841 4607 1210 4677 episcopatum
1256 4621 1416 4660 suum
1445 4607 1518 4660 ab
1562 4607 1893 4674 imperatore
2000 4619 2062 4659 eo
2093 4603 2354 4658 ducatum
2380 4605 2608 4674 accepit.

1841 4747 2073 4803 NOTAE.

331 4861 461 4930 487)
494 4860 736 4916 Primus
764 4860 916 4918 hanc
968 4861 1160 4916 Vitam
1211 4862 1268 4917 S.
1322 4862 1633 4927 Brunonis,
1659 4861 1904 4933 jubente

307 4863 461 4986 8487)
494 4863 736 4916 Primus
764 4863 916 4918 hanc
968 4863 1160 4916 Vitam
1211 4863 1268 4917 S.
1322 4863 1633 4927 Brunonis,
1659 4863 1901 4933 jubente

242 4932 312 4986 F0
340 4947 586 4986 comaro
627 4933 1144 5004 ejusisuccessore,
1195 4933 1432 5004 scripsit
1474 4934 1758 5003 Rotgerus
1799 4951 1901 4988 seu

244 5003 869 5075 Rogerusmouachus
889 5010 946 5070 S,
974 5003 1345 5060 Pantaleonis
1367 5004 1634 5074 Coloniae,
1658 5020 1786 5075 qua:
1808 5021 1904 5058 ex-

246 5073 362 5147 stat
397 5079 440 5128 t.
493 5073 546 5147 Υ
595 5073 861 5147 Octobris
909 5075 1171 5130 Bolland.
1227 5093 1281 5147 p.
1314 5077 1438 5147 698,
1463 5080 1518 5131 et
1547 5073 1904 5130 in’L‘eibnitii

245 5144 896 5220 scriptoribus‘lterum
929 5144 1442 5220 Brunsvicensium
1473 5151 1514 5202 t.
1549 5147 1591 5215 Ι,
1616 5166 1672 5220 p.
1705 5148 1830 5202 273.

317 5217 465 5290 (488)
498 5216 621 5290 Hoc
642 5216 770 5290 jam
804 5235 957 5273 anno
989 5220 1180 5290 priore
1206 5218 1452 5290 factum.

318 5288 440 5358 (489
471 5287 649 5341 Nulla
679 5287 788 5343 hoc
817 5287 1252 5358 anno—eclipsis
1309 5288 1451 5344 solis
1482 5289 1574 5344 die
1602 5290 1666 5343 21
1709 5288 1849 5344 Nov.
1889 5306 1900 5352 ;

247 5364 390 5416 bene
419 5374 557 5412 vero
587 5361 660 5431 22
695 5359 846 5430 Dec.,
882 5378 983 5416 seu
1014 5379 1070 5417 x1
1104 5359 1224 5416 Kal.
1247 5361 1512 5416 Januarii
1535 5359 1794 5431 contigit,
1821 5361 1905 5414 uti

245 5433 417 5488 etiam
449 5429 673 5484 nostris
705 5431 1006 5488 codicibus
1038 5433 1461 5488 restituendum
1504 5429 1754 5487 videtur.
1789 5431 1903 5487 He-

249 5505 542 5576 pidannus
575 5499 732 5556 diem
776 5509 928 5559 recte
961 5508 1152 5572 notat;
1178 5504 1422 5576 inanno
1450 5504 1556 5576 970
1588 5502 1826 5576 fallitur.

319 5574 461 5642 (490)
489 5573 879 5647 (ζηῑιοῒειηὴωο
911 5581 970 5631 et
999 5575 1298 5647 sequentis
1329 5574 1466 5647 anni
1528 5574 1738 5647 Pagius
1768 5591 1902 5629 cuni

319 5593 461 5642 {’i‘dU)
489 5593 879 5631 υῐιΠΟιᾶΠΠωϐ
911 5593 970 5631 ει
999 5593 1058 5631 SB
1107 5593 1298 5631 uentis
1329 5593 1466 5629 anni
1528 5593 1738 5647 ragius
1768 5593 1902 5629 CUIU

249 5644 563 5773 ngirtiouis
595 5649 1004 5704 continuatore
1026 5593 1100 5703 ad
1119 5663 1340 5703 annum
1365 5646 1471 5700 965
1491 5650 1547 5701 et
1566 5651 1902 5717 sequentem

253 5735 311 5773 re
335 5737 394 5773 er
427 5760 440 5771 .

253 5735 440 5775 reiert.

320 5790 467 5861 {494)
501 5793 635 5850 Otto
667 5809 762 5848 an.
808 5791 912 5846 969
965 5793 1166 5846 contra
1210 5791 1436 5845 Graecos
1484 5789 1542 5843 in
1574 5787 1901 5846 Calabriam

2016 4861 2214 4927 movit,
2243 4861 2480 4916 demum
2508 4877 2560 4916 a.
2585 4860 2691 4914 972
2714 4860 2772 4914 in
2793 4859 3165 4914 Germaniam
3188 4859 3392 4914 redux.
3416 4859 3549 4924 Quae
3572 4875 3669 4915 au~

2015 4939 2130 4988 tem
2147 4933 2240 4987 hic
2264 4933 2333 4988 de
2348 4935 2402 4986 S.
2422 4930 2685 4987 Udalrico
2705 4937 3036 4996 narrantur,
3053 4931 3337 4987 Ravennae
3351 4931 3670 4996 contigisse

2018 5003 2222 5058 scribit
2264 5003 2406 5086 Vita:
2437 5003 2587 5086 'ejus‘
2625 5008 2829 5086 auctor
2863 5020 2991 5086 cap.
3023 5003 3076 5070 9,
3129 5004 3218 5086 uti
3264 5007 3470 5086 et‘cap:
3504 5003 3573 5086 IQ
3601 5021 3669 5059 ea

2020 5091 2147 5147 quae
2181 5091 2314 5147 mox
2339 5075 2409 5147 de
2436 5073 2960 5147 lngelenheimensi
2984 5075 3227 5131 concilio
3249 5074 3666 5143 subjiciuntur,

2017 5143 2072 5226 t2.
2095 5144 2319 5226 ll,"Jul.
2354 5143 2888 5226 Boll..'p..l_l5,.etc.
2923 5147 3078 5202 Infra
3098 5147 3157 5202 in
3189 5147 3320 5201 Vita
3347 5147 3661 5226 Hermanni

2018 5217 2287 5299 pluribus
2316 5215 2748 5340 pxlamiiiabitur
2767 5219 2963 5274 Peiere
2993 5235 3209 5284 comes,
3235 5234 3335 5273 seu
3359 5215 3666 5271 Adalbero-

2018 5306 2104 5340 DIS
2135 5303 2308 5340 Daren
2341 5304 2369 5340 8
2395 5304 2448 5340 ἃ.
3111 5309 3114 5311 λ

2015 5306 2104 5343 nis
2135 5303 2452 5359 parentem.
3111 5309 3114 5311 λ

2261 5357 2478 5438 Cpncil:
2512 5359 2702 5438 Germ_.
2741 5361 2882 5438 l._ll.
2920 5361 3133 5438 p.654.
3341 5430 3350 5438 _
3429 5425 3440 5436 θ
3605 5428 3614 5438 ⁸

2086 5431 2232 5501 (493)
2291 5429 2611 5485 Ottenbura
2661 5432 2724 5487 D.
2775 5429 3070 5488 Benedicti
3126 5429 3548 5501 monasterium
3602 5429 3661 5483 iii

2016 5500 2311 5558 Guntiana
2341 5501 2486 5583 valle
2516 5500 3171 5583 praedicto_adalberoni
3194 5514 3473 5583 concessa
3503 5505 3660 5583 erat;

2014 5591 2130 5656 quo
2165 5579 2396 5644 mortuo
2429 5573 2720 5699 Spriesul
2743 5575 2854 5656 sibi
2878 5591 3002 5657 eam
3033 5573 3367 5654 impetravit
3386 5575 3443 5627 et
3462 5577 3664 5644 postea

2012 5646 2257 5718 liberam
2291 5662 2498 5718 monac
2549 5663 2597 5701 is
2619 5650 2898 5702 restituit.
2934 5645 3064 5700 Vid.
3093 5661 3224 5715 ejus
3254 5647 3382 5700 Vitae
3407 5660 3535 5718 cap.
3569 5646 3658 5716 10,

2887 5685 2898 5698 ο
2953 5685 2966 5699 ν
2989 5685 3064 5700 δυο
3095 5685 3224 5715 νδυυ
3264 5685 3382 5700 νιυνυ
3407 5685 3535 5716 vute.

2016 5725 2052 5773 ι.
2086 5717 2136 5774 II
2165 5715 2284 5774 Jul.
2319 5715 2462 5774 Boll.
