4152 6186
263 315 386 376 229

1509 313 1982 376 CHBONICON.
2013 347 2091 359 —
2123 310 2313 375 SAEC.
2350 310 2456 377 XI.

3567 323 3689 389 230

1623 473 1856 530 CODEX
1897 472 2298 532 AUGIENSIS.

262 592 419 666 ipsis
437 591 640 647 invitis
671 592 1172 664 prazposuit.Unde
1192 590 1493 647 nonnullis
1514 591 1744 662 exipsis
1760 608 1929 664 spon-
1957 594 2012 660 Α
2043 595 2354 664 susceptus
2391 593 2601 648 fratres
2650 593 2946 665 dispersos
2999 596 3152 652 I98
3212 597 3514 670 recolligit,
3571 605 3628 657 et
3659 620 3693 658 a

259 687 322 737 te
354 681 550 736 locum
600 679 766 736 illum
817 680 1310 753 relinquentibus,
1361 679 1716 751 quibusdam
1757 680 1933 734 etiam

257 770 336 824 ab
366 785 437 824 eo
461 768 737 840 jejuniis,
771 771 915 825 ιοπ
955 769 1294 825 verberibus
1325 767 1646 838 exsilioque
1684 768 1936 840 graviter

271 857 536 924 afﬂictis,
560 857 755 913 nobile
787 858 1210 914 monasterium
1239 857 1300 912 in
1333 857 1566 929 magnis
1597 856 1743 912 viris
1767 855 1935 912 libris

272 952 333 1005 et
361 946 625 1004 ecclesiae
673 947 970 1004 thesauris
1019 963 1212 1020 grave,
1262 946 1515 1018 peccatis
1544 945 1934 1019 exigentibus.

262 1036 511 1109 pertulit
539 1035 984 1103 detrimentum,
1018 1035 1191 1091 sicuti
1215 1035 1589 1106 Ruodpertus
1611 1035 1935 1090 monachus

261 1125 485 1181 nobilis
515 1130 571 1180 et
600 1125 768 1180 docte
795 1125 1037 1189 facetus,
1074 1123 1280 1179 matris
1317 1140 1457 1178 mea
1498 1127 1744 1195 patruus
1787 1112 1934 1191 (521)

259 1231 464 1287 prosa,
501 1211 794 1284 rhythmo,
831 1219 1140 1284 metroque
1156 1211 1428 1268 ﬂebiliter
1447 1210 1932 1284 deplangit(522).

264 1302 467 1358 Romae
497 1301 756 1357 Joannes
785 1301 956 1370 XVII,
989 1301 1090 1374 qui
1129 1306 1186 1357 et
1234 1301 1516 1361 Fasanus.
1568 1317 1719 1372 papa
1747 1300 1934 1356 CXLV

269 1392 586 1447 ordinatur
609 1391 776 1461 (5‘23).

340 1480 481 1534 1007
514 1478 801 1534 Henricus
831 1495 928 1534 rex
961 1495 1193 1534 summo
1243 1477 1437 1534 studio
1486 1477 1643 1549 apud
1675 1482 1935 1533 castrum

266 1585 447 1624 suum
481 1569 823 1640 Babenberg
853 1566 1107 1623 nobilem
1154 1570 1212 1621 et
1259 1566 1495 1622 divitem
1531 1565 1934 1638 episcopatum

273 1655 627 1719 construxit,
661 1657 1006 1728 primusque
1037 1656 1114 1711 ibi
1149 1655 1260 1710 hoc
1291 1672 1445 1710 anno
1477 1655 1789 1727 episcopus
1811 1672 1938 1728 pro-

281 1751 485 1800 motus
512 1749 603 1800 est
629 1744 1023 1801 Eberhardus.

341 1834 482 1888 1008
517 1832 761 1888 Luitolfo
792 1833 916 1888 viro
949 1833 1118 1888 docto
1149 1832 1479 1888 Trevirensi
1501 1831 1937 1903 archiepiscopo

273 1923 582 1986 defuncto,
607 1921 1032 1994 Megingaudus
1055 1938 1158 1993 pro
1171 1938 1235 1976 eo
1259 1921 1731 1992 archiepiscopus
1749 1937 1784 1974 a
1803 1935 1936 1991 rege

264 2015 687 2083 promovetur;
723 2011 821 2066 sed
857 2009 1145 2066 Adalbero
1195 2009 1462 2076 clericus,
1508 2009 1717 2081 regina:
1748 2008 1935 2063 Cune-

263 2100 487 2172 gundis
518 2100 669 2170 (521)
697 2115 1036 2171 germanus,
1065 2098 1420 2170 quibusdam
1473 2097 1825 2163 faventibus,
1861 2097 1931 2150 ad

264 2186 820 2259 archiprzesulatum
855 2187 1025 2258 quasi
1050 2203 1114 2242 ex
1143 2185 1300 2258 regio
1328 2185 1621 2258 promisso
1642 2183 1755 2240 sibi
1778 2183 1935 2239 debi-

263 2282 393 2332 tum
429 2277 700 2343 adnisus,
731 2275 1070 2331 Trevirense
1119 2273 1398 2346 palatium
1445 2273 1732 2346 praesidiis
1762 2289 1929 2329 occu-

267 2371 390 2439 pat,
422 2371 483 2421 et
514 2382 649 2422 cum
685 2364 966 2420 fratribus
997 2364 1120 2420 suis
1141 2363 1495 2419 Theoderico
1517 2361 1760 2418 Metensi
1785 2361 1933 2434 epis-

263 2471 410 2526 copo
443 2458 503 2509 et
533 2452 784 2508 Henrico
814 2452 966 2524 (525)
1001 2450 1274 2523 Bajoariae
1307 2452 1474 2516 duce,
1527 2451 1933 2521 Fridericoque

261 2543 480 2598 comite
512 2542 684 2613 (5‘26),
720 2541 1018 2596 adnitente
1048 2539 1223 2596 etiam
1255 2557 1386 2595 cum
1421 2537 1551 2594 aliis
1572 2538 1776 2594 multis
1797 2538 1932 2594 Ger-

263 2631 453 2686 hardo
489 2633 629 2686 item
659 2631 871 2686 comite
901 2630 1068 2701 (527),
1103 2633 1305 2685 contra
1345 2645 1536 2701 regem
1588 2626 1928 2695 rebellavit;

263 2722 366 2792 qui
397 2727 604 2776 tamen
634 2736 840 2775 omnes
871 2736 906 2774 a
934 2734 1065 2790 rege
1097 2722 1228 2791 post
1257 2717 1482 2790 aliquot
1501 2716 1782 2789 temporis
1802 2734 1928 2789 spa-

266 2811 421 2865 tium
456 2809 691 2865 subacti
712 2813 870 2868 sunt.
895 2813 952 2863 et
967 2806 1252 2862 Henricus
1274 2807 1398 2878 ipse
1415 2806 1692 2877 Bajoarize
1713 2806 1927 2860 ducatu

259 2898 547 2970 privatur.
581 2899 746 2953 Ditm.
781 2929 849 2938 —
882 2898 1013 2968 Ipso
1044 2912 1197 2952 anno
1228 2895 1512 2951 Henricus
1543 2910 1661 2960 rex,
1696 2894 1930 2966 cognita

260 2987 508 3042 tandem
525 2987 818 3059 postduos
833 3002 1021 3042 annos
1034 2984 1315 3040 Immonis
1330 2983 1693 3050 crudelitate,
1709 2986 1927 3038 remoto

263 3093 358 3141 eo,
382 3076 716 3132 Bernadum
745 3075 936 3130 virum
961 3074 1198 3130 doctum
1221 3077 1278 3128 et
1305 3072 1490 3145 pium,
1525 3071 1926 3127 Prumiensem

263 3163 859 3236 monachum,Augize
873 3162 1177 3219 constituit
1191 3162 1461 3218 abbatem
1481 3179 1494 3230 ;
1517 3161 1618 3232 qui
1632 3164 1930 3233 gratanter

2049 686 2360 754 Lantperto
2392 681 2822 737 Conslantiensi
2871 683 3142 755 episcopo
3194 684 3376 741 abbas
3424 688 3550 758 ejus
3581 689 3692 745 loci

2043 769 2212 824 XXIX
2243 774 2638 833 consecratus,
2673 787 2887 842 magna
2919 771 3167 844 insignis
3195 774 3439 830 scientia
3486 781 3544 831 et
3573 777 3695 849 pie-

2043 862 2161 913 tate
2191 858 2423 929 praafuit
2453 857 2622 913 annis
2655 876 2742 912 XL.

2114 945 2251 1000 1009
2296 945 2667 1001 Wolferadus
2715 963 2910 1003 comes
2963 948 3282 1006 lliltrudem
3322 952 3606 1025 Piligrini,
3639 961 3697 1010 et

2045 1034 2373 1089 Berhtradae
2435 1034 2617 1090 filiam
2681 1036 2825 1107 (528)
2886 1053 3120 1092 uxorem
3191 1039 3376 1105 duxit,
3452 1060 3521 1098 ex
3579 1061 3697 1115 qua

2043 1128 2265 1194 postea,
2300 1139 2392 1178 me
2422 1123 2776 1180 lIerimanno
2808 1131 3212 1193 annumerato,
3238 1145 3310 1184 xv
3347 1128 3526 1186 libros
3558 1149 3694 1204 pro-

2043 1211 2276 1268 creavit.

2119 1300 2257 1354 1010
2314 1299 2520 1355 Senior
2579 1300 2944 1357 Wolferadus
3002 1319 3217 1374 comes,
3244 1311 3522 1376 paternus
3552 1328 3697 1367 avus

2046 1406 2234 1455 meus,
2269 1387 2525 1442 clemens
2555 1389 2864 1460 etjustitiae
2882 1395 3072 1458 tenax,
3101 1392 3254 1447 inter
3274 1411 3529 1468 suosque
3551 1417 3694 1470 prae-

2045 1477 2259 1545 clarus,
2292 1495 2345 1532 ιν
2378 1481 2525 1542 Non,
2561 1477 2749 1532 Martii
2773 1479 2900 1550 jam
2934 1498 3109 1536 senex
3141 1483 3391 1538 moritur
3415 1487 3586 1558 (529).

2120 1567 2244 1620 1011
2273 1565 2602 1638 Willigisus
2616 1568 3033 1639 Moguntiensis
3044 1569 3520 1645 archiepiscopus
3533 1575 3696 1642 obiit,

2045 1655 2215 1726 eique
2247 1654 2685 1710 Erchenbaldus
2717 1660 3018 1712 successit.
3052 1689 3120 1698 —
3149 1659 3544 1719 Theodoricus
3583 1665 3700 1720 dux

2046 1744 2229 1815 partis
2261 1743 2406 1813 (530)
2439 1743 2918 1814 Lotharingorum
2945 1747 3054 1800 sub
3078 1747 3205 1818 ipsa
3226 1766 3370 1819 pene
3390 1754 3698 1822 prmsentia

2047 1832 2199 1904 regis
2229 1848 2262 1886 a
2282 1831 2524 1886 Henrico
2545 1833 2816 1902 Bajoarize
2833 1834 3055 1888 dudum
3076 1836 3242 1902 duce,
3267 1842 3324 1892 et
3340 1840 3695 1909 quibusdam

2047 1919 2415 1991 Lotharingis
2463 1923 2669 1991 captus
2718 1923 2775 1974 et
2817 1920 3106 1976 abductus
3151 1927 3276 1991 est;
3337 1942 3452 1996 quo
3501 1933 3694 1985 tamen

2045 2013 2244 2078 postea
2273 2007 2544 2073 relaxato,
2579 2007 2862 2063 Henricus
2895 2009 3017 2080 ipse
3047 2012 3295 2081 gratiam
3329 2014 3482 2086 regis
3513 2017 3694 2071 duca-

2043 2099 2289 2166 tumque
2323 2112 2497 2150 suum
2532 2097 2765 2168 recepit.
2802 2097 3031 2152 Ditmar.

2114 2185 2254 2238 1012
2275 2184 2584 2240 Conradux
2607 2185 2722 2240 dux
2743 2186 3072 2254 Carcntani,
3098 2188 3255 2245 filius
3278 2191 3504 2248 Ottonis
3528 2194 3695 2248 ducis

2043 2272 2334 2346 fraterque
2368 2274 2654 2328 Brunonis
2685 2275 2831 2346 (531)
2863 2276 3086 2331 dudum
3107 2295 3293 2350 papae,
3317 2280 3481 2346 obiit,
3505 2289 3560 2336 et
3581 2283 3696 2353 pri-

2041 2367 2172 2416 vate
2223 2361 2340 2416 lilio
2391 2363 2519 2431 ejus
2569 2379 2748 2434 puero
2771 2364 3053 2430 Conrado,
3085 2367 3368 2424 Adalbero
3399 2371 3548 2441 (532)
3581 2371 3692 2425 du-

2042 2454 2236 2505 catum
2272 2450 2512 2521 accepit.
2548 2451 2631 2504 Al.
2667 2469 2757 2506 an.
2789 2469 2876 2523 pr.
2907 2484 2971 2492 ——
3033 2454 3423 2513 Herimannus
3464 2475 3696 2530 quoque

2038 2539 2245 2594 Junior
2295 2539 2411 2593 dux
2464 2540 2614 2595 I99
2663 2539 3018 2597 Alemanniae
3067 2544 3213 2615 (533)
3263 2546 3575 2603 defunctus
3601 2549 3696 2604 Er-

2042 2634 2285 2683 nustum
2319 2627 2537 2683 sororis
2570 2645 2688 2684 sua
2739 2629 2940 2685 Giselze
2991 2633 3268 2688 maritum
3294 2651 3692 2692 successorem

2040 2717 2282 2788 accepit.
2319 2717 2548 2771 Ditmar.

2111 2805 2250 2860 1013
2265 2806 2457 2860 Romae
2475 2806 2748 2861 defuncto
2766 2807 2965 2880 Sergio
2988 2825 3159 2880 papa.
3183 2809 3528 2866 Benedictus
3542 2812 3690 2880 VIII,

2037 2910 2190 2965 papa
2218 2893 2473 2960 CXLVII,
2503 2893 2652 2948 sedit
2682 2896 2851 2950 annis
2882 2896 3064 2952 ferme
3111 2914 3212 2952 xu.
3262 2898 3346 2953 Al.
3397 2916 3488 2955 an.
3521 2917 3689 2972 prazc.

2037 2981 2426 3038 Herimannus
2457 2997 2563 3054 ego
2593 3000 2666 3038 xv
2694 2983 2812 3038 Cal.
2847 2986 2996 3056 Aug,
3022 2989 3194 3042 natus
3216 3003 3369 3056 sum,
3399 2989 3685 3047 Henricus

2038 3087 2136 3126 rex
2166 3070 2394 3126 Italiam
2427 3087 2558 3126 cum
2592 3071 2844 3127 exercitu
2873 3074 3038 3145 petit.

1337 3327 1808 3385 COMPENDIUM
1847 3327 1936 3383 EX
1973 3327 2230 3384 CODICE
2269 3326 2643 3382 BEHNOLDI.

352 3475 496 3528 1007
514 3475 832 3531 Henricus...
877 3477 1322 3547 episcOpatumm
1353 3474 1553 3528 honore
1589 3473 1648 3527 S.
1694 3473 1924 3543 Georgii
1953 3472 1996 3537 C
2034 3470 2416 3526 consobrinam
2472 3471 2692 3525 Henrici
2740 3472 2904 3540 regis,
2956 3472 3299 3543 Hedewigam
3336 3478 3578 3545 nomine,
3627 3477 3692 3534 de
3756 3451 3770 3458 νὴ

264 3565 543 3634 martyris
570 3566 892 3620 construxit.
905 3605 941 3618 ..
974 3561 1338 3619 Eberltardus.

346 3655 488 3707 1008
537 3654 734 3721 Λυσίας
780 3656 987 3708 remoto
1034 3654 1276 3707 Immone
1305 3650 1499 3706 abbate
1525 3649 1762 3716 crudeli,
1790 3652 1926 3704 Ber-

263 3741 482 3797 nardus
517 3743 602 3796 vir
628 3741 812 3797 doctus
832 3749 882 3796 et
896 3757 1043 3814 plus,
1075 3741 1414 3796 Prumiensis
1467 3739 1786 3804 monachus,
1818 3738 1928 3793 Au-

264 3833 380 3902 gix
434 3831 606 3885 abbas
639 3832 1023 3892 constituitur;
1081 3831 1194 3900 qui,
1250 3832 1533 3900 gratanter
1574 3835 1871 3899 susceptus,
1895 3844 1930 3882 a

270 3920 686 3974 Constantiensi
715 3920 960 3990 episcopo
986 3918 1270 3973 Lamberto
1291 3919 1460 3972 abbas
1479 3917 1598 3987 ejus
1645 3917 1752 3971 loci
1785 3916 1932 3970 XXIX

264 4011 645 4064 consecratus:
701 4009 903 4078 pietate
964 4009 1016 4063 et
1059 4007 1287 4062 scientia
1341 4007 1522 4060 clarus
1571 4006 1796 4076 pra/"uit
1825 4020 1927 4060 an-

261 4113 349 4152 πίε
380 4113 474 4151 ΙΙ..

331 4187 475 4241 1009
531 4187 629 4242 His
687 4184 1020 4256 temporibus
1075 4184 1216 4241 Ebbo
1269 4199 1441 4240 comes
1491 4183 1556 4240 de
1584 4183 1928 4254 Nellemburg

2033 3576 2191 3615 curia
2212 3561 2358 3628 regis
2386 3558 2544 3614 duxit
2576 3575 2804 3615 umorem
2831 3561 2999 3630 (531).

2108 3649 2246 3703 1010
2284 3651 2463 3704 Roma:
2515 3649 2742 3718 Sergius
2797 3652 2898 3714 IV,
2948 3666 3090 3721 papa
3140 3650 3350 3719 CXLVI,
3382 3654 3686 3710 ordinatus.

2033 3736 2122 3792 Al.
2157 3754 2252 3792 an.
2274 3752 2442 3807 praec.

2107 3825 2237 3880 1011
2275 3825 2660 3895 lVilligisus...
2692 3827 2971 3880 successit.

2112 3915 2247 3968 1012
2277 3912 2555 3968 Conradus
2585 3912 2700 3967 dua:
2742 3913 3042 3970 Carentani
3088 3918 3328 3971 moriens
3357 3915 3686 3974 Adalberoni

2035 4002 2295 4058 ducatum
2322 4001 2569 4072 reliquit.
2600 4003 2974 4059 Heremannus
3002 4003 3115 4059 dux
3146 4006 3502 4064 Alemanniae
3531 4007 3688 4078 obiit,

2034 4092 2191 4159 cuius
2220 4091 2478 4145 ducatum
2503 4091 2689 4146 Emist
2711 4094 2935 4164 accepit.

2112 4179 2244 4236 1013
2275 4183 2456 4235 Roma
2483 4179 2802 4251 defuncto...
2835 4183 3006 4252 ferme
3034 4200 3135 4239 χιι.

1891 4331 2118 4389 NOTZE.

329 4462 481 4534 {521)
517 4461 600 4534 lie
626 4461 736 4534 hoc
773 4459 1076 4534 vid._infra
1104 4457 1602 4534 Vita_Herman_ni.

329 4530 729 4604 (52.2)Titulus
759 4532 951 4604 operis
983 4530 1266 4604 deperditi
1295 4536 1454 4586 erat:
1489 4532 1564 4586 De
1609 4533 1779 4586 ruina
1809 4546 1923 4586 mo-

263 4602 505 4660 πνέεήί
536 4602 824 4660 Auaiensis
854 4619 924 4658 ex
954 4602 1221 4658 incendio.

334 4677 485 4746 (523)
521 4671 842 4754 Ordinatus
869 4678 959 4729 est
1008 4674 1080 4730 26
1123 4673 1256 4754 Dec.
1309 4690 1404 4728 an.
1453 4673 1614 4743 1003,
1661 4671 1928 4744 seditque

266 4763 450 4802 annos
481 4761 753 4816 qumque
785 4761 1015 4816 menses
1046 4760 1324 4816 quinque.

329 4813 1175 4894 (524)'Cun‘égundis,Hen'rici
1208 4813 1258 4894 l_1
1288 4814 1741 4894 uxor,_ﬁl_ia_fuit
1766 4813 1927 4894 Sige-

261 4885 398 4970 [ri'di
448 4885 1281 4970 ἀρηξὶιῖέ-Ῑτυξᾳζωρυῐλεεηεὶε
1329 4891 1387 4941 et
1434 4886 1745 4958 Hedwigis.
1801 4885 1922 4940 Vid.
1957 4904 2004 4970 D

263 4959 532 5014 Bolland.
567 4965 609 5013 t.
645 4958 687 5019 ἶ,
721 4958 909 5013 Martii
943 4959 1033 5013 die
1061 4958 1115 5012 3.

331 5030 485 5100 (525)
515 5030 802 5086 Henricus
834 5029 1037 5086 Hezelo
1056 5029 1128 5084 ob
1149 5042 1409 5084 sororem
1430 5043 1598 5083 suam
1621 5029 1927 5098 Cunegun-

265 5101 401 5156 dem
434 5119 535 5155 an.
573 5102 712 5155 1004
745 5103 1022 5173 Bajoaria:
1053 5101 1266 5155 ducatu
1315 5100 1588 5166 donatus,
1640 5103 1696 5154 et
1725 5103 1926 5170 postea

262 5173 595 5228 restitutus.

331 5246 483 5315 (526)
520 5243 870 5315 Fridericus,
889 5258 1086 5298 comes
1118 5239 1473 5315 Mosellanus
1503 5245 1562 5296 et
1583 5240 1768 5315 patris
1789 5257 1922 5296 suc-

262 5311 483 5384 oessor,
531 5315 798 5384 ejusdem
848 5313 1224 5385 Cunegundis
1270 5329 1354 5385 ac,
1389 5311 1922 5384 suprascriptorum

263 5386 463 5452 frater,
499 5404 597 5441 an.
632 5387 770 5440 1019
803 5384 1297 5442 mortuus.Annal.
1331 5384 1494 5440 Saxo.

336 5458 482 5528 (527)
521 5458 624 5513 Hic
655 5458 887 5513 videtur
903 5473 1032 5512 esse
1059 5456 1351 5528 Gerardus
1373 5471 1568 5511 comes
1586 5456 1860 5528 Metensis
1891 5473 1925 5528 a

265 5527 619 5585 S.’Henrico
668 5546 766 5584 an.
815 5529 956 5584 1002
1007 5527 1376 5583 renuntiatus
1437 5527 1682 5584 Conradi
1751 5527 1923 5584 Salici

268 5601 613 5658 avunculus.
647 5601 782 5656 Vid.
815 5617 912 5656 an.
946 5599 1105 5656 1017.

344 5672 484 5754 (528)
509 5672 675 5735 Conf.
706 5671 848 5734 Vita
874 5668 1212 5732 Hermanni.

2105 4457 2255 4527 (529)
2302 4456 2406 4510 Hic
2456 4457 2579 4527 ipse
2625 4457 2853 4512 videtur
2899 4474 3026 4513 esse
3075 4459 3456 4516 Wolveradus
3495 4477 3689 4519 comes

2037 4526 2266 4599 legatus
2297 4526 2663 4599 imperatoris
2684 4529 2742 4582 in
2755 4528 3036 4584 electione
3048 4532 3405 4586 successoris
3427 4533 3484 4586 S.
3507 4532 3683 4588 Udal-

2036 4599 2142 4672 rici
2173 4617 2267 4672 an.
2301 4599 2424 4672 973,
2450 4602 2619 4670 cujus
2638 4616 2704 4672 ex
2726 4616 2920 4654 sorore
2945 4600 3132 4672 neptis
3155 4607 3278 4656 erat
3301 4602 3507 4658 Bertha
3527 4603 3688 4659 Wol-

2041 4670 2431 4747 feradihujus
2461 4687 2625 4736 uxor,
2660 4670 2973 4726 Hermanni
3000 4670 3144 4727 avia.
3183 4673 3309 4727 Vid.
3345 4689 3439 4728 an.
3473 4676 3597 4747 955,
3629 4681 3684 4732 et

2039 4741 2190 4796 infra
2221 4741 2280 4795 in
2311 4741 2465 4797 Vita.

2130 4813 2236 4867 530
2287 4811 2632 4883 Superioris.

2130 4814 2255 4953 534i
2290 4885 2342 4937 Is
2371 4889 2495 4937 erat
2527 4882 2632 4936 Gre

2130 4816 2236 4867 530
2287 4816 2632 4883 Superioris.

2106 4816 2255 4954 é531§
2290 4885 2342 4937 Is
2371 4889 2503 4954 erat,
2527 4882 2837 4954 Gregorius
2867 4882 2913 4934 V
2967 4883 3123 4940 ﬁlius
3171 4887 3396 4943 Ottonis
3431 4889 3683 4946 Francia:

2036 4953 2324 5033 Ijhenanaz
2353 4959 2440 5033 _et
2487 4953 3033 5033 Carinthize‘ducis,
3079 4973 3144 5033 ac
3200 4959 3524 5033 Luitgardte
3559 4961 3688 5017 filiae

2038 5026 2262 5100 Ottonis
2297 5025 2739 5100 I‘impera‘toris,
2772 5030 2836 5080 ut
2865 5044 3044 5100 supra
3073 5030 3141 5084 ad
3177 5047 3270 5085 an.
3298 5025 3404 5085 9§7
3442 5033 3684 5088 dictum.

2106 5098 2254 5167 (532)
2298 5096 2504 5150 Comes
2549 5097 2620 5152 de
2651 5097 2892 5153 Murztal
2926 5096 2983 5155 et
3013 5100 3253 5170 Alilenz,
3283 5109 3481 5174 postea
3509 5105 3685 5159 etiam

2029 5169 2148 5224 dux
2178 5166 2382 5224 Istria.

2074 5185 2148 5224 DX
2181 5181 2382 5224 Istria.

2105 5241 2251 5310 (533)
2287 5240 2566 5294 Ernestus
2599 5241 2618 5294 1
2649 5239 3002 5296 Alemanniaa
3034 5245 3149 5299 dux
3180 5249 3399 5310 patrem
3434 5243 3689 5301 habebat

2036 5311 2391 5382 Leopoldum
2429 5311 2684 5382 primum
2734 5314 2980 5369 Austrite
3029 5311 3444 5370 marchionem.
3480 5316 3681 5371 Annal.

2034 5382 2216 5437 breves
2248 5382 2478 5436 Einsild.

2106 5453 2252 5530 (534)
2287 5453 2401 5530 Ista
2433 5452 2631 5530 procul
2662 5453 2838 5530 dubio
2871 5453 3235 5530 a_Bernoldo_
3265 5453 3496 5530 adjecta
3523 5462 3685 5530 sunt,

2033 5523 2274 5598 du'mpin
2303 5523 2723 5598 Schafhusensi
2762 5527 3010 5598 degebat
3040 5523 3349 5598 coenobio,
3388 5543 3422 5582 a
3452 5523 3683 5586 Nellen;

2031 5596 2292 5676 serenis
2322 5595 2573 5676 ςοιπέἓιο-
2607 5596 2749 5676 γίείσ,
2772 5595 2864 5676 a4?
3028 5596 3186 5676 .1952-
3213 5597 3492 5676 Eppahic
3521 5606 3687 5676 pater

2033 5667 2514 5744 fuit‘Eberhardi,
2547 5668 2648 5745 qui
2679 5668 2840 5728 istud
2869 5667 3194 5732 οδεηοὺὶοω
3224 5667 3502 5732 condidit.
