4152 6186
416 348 527 448 est

1217 376 1629 448 HERMANNI
1675 383 2116 447 CONTRACTI
2159 377 2578 448 AUGIENSIS
2635 378 3018 449 MONACHI.

3703 333 3823 444 23a

1773 540 2006 599 CODEX
2043 542 2438 600 AUGIENSIS.

489 644 627 700 1014
655 642 940 698 Henricus
971 657 1068 696 rex
1097 641 1289 696 Romae
1340 640 1628 710 imperiali
1680 658 1713 696 a
1754 640 2062 698 Benedicto
2093 645 2145 708 Α
2174 641 2608 713 episcopus,vir
2639 658 2862 713 magnae
2885 643 3232 710 sanctitatis,
3253 642 3361 697 hac
3391 639 3509 696 vita
3539 639 3828 696 decedens

415 752 565 807 papa
593 736 904 788 coronatur
931 729 1352 785 benedictione.
1385 731 1616 784 Ditmar.

494 823 627 877 1015
654 822 872 876 Ernust
903 819 1018 873 dux
1046 817 1400 872 Alemanniae
1434 817 1493 872 in
1523 823 1735 874 venatu
1785 819 1856 874 ab
1888 816 2063 874 Adal-

413 914 625 968 berone
655 909 866 966 comite
895 909 1076 963 feram
1128 912 1437 978 appetente
1485 906 1696 979 sagitta
1725 907 2064 962 vulneratus

411 999 651 1065 interiit,
679 1003 738 1052 et
769 999 1046 1051 ducatum
1081 997 1208 1066 ejus
1242 995 1397 1050 {ilius
1430 995 1784 1066 mquivocus,
1826 996 2061 1050 Viduam

409 1106 542 1145 vero
573 1085 826 1143 Giselam
876 1083 1176 1139 Conradus
1222 1083 1380 1138 ﬁlius
1428 1083 1657 1137 Henrici
1701 1083 1803 1137 lilii
1837 1083 2061 1138 Ottonis

409 1177 600 1241 ducis,
634 1176 870 1230 futurus
902 1177 1103 1245 postea
1132 1172 1466 1242 imperator,
1494 1172 1732 1242 accepit.
1758 1173 2057 1226 Ditmarus.

405 1265 828 1337 Megingaudus
856 1260 1225 1317 Trevirorum
1250 1259 1726 1331 archiepiscopus
1742 1260 2062 1331 obiiteique

407 1355 627 1427 Poppo,
656 1353 745 1406 vir
772 1347 1144 1413 venerabilis,
1181 1348 1361 1403 frater
1391 1347 1578 1419 ipsius
1627 1347 1791 1403 ducis
1822 1349 2065 1418 Ernusti

425 1444 553 1513 (535
583 1439 891 1495 successit.

492 1531 631 1586 1017
678 1526 1026 1582 Godefridus
1059 1525 1178 1580 dux
1207 1524 1386 1594 partis
1408 1524 1892 1597 Lothoringorum
1912 1525 2059 1596 (536)

405 1618 769 1675 Gerbardum
796 1615 1068 1670 comitem
1099 1614 1249 1683 (537)
1282 1612 1552 1679 Conradi,
1578 1617 1779 1684 postea
1807 1613 2058 1684 impera-

406 1708 569 1773 toris,
604 1702 961 1760 avunculum
993 1701 1310 1756 commisso
1345 1699 1540 1771 praelio
1571 1699 1710 1755 vicit
1743 1701 1904 1756 Dilm.

473 1796 614 1849 1018
662 1789 1015 1848 Constantina
1067 1789 1379 1860 Lantperto
1435 1787 1707 1859 episcopo
1761 1789 2056 1854 defuncto,

404 1880 870 1938 Rhuordhardus
892 1877 1269 1950 praesulatum
1293 1876 1533 1948 accepit,
1568 1878 1856 1950 annisque
1878 1877 2056 1933 ferme

401 1990 435 2026 v
468 1971 713 2042 praefuit.
752 1970 1050 2023 Ditmarus.

472 2059 610 2115 1019
633 2057 933 2112 Conradus
954 2054 1479 2121 adolescens,filius
1501 2055 1744 2110 Conradi
1760 2056 2052 2127 quondam

399 2150 566 2204 ducis
595 2145 902 2202 Carentani
934 2143 1250 2198 auxiliante
1283 2142 1547 2214 patruele
1577 2144 1725 2211 (538)
1759 2161 1863 2200 suo
1905 2143 2052 2198 Con-

404 2239 564 2302 rado,
619 2240 821 2308 postea
869 2233 1235 2303 imperatore,
1265 2231 1692 2286 Adalberonem
1730 2237 1867 2286 tunc
1897 2231 2050 2286 ‘200

401 2328 608 2382 ducem
641 2322 971 2388 Carentani,
1006 2323 1157 2392 apud
1192 2320 1422 2376 Ulmam
1455 2337 1650 2392 pugna
1692 2321 1909 2374 victum
1955 2321 2048 2373 fu-

401 2414 574 2487 gavit.
611 2413 727 2469 Vid.
756 2427 924 2483 supra
951 2427 1008 2465 a.
1036 2410 1191 2465 1012.

479 2506 611 2557 1020
639 2499 984 2557 Benedictus
1009 2516 1157 2570 papa
1179 2499 1248 2553 ab
1270 2499 1621 2570 imperatore
1641 2498 1920 2552 invitatus
1946 2503 2048 2552 Ba-

403 2594 660 2664 benberg
688 2589 846 2645 venit
875 2589 1073 2659 ibique
1102 2587 1407 2642 ecclesiam
1439 2588 1623 2643 sancti
1655 2587 1933 2658 Stephani
1957 2587 2050 2640 de-

401 2681 614 2736 dicavit
660 2680 829 2751 (539).
876 2677 1283 2732 Werinharius
1331 2677 1666 2749 Argentinze
1703 2676 2044 2748 episcopus;

401 2769 823 2824 auxiliantibus
855 2765 1208 2838 quibusdam
1241 2765 1462 2832 Suevis,
1497 2764 1936 2836 Burgundiones
1967 2766 2050 2819 in-

399 2860 551 2915 vasit
579 2863 633 2912 et
663 2860 929 2911 conserto
961 2852 1156 2926 prmlio
1188 2853 1338 2910 vicit.
1374 2855 1571 2909 Annal.
1621 2858 1771 2909 Saxo
1802 2871 1852 2908 a.
1889 2854 2045 2908 1019.

401 2953 514 3018 Ego
563 2946 950 3000 llerimannus
1001 2942 1206 2998 litteris
1255 2943 1507 2998 traditus
1578 2960 1709 2999 sum
1760 2959 1869 2997 xvu
1922 2942 2045 2997 Kal.

403 3035 635 3090 Octobr.

479 3123 604 3178 1021
643 3123 831 3178 Terra:
862 3125 1060 3177 motus
1091 3137 1342 3193 magnus
1373 3137 1432 3175 ιν
1463 3120 1600 3175 Idus
1624 3121 1779 3187 Maii,
1803 3121 1942 3176 feria
1971 3139 2045 3188 v1,

401 3213 609 3282 factus,
641 3211 981 3268 Heribertus
1027 3210 1175 3282 (540)
1208 3208 1453 3265 Colonia
1495 3209 1824 3281 Aggripinax
1858 3210 2047 3265 archi-

2175 729 2375 785 multis
2405 730 2705 786 miraculis
2735 729 2964 798 claruit,
2989 731 3157 804 eique
3178 729 3496 803 Piligrinus
3519 728 3826 784 successit.

2171 819 2390 873 Ercben
2400 819 2570 873 baldo
2588 819 2863 875 defuncto
2875 820 3048 876 Aribo
3059 817 3436 891 archiprasul
3449 817 3829 874 efficiturJVe-

2171 909 2303 964 crol.
2318 910 2472 964 Fuld.
2488 941 2554 949 —
2571 909 2706 964 Post
2728 909 3155 981 Wolfpotonem
3179 907 3650 982 [Wolbodonem]
3671 906 3824 974 (541.

2173 1013 2404 1068 quoque
2421 997 2831 1053 Leodicensem
2851 998 3159 1053 Durandus
3172 998 3417 1052 antistes
3431 999 3824 1069 promovetur.

2171 1086 2760 1142 Irmendrudisetiam
2777 1087 3267 1158 Buocbaugiensis
3278 1086 3350 1141 ab
3361 1086 3824 1142 batissavenera-

2172 1175 2309 1232 bilis
2340 1193 2373 1231 x
2407 1174 2531 1232 Kal.
2565 1176 2752 1230 Martii
2784 1176 2949 1243 obiit,
2997 1177 3166 1247 eique
3210 1174 3490 1230 Abarbild
3523 1175 3826 1231 abbatissa

2173 1263 2479 1320 successit.
2513 1265 2593 1318 Ex
2623 1281 2736 1336 quo
2769 1268 3049 1336 tempore,
3085 1264 3246 1319 locus
3267 1263 3366 1318 ille
3389 1263 3576 1336 magis
3599 1263 3826 1336 magis-

2172 1368 2284 1424 que
2309 1353 2365 1406 in
2397 1352 2652 1408 deterius
2685 1353 2938 1408 defluere
2964 1351 3155 1424 coepit.
3196 1352 3480 1408 Henricus
3502 1351 3826 1424 imperator

2170 1440 2232 1494 in
2265 1439 2490 1494 Italiam
2524 1439 2946 1512 expeditionem
2981 1440 3177 1495 movit.
3213 1439 3616 1495 Werinbarius
3647 1439 3825 1494 frater

2171 1545 2338 1584 meus
2371 1527 2612 1584 Kalend.
2647 1533 2882 1584 Novem.
2916 1529 3196 1585 nascitur.

2241 1618 2380 1672 1022
2438 1615 2721 1672 Henricus
2779 1618 3114 1688 imperator,
3175 1617 3552 1688 Campaniam
3594 1621 3818 1688 petens,

2167 1710 2555 1762 Beneventum
2587 1705 2846 1772 intravit,
2879 1705 3111 1776 Trojam
3156 1705 3512 1778 oppugnavit
3558 1710 3615 1761 et
3645 1705 3819 1778 cepit,

2167 1793 2490 1866 Neapolim.
2523 1793 2802 1866 Capuam,
2832 1793 3137 1849 Salernum
3170 1793 3431 1866 aliasque
3461 1809 3525 1849 eo
3556 1791 3822 1852 locorum

2166 1883 2424 1938 civitates
2453 1883 2510 1936 in
2541 1882 2896 1938 deditionem
2919 1899 3122 1938 omnes
3145 1881 3385 1954 accepit,
3407 1886 3462 1938 et
3482 1882 3816 1939 Nordman-

2166 1972 2258 2028 nis
2288 1971 2663 2043 quibusdam,
2688 1971 2787 2044 qui
2821 1977 3076 2043 tempore
3106 1973 3234 2042 ejus
3265 1971 3362 2026 illo
3393 1971 3812 2038 conﬂuxerant,

2165 2061 2482 2132 quoddam,
2517 2065 2582 2114 ut
2625 2060 2824 2127 fertur,
2877 2059 2994 2116 illis
3043 2061 3099 2114 in
3153 2061 3418 2131 partibus
3457 2059 3818 2115 territorium

2163 2150 2485 2216 concessit;
2523 2148 2721 2220 sicque
2755 2165 2857 2221 per
2881 2150 3084 2205 urbem
3144 2148 3437 2205 transiens
3489 2149 3813 2204 Romanam

2158 2239 2339 2292 victor
2369 2237 2539 2292 rediit
2569 2237 2626 2291 in
2655 2237 3049 2292 Germaniam.
3110 2238 3281 2308 [lepid
3309 2257 3322 2306 ;
3382 2239 3483 2293 Leo
3532 2237 3643 2292 0st.
3677 2238 3716 2291 ι.
3752 2253 3811 2292 II.

2158 2326 2494 2382 Pestilentia
2527 2326 2585 2380 in
2618 2326 2870 2381 exercitu
2903 2331 3027 2382 orta
3057 2326 3275 2382 multos
3306 2326 3581 2382 exstinxit
3608 2345 3621 2393 ;
3662 2324 3816 2381 inter

2159 2433 2308 2487 quos
2333 2414 2720 2470 Ruodhardus
2742 2415 3088 2470 Constantia)
3111 2415 3422 2488 episcOpus
3445 2420 3501 2470 et
3522 2413 3813 2470 Burcbar-

2157 2505 2266 2558 dus
2297 2503 2478 2558 abbas
2510 2503 2580 2558 dc
2611 2504 2872 2558 coenobio
2897 2503 3082 2558 sancti
3105 2504 3254 2560 Galli
3277 2504 3570 2559 obierunt.
3599 2503 3810 2560 Necrol.

2156 2592 2358 2660 Fultl.;
2405 2591 2616 2662 .Ilepid.
2651 2611 2663 2660 ;
2693 2593 2996 2647 Burchard.
3061 2593 3131 2648 de
3169 2594 3419 2651 Casibus.
3479 2597 3546 2647 Et
3585 2609 3688 2664 pro
3720 2592 3812 2647 his

2159 2681 2360 2735 Heimo
2383 2681 2694 2752 episcopus
2727 2681 2873 2736 20]
2914 2681 3085 2736 annis
3117 2682 3297 2737 ferme
3341 2699 3417 2750 ιν,
3447 2679 3814 2736 Theodebal-

2156 2771 2382 2840 dusque
2414 2770 2595 2824 abbas
2627 2786 2686 2825 χι
2715 2769 2884 2825 annis
2915 2770 3288 2841 przefuerunt.
3340 2770 3630 2825 Notkerus
3663 2769 3811 2840 (5112)

2157 2874 2390 2928 quoque
2423 2857 2719 2929 magister,
2753 2862 2810 2914 et
2839 2857 2935 2913 alii
2984 2862 3322 2929 praestantes
3371 2857 3600 2927 fratres,
3655 2857 3809 2930 apud

2159 2950 2428 3001 sanctum
2459 2946 2688 3002 Gallum
2723 2947 3116 3003 decesserunt.

2228 3035 2367 3089 1023
2398 3035 2726 3090 Ratisbonae
2763 3041 2890 3107 post
2919 3035 3326 3091 Gebebardum
3357 3034 3699 3107 episcopum
3721 3051 3813 3090 ca-

2158 3129 2315 3178 stum
2347 3124 2556 3190 virum,
2591 3129 2647 3178 et
2679 3124 3077 3196 singularibus
3100 3124 3451 3196 quibusdam
3477 3122 3734 3178 moribus
3755 3129 3814 3178 et

2159 3211 2583 3267 munditiarum
2634 3217 2992 3284 ornatusque
3041 3212 3270 3268 insueto
3326 3213 3578 3284 quodam
3613 3227 3812 3268 amore

1470 3307 1934 3363 COMPENDIUM
1977 3308 2067 3362 EX
2110 3309 2363 3366 CODlCE
2402 3309 2788 3366 BERNOLDI.

471 3408 606 3462 10H
637 3407 917 3472 Henricus,
950 3409 1085 3471 etc.,
1118 3407 1181 3457 ut
1211 3409 1360 3475 Aug.

471 3496 611 3550 1015
637 3496 839 3548 Ernust
866 3493 1047 3548 dux...
1081 3494 1304 3562 accepit.
1339 3490 1799 3560 Megingaudus...
1825 3509 1924 3562 pro
1945 3509 2047 3563 quo

400 3585 604 3654 Poppo.

469 3672 606 3726 1017
635 3669 952 3741 Godefridus
983 3667 1098 3722 dua:
1123 3676 1299 3739 partis
1329 3668 1794 3736 Lotharingorum
1817 3669 2048 3724 Gerhar-

400 3762 533 3816 dum
561 3762 812 3816 comitem
843 3758 978 3813 bello
1009 3758 1156 3812 vicit.

471 3850 608 3904 1018
641 3847 994 3918 Constantiae,
1028 3849 1136 3900 etc.
1171 3849 1235 3900 ut
1255 3851 1406 3917 Aug.

471 3938 610 3993 1019
642 3936 987 3993 Conradus...
1029 3933 1189 3988 ducis
1236 3933 1531 3989 Carentem
1581 3933 2051 3990 Adalberonem...

401 4028 611 4081 victum
637 4025 873 4095 fugavit.

475 4115 608 4167 1020
641 4112 954 4166 Benedictus
979 4127 1200 4182 papa...
1223 4110 1514 4166 dedicavit.

473 4201 604 4254 1021
641 4199 1027 4255 Heribertus...
1076 4197 1444 4268 arcliipraesul
1474 4201 1735 4270 efﬁcitur.
1784 4201 2056 4255 Henricus

409 4297 542 4360 imp.
577 4290 635 4343 in
665 4287 884 4343 Italiam
912 4286 1316 4357 expeditionem
1336 4289 1524 4341 movit.

473 4378 612 4433 1022
668 4377 928 4432 Henricus
989 4377 1125 4446 imp.
1184 4373 1544 4445 Campaniam
1573 4383 1760 4445 petens
1815 4377 2055 4447 Trojam,

406 4466 710 4538 Neapolim,
788 4463 1032 4535 Capuam
1127 4463 1446 4518 civitates...
1553 4465 1612 4518 in
1686 4466 2056 4520 Germaniam.

402 4555 740 4613 Ruothardus
787 4553 1218 4610 Constantiensis
1257 4553 1537 4624 episcopns
1583 4552 1736 4619 obiit,
1793 4570 1893 4624 pro
1949 4569 2058 4625 quo

2068 3407 2110 3471 C
2149 3409 2343 3462 Heimo
2372 3411 2543 3479 ferme
2569 3409 2734 3462 annis
2765 3423 2820 3462 IV
2841 3409 3092 3479 praefuit.
3131 3409 3392 3478 Notgerus
3435 3423 3640 3480 quoque
3685 3423 3808 3461 ma-

2155 3497 2322 3565 gister
2344 3495 2408 3550 de
2437 3496 2492 3550 S.
2526 3495 2678 3550 Gallo
2707 3497 2862 3551 obiit.

2230 3584 2370 3638 1023
2401 3584 2706 3639 Ratisbonar:
2733 3594 2854 3655 post
2885 3583 3282 3651 Gebehardum,
3332 3587 3518 3640 virum
3547 3583 3704 3638 laude
3730 3583 3821 3638 di-

2158 3673 2500 3742 gnissimum,
2533 3673 2676 3726 alter
2707 3673 3056 3727 Gebehardus
3085 3674 3514 3728 inthronimtur.
3549 3673 3654 3726 Hoc
3671 3687 3820 3728 anno

2160 3763 2450 3815 convennit
2477 3760 2714 3831 synodus
2742 3762 3031 3831 Moguntia:
3059 3761 3226 3832 (543),
3252 3763 3312 3815 in
3331 3777 3438 3832 qua
3466 3763 3822 3816 constitutum

2161 3851 2318 3903 estut
2341 3849 2496 3918 plebs
2527 3849 2843 3904 Christiana
2874 3851 3292 3920 qnatuordecim
3319 3851 3434 3905 dies
3462 3853 3588 3905 ante
3623 3853 3823 3921 festum

2163 3937 2219 3992 S.
2251 3937 2477 3992 Joannis
2504 3939 2767 4010 Baptistae
2792 3954 2826 3993 a
2849 3954 3014 3993 carne
3033 3945 3085 3993 et
3101 3939 3367 4009 sanguine
3386 3939 3686 4005 abstineat,
3708 3939 3825 3992 nisi
3839 3971 3862 3976 η

2167 4024 2488 4093 inﬁrmitate
2515 4033 2757 4098 cogente,
2792 4029 2890 4080 aut
2917 4028 3232 4097 festivitate,
3262 4044 3380 4098 qua
3412 4029 3475 4082 in
3506 4028 3604 4084 illo
3623 4028 3838 4098 episeo--

2161 4115 2254 4184 pio
2285 4114 2508 4168 celebris
2534 4113 2761 4169 habetur
2779 4131 2798 4174 ,·
2828 4115 3088 4169 similiter
3119 4115 3534 4184 qualuordecim
3571 4115 3685 4170 dies
3713 4132 3820 4170 an-

2167 4196 2218 4247 te
2245 4194 2438 4250 Natale
2465 4195 2703 4248 Domini.
2732 4195 2860 4248 ltem
2891 4195 2971 4249 ibi
2997 4197 3352 4250 constitutum
3405 4204 3483 4251 est
3517 4199 3574 4252 ut
3615 4197 3814 4264 vigilia

2169 4281 2492 4353 Epiphaniae
2519 4283 2718 4353 vigilia
2733 4285 2979 4337 omnium
3000 4283 3545 4355 Sanctorum,vigilia
3560 4286 3818 4356 Assump-

2168 4372 2333 4425 tionis
2362 4371 2418 4424 S.
2445 4370 2646 4438 Mariae,
2681 4371 2876 4441 vigilia
2906 4370 2960 4426 S.
2995 4371 3280 4427 Laurentii
3299 4373 3604 4444 jejunetur,
3660 4375 3737 4428 ita
3758 4381 3819 4428 ut

2169 4476 2280 4514 una
2311 4461 2619 4530 refectionis
2649 4460 2782 4516 hora
2810 4459 3150 4515 admittatur.

2013 4650 2240 4707 NOT.’E.

472 4751 619 4821 (535)
651 4749 906 4805 Senioris
940 4749 1163 4805 scilicet
1184 4753 1241 4803 et
1269 4746 1554 4815 Junioris,
1590 4763 1691 4802 seu
1740 4748 1964 4803 Ernesti
2014 4749 2060 4804 II
2095 4753 2137 4817 D

406 4827 674 4892 patruus.

476 4892 622 4962 (536)
653 4890 1000 4962 Godefridus
1040 4890 1115 4944 ΙΙΙ
1162 4891 1278 4962 dux
1323 4888 2050 4962 Lotharingiazinferioris.

474 4960 622 5031 (537)
654 4961 947 5016 Gerardus
995 4977 1189 5016 comes
1235 4961 1306 5015 de
1363 4960 1669 5031 Egesbeim
1721 4960 1775 5013 in
1813 4960 2050 5024 Alsatia.

405 5029 574 5102 cujus
595 5031 712 5086 lilia
737 5031 1071 5087 Adelhaidis
1093 5031 1334 5086 Conradi
1356 5029 1523 5085 Salici
1547 5033 1912 5101 imperatoris
1935 5049 2053 5086 ma-

404 5111 492 5159 ter
520 5103 628 5158 fuit
659 5120 726 5157 ex
755 5104 999 5158 Henrico
1044 5103 1370 5157 r‘ranconia:
1428 5102 1592 5156 duce.
1659 5103 1865 5156 Calmet
1916 5104 2048 5157 Hist.

407 5176 622 5230 Lothar.
653 5174 690 5229 l.
724 5192 880 5239 xvm,
915 5192 964 5228 c.
997 5176 1086 5228 69.
1123 5175 1182 5228 P.
1216 5173 1476 5228 Clement
1507 5173 1882 5230 Adelbaidem
1945 5176 2050 5229 Ge.

408 5247 564 5316 rardi
593 5262 847 5302 sororem
874 5246 1033 5308 dicit,
1068 5244 1245 5299 tiliam
1277 5243 1592 5316 Eberhardi
1628 5243 1697 5296 [V
1720 5244 2050 5312 Nordgaviae

407 5336 506 5373 seu
539 5317 828 5373 inferioris
859 5317 1084 5372 Alsatiaa
1107 5315 1475 5386 comitis,qui
1491 5315 1596 5369 hoc
1613 5316 1780 5370 modo
1803 5316 2052 5370 Conradi

405 5389 576 5444 Salici
600 5391 768 5458 juxta
801 5389 1194 5443 Hermannum
1229 5404 1357 5441 vere
1391 5386 1502 5458 fuit
1528 5388 1859 5441 Avunculus.

478 5461 625 5530 (538)
649 5461 948 5516 Conradus
979 5459 1207 5516 Salicus
1237 5463 1459 5530 patrem
1494 5457 1696 5530 habuit
1741 5457 2050 5530 Henricum

409 5528 735 5584 Franronim
769 5531 1060 5586 Rhenanis
1090 5529 1384 5592 comitem,
1413 5529 1648 5582 fratrem
1670 5528 1916 5582 Conradi
1947 5545 2048 5583 seu

407 5601 662 5655 Cuunuis
693 5601 995 5656 Carintbize
1031 5601 1216 5664 ducis,
1250 5605 1305 5655 et
1333 5599 1559 5654 Uttonis
1591 5599 1756 5652 ducis
1783 5598 1904 5652 lilii.
1941 5605 2053 5653 Hu-

411 5675 520 5758 1ης.
545 5671 736 5758 inter.
770 5672 925 5730 ηιίυε
973 5672 1280 5758 “ursas:
1324 5669 2052 5758 (camelissmtﬁonsasi

449 5739 600 5805 elici.
633 5743 761 5804 Vid.
795 5761 976 5833 supra
1011 5761 1106 5805 an.
1141 5742 1302 5803 1012.
1331 5739 1462 5800 Vid.
1493 5743 1535 5800 t.
1584 5739 1680 5810 Vl,
1736 5739 1870 5799 Jun.
1904 5740 2050 5816 Boll,

2172 4765 2390 4944 μὲἓξὶ)
2421 4817 2547 4873 Vid.
2583 4814 2711 4874 Vita
2742 4819 2800 4875 S.
2830 4819 3082 4888 Henrici,
3115 4826 3170 4877 et
3219 4821 3330 4876 Leo
3377 4819 3628 4876 Ostiens.
3672 4817 3712 4872 l.
3749 4836 3817 4890 ιι,

2172 4907 2218 4944 c.
2331 4931 2343 4944 .

2171 4907 2218 4946 Ο.
2256 4907 2343 4944 40.

2231 4963 2381 5026 (510)
2410 4959 2602 5014 Vitam
2629 4961 2686 5016 S.
2724 4961 3006 5016 Ileriberti
3039 4960 3396 5016 Coloniensis
3424 4958 3661 5028 scripsit
3694 4959 3817 5014 Ru-

2203 5038 2361 5086 ertus
2389 5030 2703 5086 Tuitiensis
2722 5033 2921 5096 abbas,
2945 5048 3122 5101 quam
3140 5031 3414 5085 exhibent
3450 5029 3819 5087 Bollandiani

2203 5049 2361 5086 ertus
2390 5049 2703 5086 'i'uiuenSIs
2722 5049 2921 5096 aonas,
2945 5049 3122 5101 quam
3140 5049 3224 5085 ex:

2163 5049 2542 5174 Eagiograpbi
2576 5107 2618 5174 t.
2649 5104 2718 5164 ll,
2747 5107 2909 5157 Mart.
2945 5103 3014 5157 ad
3048 5103 3106 5156 d.
3140 5102 3224 5155 10.

2234 5171 2381 5243 (511)
2417 5172 2544 5224 Vid.
2585 5173 2862 5226 [leinerus
2894 5174 3215 5227 monachus
3241 5172 3299 5225 S.
3335 5171 3627 5226 Laurentii
3679 5177 3818 5228 Leo-

2162 5245 2380 5299 diensis
2408 5243 2463 5296 in
2483 5245 2612 5311 ejus
2632 5243 2786 5307 Vita,
2806 5245 2961 5314 apud
2987 5243 3246 5298 Bolland.
3269 5248 3306 5297 t.
3327 5243 3396 5309 ll,
3415 5243 3595 5314 April,
3615 5244 3812 5300 die21.

2233 5317 2380 5384 (512)
2415 5315 2583 5384 Labeo
2613 5313 3060 5384 cognominatus
3091 5317 3262 5383 cujus
3311 5313 3595 5369 nonnulla
3624 5315 3816 5384 Opera

2162 5391 2389 5440 exstant
2411 5386 2466 5437 in
2499 5383 2762 5441 Schilteri
2796 5386 3256 5455 Antiquitatibus
3289 5386 3643 5441 Teutonicis.
3676 5383 3809 5440 Vid.

2167 5457 2380 5510 Mabill.
2415 5455 2618 5509 Annal.
2654 5460 2695 5511 t.
2727 5456 2818 5519 1v,
2852 5473 2905 5526 p.
2939 5459 3062 5511 287.

2234 5528 2382 5597 (543)
2413 5527 2478 5579 Τ.
2517 5527 2589 5581 llI
2610 5527 2822 5581 Concil.
2849 5525 3042 5584 Germ.
3071 5529 3417 5595 ;concilium
3439 5526 3621 5581 hocin
3645 5525 3810 5583 Sale-
3857 5541 3886 5552 "

2163 5602 2401 5670 gunstat
2431 5614 2582 5670 anno
2614 5597 2749 5652 l022
2798 5598 3152 5654 celebratum
3205 5600 3386 5656 fuisse
3441 5598 3674 5669 dicitur,
3705 5598 3809 5656 ubi

2163 5667 2347 5726 canon
2390 5667 2481 5726 hic
2514 5669 2726 5727 citatus
2751 5671 2940 5746 primo
2974 5687 3106 5728 mox
3137 5671 3261 5729 loco
3293 5673 3606 5746 comparet.
