  <div class='ocr_page' id='page_1' title='image "/cluster/home/n/w/nwhite01/storage/ocr_20150623/143/hvd.32044054760038/124.png"; bbox 0 0 4152 6186; ppageno 0'>
   <div class='ocr_carea' id='block_1_1' title="bbox 293 295 413 362">
    <p class='ocr_par' dir='ltr' id='par_1_1' title="bbox 293 295 413 362">
     <span class='ocr_line' id='line_1_1' title="bbox 293 295 413 362; baseline 0 -4"><span class='ocrx_word' id='word_1_1' title='bbox 293 295 413 362; x_wconf 69' lang='grc'><strong>233</strong></span> 
     </span>
    </p>
   </div>
   <div class='ocr_carea' id='block_1_2' title="bbox 1521 295 2558 370">
    <p class='ocr_par' dir='ltr' id='par_1_2' title="bbox 1521 295 2558 370">
     <span class='ocr_line' id='line_1_2' title="bbox 1521 295 2558 370; baseline -0.001 -8"><span class='ocrx_word' id='word_1_2' title='bbox 1521 295 2000 370; x_wconf 74' lang='grc' dir='ltr'><strong>ΟΗΒΟΝΙΟΟΝ.</strong></span> <span class='ocrx_word' id='word_1_3' title='bbox 2031 333 2109 345; x_wconf 87' lang='lat'><strong>-—-</strong></span> <span class='ocrx_word' id='word_1_4' title='bbox 2139 297 2328 363; x_wconf 64' lang='lat' dir='ltr'><strong>SIEC.</strong></span> <span class='ocrx_word' id='word_1_5' title='bbox 2377 299 2481 362; x_wconf 87' lang='lat' dir='ltr'><strong>XI.</strong></span> <span class='ocrx_word' id='word_1_6' title='bbox 2553 295 2558 299; x_wconf 74' lang='grc'><strong>’</strong></span> 
     </span>
    </p>
   </div>
   <div class='ocr_carea' id='block_1_3' title="bbox 3580 305 3698 370">
    <p class='ocr_par' dir='ltr' id='par_1_3' title="bbox 3580 305 3698 370">
     <span class='ocr_line' id='line_1_3' title="bbox 3580 305 3698 370; baseline 0.042 -6"><span class='ocrx_word' id='word_1_7' title='bbox 3580 305 3698 370; x_wconf 71' lang='lat'><strong>234</strong></span> 
     </span>
    </p>
   </div>
   <div class='ocr_carea' id='block_1_4' title="bbox 1663 431 2324 492">
    <p class='ocr_par' dir='ltr' id='par_1_4' title="bbox 1663 431 2324 492">
     <span class='ocr_line' id='line_1_4' title="bbox 1663 431 2324 492; baseline -0.003 -2"><span class='ocrx_word' id='word_1_8' title='bbox 1663 431 1894 492; x_wconf 84' lang='lat' dir='ltr'><strong>CODEX</strong></span> <span class='ocrx_word' id='word_1_9' title='bbox 1930 433 2324 491; x_wconf 85' lang='lat' dir='ltr'><strong>AUGIENSIS.</strong></span> 
     </span>
    </p>
   </div>
   <div class='ocr_carea' id='block_1_5' title="bbox 295 527 3699 605">
    <p class='ocr_par' dir='ltr' id='par_1_5' title="bbox 295 527 3699 605">
     <span class='ocr_line' id='line_1_5' title="bbox 295 527 3699 605; baseline 0.002 -19"><span class='ocrx_word' id='word_1_10' title='bbox 295 527 613 596; x_wconf 68' lang='lat' dir='ltr'><strong>fumosum,</strong></span> <span class='ocrx_word' id='word_1_11' title='bbox 644 532 702 586; x_wconf 87' lang='lat' dir='ltr'><strong>et</strong></span> <span class='ocrx_word' id='word_1_12' title='bbox 726 528 787 585; x_wconf 91' lang='lat' dir='ltr'><strong>in</strong></span> <span class='ocrx_word' id='word_1_13' title='bbox 815 528 1030 588; x_wconf 89' lang='lat' dir='ltr'><strong>divinis</strong></span> <span class='ocrx_word' id='word_1_14' title='bbox 1059 530 1268 588; x_wconf 79' lang='lat' dir='ltr'><strong>ofﬁciis</strong></span> <span class='ocrx_word' id='word_1_15' title='bbox 1299 531 1474 587; x_wconf 90' lang='lat' dir='ltr'><strong>nimis</strong></span> <span class='ocrx_word' id='word_1_16' title='bbox 1510 531 1841 589; x_wconf 89' lang='lat' dir='ltr'><strong>studiosum</strong></span> <span class='ocrx_word' id='word_1_17' title='bbox 1865 532 1940 592; x_wconf 85' lang='lat' dir='ltr'><strong>ab</strong></span> <span class='ocrx_word' id='word_1_18' title='bbox 1969 534 2025 601; x_wconf 80' lang='grc' dir='ltr'><strong>Α</strong></span> <span class='ocrx_word' id='word_1_19' title='bbox 2054 533 2136 590; x_wconf 78' lang='grc' dir='ltr'><strong>εἰει</strong></span> <span class='ocrx_word' id='word_1_20' title='bbox 2166 533 2346 589; x_wconf 81' lang='lat' dir='ltr'><strong>abbas</strong></span> <span class='ocrx_word' id='word_1_21' title='bbox 2395 533 2559 600; x_wconf 90' lang='lat' dir='ltr'><strong>obiit,</strong></span> <span class='ocrx_word' id='word_1_22' title='bbox 2591 532 2760 604; x_wconf 88' lang='lat' dir='ltr'><strong>eique</strong></span> <span class='ocrx_word' id='word_1_23' title='bbox 2819 531 3172 605; x_wconf 64' lang='lat' dir='ltr'><strong>Rhenaugias</strong></span> <span class='ocrx_word' id='word_1_24' title='bbox 3221 531 3464 588; x_wconf 86' lang='lat' dir='ltr'><strong>Pirhtilo</strong></span> <span class='ocrx_word' id='word_1_25' title='bbox 3517 535 3699 598; x_wconf 82' lang='lat' dir='ltr'><strong>abbas</strong></span> 
     </span>
    </p>
   </div>
   <div class='ocr_carea' id='block_1_6' title="bbox 293 616 1942 694">
    <p class='ocr_par' dir='ltr' id='par_1_6' title="bbox 293 616 1942 694">
     <span class='ocr_line' id='line_1_6' title="bbox 293 616 1942 694; baseline 0.001 -18"><span class='ocrx_word' id='word_1_26' title='bbox 293 616 403 676; x_wconf 81' lang='lat' dir='ltr'><strong>hac</strong></span> <span class='ocrx_word' id='word_1_27' title='bbox 432 616 566 676; x_wconf 83' lang='lat' dir='ltr'><strong>luco</strong></span> <span class='ocrx_word' id='word_1_28' title='bbox 593 618 988 688; x_wconf 77' lang='lat' dir='ltr'><strong>subtractum,</strong></span> <span class='ocrx_word' id='word_1_29' title='bbox 1016 619 1162 677; x_wconf 91' lang='lat' dir='ltr'><strong>alter</strong></span> <span class='ocrx_word' id='word_1_30' title='bbox 1188 620 1330 677; x_wconf 84' lang='lat' dir='ltr'><strong>item</strong></span> <span class='ocrx_word' id='word_1_31' title='bbox 1353 620 1648 678; x_wconf 83' lang='lat' dir='ltr'><strong>Gebehard</strong></span> <span class='ocrx_word' id='word_1_32' title='bbox 1659 639 1726 678; x_wconf 92' lang='lat' dir='ltr'><strong>us</strong></span> <span class='ocrx_word' id='word_1_33' title='bbox 1748 623 1942 694; x_wconf 83' lang='lat' dir='ltr'><strong>Augu-</strong></span> 
     </span>
    </p>
   </div>
   <div class='ocr_carea' id='block_1_7' title="bbox 293 706 1362 782">
    <p class='ocr_par' dir='ltr' id='par_1_7' title="bbox 293 706 1362 782">
     <span class='ocr_line' id='line_1_7' title="bbox 293 706 1362 782; baseline 0.002 -20"><span class='ocrx_word' id='word_1_34' title='bbox 293 706 509 768; x_wconf 82' lang='lat' dir='ltr'><strong>stensis</strong></span> <span class='ocrx_word' id='word_1_35' title='bbox 539 707 858 769; x_wconf 81' lang='lat' dir='ltr'><strong>canonicus</strong></span> <span class='ocrx_word' id='word_1_36' title='bbox 889 709 1172 767; x_wconf 83' lang='lat' dir='ltr'><strong>successit</strong></span> <span class='ocrx_word' id='word_1_37' title='bbox 1191 709 1362 782; x_wconf 78' lang='grc'>(544).</span> 
     </span>
    </p>
   </div>
   <div class='ocr_carea' id='block_1_8' title="bbox 362 795 1940 870">
    <p class='ocr_par' dir='ltr' id='par_1_8' title="bbox 362 795 1940 870">
     <span class='ocr_line' id='line_1_8' title="bbox 362 795 1940 870; baseline 0 -14"><span class='ocrx_word' id='word_1_38' title='bbox 362 795 507 856; x_wconf 69' lang='grc'>1024</span> <span class='ocrx_word' id='word_1_39' title='bbox 561 797 754 854; x_wconf 66' lang='lat' dir='ltr'><strong>Roma</strong></span> <span class='ocrx_word' id='word_1_40' title='bbox 811 797 1109 865; x_wconf 80' lang='lat' dir='ltr'><strong>defuncto,</strong></span> <span class='ocrx_word' id='word_1_41' title='bbox 1169 798 1498 868; x_wconf 88' lang='lat' dir='ltr'><strong>Benedicto,</strong></span> <span class='ocrx_word' id='word_1_42' title='bbox 1559 800 1736 856; x_wconf 84' lang='lat' dir='ltr'><strong>trater</strong></span> <span class='ocrx_word' id='word_1_43' title='bbox 1812 800 1940 870; x_wconf 83' lang='lat' dir='ltr'><strong>ejus</strong></span> 
     </span>
    </p>
   </div>
   <div class='ocr_carea' id='block_1_9' title="bbox 292 883 1944 960">
    <p class='ocr_par' dir='ltr' id='par_1_9' title="bbox 292 883 1944 960">
     <span class='ocr_line' id='line_1_9' title="bbox 292 883 1944 960; baseline 0.002 -20"><span class='ocrx_word' id='word_1_44' title='bbox 292 883 550 943; x_wconf 85' lang='lat' dir='ltr'><strong>Joannes</strong></span> <span class='ocrx_word' id='word_1_45' title='bbox 578 885 756 943; x_wconf 81' lang='lat' dir='ltr'>XVIII</span> <span class='ocrx_word' id='word_1_46' title='bbox 785 903 858 943; x_wconf 83' lang='lat' dir='ltr'><strong>ex</strong></span> <span class='ocrx_word' id='word_1_47' title='bbox 885 885 1031 944; x_wconf 90' lang='lat' dir='ltr'><strong>laico</strong></span> <span class='ocrx_word' id='word_1_48' title='bbox 1058 903 1209 960; x_wconf 86' lang='lat' dir='ltr'><strong>papa</strong></span> <span class='ocrx_word' id='word_1_49' title='bbox 1235 887 1494 945; x_wconf 81' lang='lat' dir='ltr'>CXLVIII</span> <span class='ocrx_word' id='word_1_50' title='bbox 1524 888 1828 944; x_wconf 89' lang='lat' dir='ltr'><strong>ordinatus</strong></span> <span class='ocrx_word' id='word_1_51' title='bbox 1858 904 1944 944; x_wconf 87' lang='lat' dir='ltr'><strong>se-</strong></span> 
     </span>
    </p>
   </div>
   <div class='ocr_carea' id='block_1_10' title="bbox 289 972 1939 1049">
    <p class='ocr_par' dir='ltr' id='par_1_10' title="bbox 289 972 1939 1049">
     <span class='ocr_line' id='line_1_10' title="bbox 289 972 1939 1049; baseline -0.001 -16"><span class='ocrx_word' id='word_1_52' title='bbox 289 973 381 1033; x_wconf 83' lang='lat' dir='ltr'><strong>.dit</strong></span> <span class='ocrx_word' id='word_1_53' title='bbox 408 972 582 1033; x_wconf 87' lang='lat' dir='ltr'><strong>annis</strong></span> <span class='ocrx_word' id='word_1_54' title='bbox 615 973 795 1032; x_wconf 81' lang='lat' dir='ltr'><strong>ferme</strong></span> <span class='ocrx_word' id='word_1_55' title='bbox 821 991 899 1030; x_wconf 84' lang='lat' dir='ltr'><strong>ix.</strong></span> <span class='ocrx_word' id='word_1_56' title='bbox 930 1006 998 1016; x_wconf 86' lang='lat'><strong>-—</strong></span> <span class='ocrx_word' id='word_1_57' title='bbox 1027 975 1314 1032; x_wconf 82' lang='lat' dir='ltr'><strong>Henricus</strong></span> <span class='ocrx_word' id='word_1_58' title='bbox 1336 991 1568 1048; x_wconf 86' lang='lat' dir='ltr'><strong>quoque</strong></span> <span class='ocrx_word' id='word_1_59' title='bbox 1601 976 1939 1049; x_wconf 80' lang='lat' dir='ltr'><strong>imperator,</strong></span> 
     </span>
    </p>
   </div>
   <div class='ocr_carea' id='block_1_11' title="bbox 296 1062 1942 1138">
    <p class='ocr_par' dir='ltr' id='par_1_11' title="bbox 296 1062 1942 1138">
     <span class='ocr_line' id='line_1_11' title="bbox 296 1062 1942 1138; baseline 0.004 -22"><span class='ocrx_word' id='word_1_60' title='bbox 296 1078 360 1117; x_wconf 89' lang='grc' dir='ltr'><strong>ιιι</strong></span> <span class='ocrx_word' id='word_1_61' title='bbox 392 1062 532 1118; x_wconf 92' lang='lat' dir='ltr'><strong>Idus</strong></span> <span class='ocrx_word' id='word_1_62' title='bbox 550 1062 692 1117; x_wconf 88' lang='lat' dir='ltr'><strong>Julii</strong></span> <span class='ocrx_word' id='word_1_63' title='bbox 722 1063 945 1136; x_wconf 81' lang='lat' dir='ltr'><strong>absque</strong></span> <span class='ocrx_word' id='word_1_64' title='bbox 970 1063 1106 1120; x_wconf 80' lang='lat' dir='ltr'><strong>ﬁliis</strong></span> <span class='ocrx_word' id='word_1_65' title='bbox 1123 1064 1277 1120; x_wconf 89' lang='lat' dir='ltr'><strong>diem</strong></span> <span class='ocrx_word' id='word_1_66' title='bbox 1300 1066 1523 1136; x_wconf 90' lang='lat' dir='ltr'><strong>obiens,</strong></span> <span class='ocrx_word' id='word_1_67' title='bbox 1546 1067 1701 1138; x_wconf 90' lang='lat' dir='ltr'><strong>apud</strong></span> <span class='ocrx_word' id='word_1_68' title='bbox 1721 1067 1942 1138; x_wconf 84' lang='lat' dir='ltr'><strong>episco-</strong></span> 
     </span>
    </p>
   </div>
   <div class='ocr_carea' id='block_1_12' title="bbox 295 1151 1941 1226">
    <p class='ocr_par' dir='ltr' id='par_1_12' title="bbox 295 1151 1941 1226">
     <span class='ocr_line' id='line_1_12' title="bbox 295 1151 1941 1226; baseline -0.001 -15"><span class='ocrx_word' id='word_1_69' title='bbox 295 1155 502 1222; x_wconf 72' lang='lat' dir='ltr'><strong>patum</strong></span> <span class='ocrx_word' id='word_1_70' title='bbox 534 1151 1102 1225; x_wconf 75' lang='lat' dir='ltr'><strong>Babenbergensem,</strong></span> <span class='ocrx_word' id='word_1_71' title='bbox 1135 1170 1170 1210; x_wconf 89' lang='lat' dir='ltr'><strong>a</strong></span> <span class='ocrx_word' id='word_1_72' title='bbox 1199 1169 1262 1210; x_wconf 90' lang='lat' dir='ltr'><strong>se</strong></span> <span class='ocrx_word' id='word_1_73' title='bbox 1291 1159 1715 1222; x_wconf 86' lang='lat' dir='ltr'><strong>constructum,</strong></span> <span class='ocrx_word' id='word_1_74' title='bbox 1765 1170 1941 1226; x_wconf 88' lang='lat' dir='ltr'><strong>quem</strong></span> 
     </span>
    </p>
   </div>
   <div class='ocr_carea' id='block_1_13' title="bbox 289 1239 1944 1314">
    <p class='ocr_par' dir='ltr' id='par_1_13' title="bbox 289 1239 1944 1314">
     <span class='ocr_line' id='line_1_13' title="bbox 289 1239 1944 1314; baseline 0.003 -20"><span class='ocrx_word' id='word_1_75' title='bbox 289 1239 558 1298; x_wconf 84' lang='lat' dir='ltr'><strong>omnium</strong></span> <span class='ocrx_word' id='word_1_76' title='bbox 573 1239 926 1312; x_wconf 80' lang='lat' dir='ltr'><strong>prcediorum</strong></span> <span class='ocrx_word' id='word_1_77' title='bbox 944 1244 1002 1297; x_wconf 92' lang='lat' dir='ltr'><strong>et</strong></span> <span class='ocrx_word' id='word_1_78' title='bbox 1013 1241 1218 1298; x_wconf 89' lang='lat' dir='ltr'><strong>tbesau</strong></span> <span class='ocrx_word' id='word_1_79' title='bbox 1228 1259 1358 1297; x_wconf 89' lang='lat' dir='ltr'><strong>roru</strong></span> <span class='ocrx_word' id='word_1_80' title='bbox 1369 1259 1426 1299; x_wconf 92' lang='lat' dir='ltr'><strong>m</strong></span> <span class='ocrx_word' id='word_1_81' title='bbox 1441 1259 1684 1298; x_wconf 89' lang='lat' dir='ltr'><strong>suorum</strong></span> <span class='ocrx_word' id='word_1_82' title='bbox 1699 1242 1944 1314; x_wconf 90' lang='lat' dir='ltr'><strong>relique-</strong></span> 
     </span>
    </p>
   </div>
   <div class='ocr_carea' id='block_1_14' title="bbox 291 1327 1940 1403">
    <p class='ocr_par' dir='ltr' id='par_1_14' title="bbox 291 1327 1940 1403">
     <span class='ocr_line' id='line_1_14' title="bbox 291 1327 1940 1403; baseline 0.002 -19"><span class='ocrx_word' id='word_1_83' title='bbox 291 1331 381 1384; x_wconf 84' lang='lat' dir='ltr'><strong>rat</strong></span> <span class='ocrx_word' id='word_1_84' title='bbox 411 1327 788 1397; x_wconf 57' lang='lat' dir='ltr'><strong>haeredemﬁn</strong></span> <span class='ocrx_word' id='word_1_85' title='bbox 817 1328 1068 1386; x_wconf 88' lang='lat' dir='ltr'><strong>basilica</strong></span> <span class='ocrx_word' id='word_1_86' title='bbox 1097 1330 1464 1387; x_wconf 87' lang='lat' dir='ltr'><strong>SanctiPetri</strong></span> <span class='ocrx_word' id='word_1_87' title='bbox 1490 1332 1770 1403; x_wconf 79' lang='lat' dir='ltr'><strong>sepelitur</strong></span> <span class='ocrx_word' id='word_1_88' title='bbox 1804 1334 1940 1388; x_wconf 87' lang='lat' dir='ltr'><strong>Vita.</strong></span> 
     </span>
    </p>
   </div>
   <div class='ocr_carea' id='block_1_15' title="bbox 290 1416 1945 1492">
    <p class='ocr_par' dir='ltr' id='par_1_15' title="bbox 290 1416 1945 1492">
     <span class='ocr_line' id='line_1_15' title="bbox 290 1416 1945 1492; baseline -0.001 -15"><span class='ocrx_word' id='word_1_89' title='bbox 290 1447 358 1460; x_wconf 95' lang='lat'><strong>—</strong></span> <span class='ocrx_word' id='word_1_90' title='bbox 389 1416 611 1477; x_wconf 85' lang='lat' dir='ltr'><strong>Deinde</strong></span> <span class='ocrx_word' id='word_1_91' title='bbox 639 1433 778 1474; x_wconf 88' lang='lat' dir='ltr'><strong>cum</strong></span> <span class='ocrx_word' id='word_1_92' title='bbox 831 1418 1136 1474; x_wconf 87' lang='lat' dir='ltr'><strong>Conradus</strong></span> <span class='ocrx_word' id='word_1_93' title='bbox 1166 1418 1373 1475; x_wconf 90' lang='lat' dir='ltr'><strong>Senior</strong></span> <span class='ocrx_word' id='word_1_94' title='bbox 1402 1421 1576 1492; x_wconf 73' lang='grc'>(515),</span> <span class='ocrx_word' id='word_1_95' title='bbox 1603 1419 1760 1476; x_wconf 83' lang='lat' dir='ltr'><strong>ﬁlius</strong></span> <span class='ocrx_word' id='word_1_96' title='bbox 1791 1421 1945 1478; x_wconf 89' lang='lat' dir='ltr'><strong>Hen-</strong></span> 
     </span>
    </p>
   </div>
   <div class='ocr_carea' id='block_1_16' title="bbox 292 1505 1944 1579">
    <p class='ocr_par' dir='ltr' id='par_1_16' title="bbox 292 1505 1944 1579">
     <span class='ocr_line' id='line_1_16' title="bbox 292 1505 1944 1579; baseline -0.001 -14"><span class='ocrx_word' id='word_1_97' title='bbox 292 1505 398 1565; x_wconf 81' lang='lat' dir='ltr'><strong>rici</strong></span> <span class='ocrx_word' id='word_1_98' title='bbox 427 1511 484 1562; x_wconf 90' lang='lat' dir='ltr'><strong>et</strong></span> <span class='ocrx_word' id='word_1_99' title='bbox 509 1505 866 1574; x_wconf 74' lang='lat' dir='ltr'><strong>Adelheidts,</strong></span> <span class='ocrx_word' id='word_1_100' title='bbox 896 1510 955 1563; x_wconf 89' lang='lat' dir='ltr'><strong>et</strong></span> <span class='ocrx_word' id='word_1_101' title='bbox 981 1505 1264 1579; x_wconf 78' lang='lat' dir='ltr'><strong>patruelis</strong></span> <span class='ocrx_word' id='word_1_102' title='bbox 1296 1508 1423 1578; x_wconf 80' lang='lat' dir='ltr'><strong>ejus</strong></span> <span class='ocrx_word' id='word_1_103' title='bbox 1453 1508 1756 1564; x_wconf 88' lang='lat' dir='ltr'><strong>Conradus</strong></span> <span class='ocrx_word' id='word_1_104' title='bbox 1787 1508 1944 1564; x_wconf 83' lang='lat' dir='ltr'><strong>ﬁlius</strong></span> 
     </span>
    </p>
   </div>
   <div class='ocr_carea' id='block_1_17' title="bbox 289 1593 1942 1669">
    <p class='ocr_par' dir='ltr' id='par_1_17' title="bbox 289 1593 1942 1669">
     <span class='ocr_line' id='line_1_17' title="bbox 289 1593 1942 1669; baseline 0.001 -17"><span class='ocrx_word' id='word_1_105' title='bbox 289 1593 546 1655; x_wconf 84' lang='lat' dir='ltr'><strong>Conradi</strong></span> <span class='ocrx_word' id='word_1_106' title='bbox 573 1594 744 1652; x_wconf 89' lang='lat' dir='ltr'><strong>ducis</strong></span> <span class='ocrx_word' id='word_1_107' title='bbox 773 1596 924 1667; x_wconf 77' lang='grc'>(546)</span> <span class='ocrx_word' id='word_1_108' title='bbox 954 1611 1024 1652; x_wconf 83' lang='lat' dir='ltr'><strong>ex</strong></span> <span class='ocrx_word' id='word_1_109' title='bbox 1054 1594 1334 1652; x_wconf 84' lang='lat' dir='ltr'><strong>Mathilde</strong></span> <span class='ocrx_word' id='word_1_110' title='bbox 1365 1595 1514 1667; x_wconf 78' lang='grc'>(547)</span> <span class='ocrx_word' id='word_1_111' title='bbox 1571 1597 1643 1652; x_wconf 90' lang='lat' dir='ltr'><strong>ad</strong></span> <span class='ocrx_word' id='word_1_112' title='bbox 1697 1613 1942 1669; x_wconf 84' lang='lat' dir='ltr'><strong>regnum</strong></span> 
     </span>
    </p>
   </div>
   <div class='ocr_carea' id='block_1_18' title="bbox 292 1683 1942 1759">
    <p class='ocr_par' dir='ltr' id='par_1_18' title="bbox 292 1683 1942 1759">
     <span class='ocr_line' id='line_1_18' title="bbox 292 1683 1942 1759; baseline -0.001 -17"><span class='ocrx_word' id='word_1_113' title='bbox 292 1684 448 1742; x_wconf 63' lang='grc'><strong>202</strong></span> <span class='ocrx_word' id='word_1_114' title='bbox 473 1684 774 1759; x_wconf 75' lang='lat' dir='ltr'><strong>prmoipue</strong></span> <span class='ocrx_word' id='word_1_115' title='bbox 820 1684 1244 1752; x_wconf 76' lang='lat' dir='ltr'><strong>adniterentur,</strong></span> <span class='ocrx_word' id='word_1_116' title='bbox 1278 1683 1480 1741; x_wconf 91' lang='lat' dir='ltr'><strong>habito</strong></span> <span class='ocrx_word' id='word_1_117' title='bbox 1540 1686 1694 1757; x_wconf 92' lang='lat' dir='ltr'><strong>apud</strong></span> <span class='ocrx_word' id='word_1_118' title='bbox 1743 1685 1942 1742; x_wconf 88' lang='lat' dir='ltr'><strong>villam</strong></span> 
     </span>
    </p>
   </div>
   <div class='ocr_carea' id='block_1_19' title="bbox 293 1772 1944 1845">
    <p class='ocr_par' dir='ltr' id='par_1_19' title="bbox 293 1772 1944 1845">
     <span class='ocr_line' id='line_1_19' title="bbox 293 1772 1944 1845; baseline -0.001 -13"><span class='ocrx_word' id='word_1_119' title='bbox 293 1772 581 1833; x_wconf 72' lang='lat' dir='ltr'><strong>Kambam</strong></span> <span class='ocrx_word' id='word_1_120' title='bbox 612 1772 764 1844; x_wconf 77' lang='grc'>(548)</span> <span class='ocrx_word' id='word_1_121' title='bbox 795 1772 1130 1845; x_wconf 83' lang='lat' dir='ltr'><strong>principum</strong></span> <span class='ocrx_word' id='word_1_122' title='bbox 1160 1777 1468 1833; x_wconf 91' lang='lat' dir='ltr'><strong>conventu.</strong></span> <span class='ocrx_word' id='word_1_123' title='bbox 1502 1774 1704 1830; x_wconf 91' lang='lat' dir='ltr'><strong>Senior</strong></span> <span class='ocrx_word' id='word_1_124' title='bbox 1733 1774 1944 1831; x_wconf 84' lang='lat' dir='ltr'><strong>Conra-</strong></span> 
     </span>
    </p>
   </div>
   <div class='ocr_carea' id='block_1_20' title="bbox 291 1861 2021 1968">
    <p class='ocr_par' dir='ltr' id='par_1_20' title="bbox 291 1861 2021 1968">
     <span class='ocr_line' id='line_1_20' title="bbox 291 1861 2021 1968; baseline 0.001 -50"><span class='ocrx_word' id='word_1_125' title='bbox 291 1862 406 1918; x_wconf 80' lang='lat' dir='ltr'><strong>dus</strong></span> <span class='ocrx_word' id='word_1_126' title='bbox 431 1865 968 1968; x_wconf 39' lang='lat' dir='ltr'><strong>rex.promotus,‘et</strong></span> <span class='ocrx_word' id='word_1_127' title='bbox 1073 1861 1796 1968; x_wconf 42' lang='lat' dir='ltr'><strong>:Aribc‘ne‘arclliiepi‘scopo</strong></span> <span class='ocrx_word' id='word_1_128' title='bbox 1827 1863 1946 1968; x_wconf 72' lang='lat' dir='ltr'><strong>NIo-</strong></span> <span class='ocrx_word' id='word_1_129' title='bbox 1973 1903 2021 1968; x_wconf 82' lang='lat' dir='ltr'><strong>B</strong></span> 
     </span>
    </p>
   </div>
   <div class='ocr_carea' id='block_1_21' title="bbox 239 1950 1941 2024">
    <p class='ocr_par' dir='ltr' id='par_1_21' title="bbox 239 1950 1941 2024">
     <span class='ocr_line' id='line_1_21' title="bbox 239 1950 1941 2024; baseline -0.001 -16"><span class='ocrx_word' id='word_1_130' title='bbox 239 1958 251 1966; x_wconf 79' lang='lat'><strong><em>&#39;</em></strong></span> <span class='ocrx_word' id='word_1_131' title='bbox 285 1950 547 2024; x_wconf 77' lang='lat' dir='ltr'><strong>gnuliaci</strong></span> <span class='ocrx_word' id='word_1_132' title='bbox 581 1953 794 2006; x_wconf 85' lang='lat' dir='ltr'><strong>unctus</strong></span> <span class='ocrx_word' id='word_1_133' title='bbox 824 1953 915 2007; x_wconf 85' lang='lat' dir='ltr'><strong>est</strong></span> <span class='ocrx_word' id='word_1_134' title='bbox 942 1966 997 2004; x_wconf 70' lang='grc' dir='ltr'>γι</span> <span class='ocrx_word' id='word_1_135' title='bbox 1031 1950 1168 2006; x_wconf 89' lang='lat' dir='ltr'><strong>Idus</strong></span> <span class='ocrx_word' id='word_1_136' title='bbox 1226 1950 1556 2022; x_wconf 84' lang='lat' dir='ltr'><strong>Septembr.</strong></span> <span class='ocrx_word' id='word_1_137' title='bbox 1608 1950 1722 2007; x_wconf 86' lang='lat' dir='ltr'><strong>Nec</strong></span> <span class='ocrx_word' id='word_1_138' title='bbox 1752 1951 1941 2008; x_wconf 87' lang='lat' dir='ltr'><strong>multo</strong></span> 
     </span>
    </p>
   </div>
   <div class='ocr_carea' id='block_1_22' title="bbox 291 2037 1944 2112">
    <p class='ocr_par' dir='ltr' id='par_1_22' title="bbox 291 2037 1944 2112">
     <span class='ocr_line' id='line_1_22' title="bbox 291 2037 1944 2112; baseline 0.001 -18"><span class='ocrx_word' id='word_1_139' title='bbox 291 2043 428 2112; x_wconf 89' lang='lat' dir='ltr'><strong>post</strong></span> <span class='ocrx_word' id='word_1_140' title='bbox 457 2055 606 2096; x_wconf 82' lang='lat' dir='ltr'><strong>uxor</strong></span> <span class='ocrx_word' id='word_1_141' title='bbox 633 2039 762 2110; x_wconf 70' lang='lat' dir='ltr'><strong>ejus</strong></span> <span class='ocrx_word' id='word_1_142' title='bbox 793 2037 989 2096; x_wconf 85' lang='lat' dir='ltr'><strong>Gisela</strong></span> <span class='ocrx_word' id='word_1_143' title='bbox 1017 2055 1052 2094; x_wconf 89' lang='lat' dir='ltr'><strong>a</strong></span> <span class='ocrx_word' id='word_1_144' title='bbox 1078 2037 1356 2110; x_wconf 77' lang='lat' dir='ltr'><strong>Piligrino</strong></span> <span class='ocrx_word' id='word_1_145' title='bbox 1381 2038 1815 2112; x_wconf 85' lang='lat' dir='ltr'><strong>archiepiscopo</strong></span> <span class='ocrx_word' id='word_1_146' title='bbox 1845 2041 1944 2096; x_wconf 88' lang='lat' dir='ltr'><strong>Co-</strong></span> 
     </span>
    </p>
   </div>
   <div class='ocr_carea' id='block_1_23' title="bbox 288 2126 1941 2200">
    <p class='ocr_par' dir='ltr' id='par_1_23' title="bbox 288 2126 1941 2200">
     <span class='ocr_line' id='line_1_23' title="bbox 288 2126 1941 2200; baseline 0.001 -16"><span class='ocrx_word' id='word_1_147' title='bbox 288 2128 463 2184; x_wconf 70' lang='lat' dir='ltr'><strong>lonis:</strong></span> <span class='ocrx_word' id='word_1_148' title='bbox 494 2129 640 2200; x_wconf 81' lang='lat'>(5119)</span> <span class='ocrx_word' id='word_1_149' title='bbox 673 2128 877 2200; x_wconf 86' lang='lat' dir='ltr'><strong>regina</strong></span> <span class='ocrx_word' id='word_1_150' title='bbox 908 2126 1294 2184; x_wconf 86' lang='lat' dir='ltr'><strong>nihilominus</strong></span> <span class='ocrx_word' id='word_1_151' title='bbox 1343 2127 1650 2185; x_wconf 86' lang='lat' dir='ltr'><strong>benedicta</strong></span> <span class='ocrx_word' id='word_1_152' title='bbox 1699 2145 1758 2184; x_wconf 74' lang='lat' dir='ltr'><strong>xx</strong></span> <span class='ocrx_word' id='word_1_153' title='bbox 1813 2127 1941 2185; x_wconf 88' lang='lat' dir='ltr'><strong>Kal.</strong></span> 
     </span>
    </p>
   </div>
   <div class='ocr_carea' id='block_1_24' title="bbox 288 2216 746 2289">
    <p class='ocr_par' dir='ltr' id='par_1_24' title="bbox 288 2216 746 2289">
     <span class='ocr_line' id='line_1_24' title="bbox 288 2216 746 2289; baseline -0.009 -13"><span class='ocrx_word' id='word_1_154' title='bbox 288 2216 499 2276; x_wconf 71' lang='lat' dir='ltr'><strong>Octob.</strong></span> <span class='ocrx_word' id='word_1_155' title='bbox 538 2216 746 2289; x_wconf 78' lang='lat' dir='ltr'><strong>Wippo.</strong></span> 
     </span>
    </p>
   </div>
   <div class='ocr_carea' id='block_1_25' title="bbox 366 2304 1944 2366">
    <p class='ocr_par' dir='ltr' id='par_1_25' title="bbox 366 2304 1944 2366">
     <span class='ocr_line' id='line_1_25' title="bbox 366 2304 1944 2366; baseline -0.001 -3"><span class='ocrx_word' id='word_1_156' title='bbox 366 2308 509 2363; x_wconf 80' lang='lat'>1025</span> <span class='ocrx_word' id='word_1_157' title='bbox 536 2304 798 2366; x_wconf 82' lang='lat' dir='ltr'><strong>Rebellio</strong></span> <span class='ocrx_word' id='word_1_158' title='bbox 829 2308 888 2362; x_wconf 89' lang='lat' dir='ltr'><strong>et</strong></span> <span class='ocrx_word' id='word_1_159' title='bbox 942 2305 1237 2362; x_wconf 87' lang='lat' dir='ltr'><strong>discordia</strong></span> <span class='ocrx_word' id='word_1_160' title='bbox 1267 2304 1454 2361; x_wconf 87' lang='lat' dir='ltr'><strong>multa</strong></span> <span class='ocrx_word' id='word_1_161' title='bbox 1499 2309 1704 2362; x_wconf 90' lang='lat' dir='ltr'><strong>contra</strong></span> <span class='ocrx_word' id='word_1_162' title='bbox 1731 2307 1944 2362; x_wconf 89' lang='lat' dir='ltr'><strong>Conra-</strong></span> 
     </span>
    </p>
   </div>
   <div class='ocr_carea' id='block_1_26' title="bbox 293 2394 1948 2469">
    <p class='ocr_par' dir='ltr' id='par_1_26' title="bbox 293 2394 1948 2469">
     <span class='ocr_line' id='line_1_26' title="bbox 293 2394 1948 2469; baseline -0.002 -16"><span class='ocrx_word' id='word_1_163' title='bbox 293 2397 439 2453; x_wconf 89' lang='lat' dir='ltr'><strong>dum</strong></span> <span class='ocrx_word' id='word_1_164' title='bbox 470 2411 668 2469; x_wconf 80' lang='lat' dir='ltr'><strong>regem</strong></span> <span class='ocrx_word' id='word_1_165' title='bbox 691 2412 727 2452; x_wconf 91' lang='lat' dir='ltr'><strong>a</strong></span> <span class='ocrx_word' id='word_1_166' title='bbox 745 2394 1007 2467; x_wconf 86' lang='lat' dir='ltr'><strong>patruele</strong></span> <span class='ocrx_word' id='word_1_167' title='bbox 1029 2395 1158 2466; x_wconf 87' lang='lat' dir='ltr'><strong>ejus</strong></span> <span class='ocrx_word' id='word_1_168' title='bbox 1177 2395 1436 2450; x_wconf 83' lang='lat' dir='ltr'><strong>Conrado</strong></span> <span class='ocrx_word' id='word_1_169' title='bbox 1457 2397 1513 2450; x_wconf 91' lang='lat' dir='ltr'><strong>et</strong></span> <span class='ocrx_word' id='word_1_170' title='bbox 1531 2395 1784 2450; x_wconf 88' lang='lat' dir='ltr'><strong>Ernusto</strong></span> <span class='ocrx_word' id='word_1_171' title='bbox 1801 2395 1948 2451; x_wconf 90' lang='lat' dir='ltr'><strong>duce</strong></span> 
     </span>
    </p>
   </div>
   <div class='ocr_carea' id='block_1_27' title="bbox 292 2483 1948 2557">
    <p class='ocr_par' dir='ltr' id='par_1_27' title="bbox 292 2483 1948 2557">
     <span class='ocr_line' id='line_1_27' title="bbox 292 2483 1948 2557; baseline -0.002 -16"><span class='ocrx_word' id='word_1_172' title='bbox 292 2483 954 2557; x_wconf 69' lang='lat' dir='ltr'><strong>Alamannie,privigno</strong></span> <span class='ocrx_word' id='word_1_173' title='bbox 971 2484 1120 2555; x_wconf 80' lang='grc'>(550)</span> <span class='ocrx_word' id='word_1_174' title='bbox 1131 2484 1181 2555; x_wconf 91' lang='lat' dir='ltr'><strong>ej</strong></span> <span class='ocrx_word' id='word_1_175' title='bbox 1193 2501 1257 2539; x_wconf 87' lang='lat' dir='ltr'><strong>us</strong></span> <span class='ocrx_word' id='word_1_176' title='bbox 1280 2501 1296 2552; x_wconf 90' lang='lat'><strong>;</strong></span> <span class='ocrx_word' id='word_1_177' title='bbox 1323 2483 1526 2554; x_wconf 90' lang='lat' dir='ltr'><strong>Welph</strong></span> <span class='ocrx_word' id='word_1_178' title='bbox 1549 2484 1697 2555; x_wconf 88' lang='grc'>(551)</span> <span class='ocrx_word' id='word_1_179' title='bbox 1715 2499 1948 2556; x_wconf 90' lang='lat' dir='ltr'><strong>quoque</strong></span> 
     </span>
    </p>
   </div>
   <div class='ocr_carea' id='block_1_28' title="bbox 289 2571 1843 2648">
    <p class='ocr_par' dir='ltr' id='par_1_28' title="bbox 289 2571 1843 2648">
     <span class='ocr_line' id='line_1_28' title="bbox 289 2571 1843 2648; baseline -0.001 -18"><span class='ocrx_word' id='word_1_180' title='bbox 289 2574 617 2648; x_wconf 79' lang='lat' dir='ltr'><strong>Suevigena</strong></span> <span class='ocrx_word' id='word_1_181' title='bbox 646 2573 877 2639; x_wconf 84' lang='lat' dir='ltr'><strong>comite,</strong></span> <span class='ocrx_word' id='word_1_182' title='bbox 902 2576 964 2629; x_wconf 84' lang='lat' dir='ltr'><strong>et</strong></span> <span class='ocrx_word' id='word_1_183' title='bbox 987 2571 1116 2629; x_wconf 82' lang='lat' dir='ltr'><strong>aliis</strong></span> <span class='ocrx_word' id='word_1_184' title='bbox 1146 2572 1416 2644; x_wconf 84' lang='lat' dir='ltr'><strong>pluribus</strong></span> <span class='ocrx_word' id='word_1_185' title='bbox 1446 2572 1618 2627; x_wconf 81' lang='lat' dir='ltr'><strong>facta.</strong></span> <span class='ocrx_word' id='word_1_186' title='bbox 1650 2572 1843 2644; x_wconf 86' lang='lat' dir='ltr'><strong>Hepid.</strong></span> 
     </span>
    </p>
   </div>
   <div class='ocr_carea' id='block_1_29' title="bbox 370 2660 1946 2732">
    <p class='ocr_par' dir='ltr' id='par_1_29' title="bbox 370 2660 1946 2732">
     <span class='ocr_line' id='line_1_29' title="bbox 370 2660 1946 2732; baseline -0.001 -14"><span class='ocrx_word' id='word_1_187' title='bbox 370 2663 512 2719; x_wconf 79' lang='grc'>1020</span> <span class='ocrx_word' id='word_1_188' title='bbox 541 2662 662 2718; x_wconf 79' lang='lat' dir='ltr'><strong>Rex</strong></span> <span class='ocrx_word' id='word_1_189' title='bbox 710 2661 1038 2728; x_wconf 82' lang='lat' dir='ltr'><strong>Conradus,</strong></span> <span class='ocrx_word' id='word_1_190' title='bbox 1069 2661 1290 2718; x_wconf 83' lang='lat' dir='ltr'><strong>sedatis</strong></span> <span class='ocrx_word' id='word_1_191' title='bbox 1318 2678 1388 2717; x_wconf 87' lang='lat' dir='ltr'><strong>ex</strong></span> <span class='ocrx_word' id='word_1_192' title='bbox 1417 2664 1579 2732; x_wconf 87' lang='lat' dir='ltr'><strong>parte</strong></span> <span class='ocrx_word' id='word_1_193' title='bbox 1609 2660 1946 2728; x_wconf 89' lang='lat' dir='ltr'><strong>rebellibus,</strong></span> 
     </span>
    </p>
   </div>
   <div class='ocr_carea' id='block_1_30' title="bbox 289 2749 1948 2828">
    <p class='ocr_par' dir='ltr' id='par_1_30' title="bbox 289 2749 1948 2828">
     <span class='ocr_line' id='line_1_30' title="bbox 289 2749 1948 2828; baseline -0.002 -19"><span class='ocrx_word' id='word_1_194' title='bbox 289 2752 446 2809; x_wconf 81' lang='lat' dir='ltr'><strong>circa</strong></span> <span class='ocrx_word' id='word_1_195' title='bbox 474 2755 716 2823; x_wconf 84' lang='lat' dir='ltr'><strong>tempus</strong></span> <span class='ocrx_word' id='word_1_196' title='bbox 738 2749 1210 2828; x_wconf 74' lang='lat' dir='ltr'><strong>Quadragesimis</strong></span> <span class='ocrx_word' id='word_1_197' title='bbox 1257 2766 1392 2806; x_wconf 92' lang='lat' dir='ltr'><strong>cum</strong></span> <span class='ocrx_word' id='word_1_198' title='bbox 1433 2749 1688 2806; x_wconf 78' lang='lat' dir='ltr'><strong>exercitu</strong></span> <span class='ocrx_word' id='word_1_199' title='bbox 1721 2749 1948 2807; x_wconf 88' lang='lat' dir='ltr'><strong>Italiam</strong></span> 
     </span>
    </p>
   </div>
   <div class='ocr_carea' id='block_1_31' title="bbox 291 2838 1944 2911">
    <p class='ocr_par' dir='ltr' id='par_1_31' title="bbox 291 2838 1944 2911">
     <span class='ocr_line' id='line_1_31' title="bbox 291 2838 1944 2911; baseline -0.002 -13"><span class='ocrx_word' id='word_1_200' title='bbox 291 2841 436 2898; x_wconf 78' lang='lat' dir='ltr'><strong>adiit</strong></span> <span class='ocrx_word' id='word_1_201' title='bbox 466 2843 545 2905; x_wconf 89' lang='lat' dir='ltr'><strong>et,</strong></span> <span class='ocrx_word' id='word_1_202' title='bbox 580 2838 806 2897; x_wconf 80' lang='lat' dir='ltr'><strong>Pascha</strong></span> <span class='ocrx_word' id='word_1_203' title='bbox 851 2838 1131 2896; x_wconf 87' lang='lat' dir='ltr'><strong>Vercellis</strong></span> <span class='ocrx_word' id='word_1_204' title='bbox 1163 2843 1311 2908; x_wconf 85' lang='lat' dir='ltr'><strong>acto,</strong></span> <span class='ocrx_word' id='word_1_205' title='bbox 1343 2843 1526 2894; x_wconf 87' lang='lat' dir='ltr'><strong>totam</strong></span> <span class='ocrx_word' id='word_1_206' title='bbox 1557 2842 1766 2911; x_wconf 69' lang='lat' dir='ltr'><strong>praeter</strong></span> <span class='ocrx_word' id='word_1_207' title='bbox 1797 2840 1944 2895; x_wconf 87' lang='lat' dir='ltr'><strong>Luc-</strong></span> 
     </span>
    </p>
   </div>
   <div class='ocr_carea' id='block_1_32' title="bbox 289 2926 1944 2998">
    <p class='ocr_par' dir='ltr' id='par_1_32' title="bbox 289 2926 1944 2998">
     <span class='ocr_line' id='line_1_32' title="bbox 289 2926 1944 2998; baseline -0.002 -13"><span class='ocrx_word' id='word_1_208' title='bbox 289 2946 418 2986; x_wconf 81' lang='lat' dir='ltr'><strong>cam</strong></span> <span class='ocrx_word' id='word_1_209' title='bbox 439 2928 654 2985; x_wconf 87' lang='lat' dir='ltr'><strong>urbem</strong></span> <span class='ocrx_word' id='word_1_210' title='bbox 676 2927 920 2995; x_wconf 63' lang='lat' dir='ltr'><strong>Tuscia,</strong></span> <span class='ocrx_word' id='word_1_211' title='bbox 945 2926 1176 2984; x_wconf 85' lang='lat' dir='ltr'><strong>Italiam</strong></span> <span class='ocrx_word' id='word_1_212' title='bbox 1198 2927 1260 2982; x_wconf 91' lang='lat' dir='ltr'><strong>in</strong></span> <span class='ocrx_word' id='word_1_213' title='bbox 1280 2927 1366 2983; x_wconf 89' lang='lat' dir='ltr'><strong>eis</strong></span> <span class='ocrx_word' id='word_1_214' title='bbox 1388 2926 1667 2982; x_wconf 82' lang='lat' dir='ltr'><strong>Romanis</strong></span> <span class='ocrx_word' id='word_1_215' title='bbox 1681 2926 1944 2998; x_wconf 84' lang='lat' dir='ltr'><strong>partibus</strong></span> 
     </span>
    </p>
   </div>
   <div class='ocr_carea' id='block_1_33' title="bbox 291 3015 1944 3090">
    <p class='ocr_par' dir='ltr' id='par_1_33' title="bbox 291 3015 1944 3090">
     <span class='ocr_line' id='line_1_33' title="bbox 291 3015 1944 3090; baseline -0.002 -15"><span class='ocrx_word' id='word_1_216' title='bbox 291 3019 402 3076; x_wconf 84' lang='lat' dir='ltr'><strong>sibi</strong></span> <span class='ocrx_word' id='word_1_217' title='bbox 442 3016 1038 3090; x_wconf 76' lang='lat' dir='ltr'><strong>subjugavit.Ernust</strong></span> <span class='ocrx_word' id='word_1_218' title='bbox 1066 3015 1532 3083; x_wconf 82' lang='lat' dir='ltr'><strong>duxAlemaniae,</strong></span> <span class='ocrx_word' id='word_1_219' title='bbox 1565 3033 1700 3072; x_wconf 93' lang='lat' dir='ltr'><strong>cum</strong></span> <span class='ocrx_word' id='word_1_220' title='bbox 1731 3032 1796 3071; x_wconf 90' lang='lat' dir='ltr'><strong>eo</strong></span> <span class='ocrx_word' id='word_1_221' title='bbox 1817 3016 1944 3088; x_wconf 89' lang='lat' dir='ltr'><strong>ipso</strong></span> 
     </span>
    </p>
   </div>
   <div class='ocr_carea' id='block_1_34' title="bbox 292 3102 1943 3177">
    <p class='ocr_par' dir='ltr' id='par_1_34' title="bbox 292 3102 1943 3177">
     <span class='ocr_line' id='line_1_34' title="bbox 292 3102 1943 3177; baseline -0.001 -15"><span class='ocrx_word' id='word_1_222' title='bbox 292 3102 888 3176; x_wconf 79' lang='lat' dir='ltr'><strong>anno,interpellante</strong></span> <span class='ocrx_word' id='word_1_223' title='bbox 917 3106 1123 3171; x_wconf 88' lang='lat' dir='ltr'><strong>matre,</strong></span> <span class='ocrx_word' id='word_1_224' title='bbox 1146 3103 1505 3177; x_wconf 82' lang='lat' dir='ltr'><strong>paciﬁcatus,</strong></span> <span class='ocrx_word' id='word_1_225' title='bbox 1527 3103 1943 3176; x_wconf 85' lang='lat' dir='ltr'><strong>Campidonen-</strong></span> 
     </span>
    </p>
   </div>
   <div class='ocr_carea' id='block_1_35' title="bbox 291 3192 1948 3264">
    <p class='ocr_par' dir='ltr' id='par_1_35' title="bbox 291 3192 1948 3264">
     <span class='ocr_line' id='line_1_35' title="bbox 291 3192 1948 3264; baseline -0.001 -13"><span class='ocrx_word' id='word_1_226' title='bbox 291 3209 422 3251; x_wconf 87' lang='lat' dir='ltr'><strong>sem</strong></span> <span class='ocrx_word' id='word_1_227' title='bbox 451 3193 579 3251; x_wconf 89' lang='lat' dir='ltr'><strong>loco</strong></span> <span class='ocrx_word' id='word_1_228' title='bbox 609 3192 877 3250; x_wconf 81' lang='lat' dir='ltr'><strong>beneﬁcii</strong></span> <span class='ocrx_word' id='word_1_229' title='bbox 897 3193 1194 3249; x_wconf 87' lang='lat' dir='ltr'><strong>abbatiam</strong></span> <span class='ocrx_word' id='word_1_230' title='bbox 1226 3192 1448 3264; x_wconf 89' lang='lat' dir='ltr'><strong>accepit</strong></span> <span class='ocrx_word' id='word_1_231' title='bbox 1475 3193 1718 3264; x_wconf 89' lang='lat' dir='ltr'><strong>suisque</strong></span> <span class='ocrx_word' id='word_1_232' title='bbox 1752 3192 1948 3249; x_wconf 91' lang='lat' dir='ltr'><strong>militi-</strong></span> 
     </span>
    </p>
   </div>
   <div class='ocr_carea' id='block_1_36' title="bbox 2051 621 3700 696">
    <p class='ocr_par' dir='ltr' id='par_1_36' title="bbox 2051 621 3700 696">
     <span class='ocr_line' id='line_1_36' title="bbox 2051 621 3700 696; baseline 0.002 -19"><span class='ocrx_word' id='word_1_233' title='bbox 2051 622 2451 678; x_wconf 88' lang='lat' dir='ltr'><strong>substituitur.</strong></span> <span class='ocrx_word' id='word_1_234' title='bbox 2483 623 2875 696; x_wconf 83' lang='lat' dir='ltr'><strong>Augustensis</strong></span> <span class='ocrx_word' id='word_1_235' title='bbox 2933 621 3243 694; x_wconf 85' lang='lat' dir='ltr'><strong>episcopus</strong></span> <span class='ocrx_word' id='word_1_236' title='bbox 3271 625 3326 677; x_wconf 92' lang='lat' dir='ltr'><strong>et</strong></span> <span class='ocrx_word' id='word_1_237' title='bbox 3358 621 3568 694; x_wconf 87' lang='lat' dir='ltr'><strong>Welph</strong></span> <span class='ocrx_word' id='word_1_238' title='bbox 3600 640 3700 681; x_wconf 90' lang='lat' dir='ltr'><strong>eo-</strong></span> 
     </span>
    </p>
   </div>
   <div class='ocr_carea' id='block_1_37' title="bbox 2049 710 3700 783">
    <p class='ocr_par' dir='ltr' id='par_1_37' title="bbox 2049 710 3700 783">
     <span class='ocr_line' id='line_1_37' title="bbox 2049 710 3700 783; baseline 0.001 -17"><span class='ocrx_word' id='word_1_239' title='bbox 2049 726 2176 767; x_wconf 91' lang='lat' dir='ltr'><strong>mes</strong></span> <span class='ocrx_word' id='word_1_240' title='bbox 2199 711 2408 783; x_wconf 74' lang='lat' dir='ltr'><strong>praedis</strong></span> <span class='ocrx_word' id='word_1_241' title='bbox 2437 714 2494 766; x_wconf 88' lang='lat' dir='ltr'><strong>et</strong></span> <span class='ocrx_word' id='word_1_242' title='bbox 2522 710 2807 768; x_wconf 87' lang='lat' dir='ltr'><strong>incendiis</strong></span> <span class='ocrx_word' id='word_1_243' title='bbox 2839 711 2992 766; x_wconf 89' lang='lat' dir='ltr'><strong>inter</strong></span> <span class='ocrx_word' id='word_1_244' title='bbox 3013 727 3075 767; x_wconf 88' lang='lat' dir='ltr'><strong>se</strong></span> <span class='ocrx_word' id='word_1_245' title='bbox 3106 715 3310 768; x_wconf 92' lang='lat' dir='ltr'><strong>mutuo</strong></span> <span class='ocrx_word' id='word_1_246' title='bbox 3328 711 3700 768; x_wconf 78' lang='lat' dir='ltr'><strong>debacchan-</strong></span> 
     </span>
    </p>
   </div>
   <div class='ocr_carea' id='block_1_38' title="bbox 2048 801 2408 872">
    <p class='ocr_par' dir='ltr' id='par_1_38' title="bbox 2048 801 2408 872">
     <span class='ocr_line' id='line_1_38' title="bbox 2048 801 2408 872; baseline 0.006 -18"><span class='ocrx_word' id='word_1_247' title='bbox 2048 802 2166 854; x_wconf 86' lang='lat' dir='ltr'><strong>tur.</strong></span> <span class='ocrx_word' id='word_1_248' title='bbox 2206 801 2408 872; x_wconf 87' lang='lat' dir='ltr'><strong>Wippo.</strong></span> 
     </span>
    </p>
   </div>
   <div class='ocr_carea' id='block_1_39' title="bbox 2123 887 3698 960">
    <p class='ocr_par' dir='ltr' id='par_1_39' title="bbox 2123 887 3698 960">
     <span class='ocr_line' id='line_1_39' title="bbox 2123 887 3698 960; baseline 0.001 -18"><span class='ocrx_word' id='word_1_249' title='bbox 2123 888 2260 942; x_wconf 88' lang='grc'><strong>1027</strong></span> <span class='ocrx_word' id='word_1_250' title='bbox 2290 889 2590 944; x_wconf 88' lang='lat' dir='ltr'><strong>Conradus</strong></span> <span class='ocrx_word' id='word_1_251' title='bbox 2617 903 2734 957; x_wconf 88' lang='lat' dir='ltr'><strong>rex,</strong></span> <span class='ocrx_word' id='word_1_252' title='bbox 2776 891 2904 944; x_wconf 89' lang='lat' dir='ltr'><strong>acto</strong></span> <span class='ocrx_word' id='word_1_253' title='bbox 2944 888 3238 960; x_wconf 74' lang='lat' dir='ltr'><strong>Yporenize</strong></span> <span class='ocrx_word' id='word_1_254' title='bbox 3298 889 3447 960; x_wconf 88' lang='grc'>(552)</span> <span class='ocrx_word' id='word_1_255' title='bbox 3506 887 3698 945; x_wconf 85' lang='lat' dir='ltr'><strong>Natali</strong></span> 
     </span>
    </p>
   </div>
   <div class='ocr_carea' id='block_1_40' title="bbox 2049 975 3699 1049">
    <p class='ocr_par' dir='ltr' id='par_1_40' title="bbox 2049 975 3699 1049">
     <span class='ocr_line' id='line_1_40' title="bbox 2049 975 3699 1049; baseline 0.002 -19"><span class='ocrx_word' id='word_1_256' title='bbox 2049 975 2302 1045; x_wconf 89' lang='lat' dir='ltr'><strong>Domini,</strong></span> <span class='ocrx_word' id='word_1_257' title='bbox 2338 977 2396 1031; x_wconf 91' lang='lat' dir='ltr'><strong>in</strong></span> <span class='ocrx_word' id='word_1_258' title='bbox 2428 976 2702 1033; x_wconf 84' lang='lat' dir='ltr'><strong>ulteriora</strong></span> <span class='ocrx_word' id='word_1_259' title='bbox 2725 979 2877 1034; x_wconf 72' lang='lat'><strong>203</strong></span> <span class='ocrx_word' id='word_1_260' title='bbox 2911 977 3541 1049; x_wconf 84' lang='lat' dir='ltr'><strong>progressus,Luccam</strong></span> <span class='ocrx_word' id='word_1_261' title='bbox 3561 993 3699 1034; x_wconf 90' lang='lat' dir='ltr'><strong>cum</strong></span> 
     </span>
    </p>
   </div>
   <div class='ocr_carea' id='block_1_41' title="bbox 2050 1064 3701 1138">
    <p class='ocr_par' dir='ltr' id='par_1_41' title="bbox 2050 1064 3701 1138">
     <span class='ocr_line' id='line_1_41' title="bbox 2050 1064 3701 1138; baseline 0.002 -17"><span class='ocrx_word' id='word_1_262' title='bbox 2050 1064 2372 1136; x_wconf 79' lang='lat' dir='ltr'><strong>Reginbero</strong></span> <span class='ocrx_word' id='word_1_263' title='bbox 2405 1066 2738 1122; x_wconf 87' lang='lat' dir='ltr'><strong>Marcbione</strong></span> <span class='ocrx_word' id='word_1_264' title='bbox 2779 1071 2841 1123; x_wconf 90' lang='lat' dir='ltr'><strong>tu</strong></span> <span class='ocrx_word' id='word_1_265' title='bbox 2899 1067 3254 1122; x_wconf 89' lang='lat' dir='ltr'><strong>deditionem</strong></span> <span class='ocrx_word' id='word_1_266' title='bbox 3287 1066 3528 1138; x_wconf 87' lang='lat' dir='ltr'><strong>accepit,</strong></span> <span class='ocrx_word' id='word_1_267' title='bbox 3577 1067 3701 1124; x_wconf 85' lang='lat' dir='ltr'><strong>Ro-</strong></span> 
     </span>
    </p>
   </div>
   <div class='ocr_carea' id='block_1_42' title="bbox 2052 1154 3696 1226">
    <p class='ocr_par' dir='ltr' id='par_1_42' title="bbox 2052 1154 3696 1226">
     <span class='ocr_line' id='line_1_42' title="bbox 2052 1154 3696 1226; baseline 0.003 -18"><span class='ocrx_word' id='word_1_268' title='bbox 2052 1168 2326 1224; x_wconf 89' lang='lat' dir='ltr'><strong>mamque</strong></span> <span class='ocrx_word' id='word_1_269' title='bbox 2356 1154 2698 1224; x_wconf 86' lang='lat' dir='ltr'><strong>perveniens</strong></span> <span class='ocrx_word' id='word_1_270' title='bbox 2723 1173 2757 1210; x_wconf 93' lang='lat' dir='ltr'><strong>a</strong></span> <span class='ocrx_word' id='word_1_271' title='bbox 2787 1157 3008 1210; x_wconf 86' lang='lat' dir='ltr'><strong>Joanne</strong></span> <span class='ocrx_word' id='word_1_272' title='bbox 3063 1171 3215 1226; x_wconf 88' lang='lat' dir='ltr'><strong>papa</strong></span> <span class='ocrx_word' id='word_1_273' title='bbox 3255 1155 3314 1208; x_wconf 94' lang='lat' dir='ltr'><strong>in</strong></span> <span class='ocrx_word' id='word_1_274' title='bbox 3347 1154 3440 1209; x_wconf 92' lang='lat' dir='ltr'><strong>die</strong></span> <span class='ocrx_word' id='word_1_275' title='bbox 3494 1159 3696 1214; x_wconf 87' lang='lat' dir='ltr'><strong>sancto</strong></span> 
     </span>
    </p>
   </div>
   <div class='ocr_carea' id='block_1_43' title="bbox 2053 1241 3703 1314">
    <p class='ocr_par' dir='ltr' id='par_1_43' title="bbox 2053 1241 3703 1314">
     <span class='ocr_line' id='line_1_43' title="bbox 2053 1241 3703 1314; baseline 0.002 -18"><span class='ocrx_word' id='word_1_276' title='bbox 2053 1241 2284 1297; x_wconf 67' lang='lat' dir='ltr'><strong>Paschaa</strong></span> <span class='ocrx_word' id='word_1_277' title='bbox 2316 1242 2631 1314; x_wconf 88' lang='lat' dir='ltr'><strong>imperator</strong></span> <span class='ocrx_word' id='word_1_278' title='bbox 2659 1249 2972 1300; x_wconf 76' lang='lat' dir='ltr'><strong>coronatus</strong></span> <span class='ocrx_word' id='word_1_279' title='bbox 3003 1247 3110 1309; x_wconf 88' lang='lat' dir='ltr'><strong>est,</strong></span> <span class='ocrx_word' id='word_1_280' title='bbox 3143 1244 3503 1314; x_wconf 87' lang='lat' dir='ltr'><strong>subactaque</strong></span> <span class='ocrx_word' id='word_1_281' title='bbox 3536 1243 3703 1300; x_wconf 87' lang='lat' dir='ltr'><strong>Italia</strong></span> 
     </span>
    </p>
   </div>
   <div class='ocr_carea' id='block_1_44' title="bbox 2049 1330 3700 1403">
    <p class='ocr_par' dir='ltr' id='par_1_44' title="bbox 2049 1330 3700 1403">
     <span class='ocr_line' id='line_1_44' title="bbox 2049 1330 3700 1403; baseline 0.002 -18"><span class='ocrx_word' id='word_1_282' title='bbox 2049 1332 2170 1385; x_wconf 91' lang='lat' dir='ltr'><strong>tota</strong></span> <span class='ocrx_word' id='word_1_283' title='bbox 2201 1347 2484 1399; x_wconf 87' lang='lat' dir='ltr'><strong>reversus,</strong></span> <span class='ocrx_word' id='word_1_284' title='bbox 2510 1330 2569 1386; x_wconf 90' lang='lat' dir='ltr'><strong>in</strong></span> <span class='ocrx_word' id='word_1_285' title='bbox 2601 1331 2949 1387; x_wconf 79' lang='lat' dir='ltr'><strong>Alemannis</strong></span> <span class='ocrx_word' id='word_1_286' title='bbox 2978 1331 3129 1403; x_wconf 90' lang='lat' dir='ltr'><strong>apud</strong></span> <span class='ocrx_word' id='word_1_287' title='bbox 3164 1331 3394 1386; x_wconf 88' lang='lat' dir='ltr'><strong>Ulmam</strong></span> <span class='ocrx_word' id='word_1_288' title='bbox 3417 1330 3700 1402; x_wconf 87' lang='lat' dir='ltr'><strong>placitum</strong></span> 
     </span>
    </p>
   </div>
   <div class='ocr_carea' id='block_1_45' title="bbox 2051 1418 3707 1500">
    <p class='ocr_par' dir='ltr' id='par_1_45' title="bbox 2051 1418 3707 1500">
     <span class='ocr_line' id='line_1_45' title="bbox 2051 1418 3707 1500; baseline 0.001 -26"><span class='ocrx_word' id='word_1_289' title='bbox 2051 1418 2473 1492; x_wconf 89' lang='lat' dir='ltr'><strong>habuitibique</strong></span> <span class='ocrx_word' id='word_1_290' title='bbox 2494 1421 2566 1475; x_wconf 90' lang='lat' dir='ltr'><strong>ad</strong></span> <span class='ocrx_word' id='word_1_291' title='bbox 2591 1421 2944 1476; x_wconf 90' lang='lat' dir='ltr'><strong>deditionem</strong></span> <span class='ocrx_word' id='word_1_292' title='bbox 2961 1420 3282 1476; x_wconf 90' lang='lat' dir='ltr'><strong>Ernustum</strong></span> <span class='ocrx_word' id='word_1_293' title='bbox 3304 1420 3513 1476; x_wconf 91' lang='lat' dir='ltr'><strong>ducem</strong></span> <span class='ocrx_word' id='word_1_294' title='bbox 3535 1419 3707 1500; x_wconf 79' lang='lat' dir='ltr'><strong>privi-</strong></span> 
     </span>
    </p>
   </div>
   <div class='ocr_carea' id='block_1_46' title="bbox 2051 1507 3703 1581">
    <p class='ocr_par' dir='ltr' id='par_1_46' title="bbox 2051 1507 3703 1581">
     <span class='ocr_line' id='line_1_46' title="bbox 2051 1507 3703 1581; baseline 0.001 -18"><span class='ocrx_word' id='word_1_295' title='bbox 2051 1522 2234 1580; x_wconf 84' lang='lat' dir='ltr'><strong>gnum</strong></span> <span class='ocrx_word' id='word_1_296' title='bbox 2266 1525 2440 1564; x_wconf 82' lang='lat' dir='ltr'><strong>suum</strong></span> <span class='ocrx_word' id='word_1_297' title='bbox 2474 1513 2532 1564; x_wconf 88' lang='lat' dir='ltr'><strong>et</strong></span> <span class='ocrx_word' id='word_1_298' title='bbox 2560 1509 2768 1581; x_wconf 85' lang='lat' dir='ltr'><strong>Welph</strong></span> <span class='ocrx_word' id='word_1_299' title='bbox 2796 1509 3066 1566; x_wconf 88' lang='lat' dir='ltr'><strong>comitem</strong></span> <span class='ocrx_word' id='word_1_300' title='bbox 3099 1526 3232 1564; x_wconf 91' lang='lat' dir='ltr'><strong>cum</strong></span> <span class='ocrx_word' id='word_1_301' title='bbox 3253 1507 3382 1564; x_wconf 89' lang='lat' dir='ltr'><strong>aliis</strong></span> <span class='ocrx_word' id='word_1_302' title='bbox 3413 1509 3703 1581; x_wconf 73' lang='lat' dir='ltr'><strong>accipiens</strong></span> 
     </span>
    </p>
   </div>
   <div class='ocr_carea' id='block_1_47' title="bbox 2051 1596 3701 1670">
    <p class='ocr_par' dir='ltr' id='par_1_47' title="bbox 2051 1596 3701 1670">
     <span class='ocr_line' id='line_1_47' title="bbox 2051 1596 3701 1670; baseline -0.001 -17"><span class='ocrx_word' id='word_1_303' title='bbox 2051 1613 2154 1668; x_wconf 91' lang='lat' dir='ltr'><strong>per</strong></span> <span class='ocrx_word' id='word_1_304' title='bbox 2176 1597 2412 1669; x_wconf 86' lang='lat' dir='ltr'><strong>aliquod</strong></span> <span class='ocrx_word' id='word_1_305' title='bbox 2434 1601 2666 1668; x_wconf 89' lang='lat' dir='ltr'><strong>tempus</strong></span> <span class='ocrx_word' id='word_1_306' title='bbox 2688 1597 2890 1654; x_wconf 81' lang='lat' dir='ltr'><strong>exsilio</strong></span> <span class='ocrx_word' id='word_1_307' title='bbox 2914 1597 3236 1670; x_wconf 86' lang='lat' dir='ltr'><strong>deputavit.</strong></span> <span class='ocrx_word' id='word_1_308' title='bbox 3252 1599 3444 1669; x_wconf 85' lang='lat' dir='ltr'><strong>Wippo</strong></span> <span class='ocrx_word' id='word_1_309' title='bbox 3459 1615 3480 1660; x_wconf 87' lang='lat'><em>;</em></span> <span class='ocrx_word' id='word_1_310' title='bbox 3503 1596 3701 1670; x_wconf 85' lang='lat' dir='ltr'><strong>Hepid.</strong></span> 
     </span>
    </p>
   </div>
   <div class='ocr_carea' id='block_1_48' title="bbox 2052 1686 3706 1758">
    <p class='ocr_par' dir='ltr' id='par_1_48' title="bbox 2052 1686 3706 1758">
     <span class='ocr_line' id='line_1_48' title="bbox 2052 1686 3706 1758; baseline 0.001 -16"><span class='ocrx_word' id='word_1_311' title='bbox 2052 1686 2283 1758; x_wconf 82' lang='lat' dir='ltr'><strong>Kyburg</strong></span> <span class='ocrx_word' id='word_1_312' title='bbox 2300 1689 2556 1742; x_wconf 86' lang='lat' dir='ltr'><strong>castrum</strong></span> <span class='ocrx_word' id='word_1_313' title='bbox 2571 1687 2934 1744; x_wconf 86' lang='lat' dir='ltr'><strong>Werenharii</strong></span> <span class='ocrx_word' id='word_1_314' title='bbox 2947 1687 3183 1743; x_wconf 88' lang='lat' dir='ltr'><strong>comitis</strong></span> <span class='ocrx_word' id='word_1_315' title='bbox 3195 1686 3386 1742; x_wconf 88' lang='lat' dir='ltr'><strong>adhuc</strong></span> <span class='ocrx_word' id='word_1_316' title='bbox 3400 1687 3706 1744; x_wconf 77' lang='lat' dir='ltr'><strong>renitentia</strong></span> 
     </span>
    </p>
   </div>
   <div class='ocr_carea' id='block_1_49' title="bbox 2050 1773 3706 1846">
    <p class='ocr_par' dir='ltr' id='par_1_49' title="bbox 2050 1773 3706 1846">
     <span class='ocr_line' id='line_1_49' title="bbox 2050 1773 3706 1846; baseline 0.001 -16"><span class='ocrx_word' id='word_1_317' title='bbox 2050 1773 2282 1846; x_wconf 87' lang='lat' dir='ltr'><strong>aliaque</strong></span> <span class='ocrx_word' id='word_1_318' title='bbox 2298 1774 2581 1830; x_wconf 89' lang='lat' dir='ltr'><strong>nonnulla</strong></span> <span class='ocrx_word' id='word_1_319' title='bbox 2600 1775 2906 1831; x_wconf 89' lang='lat' dir='ltr'><strong>rebellium</strong></span> <span class='ocrx_word' id='word_1_320' title='bbox 2930 1780 3123 1831; x_wconf 88' lang='lat' dir='ltr'><strong>castra</strong></span> <span class='ocrx_word' id='word_1_321' title='bbox 3143 1779 3311 1846; x_wconf 88' lang='lat' dir='ltr'><strong>capta</strong></span> <span class='ocrx_word' id='word_1_322' title='bbox 3331 1779 3706 1832; x_wconf 86' lang='lat' dir='ltr'><strong>sunt.Conra-</strong></span> 
     </span>
    </p>
   </div>
   <div class='ocr_carea' id='block_1_50' title="bbox 2051 1861 3702 1934">
    <p class='ocr_par' dir='ltr' id='par_1_50' title="bbox 2051 1861 3702 1934">
     <span class='ocr_line' id='line_1_50' title="bbox 2051 1861 3702 1934; baseline 0.002 -16"><span class='ocrx_word' id='word_1_323' title='bbox 2051 1862 2163 1918; x_wconf 90' lang='lat' dir='ltr'><strong>dus</strong></span> <span class='ocrx_word' id='word_1_324' title='bbox 2193 1861 2367 1918; x_wconf 90' lang='lat' dir='ltr'><strong>etiam</strong></span> <span class='ocrx_word' id='word_1_325' title='bbox 2391 1863 2671 1933; x_wconf 86' lang='lat' dir='ltr'><strong>patruelis</strong></span> <span class='ocrx_word' id='word_1_326' title='bbox 2699 1864 2828 1933; x_wconf 90' lang='lat' dir='ltr'><strong>ejus</strong></span> <span class='ocrx_word' id='word_1_327' title='bbox 2859 1879 2986 1918; x_wconf 87' lang='lat' dir='ltr'><strong>sese</strong></span> <span class='ocrx_word' id='word_1_328' title='bbox 3010 1863 3345 1934; x_wconf 89' lang='lat' dir='ltr'><strong>imperatori</strong></span> <span class='ocrx_word' id='word_1_329' title='bbox 3371 1864 3610 1920; x_wconf 89' lang='lat' dir='ltr'><strong>tradens</strong></span> <span class='ocrx_word' id='word_1_330' title='bbox 3641 1863 3702 1921; x_wconf 90' lang='lat' dir='ltr'><strong>in</strong></span> 
     </span>
    </p>
   </div>
   <div class='ocr_carea' id='block_1_51' title="bbox 2050 1949 3704 2023">
    <p class='ocr_par' dir='ltr' id='par_1_51' title="bbox 2050 1949 3704 2023">
     <span class='ocr_line' id='line_1_51' title="bbox 2050 1949 3704 2023; baseline -0.001 -17"><span class='ocrx_word' id='word_1_331' title='bbox 2050 1949 2318 2007; x_wconf 84' lang='lat' dir='ltr'><strong>exsilium</strong></span> <span class='ocrx_word' id='word_1_332' title='bbox 2349 1950 2736 2007; x_wconf 88' lang='lat' dir='ltr'><strong>nihilominus</strong></span> <span class='ocrx_word' id='word_1_333' title='bbox 2767 1952 3038 2007; x_wconf 88' lang='lat' dir='ltr'><strong>mittitur.</strong></span> <span class='ocrx_word' id='word_1_334' title='bbox 3062 1951 3260 2023; x_wconf 80' lang='lat' dir='ltr'><strong>Hepid.</strong></span> <span class='ocrx_word' id='word_1_335' title='bbox 3303 1968 3397 2006; x_wconf 85' lang='lat' dir='ltr'><strong>an.</strong></span> <span class='ocrx_word' id='word_1_336' title='bbox 3433 1951 3591 2006; x_wconf 89' lang='lat'>1033.</span> <span class='ocrx_word' id='word_1_337' title='bbox 3632 1981 3704 1993; x_wconf 84' lang='lat'><strong>-—-</strong></span> 
     </span>
    </p>
   </div>
   <div class='ocr_carea' id='block_1_52' title="bbox 2051 2039 3702 2113">
    <p class='ocr_par' dir='ltr' id='par_1_52' title="bbox 2051 2039 3702 2113">
     <span class='ocr_line' id='line_1_52' title="bbox 2051 2039 3702 2113; baseline 0.001 -19"><span class='ocrx_word' id='word_1_338' title='bbox 2051 2039 2460 2095; x_wconf 87' lang='lat' dir='ltr'><strong>Werinharius</strong></span> <span class='ocrx_word' id='word_1_339' title='bbox 2477 2041 2805 2113; x_wconf 73' lang='lat' dir='ltr'><strong>Argentius:</strong></span> <span class='ocrx_word' id='word_1_340' title='bbox 2819 2040 3031 2112; x_wconf 74' lang='lat' dir='ltr'><strong>praesul</strong></span> <span class='ocrx_word' id='word_1_341' title='bbox 3043 2039 3606 2111; x_wconf 86' lang='lat' dir='ltr'><strong>Constantinopolim</strong></span> <span class='ocrx_word' id='word_1_342' title='bbox 3629 2039 3702 2096; x_wconf 89' lang='lat' dir='ltr'><strong>ab</strong></span> 
     </span>
    </p>
   </div>
   <div class='ocr_carea' id='block_1_53' title="bbox 2053 2127 3700 2202">
    <p class='ocr_par' dir='ltr' id='par_1_53' title="bbox 2053 2127 3700 2202">
     <span class='ocr_line' id='line_1_53' title="bbox 2053 2127 3700 2202; baseline 0.003 -20"><span class='ocrx_word' id='word_1_343' title='bbox 2053 2129 2400 2199; x_wconf 85' lang='lat' dir='ltr'><strong>imperatore</strong></span> <span class='ocrx_word' id='word_1_344' title='bbox 2413 2127 2640 2200; x_wconf 85' lang='lat' dir='ltr'><strong>legatus</strong></span> <span class='ocrx_word' id='word_1_345' title='bbox 2653 2129 2941 2202; x_wconf 87' lang='lat' dir='ltr'><strong>dirigilur,</strong></span> <span class='ocrx_word' id='word_1_346' title='bbox 2957 2129 3156 2200; x_wconf 91' lang='lat' dir='ltr'><strong>ibique</strong></span> <span class='ocrx_word' id='word_1_347' title='bbox 3185 2128 3515 2200; x_wconf 88' lang='lat' dir='ltr'><strong>insequenti</strong></span> <span class='ocrx_word' id='word_1_348' title='bbox 3546 2144 3700 2186; x_wconf 90' lang='lat' dir='ltr'><strong>anno</strong></span> 
     </span>
    </p>
   </div>
   <div class='ocr_carea' id='block_1_54' title="bbox 2053 2216 3707 2289">
    <p class='ocr_par' dir='ltr' id='par_1_54' title="bbox 2053 2216 3707 2289">
     <span class='ocr_line' id='line_1_54' title="bbox 2053 2216 3707 2289; baseline 0.001 -17"><span class='ocrx_word' id='word_1_349' title='bbox 2053 2217 2362 2272; x_wconf 84' lang='lat' dir='ltr'><strong>defunctus</strong></span> <span class='ocrx_word' id='word_1_350' title='bbox 2391 2216 2794 2273; x_wconf 89' lang='lat' dir='ltr'><strong>Wilihelmum</strong></span> <span class='ocrx_word' id='word_1_351' title='bbox 2829 2233 3226 2274; x_wconf 86' lang='lat' dir='ltr'><strong>successorem</strong></span> <span class='ocrx_word' id='word_1_352' title='bbox 3257 2217 3499 2289; x_wconf 88' lang='lat' dir='ltr'><strong>accepit.</strong></span> <span class='ocrx_word' id='word_1_353' title='bbox 3530 2217 3707 2274; x_wconf 85' lang='lat' dir='ltr'><strong>Hilte-</strong></span> 
     </span>
    </p>
   </div>
   <div class='ocr_carea' id='block_1_55' title="bbox 2053 2305 3242 2378">
    <p class='ocr_par' dir='ltr' id='par_1_55' title="bbox 2053 2305 3242 2378">
     <span class='ocr_line' id='line_1_55' title="bbox 2053 2305 3242 2378; baseline 0 -18"><span class='ocrx_word' id='word_1_354' title='bbox 2053 2311 2183 2377; x_wconf 76' lang='lat' dir='ltr'><strong>gert</strong></span> <span class='ocrx_word' id='word_1_355' title='bbox 2213 2305 2610 2378; x_wconf 66' lang='lat' dir='ltr'><strong>Bunchaugias</strong></span> <span class='ocrx_word' id='word_1_356' title='bbox 2645 2306 2945 2362; x_wconf 86' lang='lat' dir='ltr'><strong>abbatissa</strong></span> <span class='ocrx_word' id='word_1_357' title='bbox 2973 2305 3242 2362; x_wconf 81' lang='lat' dir='ltr'><strong>efficitur.</strong></span> 
     </span>
    </p>
   </div>
   <div class='ocr_carea' id='block_1_56' title="bbox 2127 2392 3703 2467">
    <p class='ocr_par' dir='ltr' id='par_1_56' title="bbox 2127 2392 3703 2467">
     <span class='ocr_line' id='line_1_56' title="bbox 2127 2392 3703 2467; baseline 0 -17"><span class='ocrx_word' id='word_1_358' title='bbox 2127 2395 2267 2450; x_wconf 82' lang='lat'>1028</span> <span class='ocrx_word' id='word_1_359' title='bbox 2298 2393 2584 2450; x_wconf 85' lang='lat' dir='ltr'><strong>Henricus</strong></span> <span class='ocrx_word' id='word_1_360' title='bbox 2610 2393 2768 2450; x_wconf 78' lang='lat' dir='ltr'><strong>filius</strong></span> <span class='ocrx_word' id='word_1_361' title='bbox 2788 2392 3703 2467; x_wconf 82' lang='lat' dir='ltr'><strong>imperatorisAquisgraniindie</strong></span> 
     </span>
    </p>
   </div>
   <div class='ocr_carea' id='block_1_57' title="bbox 2060 2482 3718 2557">
    <p class='ocr_par' dir='ltr' id='par_1_57' title="bbox 2060 2482 3718 2557">
     <span class='ocr_line' id='line_1_57' title="bbox 2060 2482 3718 2557; baseline 0 -19"><span class='ocrx_word' id='word_1_362' title='bbox 2060 2486 2260 2538; x_wconf 88' lang='lat' dir='ltr'><strong>sancto</strong></span> <span class='ocrx_word' id='word_1_363' title='bbox 2283 2482 2514 2538; x_wconf 80' lang='lat' dir='ltr'><strong>Paschae</strong></span> <span class='ocrx_word' id='word_1_364' title='bbox 2543 2500 2642 2539; x_wconf 84' lang='lat' dir='ltr'><strong>rex</strong></span> <span class='ocrx_word' id='word_1_365' title='bbox 2661 2500 2695 2540; x_wconf 85' lang='lat' dir='ltr'><strong>a</strong></span> <span class='ocrx_word' id='word_1_366' title='bbox 2717 2483 3084 2557; x_wconf 88' lang='lat' dir='ltr'><strong>principibus</strong></span> <span class='ocrx_word' id='word_1_367' title='bbox 3102 2484 3327 2540; x_wconf 88' lang='lat' dir='ltr'><strong>cunctis</strong></span> <span class='ocrx_word' id='word_1_368' title='bbox 3345 2483 3547 2539; x_wconf 89' lang='lat' dir='ltr'><strong>adhuc</strong></span> <span class='ocrx_word' id='word_1_369' title='bbox 3574 2499 3718 2555; x_wconf 90' lang='lat' dir='ltr'><strong>puer</strong></span> 
     </span>
    </p>
   </div>
   <div class='ocr_carea' id='block_1_58' title="bbox 2052 2571 3708 2645">
    <p class='ocr_par' dir='ltr' id='par_1_58' title="bbox 2052 2571 3708 2645">
     <span class='ocr_line' id='line_1_58' title="bbox 2052 2571 3708 2645; baseline 0.001 -17"><span class='ocrx_word' id='word_1_370' title='bbox 2052 2571 2330 2641; x_wconf 88' lang='lat' dir='ltr'><strong>electus,a</strong></span> <span class='ocrx_word' id='word_1_371' title='bbox 2348 2571 2622 2645; x_wconf 86' lang='lat' dir='ltr'><strong>Piligrino</strong></span> <span class='ocrx_word' id='word_1_372' title='bbox 2667 2572 3009 2630; x_wconf 88' lang='lat' dir='ltr'><strong>Coloniense</strong></span> <span class='ocrx_word' id='word_1_373' title='bbox 3041 2573 3481 2645; x_wconf 87' lang='lat' dir='ltr'><strong>archiepiscopo</strong></span> <span class='ocrx_word' id='word_1_374' title='bbox 3496 2580 3708 2630; x_wconf 84' lang='lat' dir='ltr'><strong>unctus</strong></span> 
     </span>
    </p>
   </div>
   <div class='ocr_carea' id='block_1_59' title="bbox 2052 2661 2597 2733">
    <p class='ocr_par' dir='ltr' id='par_1_59' title="bbox 2052 2661 2597 2733">
     <span class='ocr_line' id='line_1_59' title="bbox 2052 2661 2597 2733; baseline -0.002 -17"><span class='ocrx_word' id='word_1_375' title='bbox 2052 2665 2142 2717; x_wconf 86' lang='lat' dir='ltr'><strong>est</strong></span> <span class='ocrx_word' id='word_1_376' title='bbox 2170 2661 2338 2732; x_wconf 89' lang='lat'>(553).</span> <span class='ocrx_word' id='word_1_377' title='bbox 2380 2662 2597 2733; x_wconf 83' lang='lat' dir='ltr'><strong>Wippo.</strong></span> 
     </span>
    </p>
   </div>
   <div class='ocr_carea' id='block_1_60' title="bbox 2128 2748 3706 2822">
    <p class='ocr_par' dir='ltr' id='par_1_60' title="bbox 2128 2748 3706 2822">
     <span class='ocr_line' id='line_1_60' title="bbox 2128 2748 3706 2822; baseline 0 -18"><span class='ocrx_word' id='word_1_378' title='bbox 2128 2750 2267 2805; x_wconf 85' lang='lat'>1029</span> <span class='ocrx_word' id='word_1_379' title='bbox 2330 2750 2685 2822; x_wconf 89' lang='lat' dir='ltr'><strong>Imperatore</strong></span> <span class='ocrx_word' id='word_1_380' title='bbox 2752 2750 3082 2805; x_wconf 73' lang='lat' dir='ltr'><strong>Ratisbonaa</strong></span> <span class='ocrx_word' id='word_1_381' title='bbox 3138 2748 3414 2820; x_wconf 88' lang='lat' dir='ltr'><strong>paschale</strong></span> <span class='ocrx_word' id='word_1_382' title='bbox 3491 2749 3706 2805; x_wconf 89' lang='lat' dir='ltr'><strong>festum</strong></span> 
     </span>
    </p>
   </div>
   <div class='ocr_carea' id='block_1_61' title="bbox 2057 2837 3710 2911">
    <p class='ocr_par' dir='ltr' id='par_1_61' title="bbox 2057 2837 3710 2911">
     <span class='ocr_line' id='line_1_61' title="bbox 2057 2837 3710 2911; baseline -0.001 -17"><span class='ocrx_word' id='word_1_383' title='bbox 2057 2842 2286 2910; x_wconf 81' lang='lat' dir='ltr'><strong>agente,</strong></span> <span class='ocrx_word' id='word_1_384' title='bbox 2318 2838 2473 2893; x_wconf 89' lang='lat' dir='ltr'><strong>Brun</strong></span> <span class='ocrx_word' id='word_1_385' title='bbox 2503 2838 2896 2911; x_wconf 84' lang='lat' dir='ltr'><strong>Augustensis</strong></span> <span class='ocrx_word' id='word_1_386' title='bbox 2926 2837 3534 2909; x_wconf 78' lang='lat' dir='ltr'><strong>episcopus,summus</strong></span> <span class='ocrx_word' id='word_1_387' title='bbox 3553 2853 3710 2910; x_wconf 83' lang='lat' dir='ltr'><strong>sym-</strong></span> 
     </span>
    </p>
   </div>
   <div class='ocr_carea' id='block_1_62' title="bbox 2055 2925 3716 2999">
    <p class='ocr_par' dir='ltr' id='par_1_62' title="bbox 2055 2925 3716 2999">
     <span class='ocr_line' id='line_1_62' title="bbox 2055 2925 3716 2999; baseline -0.001 -16"><span class='ocrx_word' id='word_1_388' title='bbox 2055 2927 2232 2983; x_wconf 91' lang='lat' dir='ltr'><strong>mista</strong></span> <span class='ocrx_word' id='word_1_389' title='bbox 2253 2928 2380 2998; x_wconf 78' lang='lat' dir='ltr'><strong>ejus</strong></span> <span class='ocrx_word' id='word_1_390' title='bbox 2396 2928 2513 2982; x_wconf 90' lang='lat' dir='ltr'><strong>vita</strong></span> <span class='ocrx_word' id='word_1_391' title='bbox 2527 2927 2672 2982; x_wconf 90' lang='lat' dir='ltr'><strong>inibi</strong></span> <span class='ocrx_word' id='word_1_392' title='bbox 2689 2927 3361 2999; x_wconf 76' lang='lat' dir='ltr'><strong>decessit,Augusta3que</strong></span> <span class='ocrx_word' id='word_1_393' title='bbox 3381 2925 3441 2981; x_wconf 92' lang='lat' dir='ltr'><strong>in</strong></span> <span class='ocrx_word' id='word_1_394' title='bbox 3463 2927 3716 2998; x_wconf 77' lang='lat' dir='ltr'><strong>incoepta</strong></span> 
     </span>
    </p>
   </div>
   <div class='ocr_carea' id='block_1_63' title="bbox 2055 3014 3746 3087">
    <p class='ocr_par' dir='ltr' id='par_1_63' title="bbox 2055 3014 3746 3087">
     <span class='ocr_line' id='line_1_63' title="bbox 2055 3014 3746 3087; baseline 0.001 -15"><span class='ocrx_word' id='word_1_395' title='bbox 2055 3014 2242 3072; x_wconf 88' lang='lat' dir='ltr'><strong>sancti</strong></span> <span class='ocrx_word' id='word_1_396' title='bbox 2275 3014 2539 3071; x_wconf 86' lang='lat' dir='ltr'><strong>Mauricii</strong></span> <span class='ocrx_word' id='word_1_397' title='bbox 2569 3015 2836 3087; x_wconf 89' lang='lat' dir='ltr'><strong>sepultus</strong></span> <span class='ocrx_word' id='word_1_398' title='bbox 2895 3015 3134 3071; x_wconf 76' lang='lat' dir='ltr'><strong>basilica</strong></span> <span class='ocrx_word' id='word_1_399' title='bbox 3175 3015 3577 3071; x_wconf 87' lang='lat' dir='ltr'><strong>Eberhardum</strong></span> <span class='ocrx_word' id='word_1_400' title='bbox 3617 3033 3746 3073; x_wconf 61' lang='grc' dir='ltr'><strong>αεὶ-ο</strong></span> 
     </span>
    </p>
   </div>
   <div class='ocr_carea' id='block_1_64' title="bbox 2053 3103 2896 3177">
    <p class='ocr_par' dir='ltr' id='par_1_64' title="bbox 2053 3103 2896 3177">
     <span class='ocr_line' id='line_1_64' title="bbox 2053 3103 2896 3177; baseline 0 -18"><span class='ocrx_word' id='word_1_401' title='bbox 2053 3103 2205 3177; x_wconf 90' lang='lat' dir='ltr'><strong>cepit</strong></span> <span class='ocrx_word' id='word_1_402' title='bbox 2232 3119 2652 3159; x_wconf 89' lang='lat' dir='ltr'><strong>successorem.</strong></span> <span class='ocrx_word' id='word_1_403' title='bbox 2693 3104 2896 3174; x_wconf 82' lang='lat' dir='ltr'><strong>Wippo.</strong></span> 
     </span>
    </p>
   </div>
   <div class='ocr_carea' id='block_1_65' title="bbox 2126 3189 3698 3260">
    <p class='ocr_par' dir='ltr' id='par_1_65' title="bbox 2126 3189 3698 3260">
     <span class='ocr_line' id='line_1_65' title="bbox 2126 3189 3698 3260; baseline 0.001 -14"><span class='ocrx_word' id='word_1_404' title='bbox 2126 3193 2264 3246; x_wconf 89' lang='grc'><strong>1030</strong></span> <span class='ocrx_word' id='word_1_405' title='bbox 2292 3192 2506 3247; x_wconf 89' lang='lat' dir='ltr'><strong>Ernust</strong></span> <span class='ocrx_word' id='word_1_406' title='bbox 2535 3192 2672 3260; x_wconf 84' lang='lat' dir='ltr'><strong>dux,</strong></span> <span class='ocrx_word' id='word_1_407' title='bbox 2701 3208 2840 3247; x_wconf 88' lang='lat' dir='ltr'><strong>cum</strong></span> <span class='ocrx_word' id='word_1_408' title='bbox 2872 3190 3074 3247; x_wconf 83' lang='lat' dir='ltr'><strong>exsilio</strong></span> <span class='ocrx_word' id='word_1_409' title='bbox 3106 3189 3398 3246; x_wconf 85' lang='lat' dir='ltr'><strong>relaxatus</strong></span> <span class='ocrx_word' id='word_1_410' title='bbox 3424 3193 3698 3248; x_wconf 87' lang='lat' dir='ltr'><strong>ducatum</strong></span> 
     </span>
    </p>
   </div>
   <div class='ocr_carea' id='block_1_66' title="bbox 292 3273 3722 3354">
    <p class='ocr_par' dir='ltr' id='par_1_66' title="bbox 292 3273 3722 3354">
     <span class='ocr_line' id='line_1_66' title="bbox 292 3273 3722 3354; baseline -0.001 -14"><span class='ocrx_word' id='word_1_411' title='bbox 292 3283 414 3340; x_wconf 76' lang='lat' dir='ltr'><strong>bus</strong></span> <span class='ocrx_word' id='word_1_412' title='bbox 430 3281 758 3348; x_wconf 79' lang='lat' dir='ltr'><strong>distribuit,</strong></span> <span class='ocrx_word' id='word_1_413' title='bbox 791 3280 1111 3338; x_wconf 80' lang='lat' dir='ltr'><strong>necmulto</strong></span> <span class='ocrx_word' id='word_1_414' title='bbox 1135 3285 1288 3354; x_wconf 91' lang='lat' dir='ltr'><strong>post,</strong></span> <span class='ocrx_word' id='word_1_415' title='bbox 1309 3297 1485 3353; x_wconf 82' lang='lat' dir='ltr'><strong>pravo</strong></span> <span class='ocrx_word' id='word_1_416' title='bbox 1506 3298 1744 3338; x_wconf 87' lang='lat' dir='ltr'><strong>aversus</strong></span> <span class='ocrx_word' id='word_1_417' title='bbox 1767 3280 1955 3338; x_wconf 88' lang='lat' dir='ltr'><strong>consi-</strong></span> <span class='ocrx_word' id='word_1_418' title='bbox 1989 3273 2031 3338; x_wconf 89' lang='lat' dir='ltr'>C</span> <span class='ocrx_word' id='word_1_419' title='bbox 2070 3297 2244 3336; x_wconf 90' lang='lat' dir='ltr'><strong>suum</strong></span> <span class='ocrx_word' id='word_1_420' title='bbox 2279 3279 2610 3352; x_wconf 89' lang='lat' dir='ltr'><strong>recepisset,</strong></span> <span class='ocrx_word' id='word_1_421' title='bbox 2646 3297 2955 3352; x_wconf 88' lang='lat' dir='ltr'><strong>pravorum</strong></span> <span class='ocrx_word' id='word_1_422' title='bbox 2987 3279 3230 3336; x_wconf 89' lang='lat' dir='ltr'><strong>consilio</strong></span> <span class='ocrx_word' id='word_1_423' title='bbox 3263 3297 3429 3352; x_wconf 89' lang='lat' dir='ltr'><strong>usus,</strong></span> <span class='ocrx_word' id='word_1_424' title='bbox 3444 3284 3501 3336; x_wconf 89' lang='lat' dir='ltr'><strong>et</strong></span> <span class='ocrx_word' id='word_1_425' title='bbox 3531 3281 3722 3338; x_wconf 89' lang='lat' dir='ltr'><strong>denuo</strong></span> 
     </span>
    </p>
   </div>
   <div class='ocr_carea' id='block_1_67' title="bbox 295 3369 1969 3441">
    <p class='ocr_par' dir='ltr' id='par_1_67' title="bbox 295 3369 1969 3441">
     <span class='ocr_line' id='line_1_67' title="bbox 295 3369 1969 3441; baseline -0.001 -13"><span class='ocrx_word' id='word_1_426' title='bbox 295 3371 407 3436; x_wconf 77' lang='lat' dir='ltr'><strong>lio,</strong></span> <span class='ocrx_word' id='word_1_427' title='bbox 441 3369 659 3426; x_wconf 85' lang='lat' dir='ltr'><strong>iterum</strong></span> <span class='ocrx_word' id='word_1_428' title='bbox 687 3369 1007 3426; x_wconf 82' lang='lat' dir='ltr'><strong>rebellavit.</strong></span> <span class='ocrx_word' id='word_1_429' title='bbox 1036 3371 1236 3441; x_wconf 82' lang='lat' dir='ltr'><strong>Wippo.</strong></span> <span class='ocrx_word' id='word_1_430' title='bbox 1261 3401 1330 3410; x_wconf 92' lang='lat'><strong>--</strong></span> <span class='ocrx_word' id='word_1_431' title='bbox 1351 3369 1482 3441; x_wconf 86' lang='lat' dir='ltr'><strong>Ipso</strong></span> <span class='ocrx_word' id='word_1_432' title='bbox 1514 3387 1665 3426; x_wconf 82' lang='lat' dir='ltr'><strong>anno</strong></span> <span class='ocrx_word' id='word_1_433' title='bbox 1687 3374 1969 3427; x_wconf 88' lang='lat' dir='ltr'><strong>Constan-</strong></span> 
     </span>
    </p>
   </div>
   <div class='ocr_carea' id='block_1_68' title="bbox 307 3457 1970 3532">
    <p class='ocr_par' dir='ltr' id='par_1_68' title="bbox 307 3457 1970 3532">
     <span class='ocr_line' id='line_1_68' title="bbox 307 3457 1970 3532; baseline 0 -17"><span class='ocrx_word' id='word_1_434' title='bbox 307 3457 404 3515; x_wconf 60' lang='lat' dir='ltr'><strong>tia</strong></span> <span class='ocrx_word' id='word_1_435' title='bbox 436 3457 637 3513; x_wconf 89' lang='lat' dir='ltr'><strong>Heimo</strong></span> <span class='ocrx_word' id='word_1_436' title='bbox 664 3459 972 3532; x_wconf 88' lang='lat' dir='ltr'><strong>episcopus</strong></span> <span class='ocrx_word' id='word_1_437' title='bbox 990 3459 1186 3514; x_wconf 87' lang='lat' dir='ltr'><strong>subita</strong></span> <span class='ocrx_word' id='word_1_438' title='bbox 1200 3463 1384 3514; x_wconf 88' lang='lat' dir='ltr'><strong>morte</strong></span> <span class='ocrx_word' id='word_1_439' title='bbox 1409 3458 1656 3530; x_wconf 87' lang='lat' dir='ltr'><strong>pleuresi</strong></span> <span class='ocrx_word' id='word_1_440' title='bbox 1673 3464 1860 3516; x_wconf 89' lang='lat' dir='ltr'><strong>tactus</strong></span> <span class='ocrx_word' id='word_1_441' title='bbox 1877 3460 1970 3515; x_wconf 83' lang='lat' dir='ltr'><strong>de-</strong></span> 
     </span>
    </p>
   </div>
   <div class='ocr_carea' id='block_1_69' title="bbox 300 3547 1964 3619">
    <p class='ocr_par' dir='ltr' id='par_1_69' title="bbox 300 3547 1964 3619">
     <span class='ocr_line' id='line_1_69' title="bbox 300 3547 1964 3619; baseline -0.001 -13"><span class='ocrx_word' id='word_1_442' title='bbox 300 3547 503 3615; x_wconf 80' lang='lat' dir='ltr'><strong>cessit,</strong></span> <span class='ocrx_word' id='word_1_443' title='bbox 523 3547 693 3619; x_wconf 84' lang='lat' dir='ltr'><strong>eique</strong></span> <span class='ocrx_word' id='word_1_444' title='bbox 717 3550 1118 3602; x_wconf 87' lang='lat' dir='ltr'><strong>Warmannus</strong></span> <span class='ocrx_word' id='word_1_445' title='bbox 1141 3547 1624 3615; x_wconf 88' lang='lat' dir='ltr'><strong>successit,annis</strong></span> <span class='ocrx_word' id='word_1_446' title='bbox 1652 3549 1831 3604; x_wconf 76' lang='lat' dir='ltr'><strong>ferme</strong></span> <span class='ocrx_word' id='word_1_447' title='bbox 1844 3565 1964 3606; x_wconf 84' lang='lat' dir='ltr'><strong>vm.</strong></span> 
     </span>
    </p>
   </div>
   <div class='ocr_carea' id='block_1_70' title="bbox 294 3635 1967 3710">
    <p class='ocr_par' dir='ltr' id='par_1_70' title="bbox 294 3635 1967 3710">
     <span class='ocr_line' id='line_1_70' title="bbox 294 3635 1967 3710; baseline 0.001 -19"><span class='ocrx_word' id='word_1_448' title='bbox 294 3635 673 3692; x_wconf 85' lang='lat' dir='ltr'><strong>Burchardus</strong></span> <span class='ocrx_word' id='word_1_449' title='bbox 691 3652 927 3708; x_wconf 89' lang='lat' dir='ltr'><strong>quoque</strong></span> <span class='ocrx_word' id='word_1_450' title='bbox 961 3635 1462 3707; x_wconf 88' lang='lat' dir='ltr'><strong>Campidonensis</strong></span> <span class='ocrx_word' id='word_1_451' title='bbox 1483 3640 1540 3691; x_wconf 89' lang='lat' dir='ltr'><strong>et</strong></span> <span class='ocrx_word' id='word_1_452' title='bbox 1560 3635 1967 3710; x_wconf 81' lang='lat' dir='ltr'><strong>Rhenaugien-</strong></span> 
     </span>
    </p>
   </div>
   <div class='ocr_carea' id='block_1_71' title="bbox 2076 3369 3716 3442">
    <p class='ocr_par' dir='ltr' id='par_1_71' title="bbox 2076 3369 3716 3442">
     <span class='ocr_line' id='line_1_71' title="bbox 2076 3369 3716 3442; baseline 0.002 -18"><span class='ocrx_word' id='word_1_453' title='bbox 2076 3370 2416 3442; x_wconf 86' lang='lat' dir='ltr'><strong>imperatori</strong></span> <span class='ocrx_word' id='word_1_454' title='bbox 2440 3371 2764 3442; x_wconf 75' lang='lat' dir='ltr'><strong>refragatus</strong></span> <span class='ocrx_word' id='word_1_455' title='bbox 2783 3370 2997 3424; x_wconf 89' lang='lat' dir='ltr'><strong>ducatu</strong></span> <span class='ocrx_word' id='word_1_456' title='bbox 3020 3369 3363 3441; x_wconf 87' lang='lat' dir='ltr'><strong>privatur,et</strong></span> <span class='ocrx_word' id='word_1_457' title='bbox 3392 3371 3570 3426; x_wconf 85' lang='lat' dir='ltr'><strong>frater</strong></span> <span class='ocrx_word' id='word_1_458' title='bbox 3587 3371 3716 3442; x_wconf 89' lang='lat' dir='ltr'><strong>ejus</strong></span> 
     </span>
    </p>
   </div>
   <div class='ocr_carea' id='block_1_72' title="bbox 2075 3458 3723 3531">
    <p class='ocr_par' dir='ltr' id='par_1_72' title="bbox 2075 3458 3723 3531">
     <span class='ocr_line' id='line_1_72' title="bbox 2075 3458 3723 3531; baseline 0.001 -17"><span class='ocrx_word' id='word_1_459' title='bbox 2075 3459 2285 3514; x_wconf 87' lang='lat' dir='ltr'><strong>Junior</strong></span> <span class='ocrx_word' id='word_1_460' title='bbox 2305 3458 2720 3526; x_wconf 87' lang='lat' dir='ltr'><strong>Herimannus,</strong></span> <span class='ocrx_word' id='word_1_461' title='bbox 2753 3459 2868 3513; x_wconf 85' lang='lat' dir='ltr'><strong>dux</strong></span> <span class='ocrx_word' id='word_1_462' title='bbox 2885 3459 3208 3514; x_wconf 89' lang='lat' dir='ltr'><strong>Suevorum</strong></span> <span class='ocrx_word' id='word_1_463' title='bbox 3234 3458 3506 3514; x_wconf 83' lang='lat' dir='ltr'><strong>efﬁcitur.</strong></span> <span class='ocrx_word' id='word_1_464' title='bbox 3536 3459 3723 3531; x_wconf 86' lang='lat' dir='ltr'><strong>Hepid.</strong></span> 
     </span>
    </p>
   </div>
   <div class='ocr_carea' id='block_1_73' title="bbox 2077 3545 3722 3617">
    <p class='ocr_par' dir='ltr' id='par_1_73' title="bbox 2077 3545 3722 3617">
     <span class='ocr_line' id='line_1_73' title="bbox 2077 3545 3722 3617; baseline 0.001 -15"><span class='ocrx_word' id='word_1_465' title='bbox 2077 3579 2146 3587; x_wconf 89' lang='lat'><strong>——</strong></span> <span class='ocrx_word' id='word_1_466' title='bbox 2177 3547 2476 3602; x_wconf 81' lang='lat' dir='ltr'><strong>Conradus</strong></span> <span class='ocrx_word' id='word_1_467' title='bbox 2499 3547 2972 3617; x_wconf 87' lang='lat' dir='ltr'><strong>imperator,jam</strong></span> <span class='ocrx_word' id='word_1_468' title='bbox 2991 3548 3215 3602; x_wconf 89' lang='lat' dir='ltr'><strong>dudum</strong></span> <span class='ocrx_word' id='word_1_469' title='bbox 3236 3545 3562 3603; x_wconf 86' lang='lat' dir='ltr'><strong>inimicitiis</strong></span> <span class='ocrx_word' id='word_1_470' title='bbox 3587 3563 3722 3603; x_wconf 90' lang='lat' dir='ltr'><strong>cum</strong></span> 
     </span>
    </p>
   </div>
   <div class='ocr_carea' id='block_1_74' title="bbox 2077 3635 3725 3708">
    <p class='ocr_par' dir='ltr' id='par_1_74' title="bbox 2077 3635 3725 3708">
     <span class='ocr_line' id='line_1_74' title="bbox 2077 3635 3725 3708; baseline 0.001 -17"><span class='ocrx_word' id='word_1_471' title='bbox 2077 3635 2372 3708; x_wconf 86' lang='lat' dir='ltr'><strong>Stephano</strong></span> <span class='ocrx_word' id='word_1_472' title='bbox 2405 3635 2792 3707; x_wconf 88' lang='lat' dir='ltr'><strong>Ungariorum</strong></span> <span class='ocrx_word' id='word_1_473' title='bbox 2825 3653 2958 3708; x_wconf 83' lang='lat' dir='ltr'><strong>rege</strong></span> <span class='ocrx_word' id='word_1_474' title='bbox 3015 3635 3300 3704; x_wconf 85' lang='lat' dir='ltr'><strong>conﬂatis,</strong></span> <span class='ocrx_word' id='word_1_475' title='bbox 3361 3635 3725 3692; x_wconf 84' lang='lat' dir='ltr'><strong>Pannoniam</strong></span> 
     </span>
    </p>
   </div>
   <div class='ocr_carea' id='block_1_75' title="bbox 1362 3750 2678 3812">
    <p class='ocr_par' dir='ltr' id='par_1_75' title="bbox 1362 3750 2678 3812">
     <span class='ocr_line' id='line_1_75' title="bbox 1362 3750 2678 3812; baseline -0.001 -5"><span class='ocrx_word' id='word_1_476' title='bbox 1362 3751 1839 3812; x_wconf 87' lang='lat' dir='ltr'><strong>COMPENDIUM</strong></span> <span class='ocrx_word' id='word_1_477' title='bbox 1878 3752 1970 3810; x_wconf 88' lang='lat' dir='ltr'><strong>EX</strong></span> <span class='ocrx_word' id='word_1_478' title='bbox 2008 3752 2255 3808; x_wconf 89' lang='lat' dir='ltr'><strong>CODICE</strong></span> <span class='ocrx_word' id='word_1_479' title='bbox 2297 3750 2678 3807; x_wconf 81' lang='lat' dir='ltr'><strong>BERNOLDI.</strong></span> 
     </span>
    </p>
   </div>
   <div class='ocr_carea' id='block_1_76' title="bbox 369 3849 1953 3922">
    <p class='ocr_par' dir='ltr' id='par_1_76' title="bbox 369 3849 1953 3922">
     <span class='ocr_line' id='line_1_76' title="bbox 369 3849 1953 3922; baseline -0.001 -14"><span class='ocrx_word' id='word_1_480' title='bbox 369 3851 507 3908; x_wconf 63' lang='grc'>10⁸24</span> <span class='ocrx_word' id='word_1_481' title='bbox 531 3851 717 3906; x_wconf 77' lang='lat' dir='ltr'><strong>Romae</strong></span> <span class='ocrx_word' id='word_1_482' title='bbox 773 3849 1049 3922; x_wconf 78' lang='lat' dir='ltr'><strong>def-uncto.</strong></span> <span class='ocrx_word' id='word_1_483' title='bbox 1089 3889 1101 3903; x_wconf 93' lang='lat'><strong>.</strong></span> <span class='ocrx_word' id='word_1_484' title='bbox 1138 3893 1150 3905; x_wconf 95' lang='lat'><strong>.</strong></span> <span class='ocrx_word' id='word_1_485' title='bbox 1183 3851 1360 3921; x_wconf 84' lang='lat' dir='ltr'><strong>ferme</strong></span> <span class='ocrx_word' id='word_1_486' title='bbox 1416 3865 1634 3905; x_wconf 89' lang='lat' dir='ltr'><strong>novem.</strong></span> <span class='ocrx_word' id='word_1_487' title='bbox 1685 3851 1953 3906; x_wconf 83' lang='lat' dir='ltr'><strong>Henricus</strong></span> 
     </span>
    </p>
   </div>
   <div class='ocr_carea' id='block_1_77' title="bbox 293 3938 1950 4013">
    <p class='ocr_par' dir='ltr' id='par_1_77' title="bbox 293 3938 1950 4013">
     <span class='ocr_line' id='line_1_77' title="bbox 293 3938 1950 4013; baseline -0.001 -17"><span class='ocrx_word' id='word_1_488' title='bbox 607 3939 664 3995; x_wconf 88' lang='lat' dir='ltr'><strong>S.</strong></span> <span class='ocrx_word' id='word_1_489' title='bbox 685 3940 840 3996; x_wconf 85' lang='lat' dir='ltr'><strong>Petri</strong></span> <span class='ocrx_word' id='word_1_490' title='bbox 866 3939 1148 4010; x_wconf 75' lang='lat' dir='ltr'><strong>sepelitur,</strong></span> <span class='ocrx_word' id='word_1_491' title='bbox 1181 3938 1474 4011; x_wconf 78' lang='lat' dir='ltr'><strong>habitoque</strong></span> <span class='ocrx_word' id='word_1_492' title='bbox 1495 3942 1760 3994; x_wconf 85' lang='lat' dir='ltr'><strong>conventu</strong></span> <span class='ocrx_word' id='word_1_493' title='bbox 1798 3939 1950 4010; x_wconf 85' lang='lat' dir='ltr'><strong>apud</strong></span> 
     </span>
    </p>
   </div>
   <div class='ocr_carea' id='block_1_78' title="bbox 293 4027 1948 4096">
    <p class='ocr_par' dir='ltr' id='par_1_78' title="bbox 293 4027 1948 4096">
     <span class='ocr_line' id='line_1_78' title="bbox 293 4027 1948 4096; baseline -0.001 -10"><span class='ocrx_word' id='word_1_494' title='bbox 293 4030 491 4086; x_wconf 64' lang='lat' dir='ltr'><strong>uillam</strong></span> <span class='ocrx_word' id='word_1_495' title='bbox 518 4027 789 4086; x_wconf 83' lang='lat' dir='ltr'><strong>Kambam</strong></span> <span class='ocrx_word' id='word_1_496' title='bbox 820 4027 1102 4084; x_wconf 80' lang='lat' dir='ltr'><strong>Conradus</strong></span> <span class='ocrx_word' id='word_1_497' title='bbox 1149 4027 1363 4092; x_wconf 86' lang='lat' dir='ltr'><strong>Senior,</strong></span> <span class='ocrx_word' id='word_1_498' title='bbox 1393 4029 1541 4096; x_wconf 85' lang='lat' dir='ltr'><strong>ﬁlius</strong></span> <span class='ocrx_word' id='word_1_499' title='bbox 1572 4029 1813 4094; x_wconf 84' lang='lat' dir='ltr'><strong>Henrici,</strong></span> <span class='ocrx_word' id='word_1_500' title='bbox 1847 4044 1948 4084; x_wconf 77' lang='lat' dir='ltr'><strong>rex</strong></span> 
     </span>
    </p>
   </div>
   <div class='ocr_carea' id='block_1_79' title="bbox 297 4115 1851 4190">
    <p class='ocr_par' dir='ltr' id='par_1_79' title="bbox 297 4115 1851 4190">
     <span class='ocr_line' id='line_1_79' title="bbox 297 4115 1851 4190; baseline -0.003 -16"><span class='ocrx_word' id='word_1_501' title='bbox 297 4121 586 4190; x_wconf 75' lang='lat' dir='ltr'><strong>promotus</strong></span> <span class='ocrx_word' id='word_1_502' title='bbox 617 4117 687 4174; x_wconf 78' lang='lat' dir='ltr'><strong>ab</strong></span> <span class='ocrx_word' id='word_1_503' title='bbox 717 4117 971 4174; x_wconf 83' lang='lat' dir='ltr'><strong>Aribone.</strong></span> <span class='ocrx_word' id='word_1_504' title='bbox 1017 4157 1031 4171; x_wconf 98' lang='lat'><strong>.</strong></span> <span class='ocrx_word' id='word_1_505' title='bbox 1075 4158 1088 4172; x_wconf 94' lang='lat'><strong>.</strong></span> <span class='ocrx_word' id='word_1_506' title='bbox 1123 4115 1402 4172; x_wconf 76' lang='lat' dir='ltr'><strong>benedicta</strong></span> <span class='ocrx_word' id='word_1_507' title='bbox 1429 4132 1488 4171; x_wconf 71' lang='grc' dir='ltr'>χι</span> <span class='ocrx_word' id='word_1_508' title='bbox 1516 4117 1637 4172; x_wconf 83' lang='lat' dir='ltr'><strong>Kal.</strong></span> <span class='ocrx_word' id='word_1_509' title='bbox 1671 4115 1851 4172; x_wconf 81' lang='lat' dir='ltr'><strong>Octob.</strong></span> 
     </span>
    </p>
   </div>
   <div class='ocr_carea' id='block_1_80' title="bbox 377 4204 1966 4278">
    <p class='ocr_par' dir='ltr' id='par_1_80' title="bbox 377 4204 1966 4278">
     <span class='ocr_line' id='line_1_80' title="bbox 377 4204 1966 4278; baseline -0.001 -16"><span class='ocrx_word' id='word_1_510' title='bbox 377 4209 517 4262; x_wconf 82' lang='lat'>1025</span> <span class='ocrx_word' id='word_1_511' title='bbox 548 4207 788 4263; x_wconf 86' lang='lat' dir='ltr'><strong>Rebellio</strong></span> <span class='ocrx_word' id='word_1_512' title='bbox 818 4213 1008 4262; x_wconf 84' lang='lat' dir='ltr'><strong>contra</strong></span> <span class='ocrx_word' id='word_1_513' title='bbox 1061 4204 1372 4262; x_wconf 85' lang='lat' dir='ltr'><strong>Conradum</strong></span> <span class='ocrx_word' id='word_1_514' title='bbox 1418 4221 1597 4276; x_wconf 86' lang='lat' dir='ltr'><strong>regem</strong></span> <span class='ocrx_word' id='word_1_515' title='bbox 1623 4221 1659 4260; x_wconf 89' lang='lat' dir='ltr'><strong>a</strong></span> <span class='ocrx_word' id='word_1_516' title='bbox 1706 4205 1966 4278; x_wconf 78' lang='lat' dir='ltr'><strong>patruele</strong></span> 
     </span>
    </p>
   </div>
   <div class='ocr_carea' id='block_1_81' title="bbox 309 4293 1969 4367">
    <p class='ocr_par' dir='ltr' id='par_1_81' title="bbox 309 4293 1969 4367">
     <span class='ocr_line' id='line_1_81' title="bbox 309 4293 1969 4367; baseline -0.001 -16"><span class='ocrx_word' id='word_1_517' title='bbox 309 4298 428 4367; x_wconf 78' lang='lat' dir='ltr'><strong>ejus</strong></span> <span class='ocrx_word' id='word_1_518' title='bbox 451 4293 707 4351; x_wconf 83' lang='lat' dir='ltr'><strong>Conrado</strong></span> <span class='ocrx_word' id='word_1_519' title='bbox 727 4298 779 4350; x_wconf 83' lang='lat' dir='ltr'><strong>et</strong></span> <span class='ocrx_word' id='word_1_520' title='bbox 798 4295 1034 4350; x_wconf 84' lang='lat' dir='ltr'><strong>Ermisto</strong></span> <span class='ocrx_word' id='word_1_521' title='bbox 1053 4293 1188 4349; x_wconf 85' lang='lat' dir='ltr'><strong>duce</strong></span> <span class='ocrx_word' id='word_1_522' title='bbox 1207 4293 1549 4351; x_wconf 59' lang='lat' dir='ltr'><strong>Alemanniw</strong></span> <span class='ocrx_word' id='word_1_523' title='bbox 1570 4298 1619 4350; x_wconf 89' lang='lat' dir='ltr'><strong>et</strong></span> <span class='ocrx_word' id='word_1_524' title='bbox 1639 4295 1769 4350; x_wconf 84' lang='lat' dir='ltr'><strong>allis</strong></span> <span class='ocrx_word' id='word_1_525' title='bbox 1785 4296 1969 4367; x_wconf 87' lang='lat' dir='ltr'><strong>pluri-</strong></span> 
     </span>
    </p>
   </div>
   <div class='ocr_carea' id='block_1_82' title="bbox 318 4385 724 4456">
    <p class='ocr_par' dir='ltr' id='par_1_82' title="bbox 318 4385 724 4456">
     <span class='ocr_line' id='line_1_82' title="bbox 318 4385 724 4456; baseline -0.007 -15"><span class='ocrx_word' id='word_1_526' title='bbox 318 4385 416 4441; x_wconf 82' lang='lat' dir='ltr'><strong>bus</strong></span> <span class='ocrx_word' id='word_1_527' title='bbox 440 4387 595 4456; x_wconf 83' lang='lat' dir='ltr'><strong>facta</strong></span> <span class='ocrx_word' id='word_1_528' title='bbox 623 4388 724 4440; x_wconf 85' lang='lat' dir='ltr'><strong>est.</strong></span> 
     </span>
    </p>
   </div>
   <div class='ocr_carea' id='block_1_83' title="bbox 2133 3848 3723 3919">
    <p class='ocr_par' dir='ltr' id='par_1_83' title="bbox 2133 3848 3723 3919">
     <span class='ocr_line' id='line_1_83' title="bbox 2133 3848 3723 3919; baseline -0.001 -15"><span class='ocrx_word' id='word_1_529' title='bbox 2133 3851 2273 3904; x_wconf 86' lang='lat'>1027</span> <span class='ocrx_word' id='word_1_530' title='bbox 2305 3848 2586 3904; x_wconf 84' lang='lat' dir='ltr'><strong>Conradus</strong></span> <span class='ocrx_word' id='word_1_531' title='bbox 2617 3865 2735 3917; x_wconf 73' lang='lat' dir='ltr'><strong>rex,</strong></span> <span class='ocrx_word' id='word_1_532' title='bbox 2769 3850 3002 3904; x_wconf 82' lang='lat' dir='ltr'><strong>Romam</strong></span> <span class='ocrx_word' id='word_1_533' title='bbox 3048 3849 3392 3919; x_wconf 82' lang='lat' dir='ltr'><strong>perveniens,</strong></span> <span class='ocrx_word' id='word_1_534' title='bbox 3425 3864 3460 3902; x_wconf 90' lang='lat' dir='ltr'><strong>a</strong></span> <span class='ocrx_word' id='word_1_535' title='bbox 3514 3849 3723 3903; x_wconf 68' lang='lat' dir='ltr'><strong>Joanne</strong></span> 
     </span>
    </p>
   </div>
   <div class='ocr_carea' id='block_1_84' title="bbox 2065 3934 3721 4010">
    <p class='ocr_par' dir='ltr' id='par_1_84' title="bbox 2065 3934 3721 4010">
     <span class='ocr_line' id='line_1_84' title="bbox 2065 3934 3721 4010; baseline -0.001 -18"><span class='ocrx_word' id='word_1_536' title='bbox 2065 3955 2213 4010; x_wconf 84' lang='lat' dir='ltr'><strong>papa</strong></span> <span class='ocrx_word' id='word_1_537' title='bbox 2245 3940 2304 3992; x_wconf 84' lang='lat' dir='ltr'><strong>in</strong></span> <span class='ocrx_word' id='word_1_538' title='bbox 2321 3938 2413 3993; x_wconf 84' lang='lat' dir='ltr'><strong>die</strong></span> <span class='ocrx_word' id='word_1_539' title='bbox 2430 3941 2618 3992; x_wconf 85' lang='lat' dir='ltr'><strong>sancto</strong></span> <span class='ocrx_word' id='word_1_540' title='bbox 2639 3937 2866 3994; x_wconf 67' lang='lat' dir='ltr'><strong>Pascha?</strong></span> <span class='ocrx_word' id='word_1_541' title='bbox 2888 3939 3188 4007; x_wconf 80' lang='lat' dir='ltr'><strong>imperator</strong></span> <span class='ocrx_word' id='word_1_542' title='bbox 3211 3943 3523 3992; x_wconf 82' lang='lat' dir='ltr'><strong>coronatur.</strong></span> <span class='ocrx_word' id='word_1_543' title='bbox 3590 3934 3721 4010; x_wconf 75' lang='lat' dir='ltr'><strong>Inde</strong></span> 
     </span>
    </p>
   </div>
   <div class='ocr_carea' id='block_1_85' title="bbox 2070 4025 3725 4096">
    <p class='ocr_par' dir='ltr' id='par_1_85' title="bbox 2070 4025 3725 4096">
     <span class='ocr_line' id='line_1_85' title="bbox 2070 4025 3725 4096; baseline 0 -14"><span class='ocrx_word' id='word_1_544' title='bbox 2070 4029 2133 4082; x_wconf 85' lang='lat' dir='ltr'><strong>in</strong></span> <span class='ocrx_word' id='word_1_545' title='bbox 2161 4027 2546 4082; x_wconf 86' lang='lat' dir='ltr'><strong>Alemanniam</strong></span> <span class='ocrx_word' id='word_1_546' title='bbox 2575 4042 2838 4093; x_wconf 81' lang='lat' dir='ltr'><strong>reversus,</strong></span> <span class='ocrx_word' id='word_1_547' title='bbox 2872 4025 3018 4096; x_wconf 86' lang='lat' dir='ltr'><strong>apud</strong></span> <span class='ocrx_word' id='word_1_548' title='bbox 3051 4027 3263 4082; x_wconf 71' lang='lat' dir='ltr'><strong>Utinam</strong></span> <span class='ocrx_word' id='word_1_549' title='bbox 3294 4026 3576 4080; x_wconf 84' lang='lat' dir='ltr'><strong>Emistum</strong></span> <span class='ocrx_word' id='word_1_550' title='bbox 3610 4025 3725 4082; x_wconf 76' lang='lat' dir='ltr'><strong>dit-</strong></span> 
     </span>
    </p>
   </div>
   <div class='ocr_carea' id='block_1_86' title="bbox 2075 4114 3640 4186">
    <p class='ocr_par' dir='ltr' id='par_1_86' title="bbox 2075 4114 3640 4186">
     <span class='ocr_line' id='line_1_86' title="bbox 2075 4114 3640 4186; baseline -0.002 -14"><span class='ocrx_word' id='word_1_551' title='bbox 2075 4131 2190 4172; x_wconf 84' lang='lat' dir='ltr'><strong>cem</strong></span> <span class='ocrx_word' id='word_1_552' title='bbox 2218 4119 2270 4170; x_wconf 87' lang='lat' dir='ltr'><strong>et</strong></span> <span class='ocrx_word' id='word_1_553' title='bbox 2303 4114 2614 4170; x_wconf 85' lang='lat' dir='ltr'><strong>Conradum</strong></span> <span class='ocrx_word' id='word_1_554' title='bbox 2635 4131 2689 4170; x_wconf 85' lang='lat' dir='ltr'><strong>se</strong></span> <span class='ocrx_word' id='word_1_555' title='bbox 2718 4116 2808 4170; x_wconf 73' lang='lat' dir='ltr'><strong>illi</strong></span> <span class='ocrx_word' id='word_1_556' title='bbox 2835 4114 3084 4170; x_wconf 79' lang='lat' dir='ltr'><strong>dedentes</strong></span> <span class='ocrx_word' id='word_1_557' title='bbox 3112 4115 3312 4170; x_wconf 73' lang='lat' dir='ltr'><strong>exsilio</strong></span> <span class='ocrx_word' id='word_1_558' title='bbox 3342 4114 3640 4186; x_wconf 85' lang='lat' dir='ltr'><strong>deputavit.</strong></span> 
     </span>
    </p>
   </div>
   <div class='ocr_carea' id='block_1_87' title="bbox 2149 4203 3734 4275">
    <p class='ocr_par' dir='ltr' id='par_1_87' title="bbox 2149 4203 3734 4275">
     <span class='ocr_line' id='line_1_87' title="bbox 2149 4203 3734 4275; baseline 0.001 -17"><span class='ocrx_word' id='word_1_559' title='bbox 2149 4203 2285 4258; x_wconf 83' lang='lat'>1028</span> <span class='ocrx_word' id='word_1_560' title='bbox 2317 4204 2584 4259; x_wconf 82' lang='lat' dir='ltr'><strong>Henricus</strong></span> <span class='ocrx_word' id='word_1_561' title='bbox 2632 4203 2846 4273; x_wconf 79' lang='lat' dir='ltr'><strong>ﬁlius...</strong></span> <span class='ocrx_word' id='word_1_562' title='bbox 2906 4220 3005 4259; x_wconf 71' lang='lat' dir='ltr'><strong>rex</strong></span> <span class='ocrx_word' id='word_1_563' title='bbox 3064 4205 3279 4272; x_wconf 83' lang='lat' dir='ltr'><strong>electus,</strong></span> <span class='ocrx_word' id='word_1_564' title='bbox 3314 4221 3348 4259; x_wconf 83' lang='grc' dir='ltr'><em>α</em></span> <span class='ocrx_word' id='word_1_565' title='bbox 3389 4204 3734 4275; x_wconf 87' lang='lat' dir='ltr'><strong>Piligrino...</strong></span> 
     </span>
    </p>
   </div>
   <div class='ocr_carea' id='block_1_88' title="bbox 2078 4296 2413 4349">
    <p class='ocr_par' dir='ltr' id='par_1_88' title="bbox 2078 4296 2413 4349">
     <span class='ocr_line' id='line_1_88' title="bbox 2078 4296 2413 4349; baseline -0.009 0"><span class='ocrx_word' id='word_1_566' title='bbox 2078 4301 2273 4349; x_wconf 85' lang='lat' dir='ltr'><strong>unctus</strong></span> <span class='ocrx_word' id='word_1_567' title='bbox 2315 4296 2413 4348; x_wconf 89' lang='lat' dir='ltr'><strong>est.</strong></span> 
     </span>
    </p>
   </div>
   <div class='ocr_carea' id='block_1_89' title="bbox 2153 4383 3726 4454">
    <p class='ocr_par' dir='ltr' id='par_1_89' title="bbox 2153 4383 3726 4454">
     <span class='ocr_line' id='line_1_89' title="bbox 2153 4383 3726 4454; baseline 0 -17"><span class='ocrx_word' id='word_1_568' title='bbox 2153 4383 2291 4437; x_wconf 87' lang='lat'>1029</span> <span class='ocrx_word' id='word_1_569' title='bbox 2321 4383 2506 4438; x_wconf 83' lang='lat' dir='ltr'><strong>Bruno</strong></span> <span class='ocrx_word' id='word_1_570' title='bbox 2528 4384 2877 4453; x_wconf 85' lang='lat' dir='ltr'><strong>Augustensis</strong></span> <span class='ocrx_word' id='word_1_571' title='bbox 2907 4384 3186 4454; x_wconf 84' lang='lat' dir='ltr'><strong>episcopus</strong></span> <span class='ocrx_word' id='word_1_572' title='bbox 3205 4384 3360 4451; x_wconf 83' lang='lat' dir='ltr'><strong>obiit,</strong></span> <span class='ocrx_word' id='word_1_573' title='bbox 3383 4387 3436 4438; x_wconf 88' lang='lat' dir='ltr'><strong>et</strong></span> <span class='ocrx_word' id='word_1_574' title='bbox 3459 4383 3726 4438; x_wconf 86' lang='lat' dir='ltr'><strong>Eberhar-</strong></span> 
     </span>
    </p>
   </div>
   <div class='ocr_carea' id='block_1_90' title="bbox 378 4472 2852 4545">
    <p class='ocr_par' dir='ltr' id='par_1_90' title="bbox 378 4472 2852 4545">
     <span class='ocr_line' id='line_1_90' title="bbox 378 4472 2852 4545; baseline -0.001 -16"><span class='ocrx_word' id='word_1_575' title='bbox 378 4475 524 4530; x_wconf 84' lang='grc'>1026</span> <span class='ocrx_word' id='word_1_576' title='bbox 584 4474 700 4529; x_wconf 75' lang='lat' dir='ltr'><strong>Rea:</strong></span> <span class='ocrx_word' id='word_1_577' title='bbox 751 4472 1031 4529; x_wconf 84' lang='lat' dir='ltr'><strong>Conradus</strong></span> <span class='ocrx_word' id='word_1_578' title='bbox 1083 4473 1308 4529; x_wconf 86' lang='lat' dir='ltr'><strong>Italiam</strong></span> <span class='ocrx_word' id='word_1_579' title='bbox 1357 4479 1567 4545; x_wconf 86' lang='lat' dir='ltr'><strong>petens,</strong></span> <span class='ocrx_word' id='word_1_580' title='bbox 1629 4474 1805 4528; x_wconf 88' lang='lat' dir='ltr'><strong>totam</strong></span> <span class='ocrx_word' id='word_1_581' title='bbox 1859 4472 1971 4528; x_wconf 87' lang='lat' dir='ltr'><strong>sibi</strong></span> <span class='ocrx_word' id='word_1_582' title='bbox 2079 4472 2212 4527; x_wconf 90' lang='lat' dir='ltr'><strong>dum</strong></span> <span class='ocrx_word' id='word_1_583' title='bbox 2241 4473 2447 4542; x_wconf 84' lang='lat' dir='ltr'><strong>accepit</strong></span> <span class='ocrx_word' id='word_1_584' title='bbox 2474 4487 2852 4528; x_wconf 80' lang='lat' dir='ltr'><strong>successorem.</strong></span> 
     </span>
    </p>
   </div>
   <div class='ocr_carea' id='block_1_91' title="bbox 300 4561 1975 4636">
    <p class='ocr_par' dir='ltr' id='par_1_91' title="bbox 300 4561 1975 4636">
     <span class='ocr_line' id='line_1_91' title="bbox 300 4561 1975 4636; baseline -0.001 -18"><span class='ocrx_word' id='word_1_585' title='bbox 300 4579 447 4635; x_wconf 78' lang='lat' dir='ltr'><strong>pem</strong></span> <span class='ocrx_word' id='word_1_586' title='bbox 470 4562 807 4636; x_wconf 79' lang='lat' dir='ltr'><strong>subiugavit</strong></span> <span class='ocrx_word' id='word_1_587' title='bbox 834 4577 904 4618; x_wconf 76' lang='lat' dir='ltr'><strong>ex</strong></span> <span class='ocrx_word' id='word_1_588' title='bbox 926 4561 1032 4617; x_wconf 87' lang='lat' dir='ltr'><strong>hac</strong></span> <span class='ocrx_word' id='word_1_589' title='bbox 1059 4565 1221 4632; x_wconf 82' lang='lat' dir='ltr'><strong>parte</strong></span> <span class='ocrx_word' id='word_1_590' title='bbox 1251 4562 1456 4618; x_wconf 72' lang='lat' dir='ltr'><strong>Romae.</strong></span> <span class='ocrx_word' id='word_1_591' title='bbox 1489 4561 1826 4618; x_wconf 65' lang='lat' dir='ltr'><strong>Constantiw</strong></span> <span class='ocrx_word' id='word_1_592' title='bbox 1849 4568 1975 4633; x_wconf 88' lang='lat' dir='ltr'><strong>post</strong></span> 
     </span>
    </p>
   </div>
   <div class='ocr_carea' id='block_1_92' title="bbox 2154 4536 3732 4631">
    <p class='ocr_par' dir='ltr' id='par_1_92' title="bbox 2154 4536 3732 4631">
     <span class='ocr_line' id='line_1_92' title="bbox 2154 4536 3732 4631; baseline -0.001 -15"><span class='ocrx_word' id='word_1_593' title='bbox 2154 4560 2295 4616; x_wconf 81' lang='grc'>1030</span> <span class='ocrx_word' id='word_1_594' title='bbox 2325 4536 2511 4615; x_wconf 70' lang='lat' dir='ltr'><strong>Ernist</strong></span> <span class='ocrx_word' id='word_1_595' title='bbox 2538 4560 2656 4616; x_wconf 69' lang='lat' dir='ltr'><strong>dum</strong></span> <span class='ocrx_word' id='word_1_596' title='bbox 2683 4561 2878 4616; x_wconf 77' lang='lat' dir='ltr'><strong>exsilio</strong></span> <span class='ocrx_word' id='word_1_597' title='bbox 2908 4561 3190 4615; x_wconf 73' lang='lat' dir='ltr'><strong>relaxatus</strong></span> <span class='ocrx_word' id='word_1_598' title='bbox 3222 4562 3528 4631; x_wconf 86' lang='lat' dir='ltr'><strong>iterumque</strong></span> <span class='ocrx_word' id='word_1_599' title='bbox 3558 4536 3732 4629; x_wconf 85' lang='lat' dir='ltr'><strong>impe-</strong></span> 
     </span>
    </p>
   </div>
   <div class='ocr_carea' id='block_1_93' title="bbox 301 4646 3727 4736">
    <p class='ocr_par' dir='ltr' id='par_1_93' title="bbox 301 4646 3727 4736">
     <span class='ocr_line' id='line_1_93' title="bbox 301 4646 3727 4736; baseline -0.002 -27"><span class='ocrx_word' id='word_1_600' title='bbox 301 4655 643 4709; x_wconf 81' lang='lat' dir='ltr'><strong>Heimonem</strong></span> <span class='ocrx_word' id='word_1_601' title='bbox 711 4653 1026 4723; x_wconf 85' lang='lat' dir='ltr'><strong>episcopum</strong></span> <span class='ocrx_word' id='word_1_602' title='bbox 1088 4652 1452 4706; x_wconf 86' lang='lat' dir='ltr'><strong>Warmannus</strong></span> <span class='ocrx_word' id='word_1_603' title='bbox 1528 4651 1758 4723; x_wconf 61' lang='lat' dir='ltr'><strong>praefuit</strong></span> <span class='ocrx_word' id='word_1_604' title='bbox 1811 4651 1976 4706; x_wconf 80' lang='lat' dir='ltr'><strong>annis</strong></span> <span class='ocrx_word' id='word_1_605' title='bbox 2085 4649 2260 4706; x_wconf 87' lang='lat' dir='ltr'><strong>ratori</strong></span> <span class='ocrx_word' id='word_1_606' title='bbox 2287 4648 2580 4717; x_wconf 84' lang='lat' dir='ltr'><strong>rebellans,</strong></span> <span class='ocrx_word' id='word_1_607' title='bbox 2610 4666 2735 4705; x_wconf 89' lang='lat' dir='ltr'><strong>cum</strong></span> <span class='ocrx_word' id='word_1_608' title='bbox 2784 4649 2975 4736; x_wconf 75' lang='lat' dir='ltr'><strong>multis</strong></span> <span class='ocrx_word' id='word_1_609' title='bbox 3005 4650 3134 4705; x_wconf 85' lang='lat' dir='ltr'><strong>aliis</strong></span> <span class='ocrx_word' id='word_1_610' title='bbox 3171 4648 3436 4704; x_wconf 86' lang='lat' dir='ltr'><strong>occiditur</strong></span> <span class='ocrx_word' id='word_1_611' title='bbox 3480 4665 3576 4704; x_wconf 73' lang='lat' dir='ltr'><strong>xvr</strong></span> <span class='ocrx_word' id='word_1_612' title='bbox 3605 4646 3727 4703; x_wconf 88' lang='lat' dir='ltr'><strong>Kal.</strong></span> 
     </span>
    </p>
   </div>
   <div class='ocr_carea' id='block_1_94' title="bbox 298 4740 829 4815">
    <p class='ocr_par' dir='ltr' id='par_1_94' title="bbox 298 4740 829 4815">
     <span class='ocr_line' id='line_1_94' title="bbox 298 4740 829 4815; baseline -0.009 0"><span class='ocrx_word' id='word_1_613' title='bbox 298 4744 486 4815; x_wconf 78' lang='lat' dir='ltr'><strong>reme</strong></span> <span class='ocrx_word' id='word_1_614' title='bbox 506 4743 626 4796; x_wconf 69' lang='grc' dir='ltr'><strong>σοέο</strong></span> <span class='ocrx_word' id='word_1_615' title='bbox 658 4740 829 4811; x_wconf 61' lang='grc'>(554),</span> 
     </span>
    </p>
   </div>
   <div class='ocr_carea' id='block_1_95' title="bbox 2087 4740 2233 4812">
    <p class='ocr_par' dir='ltr' id='par_1_95' title="bbox 2087 4740 2233 4812">
     <span class='ocr_line' id='line_1_95' title="bbox 2087 4740 2233 4812; baseline -0.007 -16"><span class='ocrx_word' id='word_1_616' title='bbox 2087 4740 2233 4812; x_wconf 86' lang='lat' dir='ltr'><strong>Sept.</strong></span> 
     </span>
    </p>
   </div>
   <div class='ocr_carea' id='block_1_96' title="bbox 1917 4836 2150 4894">
    <p class='ocr_par' dir='ltr' id='par_1_96' title="bbox 1917 4836 2150 4894">
     <span class='ocr_line' id='line_1_96' title="bbox 1917 4836 2150 4894; baseline -0.004 0"><span class='ocrx_word' id='word_1_617' title='bbox 1917 4836 2150 4894; x_wconf 67' lang='lat' dir='ltr'><strong>NOTAE.</strong></span> 
     </span>
    </p>
   </div>
   <div class='ocr_carea' id='block_1_97' title="bbox 373 4934 2059 5017">
    <p class='ocr_par' dir='ltr' id='par_1_97' title="bbox 373 4934 2059 5017">
     <span class='ocr_line' id='line_1_97' title="bbox 373 4934 2059 5017; baseline -0.003 -23"><span class='ocrx_word' id='word_1_618' title='bbox 373 4937 550 5017; x_wconf 73' lang='grc'>(544)</span> <span class='ocrx_word' id='word_1_619' title='bbox 582 4935 717 4994; x_wconf 85' lang='lat' dir='ltr'><strong>Vid.</strong></span> <span class='ocrx_word' id='word_1_620' title='bbox 749 4936 999 5017; x_wconf 65' lang='lat' dir='ltr'><strong>Conradi</strong></span> <span class='ocrx_word' id='word_1_621' title='bbox 1013 4937 1100 5017; x_wconf 89' lang='lat' dir='ltr'><strong>_d_e</strong></span> <span class='ocrx_word' id='word_1_622' title='bbox 1121 4936 1316 5017; x_wconf 80' lang='lat' dir='ltr'><strong>Monte</strong></span> <span class='ocrx_word' id='word_1_623' title='bbox 1337 4935 1696 5017; x_wconf 55' lang='lat' dir='ltr'><strong>puellarum;</strong></span> <span class='ocrx_word' id='word_1_624' title='bbox 1719 4934 1982 5017; x_wconf 74' lang='lat' dir='ltr'><strong>_Ch&lt;_:oni-</strong></span> <span class='ocrx_word' id='word_1_625' title='bbox 2012 4937 2059 5002; x_wconf 88' lang='lat' dir='ltr'><strong>D</strong></span> 
     </span>
    </p>
   </div>
   <div class='ocr_carea' id='block_1_98' title="bbox 295 5008 1974 5082">
    <p class='ocr_par' dir='ltr' id='par_1_98' title="bbox 295 5008 1974 5082">
     <span class='ocr_line' id='line_1_98' title="bbox 295 5008 1974 5082; baseline -0.002 -15"><span class='ocrx_word' id='word_1_626' title='bbox 295 5008 421 5082; x_wconf 71' lang='lat' dir='ltr'><strong>con</strong></span> <span class='ocrx_word' id='word_1_627' title='bbox 450 5008 866 5082; x_wconf 73' lang='lat' dir='ltr'><strong>episcoporum</strong></span> <span class='ocrx_word' id='word_1_628' title='bbox 895 5008 1416 5082; x_wconf 67' lang='lat' dir='ltr'><strong>Batisbonensium</strong></span> <span class='ocrx_word' id='word_1_629' title='bbox 1450 5027 1463 5065; x_wconf 91' lang='lat'>:</span> <span class='ocrx_word' id='word_1_630' title='bbox 1519 5008 1759 5065; x_wconf 86' lang='lat' dir='ltr'><strong>Eccard.</strong></span> <span class='ocrx_word' id='word_1_631' title='bbox 1807 5011 1974 5080; x_wconf 87' lang='lat' dir='ltr'><strong>Corp.</strong></span> 
     </span>
    </p>
   </div>
   <div class='ocr_carea' id='block_1_99' title="bbox 297 5079 962 5138">
    <p class='ocr_par' dir='ltr' id='par_1_99' title="bbox 297 5079 962 5138">
     <span class='ocr_line' id='line_1_99' title="bbox 297 5079 962 5138; baseline -0.006 0"><span class='ocrx_word' id='word_1_632' title='bbox 297 5081 450 5138; x_wconf 72' lang='lat' dir='ltr'><strong>hist.</strong></span> <span class='ocrx_word' id='word_1_633' title='bbox 483 5079 776 5138; x_wconf 49' lang='lat' dir='ltr'><strong>mutavi</strong></span> <span class='ocrx_word' id='word_1_634' title='bbox 818 5083 862 5135; x_wconf 94' lang='lat' dir='ltr'><strong>t.</strong></span> <span class='ocrx_word' id='word_1_635' title='bbox 891 5080 962 5134; x_wconf 90' lang='lat' dir='ltr'><strong>Il.</strong></span> 
     </span>
    </p>
   </div>
   <div class='ocr_carea' id='block_1_100' title="bbox 401 5149 1419 5217">
    <p class='ocr_par' dir='ltr' id='par_1_100' title="bbox 401 5149 1419 5217">
     <span class='ocr_line' id='line_1_100' title="bbox 401 5149 1419 5217; baseline 0.001 -11"><span class='ocrx_word' id='word_1_636' title='bbox 401 5153 534 5217; x_wconf 67' lang='grc'>545)</span> <span class='ocrx_word' id='word_1_637' title='bbox 573 5149 710 5208; x_wconf 85' lang='lat' dir='ltr'><strong>Vid.</strong></span> <span class='ocrx_word' id='word_1_638' title='bbox 744 5151 838 5209; x_wconf 85' lang='lat' dir='ltr'><strong>ad.</strong></span> <span class='ocrx_word' id='word_1_639' title='bbox 871 5167 968 5206; x_wconf 90' lang='lat' dir='ltr'><strong>an.</strong></span> <span class='ocrx_word' id='word_1_640' title='bbox 1007 5151 1143 5205; x_wconf 86' lang='grc'>1017</span> <span class='ocrx_word' id='word_1_641' title='bbox 1172 5154 1230 5206; x_wconf 91' lang='lat' dir='ltr'><strong>et</strong></span> <span class='ocrx_word' id='word_1_642' title='bbox 1255 5151 1419 5207; x_wconf 84' lang='grc'>1019.</span> 
     </span>
    </p>
   </div>
   <div class='ocr_carea' id='block_1_101' title="bbox 403 5221 1236 5289">
    <p class='ocr_par' dir='ltr' id='par_1_101' title="bbox 403 5221 1236 5289">
     <span class='ocr_line' id='line_1_101' title="bbox 403 5221 1236 5289; baseline -0.002 -9"><span class='ocrx_word' id='word_1_643' title='bbox 403 5223 535 5289; x_wconf 80' lang='grc'>546)</span> <span class='ocrx_word' id='word_1_644' title='bbox 577 5221 711 5278; x_wconf 82' lang='lat' dir='ltr'><strong>Vid.</strong></span> <span class='ocrx_word' id='word_1_645' title='bbox 743 5238 840 5277; x_wconf 83' lang='lat' dir='ltr'><strong>an.</strong></span> <span class='ocrx_word' id='word_1_646' title='bbox 878 5223 1042 5289; x_wconf 87' lang='lat'><strong>1012,</strong></span> <span class='ocrx_word' id='word_1_647' title='bbox 1076 5222 1236 5278; x_wconf 87' lang='lat'><strong>1019.</strong></span> 
     </span>
    </p>
   </div>
   <div class='ocr_carea' id='block_1_102' title="bbox 399 5291 1734 5352">
    <p class='ocr_par' dir='ltr' id='par_1_102' title="bbox 399 5291 1734 5352">
     <span class='ocr_line' id='line_1_102' title="bbox 399 5291 1734 5352; baseline -0.003 0"><span class='ocrx_word' id='word_1_648' title='bbox 399 5291 535 5352; x_wconf 62' lang='lat'><strong>5473</strong></span> <span class='ocrx_word' id='word_1_649' title='bbox 575 5293 897 5350; x_wconf 79' lang='lat' dir='ltr'><strong>Hermanni</strong></span> <span class='ocrx_word' id='word_1_650' title='bbox 930 5292 977 5348; x_wconf 91' lang='lat' dir='ltr'><strong>II</strong></span> <span class='ocrx_word' id='word_1_651' title='bbox 1009 5292 1371 5348; x_wconf 64' lang='lat' dir='ltr'><strong>Alamanniae</strong></span> <span class='ocrx_word' id='word_1_652' title='bbox 1398 5292 1564 5348; x_wconf 89' lang='lat' dir='ltr'><strong>ducis</strong></span> <span class='ocrx_word' id='word_1_653' title='bbox 1595 5291 1734 5348; x_wconf 77' lang='lat' dir='ltr'><strong>lilia.</strong></span> 
     </span>
    </p>
   </div>
   <div class='ocr_carea' id='block_1_103' title="bbox 379 5363 1978 5436">
    <p class='ocr_par' dir='ltr' id='par_1_103' title="bbox 379 5363 1978 5436">
     <span class='ocr_line' id='line_1_103' title="bbox 379 5363 1978 5436; baseline -0.001 -17"><span class='ocrx_word' id='word_1_654' title='bbox 379 5363 537 5436; x_wconf 79' lang='grc'>(548)</span> <span class='ocrx_word' id='word_1_655' title='bbox 579 5365 737 5436; x_wconf 87' lang='lat' dir='ltr'><strong>Inter</strong></span> <span class='ocrx_word' id='word_1_656' title='bbox 765 5364 1132 5436; x_wconf 82' lang='lat' dir='ltr'><strong>Moguntiam</strong></span> <span class='ocrx_word' id='word_1_657' title='bbox 1182 5369 1240 5420; x_wconf 88' lang='lat' dir='ltr'><strong>et</strong></span> <span class='ocrx_word' id='word_1_658' title='bbox 1288 5363 1717 5436; x_wconf 0' lang='lat' dir='ltr'><strong>Wormatiam.)</strong></span> <span class='ocrx_word' id='word_1_659' title='bbox 1761 5363 1978 5436; x_wconf 75' lang='lat' dir='ltr'><strong>Wippo-</strong></span> 
     </span>
    </p>
   </div>
   <div class='ocr_carea' id='block_1_104' title="bbox 379 5435 1977 5509">
    <p class='ocr_par' dir='ltr' id='par_1_104' title="bbox 379 5435 1977 5509">
     <span class='ocr_line' id='line_1_104' title="bbox 379 5435 1977 5509; baseline -0.001 -19"><span class='ocrx_word' id='word_1_660' title='bbox 379 5437 480 5509; x_wconf 67' lang='grc'>(54</span> <span class='ocrx_word' id='word_1_661' title='bbox 520 5435 539 5507; x_wconf 92' lang='grc'><strong>)</strong></span> <span class='ocrx_word' id='word_1_662' title='bbox 579 5435 906 5509; x_wconf 72' lang='lat' dir='ltr'><strong>Chronicon</strong></span> <span class='ocrx_word' id='word_1_663' title='bbox 940 5435 1573 5509; x_wconf 71' lang='lat' dir='ltr'><strong>Quedlinburgcnseid</strong></span> <span class='ocrx_word' id='word_1_664' title='bbox 1604 5435 1818 5509; x_wconf 81' lang='lat' dir='ltr'><strong>pariter</strong></span> <span class='ocrx_word' id='word_1_665' title='bbox 1864 5435 1977 5500; x_wconf 89' lang='lat' dir='ltr'><strong>Mo,</strong></span> 
     </span>
    </p>
   </div>
   <div class='ocr_carea' id='block_1_105' title="bbox 397 5506 1977 5582">
    <p class='ocr_par' dir='ltr' id='par_1_105' title="bbox 397 5506 1977 5582">
     <span class='ocr_line' id='line_1_105' title="bbox 397 5506 1977 5582; baseline -0.002 -16"><span class='ocrx_word' id='word_1_666' title='bbox 397 5506 534 5568; x_wconf 60' lang='lat' dir='ltr'><strong>nam</strong></span> <span class='ocrx_word' id='word_1_667' title='bbox 567 5508 640 5582; x_wconf 78' lang='lat' dir='ltr'><strong>ab</strong></span> <span class='ocrx_word' id='word_1_668' title='bbox 657 5507 923 5582; x_wconf 82' lang='lat' dir='ltr'><strong>_Aribone</strong></span> <span class='ocrx_word' id='word_1_669' title='bbox 943 5507 1166 5564; x_wconf 83' lang='lat' dir='ltr'><strong>factum</strong></span> <span class='ocrx_word' id='word_1_670' title='bbox 1183 5509 1412 5565; x_wconf 84' lang='lat' dir='ltr'><strong>asserit.</strong></span> <span class='ocrx_word' id='word_1_671' title='bbox 1445 5507 1575 5564; x_wconf 89' lang='lat' dir='ltr'><strong>Vid.</strong></span> <span class='ocrx_word' id='word_1_672' title='bbox 1601 5506 1852 5567; x_wconf 84' lang='lat' dir='ltr'><strong>Schaten</strong></span> <span class='ocrx_word' id='word_1_673' title='bbox 1871 5521 1977 5582; x_wconf 76' lang='lat' dir='ltr'><strong>p.x.</strong></span> 
     </span>
    </p>
   </div>
   <div class='ocr_carea' id='block_1_106' title="bbox 305 5525 694 5656">
    <p class='ocr_par' dir='ltr' id='par_1_106' title="bbox 305 5525 694 5656">
     <span class='ocr_line' id='line_1_106' title="bbox 305 5525 694 5656; baseline -0.015 -16"><span class='ocrx_word' id='word_1_674' title='bbox 305 5525 388 5640; x_wconf 75' lang='lat' dir='ltr'><strong>i.&quot;</strong></span> <span class='ocrx_word' id='word_1_675' title='bbox 394 5525 549 5656; x_wconf 54' lang='grc' dir='ltr'><strong>εξδῗ,</strong></span> <span class='ocrx_word' id='word_1_676' title='bbox 567 5525 694 5636; x_wconf 63' lang='lat'><strong>231’;</strong></span> 
     </span>
    </p>
   </div>
   <div class='ocr_carea' id='block_1_107' title="bbox 641 5704 1217 5776">
    <p class='ocr_par' dir='ltr' id='par_1_107' title="bbox 641 5704 1217 5776">
     <span class='ocr_line' id='line_1_107' title="bbox 641 5704 1217 5776; baseline 0.007 -4"><span class='ocrx_word' id='word_1_677' title='bbox 641 5705 910 5773; x_wconf 67' lang='lat' dir='ltr'><strong>Pareat.</strong></span> <span class='ocrx_word' id='word_1_678' title='bbox 956 5704 1217 5776; x_wconf 80' lang='lat' dir='ltr'><strong>CXLIII.</strong></span> 
     </span>
    </p>
   </div>
   <div class='ocr_carea' id='block_1_108' title="bbox 2163 4934 3740 5062">
    <p class='ocr_par' dir='ltr' id='par_1_108' title="bbox 2163 4934 3740 5062">
     <span class='ocr_line' id='line_1_108' title="bbox 2163 4934 3740 5062; baseline -0.001 -70"><span class='ocrx_word' id='word_1_679' title='bbox 2163 4937 2311 5008; x_wconf 88' lang='lat'>(550)</span> <span class='ocrx_word' id='word_1_680' title='bbox 2349 4934 2544 5062; x_wconf 53' lang='lat' dir='ltr'><strong>fisela</strong></span> <span class='ocrx_word' id='word_1_681' title='bbox 2589 4934 2743 4991; x_wconf 88' lang='lat' dir='ltr'><strong>enim</strong></span> <span class='ocrx_word' id='word_1_682' title='bbox 2803 4938 2991 4992; x_wconf 88' lang='lat' dir='ltr'><strong>mater</strong></span> <span class='ocrx_word' id='word_1_683' title='bbox 3053 4934 3280 4992; x_wconf 89' lang='lat' dir='ltr'><strong>Ernesti</strong></span> <span class='ocrx_word' id='word_1_684' title='bbox 3314 4935 3579 4992; x_wconf 86' lang='lat' dir='ltr'><strong>Conrado</strong></span> <span class='ocrx_word' id='word_1_685' title='bbox 3616 4934 3740 5007; x_wconf 81' lang='lat' dir='ltr'><strong>regi</strong></span> 
     </span>
     <span class='ocr_line' id='line_1_109' title="bbox 2163 5024 3314 5062; baseline 0 0"><span class='ocrx_word' id='word_1_686' title='bbox 2163 5024 2349 5062; x_wconf 85' lang='lat' dir='ltr'><strong>msera</strong></span> <span class='ocrx_word' id='word_1_687' title='bbox 2383 5050 2394 5062; x_wconf 94' lang='lat'><strong>.</strong></span> <span class='ocrx_word' id='word_1_688' title='bbox 3312 5029 3314 5031; x_wconf 49' lang='grc' dir='ltr'>ν</span> 
     </span>
    </p>
   </div>
   <div class='ocr_carea' id='block_1_109' title="bbox 2092 5025 3314 5064">
    <p class='ocr_par' dir='ltr' id='par_1_109' title="bbox 2092 5025 3314 5064">
     <span class='ocr_line' id='line_1_110' title="bbox 2092 5025 3314 5064; baseline -0.007 0"><span class='ocrx_word' id='word_1_689' title='bbox 2092 5025 2394 5064; x_wconf 68' lang='lat' dir='ltr'><strong>DUDSBI‘at.</strong></span> <span class='ocrx_word' id='word_1_690' title='bbox 3312 5029 3314 5031; x_wconf 67' lang='grc'><em>’</em></span> 
     </span>
    </p>
   </div>
   <div class='ocr_carea' id='block_1_110' title="bbox 2159 5024 3739 5149">
    <p class='ocr_par' dir='ltr' id='par_1_110' title="bbox 2159 5024 3739 5149">
     <span class='ocr_line' id='line_1_111' title="bbox 2159 5024 3739 5149; baseline -0.001 -16"><span class='ocrx_word' id='word_1_691' title='bbox 2159 5024 2447 5149; x_wconf 52' lang='grc' dir='ltr'><strong>(ἕέῗῖδέεῑ</strong></span> <span class='ocrx_word' id='word_1_692' title='bbox 2477 5078 2572 5133; x_wconf 91' lang='lat' dir='ltr'><strong>hic</strong></span> <span class='ocrx_word' id='word_1_693' title='bbox 2601 5077 2785 5135; x_wconf 82' lang='lat' dir='ltr'><strong>Welfo</strong></span> <span class='ocrx_word' id='word_1_694' title='bbox 2818 5078 2868 5133; x_wconf 93' lang='grc' dir='ltr'><strong>ΙΙ</strong></span> <span class='ocrx_word' id='word_1_695' title='bbox 2911 5077 3283 5134; x_wconf 80' lang='lat' dir='ltr'><strong>Altorfl‘ensis</strong></span> <span class='ocrx_word' id='word_1_696' title='bbox 3315 5079 3374 5134; x_wconf 93' lang='lat' dir='ltr'><strong>in</strong></span> <span class='ocrx_word' id='word_1_697' title='bbox 3408 5077 3618 5134; x_wconf 77' lang='lat' dir='ltr'><strong>Suevia</strong></span> <span class='ocrx_word' id='word_1_698' title='bbox 3643 5092 3739 5132; x_wconf 89' lang='lat' dir='ltr'><strong>co-</strong></span> 
     </span>
    </p>
   </div>
   <div class='ocr_carea' id='block_1_111' title="bbox 2085 5149 3262 5207">
    <p class='ocr_par' dir='ltr' id='par_1_111' title="bbox 2085 5149 3262 5207">
     <span class='ocr_line' id='line_1_112' title="bbox 2085 5149 3262 5207; baseline -0.003 0"><span class='ocrx_word' id='word_1_699' title='bbox 2085 5167 2227 5207; x_wconf 90' lang='lat' dir='ltr'><strong>mcs.</strong></span> <span class='ocrx_word' id='word_1_700' title='bbox 2264 5149 2604 5207; x_wconf 83' lang='lat' dir='ltr'><strong>Henidanno</strong></span> <span class='ocrx_word' id='word_1_701' title='bbox 2636 5149 3012 5206; x_wconf 89' lang='lat' dir='ltr'><strong>Welihardus</strong></span> <span class='ocrx_word' id='word_1_702' title='bbox 3043 5151 3262 5206; x_wconf 88' lang='lat' dir='ltr'><strong>dictus.</strong></span> 
     </span>
    </p>
   </div>
   <div class='ocr_carea' id='block_1_112' title="bbox 2156 5220 3480 5294">
    <p class='ocr_par' dir='ltr' id='par_1_112' title="bbox 2156 5220 3480 5294">
     <span class='ocr_line' id='line_1_113' title="bbox 2156 5220 3480 5294; baseline -0.003 -18"><span class='ocrx_word' id='word_1_703' title='bbox 2156 5222 2308 5294; x_wconf 80' lang='lat'>(552)</span> <span class='ocrx_word' id='word_1_704' title='bbox 2350 5220 2660 5294; x_wconf 67' lang='lat' dir='ltr'><strong>Eporegioe,</strong></span> <span class='ocrx_word' id='word_1_705' title='bbox 2690 5238 2816 5293; x_wconf 67' lang='lat' dir='ltr'><strong>quae</strong></span> <span class='ocrx_word' id='word_1_706' title='bbox 2847 5221 3018 5277; x_wconf 89' lang='lat' dir='ltr'><strong>hodie</strong></span> <span class='ocrx_word' id='word_1_707' title='bbox 3050 5224 3216 5294; x_wconf 84' lang='lat' dir='ltr'><strong>lvrea</strong></span> <span class='ocrx_word' id='word_1_708' title='bbox 3245 5220 3480 5275; x_wconf 87' lang='lat' dir='ltr'><strong>dicitur.</strong></span> 
     </span>
    </p>
   </div>
   <div class='ocr_carea' id='block_1_113' title="bbox 2158 5286 3736 5365">
    <p class='ocr_par' dir='ltr' id='par_1_113' title="bbox 2158 5286 3736 5365">
     <span class='ocr_line' id='line_1_114' title="bbox 2158 5286 3736 5365; baseline -0.001 -20"><span class='ocrx_word' id='word_1_709' title='bbox 2158 5286 2307 5365; x_wconf 84' lang='lat'>(553)</span> <span class='ocrx_word' id='word_1_710' title='bbox 2337 5286 2724 5362; x_wconf 57' lang='lat' dir='ltr'><strong>El&#39;ectidjam&#39;</strong></span> <span class='ocrx_word' id='word_1_711' title='bbox 2755 5309 2848 5347; x_wconf 89' lang='lat' dir='ltr'><strong>an.</strong></span> <span class='ocrx_word' id='word_1_712' title='bbox 2885 5294 3040 5356; x_wconf 82' lang='lat'>1026,</span> <span class='ocrx_word' id='word_1_713' title='bbox 3104 5293 3206 5347; x_wconf 85' lang='lat' dir='ltr'><strong>aed</strong></span> <span class='ocrx_word' id='word_1_714' title='bbox 3269 5288 3566 5345; x_wconf 86' lang='lat' dir='ltr'><strong>coronatio</strong></span> <span class='ocrx_word' id='word_1_715' title='bbox 3622 5286 3736 5344; x_wconf 87' lang='lat' dir='ltr'><strong>hoc</strong></span> 
     </span>
    </p>
   </div>
   <div class='ocr_carea' id='block_1_114' title="bbox 2087 5364 2846 5420">
    <p class='ocr_par' dir='ltr' id='par_1_114' title="bbox 2087 5364 2846 5420">
     <span class='ocr_line' id='line_1_115' title="bbox 2087 5364 2846 5420; baseline -0.001 0"><span class='ocrx_word' id='word_1_716' title='bbox 2087 5380 2241 5420; x_wconf 90' lang='lat' dir='ltr'><strong>anno</strong></span> <span class='ocrx_word' id='word_1_717' title='bbox 2274 5364 2332 5418; x_wconf 91' lang='lat' dir='ltr'><strong>in</strong></span> <span class='ocrx_word' id='word_1_718' title='bbox 2361 5365 2644 5420; x_wconf 85' lang='lat' dir='ltr'><strong>Paschate</strong></span> <span class='ocrx_word' id='word_1_719' title='bbox 2675 5366 2846 5420; x_wconf 65' lang='lat' dir='ltr'><strong>facta.</strong></span> 
     </span>
    </p>
   </div>
   <div class='ocr_carea' id='block_1_115' title="bbox 2125 5430 3732 5565">
    <p class='ocr_par' dir='ltr' id='par_1_115' title="bbox 2125 5430 3732 5565">
     <span class='ocr_line' id='line_1_116' title="bbox 2125 5430 3732 5565; baseline -0.006 -68"><span class='ocrx_word' id='word_1_720' title='bbox 2125 5435 2306 5565; x_wconf 56' lang='lat' dir='ltr'>b(§?4)</span> <span class='ocrx_word' id='word_1_721' title='bbox 2337 5435 2546 5498; x_wconf 82' lang='lat' dir='ltr'><strong>Chron.</strong></span> <span class='ocrx_word' id='word_1_722' title='bbox 2577 5438 2633 5494; x_wconf 90' lang='lat' dir='ltr'><strong>S.</strong></span> <span class='ocrx_word' id='word_1_723' title='bbox 2669 5436 2843 5493; x_wconf 80' lang='lat' dir='ltr'><strong>Blasii</strong></span> <span class='ocrx_word' id='word_1_724' title='bbox 2888 5452 2900 5489; x_wconf 89' lang='lat'>:</span> <span class='ocrx_word' id='word_1_725' title='bbox 2940 5440 3107 5491; x_wconf 77' lang='lat' dir='ltr'><strong>Wcrn</strong></span> <span class='ocrx_word' id='word_1_726' title='bbox 3137 5433 3300 5488; x_wconf 69' lang='lat' dir='ltr'><strong>abbas</strong></span> <span class='ocrx_word' id='word_1_727' title='bbox 3329 5431 3384 5486; x_wconf 89' lang='lat' dir='ltr'><strong>S.</strong></span> <span class='ocrx_word' id='word_1_728' title='bbox 3427 5430 3732 5502; x_wconf 78' lang='lat' dir='ltr'><strong>Meginradi</strong></span> 
     </span>
     <span class='ocr_line' id='line_1_117' title="bbox 2159 5522 2245 5564; baseline -0.012 0"><span class='ocrx_word' id='word_1_729' title='bbox 2159 5522 2202 5564; x_wconf 81' lang='lat' dir='ltr'><strong>lt</strong></span> <span class='ocrx_word' id='word_1_730' title='bbox 2233 5547 2245 5563; x_wconf 94' lang='lat'><strong>.</strong></span> 
     </span>
    </p>
   </div>
   <div class='ocr_carea' id='block_1_116' title="bbox 2089 5507 2245 5565">
    <p class='ocr_par' dir='ltr' id='par_1_116' title="bbox 2089 5507 2245 5565">
     <span class='ocr_line' id='line_1_118' title="bbox 2089 5507 2245 5565; baseline -0.019 0"><span class='ocrx_word' id='word_1_731' title='bbox 2089 5507 2245 5565; x_wconf 82' lang='lat' dir='ltr'><strong>obiit.</strong></span> 
     </span>
    </p>
   </div>
   <div class='ocr_carea' id='block_1_117' title="bbox 3385 5702 3427 5772">
    <p class='ocr_par' dir='ltr' id='par_1_117' title="bbox 3385 5702 3427 5772">
     <span class='ocr_line' id='line_1_119' title="bbox 3385 5702 3427 5772; baseline 0 0"><span class='ocrx_word' id='word_1_732' title='bbox 3385 5702 3427 5772; x_wconf 87' lang='lat'><strong>8</strong></span> 
     </span>
    </p>
   </div>
  </div>
