4108 6192
300 324 421 386 237

1540 323 2009 392 CHRONICON.
2042 361 2121 376 *-
2150 329 2337 396 ΞΛΕΟ.
2385 330 2486 396 XI.

3597 345 3716 409 238

1677 490 1914 547 CODEX
1948 492 2346 550 AUGIENSIS.

300 584 518 641 abbate
590 583 926 653 decedente,
998 581 1358 658 Nordpertus
1400 585 1701 644 successit.
1748 588 1964 661 Pagani
1993 591 2048 658 Α
2079 591 2181 646 riei
2218 591 2470 665 Lelegeri
2500 592 2688 649 ﬁlium
2714 593 2866 651 bello
2895 566 3133 669 peteret,
3166 598 3239 654 ab
3269 599 3395 673 ipso
3446 603 3635 662 victus
3662 609 3722 663 et

300 673 512 740 Sclavi,
563 673 785 730 Leutizi
831 673 993 741 dicti,
1043 675 1305 731 Saxonia
1336 675 1618 732 terminos
1658 676 1957 733 infestant.

296 764 503 827 Annal,
534 763 780 820 Hildesh.

368 853 614 909 4035111
645 850 813 908 Italia
854 850 1112 908 minores
1158 851 1397 919 milites,
1445 855 1651 910 contra
1688 853 1959 910 dominos

296 958 443 1000 suos
471 941 848 1014 insurgentes
876 946 935 997 et
966 940 1091 997 suis
1118 939 1350 1015 legibus
1376 941 1569 999 vivere
1598 960 1813 1016 eosque
1855 961 1956 1017 op-

292 1031 553 1104 primere
578 1030 861 1096 volentes,
882 1028 1135 1086 validam
1157 1031 1623 1102 eonjurationem
1644 1031 1847 1087 fecere.
1868 1033 1952 1087 Ad

295 1137 447 1194 quos
462 1119 817 1177 coercendos
837 1135 972 1175 eum
994 1118 1280 1192 primores
1296 1120 1537 1176 adunati
1563 1136 1819 1193 pugnam
1843 1119 1953 1177 ini-

292 1215 449 1277 rent,
480 1208 653 1266 multi
682 1208 962 1280 utrinque
990 1207 1361 1265 ceciderunt:
1394 1207 1547 1264 inter
1600 1225 1747 1280 quos
1774 1207 1952 1265 etiam

287 1300 566 1357 Astensis
621 1297 933 1371 episcopus
979 1295 1324 1352 vulneratus
1381 1296 1604 1352 interiit
1658 1296 1851 1368 Hepid.
1886 1328 1951 1338 —

286 1387 611 1445 Adelberto
640 1388 759 1443 dux
785 1385 1093 1443 Carentani
1115 1389 1171 1441 et
1191 1385 1442 1454 Histriae,
1466 1384 1689 1443 amissa
1706 1385 1953 1458 impera-

284 1479 435 1536 toris
465 1477 679 1552 gratia,
710 1476 924 1532 ducatu
957 1490 1189 1548 quoque
1217 1473 1481 1547 privatus
1509 1479 1599 1531 est
1618 1475 1786 1545 (563).
1811 1473 1953 1531 Leu-

284 1567 385 1624 tizi
446 1565 780 1622 Wirbinam
836 1562 1143 1620 castellum
1200 1561 1351 1620 clam
1382 1563 1678 1636 proditum
1711 1563 1953 1645 capiunt

283 1655 634 1728 multosque
661 1658 997 1711 nostrorum
1028 1651 1323 1719 occidunt,
1354 1651 1443 1708 vel
1472 1652 1734 1724 captivos
1766 1652 1950 1708 abdu-

284 1749 446 1802 cunt.
486 1744 830 1816 Imperator,
867 1741 922 1796 vi
951 1741 1200 1797 transito
1233 1740 1403 1797 Albia
1432 1740 1695 1809 ﬂumine,
1727 1741 1953 1813 provin-

285 1836 440 1892 ciam
471 1849 680 1889 eorum
710 1830 1043 1904 ingrediens
1074 1829 1190 1886 late
1218 1826 1426 1885 vastat.
1459 1831 1660 1885 Annal.
1704 1828 1946 1885 Hildesh.

2069 682 2297 753 captus,
2319 681 2771 755 imperatorique
2793 686 3103 757 adductus,
3123 687 3273 744 ferro
3285 705 3410 745 com
3418 692 3651 763 peditus
3664 698 3722 750 et

2068 770 2341 825 custodiae
2365 772 2733 844 mancipatus
2754 772 2956 830 multis
2987 776 3159 832 annis
3190 778 3484 834 detinetur
3512 780 3572 836 in
3594 781 3720 838 vin-

2066 857 2236 913 culis.
2271 859 2483 916 Glaber.
2507 892 2576 904 -—
2598 863 3122 934 lmperatorhieme
3145 865 3372 923 Italiam
3392 869 3555 940 petit.
3575 871 3721 927 San-

2065 945 2431 1004 etimoniales
2462 965 2496 1004 a
2526 949 2742 1006 domna
2768 951 3153 1025 Irmingarda,
3186 955 3343 1011 Welf
3365 958 3596 1015 comitis
3633 958 3718 1016 vi-

2064 1034 2183 1090 dua
2211 1037 2369 1108 apud
2397 1036 2589 1093 Altorf
2611 1055 2715 1111 pro
2746 1039 2971 1096 clericis
2998 1041 3248 1099 collectae
3267 1050 3406 1101 sunt
3436 1048 3609 1120 (566.)

2136 1126 2275 1179 1037
2310 1126 2653 1198 Imperator,
2670 1129 2957 1186 celebrato
2979 1131 3217 1187 Veronae
3233 1134 3435 1191 Natale
3456 1136 3711 1206 Domini,

2060 1229 2165 1285 per
2192 1213 2445 1270 Brixiam
2475 1220 2533 1271 et
2577 1216 2923 1273 Cremonam
2970 1219 3364 1278 Mediolanum
3408 1226 3710 1296 pervenit;

2059 1300 2197 1357 inde
2250 1302 2486 1375 Papiam
2536 1303 2758 1372 adiens,
2810 1306 3188 1365 Herebertum
3219 1310 3711 1370 Mediolanensem
3800 1301 3815 1309 ’

2060 1389 2586 1464 archiepiscOpum,
2609 1394 2971 1451 inﬁdelitatis
2991 1401 3329 1455 accusatum
3352 1402 3712 1472 apprehendi

2051 1479 2257 1550 jussit,
2281 1497 2534 1553 eumque
2565 1481 2819 1555 Popponi
2856 1484 3197 1553 patriarcha-
3227 1487 3587 1559 Aquileiensi
3609 1507 3709 1545 cu-
3820 1476 3829 1483 l

2060 1567 2434 1624 stodiendum
2457 1570 2888 1627 commendavit
2909 1590 2923 1641 ;
2943 1573 3044 1645 qui
3066 1573 3205 1647 fuga
3224 1573 3461 1648 elapsus
3486 1578 3712 1635 eunetis

2058 1656 2280 1712 viribus
2310 1658 2499 1713 eidem
2529 1658 2864 1731 imperatori
2897 1661 3177 1719 rebellare
3207 1666 3523 1721 contendit.
3560 1667 3709 1740 Wip;

2060 1744 2180 1800 Otto
2194 1747 2333 1801 Fris.
2354 1777 2420 1787 —
2445 1748 2785 1818 Imperator,
2806 1750 3068 1821 paschali
3090 1752 3234 1808 festo
3255 1753 3541 1811 Ravennae
3558 1762 3709 1824 acto,

2058 1834 2418 1891 territcrium
2453 1835 2883 1893 Mediolanense
2923 1840 3173 1911 repetiit,
3224 1843 3428 1898 urbem
3459 1845 3706 1915 obsedit,

292 1925 434 1995 Wip.
467 1954 537 1964 —
568 1921 838 1995 Synodus
869 1936 1087 2025 magna
1110 1919 1266 1993 apud
1295 1919 1623 1975 Triburiam
1655 1919 1729 1975 ab
1760 1919 1951 2017 impe-
1979 1960 2028 2025 B
2058 1921 2319 1990 castella,
2350 1921 2520 2022 villas
2546 1924 2860 2025 omniaque
2890 1925 3110 1982 circum
3142 1930 3214 1984 ad
3246 1926 3490 1986 rebelles
3531 1933 3711 2004 perti-

282 2018 483 2070 ratore
510 2010 751 2068 collecta
779 2014 869 2066 est
897 2009 1068 2081 (564).

352 2101 503 2157 4036
527 2099 849 2172 Piligrinus
876 2097 1238 2154 Coloniensis
1268 2096 1743 2170 archiepiscopus
1754 2097 1949 2153 deces-

282 2192 366 2250 sit
385 2192 561 2264 eique
588 2186 1222 2245 HerimannusOttonis
1235 2186 1476 2243 secundi
1495 2186 1866 2259 imperatoris
1877 2202 1946 2241 ex

287 2280 419 2337 ﬁlia
440 2295 621 2353 nepos
642 2277 951 2334 successit.
982 2277 1150 2348 Wipo.
1173 2306 1237 2316 —
1257 2275 1634 2331 Gebehardus
1647 2275 1944 2330 secundus

291 2368 736 2433 Ratiebonensis
765 2367 1077 2439 episcopus
1104 2382 1200 2421 xvx
1230 2364 1353 2421 Kal.
1385 2364 1580 2420 Martii
1612 2364 1757 2420 obiit
1784 2382 1797 2433 ;
1839 2381 1943 2437 pro

286 2475 410 2531 quo
459 2457 662 2529 tertius
711 2455 1115 2523 Gebehardus,
1165 2453 1414 2509 Conradi
1463 2452 1834 2526 imperatoris
1873 2469 1943 2508 ex

280 2552 476 2604 matre
491 2545 814 2602 Adelheide
833 2544 1030 2612 frater,
1053 2543 1365 2617 episcopus
1382 2542 1705 2599 ordinatur.
1739 2543 1937 2599 Chron.

275 2639 496 2707 August
519 2654 544 2698 ;
573 2637 678 2692 alii
700 2653 801 2691 an.
824 2651 917 2707 pr.
948 2665 1015 2674 —-
1046 2632 1330 2701 Henricus
1360 2649 1478 2699 rex,
1513 2630 1667 2687 filius
1689 2631 1940 2705 impera-

274 2728 452 2794 toris,
474 2723 894 2782 Chunihildem
911 2721 1215 2789 Cnutonis,
1238 2722 1530 2777 Danorum
1549 2724 1606 2776 et
1619 2720 1939 2794 Anglorum

270 2817 437 2889 regis
453 2811 966 2886 tiliam,regalibus
978 2810 1089 2868 sibi
1110 2811 1266 2883 apud
1283 2809 1703 2883 Noviomagum
1717 2809 1938 2882 nuptiis

270 2904 583 2980 copulavit
612 2918 872 2959 uxorem.
903 2900 1104 2955 Annal.
1138 2899 1372 2957 Hildesh.
1406 2929 1475 2939 ——
1505 2898 1806 2955 Couradus
1835 2916 1938 2972 pa-

269 2994 491 3052 truelis
517 2989 892 3064 imperatoris
914 2990 1097 3063 patris
1117 2988 1210 3045 sui
1230 2990 1510 3045 ducatum
1534 2987 1593 3057 in
1615 2989 1936 3045 Carentano

269 3091 333 3142 et
359 3085 422 3141 in
458 3082 707 3149 Histria,
737 3095 912 3152 quem
940 3077 1223 3134 Adelbero
1253 3077 1560 3141 habuerat.
1590 3078 1662 3133 ad
1695 3078 1939 3150 impera-

274 3180 402 3231 tore
431 3171 680 3243 recepit.
712 3169 977 3225 Iidem.—-
998 3167 1404 3224 Heremanuus
1424 3183 1657 3239 quoque
1677 3167 1793 3222 dux
1812 3166 1936 3223 Ale-

272 3262 542 3319 mannis
574 3257 877 3315 marcham
909 3256 1092 3312 soceri
1114 3255 1205 3311 sui
1233 3255 1712 3329 Megiufridi(565
1732 3256 1789 3311 in
1818 3257 1929 3312 lta-

2056 2012 2253 2067 nentia
2278 2011 2548 2080 vastavit,
2583 2012 3033 2085 Conjuratorum
3084 2033 3220 2073 vero
3267 2034 3508 2075 manum
3542 2021 3709 2078 facile

2054 2100 2435 2173 compescuit,
2459 2100 2661 2173 eisque
2680 2100 2888 2174 legem,
2904 2120 3081 2175 quam
3099 2109 3156 2161 et
3174 2106 3469 2177 prioribus
3489 2108 3705 2166 habue-

2054 2192 2187 2244 rant
2212 2189 2597 2261 temporibus,
2627 2191 2843 2263 seripto
2883 2193 3193 2249 roboravit.
3222 2196 3419 2268 Hepzd.
3453 2228 3519 2239 —
3550 2198 3706 2272 Papa

2051 2277 2400 2334 Benedictus
2428 2278 2772 2334 Cremonam
2803 2281 2876 2335 ad
2908 2281 3318 2354 imperatorem
3342 2286 3520 2341 venit.
3564 2287 3704 2361 Epi-

2050 2367 2208 2439 scopi
2236 2364 2628 2432 Placentinus,
2663 2368 3074 2426 Cremonensis
3104 2375 3164 2426 et
3206 2372 3588 2430 Vercellensis
3611 2374 3702 2431 in-

2050 2456 2236 2512 cusati
2267 2454 2340 2510 ab
2369 2453 2740 2526 imperatore,
2769 2458 3040 2530 captique
3069 2463 3126 2514 et
3153 2459 3213 2514 in
3235 2452 3504 2521 eisilium
3535 2463 3703 2520 missi

2049 2548 2210 2600 sunt.
2244 2544 2443 2599 Annal.
2478 2544 2679 2600 Hildes.
2708 2562 2721 2612 ;
2758 2546 2891 2618 Wip.
2919 2578 2988 2586 —-
3007 2548 3138 2620 Ipso
3159 2565 3313 2605 anno
3332 2552 3705 2623 pugnaioter

2047 2632 2306 2689 Odonem
2336 2632 2568 2689 Gallica;
2597 2635 2926 2706 Campania:
2970 2636 3317 2710 principem,
3362 2644 3420 2695 et
3446 2640 3701 2697 Gozzilo-

2049 2738 2179 2778 nem
2228 2722 2376 2794 (.567)
2431 2722 2917 2797 Lotharingorum
2970 2725 3178 2781 ducem
3211 2728 3546 2797 commissa,
3578 2729 3701 2785 Odo

2046 2810 2235 2870 victus
2266 2816 2322 2866 et
2350 2828 2484 2866 eum
2515 2812 2641 2867 suis
2673 2812 2908 2884 fugatus
2940 2813 2998 2868 in
3032 2813 3161 2886 ipsa
3193 2815 3332 2888 fuga
3359 2821 3700 2891 peremptus

2045 2898 2284 2955 interiit.
2318 2900 2449 2955 Red.
2485 2898 2699 2955 Glaber.
2734 2900 2863 2956 hist.
2898 2902 2935 2957 l.
2962 2919 3043 2969 III,
3075 2919 3122 2957 ε.
3146 2903 3199 2959 9.

2118 2988 2271 3045 208
2304 2989 2441 3043 1038
2470 2987 2616 3044 Cum
2648 2989 2975 3061 imperator
3002 2991 3265 3065 Natalem
3297 2993 3529 3050 Domini
3561 2995 3697 3051 Par-

2045 3094 2152 3132 mae
2184 3080 2399 3150 ageret,
2432 3082 2559 3133 orto
2583 3077 2733 3132 inter
2753 3078 2921 3134 Parm
2938 3096 3108 3136 enses
3125 3082 3279 3138 cives
3300 3088 3357 3137 et
3375 3084 3696 3141 exercitum

2042 3165 2324 3236 tumultu,
2344 3164 2515 3221 multi
2537 3166 2893 3235 ceciderunt,
2911 3172 2968 3224 et
2988 3167 3256 3240 pluribus
3278 3170 3493 3226 civium
3512 3173 3694 3228 truci-

2042 3254 2351 3326 datis,ipsa
2373 3253 2576 3310 civitas
2594 3254 2862 3310 incendio
2876 3265 3226 3331 consumpta
3244 3263 3351 3315 est.
3365 3260 3693 3333 Wippo;0tto

270 3352 354 3408 lia
381 3352 462 3408 ab
492 3350 851 3420 imperatore
880 3344 1365 3418 accepit.:Leutizi
1388 3343 1574 3400 Selavi
1594 3327 1935 3419 imperatori
1963 3327 2008 3395 (ἶ
2044 3345 2183 3400 Fris.
2213 3375 2280 3383 —
2302 3343 2458 3415 Papa
2476 3343 2977 3417 archiepiscopum
3001 3327 3494 3405 Mediolanensem
3517 3349 3695 3424 impe-

271 3438 599 3513 veetigales
628 3436 790 3493 facti.
822 3436 967 3492 πυτ
1005 3432 1368 3502 Bucbardus,
1400 3434 1810 3507 Lugdunensis
1840 3452 1933 3490 ar-

276 3528 722 3602 chiepiscopus,
754 3524 873 3580 imo
892 3528 1199 3596 tyrannus,
1232 3525 1290 3578 et
1316 3520 1636 3595 sacrilegus
1664 3522 1933 3582 ecclesia-

278 3636 407 3675 rum
440 3616 834 3694 depraedator,
865 3611 1113 3681 adulter,
1144 3612 1532 3679 ineestuosus,
1564 3628 1700 3667 eum
1729 3611 1938 3668 Vodal-
1986 3654 1995 3666 .

2042 3432 2219 3488 ratori
2251 3431 2441 3488 adhuc
2471 3431 2846 3489 rebellantem
2864 3437 3353 3492 exeommunicat.
3395 3439 3599 3511 Wippo.
3625 3470 3693 3482 —

2045 3526 2367 3594 Imperator
2380 3537 2516 3577 eum
2530 3520 2685 3576 ultra
2701 3522 2994 3579 Romanas
3007 3530 3203 3596 partes
3214 3528 3693 3601 peragra‘sset,in-

2045 3611 2234 3682 deque
2255 3626 2359 3683 per
2375 3610 2652 3666 Adriatici
2674 3612 2854 3667 maris
2866 3629 2997 3669 oras
3014 3620 3317 3684 remearet,
3328 3633 3525 3673 mense
3536 3617 3566 3673 J
3574 3617 3693 3674 ulio

1334 3709 1805 3766 COMPENDlUM
1848 3710 1940 3767 EX
1977 3708 2232 3766 CODlCE
2270 3706 2647 3765 BERNOLDI.

349 3807 494 3863 1035
517 3802 779 3877 Synodus
806 3816 1017 3873 magna
1034 3798 1179 3872 apud
1196 3800 1504 3855 Triburiam
1522 3799 1594 3855 ab
1614 3802 1941 3872 imperatore

276 3898 508 3953 collecta
534 3897 637 3950 est.
669 3891 737 3948 Al
768 3907 865 3947 an.
896 3905 1020 3961 seq.

348 3986 497 4042 £036
516 3982 802 4051 Piligrino
818 3979 1128 4036 Coloniensi
1135 3979 1533 4051 archiepiscopo
1550 3980 1937 4048 Herimannus,

280 4073 566 4131 Gebhardo
593 4070 831 4128 secundo
863 4069 1240 4125 Ratisbonensi
1265 4069 1508 4140 episcopo
1533 4068 1787 4139 defuncto
1834 4077 1939 4125 ter-

282 4166 393 4220 tius
424 4159 779 4219 Gebehardus
824 4159 1099 4213 successit.
1150 4160 1423 4213 Henricus
1463 4172 1629 4212 rex...
1668 4154 1944 4230 copulavit

280 4269 536 4309 mrem.
572 4249 855 4306 Leutizi...
885 4246 1175 4317 vectigales
1201 4246 1355 4317 facti,
1388 4250 1455 4301 ut
1472 4247 1618 4319 Aug.
1644 4246 1945 4318 Imperator

282 4342 463 4399 hieme
492 4339 719 4396 Italiam
737 4336 896 4409 petit.

347 4431 498 4487 4037
530 4427 855 4498 Imperator,
886 4424 1116 4496 Papiam
1148 4422 1363 4487 adiens,
1379 4422 1725 4478 Heribertum
1746 4422 1943 4479 Medio-

279 4521 575 4575 lanensem
610 4515 1079 4585 archiepiscopum
1130 4509 1481 4582 inﬁdelitatis
1536 4519 1847 4567 accusatum
1883 4513 1946 4566 in

278 4609 597 4665 Modiam
649 4605 822 4671 misit,
856 4604 975 4674 qui,
1031 4602 1164 4672 fuga
1208 4601 1448 4672 elapsus,
1494 4601 1709 4655 cunctis
1738 4601 1947 4656 viribus

280 4696 623 4770 imperatori
650 4692 914 4749 rebellare
940 4687 1232 4746 contendit.
1265 4689 1566 4760 Imperator
1578 4688 1945 4744 Mediolanum

277 4785 516 4853 obsedit,
542 4790 599 4839 et
626 4783 1045 4853 circumquaque
1062 4777 1313 4849 quaelibet
1330 4775 1400 4831 ad
1420 4776 1650 4833 rebelles
1662 4778 1945 4847 pertinen-

274 4877 363 4930 tia
412 4872 751 4929 derastavit.
816 4868 928 4924 Odo
971 4868 1249 4939 princeps,
1298 4865 1532 4922 Gallice
1559 4866 1885 4937 Campaniae
1911 4882 1947 4921 a

2050 3797 2336 3854 Gomilone
2348 3796 2809 3869 Lotharingorum
2817 3799 2951 3855 duce
2972 3817 3158 3871 pugna
3170 3804 3343 3857 victus
3371 3804 3699 3876 fugiensque

2046 3905 2082 3943 a
2111 3886 2346 3959 quodam
2371 3886 2550 3941 milite
2570 3886 2851 3942 occiditur.

2127 3988 2139 4030 ι
2153 3978 2599 4047 Ο38ι1ηιρεναιον,
2622 3992 2747 4030 cum
2761 3976 3011 4032 Natalem
3027 3978 3246 4034 Domini
3264 3981 3480 4036 Parmae
3496 3986 3699 4053 ageret,

2048 4070 2167 4121 orto
2195 4065 2435 4120 tumultu
2466 4066 2611 4119 inter
2639 4066 2969 4122 Parmenses
2995 4076 3048 4122 et
3082 4072 3404 4135 exercitum,
3443 4056 3703 4145 utrinque

2047 4155 2234 4215 mulli.
2266 4155 2362 4209 sed
2390 4170 2461 4208 ea:
2490 4155 2885 4210 Parmensibus
2908 4157 3099 4227 plures
3126 4158 3454 4226 ceciderunt,
3503 4166 3554 4217 et
3583 4163 3703 4234 ipsa

2048 4244 2241 4298 civitas
2263 4241 2512 4297 incendio
2549 4252 2865 4315 consumpta
2909 4248 3006 4300 est.
3058 4251 3211 4317 Papa
3239 4250 3705 4322 archiepiscopum

2050 4333 2503 4388 Mediolanensem
2529 4334 2865 4404 imperatori
2912 4335 3163 4390 rebellem
3191 4340 3699 4395 excommunicauit.

2053 4421 2400 4476 Chunihildis
2429 4421 2576 4492 (568)
2607 4424 2979 4494 regina,ua:or
3000 4426 3229 4479 Henrici
3244 4427 3530 4495 regis,xvn
3551 4425 3701 4497 (569)

2052 4511 2173 4567 Ral.
2193 4511 2356 4579 Aug,
2387 4518 2438 4565 et
2466 4511 2813 4566 Hermannus
2841 4510 2957 4567 dua:
2984 4512 3321 4567 Alemanniae
3341 4530 3394 4567 v.
3420 4514 3538 4569 Kal.
3560 4514 3699 4583 Aug.

2050 4616 2178 4655 cum
2205 4600 2397 4654 multis
2427 4599 2557 4653 aliis
2586 4600 2648 4653 in
2674 4600 2839 4654 Italia
2868 4600 3065 4655 obiere.
3100 4600 3400 4672 Stephanus
3429 4617 3531 4656 rex
3557 4603 3705 4657 Hun-

2050 4703 2310 4761 garorum
2340 4688 2496 4743 bona?
2521 4689 2804 4743 memoriae
2831 4688 2987 4751 obiit,
3019 4690 3114 4759 qui
3160 4690 3398 4759 seipsum
3442 4705 3568 4744 cum
3596 4696 3705 4746 tota

2053 4780 2212 4848 gente
2239 4775 2308 4831 ad
2336 4775 2497 4846 ﬁdem
2529 4774 2730 4831 Christi
2756 4778 3057 4838 convertit;
3103 4794 3201 4849 pro
3243 4793 3347 4849 quo
3400 4781 3596 4847 Petrus
3610 4795 3706 4834 re-

2054 4867 2261 4935 gnavit.
3127 4884 3131 4888 ν

1881 4962 2116 5020 ΝΟΤᾸΕ.

378 5060 515 5129 363)
544 5057 680 5114 Vid.
712 5072 893 5130 supra
920 5071 1014 5110 an.
1044 5053 1201 5109 1012.

378 5064 515 5129 363)
546 5064 680 5114 Vid.
712 5072 893 5130 supra
920 5071 1014 5110 an.
1044 5064 1201 5109 wlz.

340 5064 514 5259 £56”
576 5126 794 5186 Coneil.
851 5126 1072 5194 Germ.,
1129 5130 1172 5179 t.
1238 5122 1336 5189 III,
1384 5138 1441 5194 p.
1486 5123 1611 5187 103,
1643 5140 1710 5207 εξ
1738 5122 1945 5179 Annal.

340 5224 357 5257 ι
382 5202 513 5259 des.
550 5206 611 5257 et
638 5200 771 5256 Sax.
803 5199 875 5254 ad
907 5213 1129 5252 annum
1159 5200 1503 5259 sequentem
1530 5211 1542 5259 ;
1576 5194 1789 5259 Pagius
1817 5211 1945 5251 vero

288 5194 513 5259 Hildes'.
550 5206 611 5257 et
638 5200 771 5256 Sax.
803 5199 875 5254 ad
907 5213 1129 5252 annum
1159 5200 1503 5267 sequentem
1530 5211 1542 5262 ;
1576 5194 1789 5268 Pagius
1817 5211 1951 5251 vero

288 5276 365 5331 ad
392 5275 559 5329 hunc
589 5287 809 5328 annum
841 5268 1037 5325 refert.

358 5337 1565 5429 $565));‘esinfridus.m9€9§i9.-93E‘i‘f’i‘.
1595 5341 1749 5429 ἐξείη»
1781 5337 1951 5408 cuius

288 5407 477 5474 ﬁliam
497 5407 887 5471 'Adelheidem
920 5412 1166 5468 duxerat
1196 5408 1566 5465 Hermannus
1595 5407 1686 5463 IV.

361 5488 521 5560 (566)
552 5486 685 5560 Jam
714 5489 887 5542 antea
915 5501 948 5560 a
977 5479 1539 5560 Gsuelliseomitibus
1571 5480 1723 5551 apud
1755 5478 1951 5560 Alton:

292 5551 572 5617 munster
624 5558 686 5614 in
740 5554 983 5613 Bavaria
1007 5552 1448 5625 Benedictinum
1480 5551 1950 5625 virorumtapud

292 5632 490 5693 Alteri
510 5646 650 5690 vero
680 5629 739 5690 in
770 5627 984 5689 Suevia
1010 5625 1169 5685 aliud
1200 5623 1493 5701 virginum
1513 5622 1623 5682 fuit
1650 5622 1951 5683 conditum

2060 5053 2130 5108 ad
2185 5052 2400 5106 Vineas
2448 5054 2648 5122 postea
2693 5049 3082 5107 nominatum.
3134 5054 3299 5110 Circa
3346 5054 3466 5110 haec
3512 5058 3709 5110 autem

2058 5129 2323 5196 tempora
2345 5122 2511 5178 sedes
2534 5139 2673 5196 suas
2694 5122 2939 5178 invicem
2954 5130 3363 5196 permutarunt
3377 5126 3551 5196 ;quod
3565 5126 3711 5181 Hess

2060 5192 2261 5250 Prodr.
2297 5192 3025 5266 MoniGuelLAadiannu'm
3064 5198 3195 5250 1047
3226 5192 3549 5266 consignat.

2130 5263 2505 5338 (567)_Gozilo
2532 5282 2633 5321 seu
2668 5264 2909 5321 Gothelo
2940 5267 2961 5322 Ι
2993 5268 3301 5338 utriusque
3325 5263 3710 5336 Lotharingiie

2061 5338 2180 5392 dux
2210 5357 2243 5391 a
2266 5336 2533 5408 Conrado
2562 5337 2704 5408 imp.
2741 5338 3113 5393 constitutus.

2133 5407 2279 5479 (568)
2308 5406 2475 5479 Aliis,
2498 5405 2674 5463 etiam
2721 5408 2980 5463 Elildrud
3025 5413 3127 5462 aut
3154 5406 3449 5479 Cunigunt
3474 5405 3710 5474 dicitur,

2063 5478 2290 5551 mutoto
2321 5478 2641 5551 nominciin
2677 5479 3049 5534 coronationo
3089 5480 3288 5551 li’z’ppo.

2133 5550 2280 5624 (569)
2311 5550 2487 5624 Codd.
2525 5550 2813 5607 Murensis
2843 5556 2897 5606 et
2927 5547 3338 5607 Gottwic‘ensis
3372 5549 3582 5607 melius
3606 5547 3710 5611 ha-

2063 5622 2219 5683 bent.
2255 5622 2327 5682 av
2357 5622 2477 5685 Kal.
2510 5623 2647 5698 Aug.
