4152 6186
480 313 599 375 259

1292 301 1709 366 HERMANNI
1751 297 2194 363 CONTRACTI
2239 294 2655 362 AUGIENSIS
2701 294 3079 360 MONAGHI.

3763 295 3884 358 260

1519 459 1726 516 CODD.
1770 456 2301 516 GOTI‘WICENSIS
2342 456 2429 512 ET
2468 455 2850 513 MURENSIS.

487 546 521 565 ί
554 566 703 626 1053
719 566 1037 641 Imperator
1056 578 1190 618 cum
1203 560 1417 616 domno
1436 562 1596 631 Papa
1613 555 1879 613 Natalem
1893 554 2126 612 Domini
2158 555 2209 624 Α
2243 554 2315 611 ab
2339 554 2689 629 imperatore
2718 569 3029 628 reposcens
3066 553 3371 628 exegisset,
3422 553 3663 610 demum
3694 553 3884 628 impe-

482 655 821 714 Wormatias
852 654 986 727 egit,
1021 651 1119 707 ubi
1153 666 1287 706 cum
1329 647 1661 721 papa,sicut
1689 646 1912 701 dudum
1944 645 2118 700 inem-

479 750 660 821 pcrat,
698 743 1041 800 Fuldensem
1065 738 1387 803 abbatiam,
1422 734 1654 808 aliaque
1684 733 1970 790 nonnulla
1997 733 2125 790 loca

479 842 537 892 et
567 832 984 903 coenobia,quaa
1006 829 1240 885 S.Petro
1263 823 1587 897 antiquitus
1612 825 1828 879 donata
1842 823 2127 889 feruntur,

2232 648 2411 713 rator,
2444 643 2721 716 pleraque
2749 643 2808 699 in
2831 641 3255 700 Ultraromanis
3284 642 3552 715 partibus
3598 643 3670 699 ad
3701 659 3881 700 suum

2227 734 2331 804 jus
2356 731 2707 804 pertinentia
2719 748 2823 804 pro
2840 731 3158 804 Cisulpinis
3171 732 3342 805 quasi
3356 748 3461 804 per
3471 731 3883 789 concambium

2238 820 2325 877 ἱΙΙι
2348 820 2786 894 tradidit,eique
2816 824 3019 876 contra
3037 824 3511 878 Normannorum
3540 819 3882 879 violentiam

1891 937 2077 993 EDIT.
2119 935 2454 993 URSTISII.

476 1056 711 1108 ruerunt
727 1043 1034 1103 miraculis.
1070 1038 1395 1096 Canstantiae
1423 1021 1653 1093 basilica
1677 1040 1739 1094 S.
1784 1035 1976 1093 Mariae
2001 1050 2118 1090 car-

477 1141 614 1194 ruit.

551 1226 692 1282 1053
721 1224 1022 1294 Imperator
1049 1234 1173 1275 cum
1219 1217 1440 1272 domina
1480 1230 1623 1285 papa
1666 1214 1963 1284 multisque
2005 1213 2119 1283 epi-

476 1316 652 1387 scopis
681 1320 731 1369 et
753 1308 1098 1383 principibus
1128 1305 1379 1362 Natalem
1416 1302 1631 1358 Domini
1666 1302 1969 1358 Warmatiz
1991 1302 2118 1372 egit,

478 1405 575 1459 ubi
600 1417 727 1457 cum
747 1415 966 1471 papa...
1000 1395 1094 1450 illi
1114 1409 1213 1466 per
1251 1390 1625 1448 concambium
1673 1389 1923 1445 tradidit.
1957 1389 2122 1445 Cum-

479 1504 580 1560 que
601 1487 747 1542 idem
768 1500 916 1556 papa
943 1481 1010 1537 de
1033 1485 1480 1538 Narmannorum
1508 1477 1784 1533 vialentiis
1802 1485 1854 1533 et
1873 1478 2122 1547 injuriis,

479 1579 575 1650 qui
604 1592 690 1632 res
717 1573 937 1629 S.Petri
962 1587 1021 1626 se
1056 1570 1228 1625 invito
1248 1570 1305 1623 vi
1332 1566 1785 1632 tenebant,multa
1802 1569 2124 1639 conquestus

476 1675 630 1733 esset,
663 1663 734 1718 ad
761 1664 856 1718 has
894 1661 1063 1716 etiam
1110 1658 1238 1713 inde
1284 1656 1689 1728 prapulsandos
1737 1656 2036 1727 imperator
2071 1656 2125 1710 ei

478 1755 699 1810 auxilia
742 1750 1028 1821 delegavit.
1090 1749 1168 1802 Ea
1224 1745 1497 1817 siquidm
1551 1761 1682 1816 gens
1728 1761 1762 1798 a
1791 1744 2125 1818 temporibus

473 1844 680 1916 prioris
729 1840 963 1897 Henrici
1008 1837 1355 1908 imperatoris
1401 1836 1461 1888 in
1519 1833 1824 1901 Calabriw,
1881 1832 2125 1890 Samnis?

481 1890 1110 2003 parte;
1128 1890 1406 1995 paulatim
1429 1938 1499 1978 ea:
1528 1921 1724 1977 Gallici
1769 1890 1880 1977 aris
1928 1922 2127 1978 Oceani
2154 1890 2199 1955 Β

479 2021 790 2078 (ιο-Ιυεηιίιία
817 2015 1160 2087 conﬂuebat;
1189 2017 1261 2081 et,
1293 2013 1429 2084 quia
1457 2011 1765 2068 bellicasiar
1786 2011 1989 2067 Italicis
1999 2026 2125 2081 gen-

482 2113 627 2169 tibus
683 2107 989 2175 videbatur,
1043 2104 1225 2175 primr
1280 2108 1567 2172 gratanter
1635 2102 1871 2171 accepta,
1936 2099 2123 2155 crebra

476 2200 754 2267 indigenis
782 2198 972 2251 contra
1000 2191 1313 2248 Graecarum
1359 2192 1410 2245 et
1457 2188 1887 2244 Sarracenorum
1936 2190 2122 2244 incur-

477 2291 656 2343 siones
684 2284 945 2340 audacter
970 2278 1281 2353 praelianda
1307 2277 1711 2333 auxiliabatur.
1754 2281 1948 2332 Postea
1973 2292 2119 2346 vero,

472 2370 728 2448 pluribus
781 2387 971 2428 eorum
1024 2367 1096 2423 ad
1155 2367 1378 2422 uberem
1431 2373 1635 2421 terram
1689 2366 2121 2435 occurrentibus,

474 2464 691 2519 viribus
727 2459 968 2524 adaucti,
1016 2455 1280 2527 indigetes
1338 2453 1474 2510 bella
1525 2469 1795 2525 premere,
1854 2455 2123 2526 injustum

476 2553 825 2608 dominatum
866 2545 1145 2615 invadere,
1205 2542 1509 2599 heredibus
1568 2543 1829 2613 legitimis
1876 2544 2118 2611 castella,

475 2641 711 2712 praedia,
736 2637 925 2720 villas,
957 2634 1161 2701 damas,
1193 2648 1387 2688 uetares
1419 2632 1585 2687 etiam
1613 2632 1808 2702 quibus
1850 2632 2011 2688 libuit
2065 2634 2124 2688 vi

475 2733 715 2802 auferre,
750 2742 837 2783 res
865 2724 1223 2781 eeclesiamm
1251 2721 1516 2792 diripere,
1544 2730 1810 2793 postrema
1851 2720 2041 2776 divina
2070 2724 2121 2778 et

475 2820 725 2875 humana
767 2815 975 2878 omnia,
1028 2814 1191 2884 prout
1241 2812 1452 2865 viribus
1501 2811 1628 2881 plus
1687 2813 1956 2881 poterant,
1981 2810 2121 2882 jura

480 2907 829 2979 can/undere,
892 2919 987 2958 nec
1035 2902 1158 2973 jam
1204 2900 1496 2971 apostolica
1537 2901 1806 2970 pontiﬁci,
1863 2917 1962 2955 nec
2014 2903 2121 2973 ipsi

479 2996 822 3068 imperatori,
850 2993 964 3048 nisi
1010 2995 1226 3046 tantum
1256 2978 1418 3047 verba
1464 2990 1618 3043 tenus
1664 2988 1868 3044 cedere.
1915 3020 1982 3030 —
2039 2991 2122 3046 Ad

406 3106 417 3115 ·
474 3087 674 3142 harum
701 3086 873 3156 igitur
899 3081 1118 3151 nefaria
1145 3086 1196 3134 et
1224 3077 1632 3133 inextricabilia
1677 3078 1880 3133 scelera
1926 3078 2041 3134 illis
2090 3094 2121 3134 e

470 3175 727 3248 partibus
763 3167 1144 3233 eliminanda,
1156 3167 1549 3238 indigenasque
1576 3167 1644 3220 ab
1674 3167 1756 3221 eis
1786 3166 2117 3234 liberandas,

2224 1035 2398 1107 pacis,
2428 1035 2674 1106 pietatis,
2712 1032 2895 1089 divini
2917 1033 3160 1101 timoris,
3190 1032 3635 1106 multimodaepue
3662 1035 3881 1092 virtutis

2229 1127 2432 1192 tenore,
2466 1124 2525 1178 in
2553 1137 2657 1193 qua
2684 1121 2749 1178 de
2777 1121 2867 1178 die
2895 1123 2957 1177 in
2984 1120 3135 1178 diem
3162 1122 3421 1178 debuerat
3447 1123 3875 1195 praﬁcere,pau-

2233 1210 2392 1267 latim
2452 1210 2522 1266 ad
2578 1215 2848 1282 quaestum
2892 1213 2943 1266 et
2998 1212 3277 1267 incuriam
3300 1209 3591 1284 quamdam
3630 1210 3876 1282 deﬁcere,

2228 1300 2569 1372 multumque
2622 1316 2682 1356 se
2739 1301 2857 1372 ipsa
2910 1299 3233 1356 deteriorem
3285 1303 3407 1372 fore
3478 1300 3868 1357 causabantur.

2228 1389 2568 1459 Altdarfense
2621 1388 2924 1444 ccenabium
2981 1387 3109 1459 igne
3163 1389 3510 1444 consumitur
3562 1388 3734 1462 (648),
3765 1390 3875 1446 Da-

2229 1480 2413 1534 minus
2438 1493 2608 1550 papa,
2638 1476 2833 1533 habita
2855 1481 2980 1549 post
3009 1481 3220 1533 Pascha
3246 1477 3455 1549 synodo
3490 1478 3660 1551 (649),
3688 1485 3882 1536 eam

2227 1568 2587 1633 Narmannas,
2619 1574 2680 1621 ut
2700 1574 3080 1638 proposuerat,
3121 1552 3425 1622 eaercitum
3471 1569 3677 1629 movit;
3726 1584 3878 1626 cmu-

2232 1673 2337 1728 que
2365 1656 2457 1710 illi
2470 1670 2663 1727 pacem
2684 1657 2925 1727 petentes
2936 1654 3320 1727 subjectianem
3335 1657 3727 1729 servitiumque
3738 1672 3870 1730 pra-

2229 1746 2586 1807 mitterent,et
2613 1758 2738 1817 qua?
2761 1745 2925 1816 prius
2953 1744 3157 1815 injuste
3180 1744 3293 1800 sibi
3316 1752 3640 1816 usurpantes
3660 1746 3880 1803 invase-

2231 1834 2504 1906 rant,ejus
2530 1832 2786 1902 beneﬁcia
2813 1833 3103 1905 gratiaque
3127 1835 3365 1889 retinere
3392 1849 3450 1889 se
3476 1833 3871 1892 velledicerent

2232 1923 2396 1995 idque
2415 1939 2561 1995 papa
2584 1923 2862 1993 abnegans
2891 1923 2949 1977 vi
2970 1926 3021 1978 et
3050 1921 3263 1993 injuria
3294 1926 3482 1995 raptas
3509 1938 3595 1979 res
3629 1923 3685 1979 S.
3716 1924 3881 1980 Petri

2232 2018 2550 2084 reposceret,
2580 2025 2771 2083 easque
2797 2027 3092 2084 perperam
3113 2027 3341 2083 pervasa
3370 2011 3555 2069 cedere
3581 2011 3688 2069 loca
3710 2012 3876 2085 jube-

2231 2106 2339 2169 rel,
2368 2101 2477 2168 illi,
2510 2101 2639 2172 quia
2664 2115 2895 2156 numera
2920 2100 3075 2172 longe
3125 2102 3485 2173 prmstabant,
3543 2103 3703 2174 quasi
3757 2118 3876 2158 rem

2232 2189 2622 2263 impassibilem
2674 2189 2781 2244 sibi
2830 2191 3167 2262 propositam
3219 2191 3536 2262 refutantes,
3599 2207 3657 2247 se
3688 2193 3875 2263 potius

2233 2280 2371 2335 bella
2398 2279 2616 2336 obviam
2642 2279 2836 2346 ituras,
2870 2280 3145 2351 armisque
3173 2278 3498 2349 acquisitam
3521 2279 3875 2351 patriamde—

2229 2370 2500 2440 fensuras,
2556 2359 2668 2422 vel'
2695 2370 2869 2423 marte
2921 2367 3259 2423 occubituros
3294 2366 3642 2425 denuntiant.
3671 2370 3872 2441 Sicque

2229 2475 2326 2513 xxv
2355 2455 2579 2513 Kalend.
2627 2454 2766 2511 Julii
2797 2454 2977 2511 valida
3029 2471 3220 2528 pugna
3285 2458 3634 2528 can/ligentes
3682 2458 3871 2530 prima

2229 2549 2345 2603 acie
2373 2564 2408 2601 a
2432 2546 2772 2602 Theutanicis
2794 2560 2935 2617 pene
2964 2545 3096 2600 victi
3114 2549 3245 2600 sunt
3262 2561 3284 2606 ;
3307 2546 3413 2601 sed
3439 2546 3864 2602 succenturia'is

2226 2637 2398 2707 copiis
2425 2652 2498 2690 ex
2524 2634 2750 2690 insidiis
2777 2640 2989 2689 nostras
3013 2634 3688 2702 circumvenientes,Italis
3706 2636 3872 2691 citius

2228 2732 2382 2793 terga
2409 2721 3112 2792 vertentibus,1'heutanicis
3139 2724 3391 2780 maxima
3434 2738 3509 2778 eae
3547 2727 3728 2795 parte,
3769 2723 3876 2780 sed

2228 2829 2339 2870 non
2365 2814 2557 2880 invite,
2588 2811 3050 2878 occumbentibus,
3079 2811 3282 2867 occulta
3328 2811 3429 2867 Dei
3472 2812 3711 2884 judicia,
3756 2813 3875 2869 sive

2228 2906 2360 2975 quia
2389 2906 2605 2958 tantum
2631 2899 2963 2957 sacerdotem
2988 2901 3299 2972 spiritualis
3344 2901 3528 2970 potius
3571 2917 3738 2974 quam
3759 2917 3863 2974 pro

2225 2992 2444 3048 caducis
2469 2990 2626 3047 rebus
2653 2990 2893 3046 carnalis
2909 3005 3103 3061 pugna
3130 2989 3398 3052 decebat;
3428 2991 3549 3047 sive
3588 2989 3730 3064 quod
3767 3006 3868 3047 ne-

2225 3083 2398 3152 farias
2444 3082 2689 3137 homines
2741 3081 2859 3134 tam
2908 3079 3115 3134 multas
3162 3078 3233 3134 ad
3272 3095 3353 3146 se,
3381 3080 3448 3135 ob
3479 3081 3866 3152 impunin

2225 3171 2488 3227 scelerum
2534 3170 2614 3225 vel
2670 3172 2938 3245 quastum
2989 3184 3240 3237 avarum,
3295 3169 3622 3239 conﬂuentes
3675 3172 3866 3225 contra

470 3267 726 3322 dominus
751 3278 899 3335 papa
928 3260 1180 3315 animum
1210 3255 1516 3324 intendens,
1547 3270 1767 3310 summa
1791 3271 1917 3311 cum
1935 3257 2118 3312 chari-
2148 3260 2192 3327 C
2231 3260 2420 3315 itidem
2472 3259 2712 3314 scelestas
2764 3256 3155 3329 expugnandos
3199 3272 3385 3312 secum
3437 3256 3699 3320 ducebat;
3754 3258 3869 3314 sive

470 3358 579 3418 tate
634 3353 701 3408 ab
758 3352 1088 3421 imperatore
1161 3347 1387 3401 Romam
1460 3359 1703 3399 reversus
1784 3344 2112 3421 digreditur.

469 3441 653 3497 Seculi
691 3440 821 3493 sunt
848 3443 1034 3492 autem
1061 3450 1185 3489 eum
1211 3433 1447 3505 plurimi
1489 3432 1954 3499 'Iheutanicarum,
1983 3451 2114 3504 par-

468 3529 756 3593 timjussu
779 3524 1148 3588 dominorum,
1178 3522 1388 3592 partim
1431 3535 1524 3590 spe
1572 3527 1806 3590 quaestus
1855 3520 2112 3586 adducti;

468 3618 634 3672 multi
661 3617 831 3672 etiam
861 3611 1113 3669 scelerati
1122 3613 1192 3667 .et
1215 3607 1832 3680 pratervi,diversasque
1850 3609 1915 3663 ab
1942 3624 2115 3665 noxas

467 3707 652 3777 patria
679 3704 851 3776 pulsi.
884 3733 950 3743 —
978 3701 1122 3769 Quas
1151 3698 1248 3754 ille
1275 3713 1479 3767 omnes,
1527 3700 1641 3751 tum
1688 3702 1962 3754 consueta
2004 3700 2113 3755 mi-

466 3793 781 3851 sericordiae
807 3791 988 3847 nimia
1014 3787 1399 3859 campassianc,
1430 3787 1547 3839 tum
1573 3786 1741 3840 etiam
1769 3787 1899 3857 quia
1952 3803 2116 3858 opera

467 3900 656 3939 eorum
685 3881 755 3938 ad
785 3880 1080 3937 imminens
1108 3876 1394 3933 videbatur
1440 3873 1643 3929 bellum
1692 3874 1957 3944 indigere,
2006 3877 2115 3931 cle-

471 3976 684 4028 menter
710 3978 761 4027 et
789 3972 1074 4038 gratanter
1096 3964 1426 4037 suscipiebat
1454 3963 1625 4033 (647).
1658 3964 1945 4020 Transiens
1990 3980 2116 4036 erga

468 4076 571 4133 per
602 4058 1029 4125 Alemanniam,
1061 4055 1508 4124 Puriﬁcatianem
1536 4052 1592 4108 S.
1634 4052 1817 4108 Mariae
1862 4054 2115 4126 Auguste

466 4150 596 4216 egit,
654 4146 995 4218 Mantuaeque
1043 4143 1509 4213 Quinquagesima
1539 4150 1677 4209 acta,
1731 4143 1783 4197 ei
1829 4143 2115 4199 nonnullis

466 4252 687 4292 suarum
715 4243 831 4290 arta
863 4234 1004 4289 inibi
1035 4232 1266 4288 tumulto
1295 4232 1508 4295 accisis,
1541 4232 1693 4285 intra
1720 4231 1835 4286 dies
1866 4231 2114 4299 Quadra-

465 4325 698 4397 gesimae
727 4324 952 4378 Romam
975 4321 1239 4393 pervenit.
1276 4319 1518 4375 Wibert.
1558 4350 1618 4360 —
1648 4319 1783 4390 Ipsis
1820 4319 2008 4377 diebus
2055 4323 2117 4377 in

468 4412 634 4468 Italia
662 4411 888 4484 quidam
918 4412 1087 4474 lacus,
1111 4425 1243 4482 quos
1268 4409 1450 4465 Julius
1480 4407 1819 4478 quandam...
1859 4411 2115 4466 mortales

463 4502 742 4573 absumpti
763 4504 909 4557 sunt.
941 4502 1272 4571 Imperatare
1313 4499 1375 4553 in
1423 4496 1674 4553 Samnio
1723 4497 1870 4569 apud
1915 4498 2111 4556 Merse-

466 4590 602 4660 burg
623 4593 1017 4651 cammanente,
1047 4604 1173 4645 cum
1203 4602 1329 4656 rege
1357 4588 1639 4642 Danarum
1666 4585 1876 4642 Pascha
1931 4592 2107 4659 egit...

464 4680 669 4736 ducatu
714 4680 976 4750 privavit.
1029 4678 1144 4746 Qua
1198 4683 1442 4747 tempora
1485 4675 1644 4745 regni
1687 4678 1803 4729 tam
1844 4678 2117 4747 primores

466 4784 630 4839 quam
662 4769 974 4839 inferiores,
1005 4774 1199 4823 contra
1231 4766 1614 4836 imperatorem
1643 4764 1817 4835 magis
1840 4767 2119 4838 magisque

463 4856 833 4922 mussitantes,
857 4857 979 4926 jam
1004 4854 1215 4913 dudum
1246 4870 1369 4909 eum
1416 4853 1485 4909 ab
1537 4854 1807 4910 inchoatae
1860 4855 2112 4926 iustitia,

2224 3349 2414 3404 divina
2432 3348 2662 3420 justitia
2687 3347 2993 3417 alias,quas
3016 3360 3139 3414 ipsa
3167 3347 3405 3415 navit,ob
3434 3362 3629 3403 causas
3654 3354 3867 3405 nostras

2219 3438 2505 3509 plectente,
2536 3437 2784 3508 quamvis
2811 3436 2981 3491 nimis
3005 3442 3311 3502 ementem,
3333 3434 3506 3492 hostes
3525 3436 3712 3508 adepti
3737 3439 3871 3493 sunt

2222 3528 2530 3583 victoriam.
2573 3527 2791 3598 Ipseque
2818 3523 3071 3580 dominus
3096 3540 3246 3597 papa
3272 3525 3339 3581 in
3381 3524 3612 3598 quadam
3657 3525 3728 3580 ab
3786 3529 3870 3582 eis

2223 3614 2442 3671 castella
2523 3614 2785 3679 obsessus,
2857 3628 2980 3668 cum
3063 3620 3378 3689 expugnata
3441 3614 3562 3685 jam
3629 3613 3866 3686 jamque

2221 3703 2548 3768 munitione,
2599 3702 2915 3757 necessitate
2968 3704 3205 3769 coactus,
3280 3703 3719 3758 communionem
3786 3703 3870 3759 eis

2217 3793 2379 3864 prius
2410 3789 2761 3871 interdictam
2790 3788 3133 3857 reddidisset,
3163 3793 3404 3862 acceptos
3433 3790 3504 3847 ab
3560 3793 3639 3847 eis
3695 3792 3870 3848 Bene-

2222 3888 2440 3937 ventum
2466 3896 2589 3936 cum
2617 3880 2819 3936 honore
2848 3878 3104 3936 reductus
3130 3882 3228 3948 est,
3260 3881 3445 3953 ibique
3491 3887 3730 3953 tempore
3758 3880 3867 3937 ali-

2223 3973 2425 4041 quanta
2474 3968 2740 4036 detentus,
2794 3983 2894 4024 nec
2943 3968 3126 4025 redire
3180 3970 3501 4041 permissus.
3558 3969 3626 4025 Et
3672 3968 3770 4025 hac
3811 3976 3871 4025 et

2221 4057 2489 4129 superiori
2518 4073 2664 4113 anna
2690 4060 2921 4128 frugum
2943 4059 3183 4129 penuria
3210 4058 3353 4128 facta
3382 4062 3465 4114 est
3490 4074 3603 4115 non
3630 4056 3866 4115 modica.

2230 4147 2604 4204 Werinharius
2643 4147 2822 4217 frater
2847 4162 3002 4202 meus
3032 4145 3202 4219 (650),
3233 4147 3522 4218 Augiensis
3549 4148 3867 4214 monachus,

2221 4236 2514 4292 admodum
2543 4235 2724 4291 doctus
2738 4243 2791 4291 et
2809 4236 3072 4305 religioni
3095 4250 3241 4293 verz
3266 4235 3476 4293 deditus
3494 4237 3871 4309 juvenis,cum

2221 4326 2335 4381 alia
2364 4341 2470 4381 mm
2494 4324 2628 4381 acha
2657 4325 2964 4391 Luitharia,
2992 4323 3173 4380 studia
3217 4326 3353 4382 vitae
3376 4326 3720 4397 perfectioris
3760 4328 3868 4397 ﬂa-

2220 4430 2406 4486 grans,
2435 4413 2935 4485 peregrinationem
2961 4414 3109 4469 clam
3130 4429 3234 4486 pra
3264 4413 3479 4470 Christo
3525 4413 3871 4487 aggreditur,

2220 4503 2422 4560 litteris
2447 4519 2512 4559 re
2523 4504 2709 4558 missis
2739 4502 3018 4559 licentiam
3049 4502 3263 4559 abbatis
3286 4503 3576 4575 postulem
3598 4511 3651 4560 et
3694 4504 3875 4576 impe-

2223 4600 2395 4648 trans.
2427 4593 2494 4648 Et
2517 4593 2766 4663 sequenti
2822 4598 3082 4664 tempore,
3129 4591 3430 4655 Richardus
3480 4592 3876 4664 Renaugiensis

2230 4680 2421 4750 abbas,
2451 4688 2504 4737 et
2552 4681 2821 4737 Henricus
2874 4681 3010 4736 item
3067 4682 3365 4752 Augiensis
3415 4680 3733 4751 monachus,
3772 4680 3879 4743 hoc

2223 4770 2531 4841 exemplum
2560 4772 2747 4840 secuti,
2806 4770 3013 4827 relictis
3058 4770 3309 4826 omnibus
3344 4770 3493 4827 idem
3529 4771 3875 4842 propositum

2224 4858 2643 4930 aggrediuntur.
2676 4860 2975 4931 Imperator
3002 4859 3267 4916 Henricus
3294 4875 3493 4931 magna
3536 4859 3692 4932 apud
3750 4858 3872 4916 Trl-

2050 4971 2281 5029 NOTIE.

538 5068 682 5138 (ti/i7)
715 5065 922 5139 Fallor,
957 5071 1058 5139 aut
1085 5066 1413 5122 infaustum
1445 5065 1583 5122 hinc
1633 5066 1963 5139 auspicium
2023 5082 2113 5125 se-

465 5138 941 5213 quentiumdein
969 5138 1370 5213 Cruciatarum
1402 5142 1606 5213 contra
1644 5138 1909 5213 infideles
1940 5155 2111 5213 expe-

466 5209 759 5283 ditionum
776 5209 999 5283 infelici
1034 5210 1380 5283 plerumque
1410 5210 1565 5283 exitu
1599 5211 1974 5282 repetendum
2001 5209 2108 5268 ést.

537 5284 685 5356 (648)
720 5282 847 5356 Vid.
882 5280 1085 5356 adqan.
1122 5280 1699 5356 10_36.’_Co_mbu_stum
1747 5298 1879 5336 vero
1928 5298 2115 5356 emno-

469 5351 624 5410 bium
656 5351 791 5409 dein
814 5354 872 5408 in
897 5352 1105 5409 collem
1128 5351 1809 5418 Altorﬁoimminentem,
1833 5370 1937 5408 ceu
1962 5355 2111 5410 anti-

471 5442 663 5498 quam;
679 5424 1024 5498 principum
1039 5423 1377 5498 sedemnt‘uit
1407 5423 1758 5498 translatum
1790 5425 1853 5481 P.
1889 5426 2035 5481 Hess.

566 5493 1294 5568 A649)'_Yid.],abb.Concil.
1323 5499 1384 5568 t_._
1401 5493 1490 5561 1X,
1525 5511 1581 5568 ρ.
1618 5494 1775 5551 Η4Ο.

559 5564 687 5641 650)
714 5566 858 5627 Hinc
887 5567 1259 5630 Hermannus
1293 5564 1484 5625 adhuc
1514 5564 1723 5637 elucet,
1750 5565 1850 5641 qui
1880 5566 2106 5628 Werin-

2221 5069 2370 5143 harii
2402 5071 2581 5143 hujus
2612 5072 2807 5128 fratris
2826 5071 2930 5129 .sui
2961 5070 3224 5128 Natalem
3256 5072 3349 5143 ad.
3383 5087 3478 5127 an.
3508 5072 3642 5128 1021
3667 5071 3864 5143 notavi

2220 5142 2315 5198 cui
2346 5142 2543 5199 tamen
2574 5160 2919 5214 supremum
2950 5143 3076 5213 ejus
3103 5143 3285 5198 fatum
3317 5142 3477 5199 haud
3535 5142 3871 5201 innotuisse

2221 5214 2612 5286 videtur,cum
2646 5212 2717 5270 de
2746 5231 2813 5269 eo
2844 5212 3049 5286 sileat:
3084 5214 3241 5285 quod
3274 5219 3476 5286 postea
3504 5214 3717 5286 adjecit
3735 5219 3874 5286 Ber-

2222 5282 2454 5359 p_old_us,
2487 5284 2705 5359 quique
2731 5301 2802 5359 ex
2827 5301 2893 5359 eo
2925 5282 3251 5359 hauserunt
3262 5282 3716 5359 codicesAtque
3730 5285 3874 5344 hinc

2222 5302 2454 5352 nomus,
2487 5302 2705 5410 quique
2735 5302 2802 5341 ex
2827 5302 2893 5340 eo
2925 5302 3249 5340 nauseruni
3269 5302 3710 5359 coawes.mque
3730 5302 3868 5344 nine

2222 5354 2549 5411 Urstisiana
2635 5356 2782 5412 ectio
2845 5355 3183 5417 Hermanni.
3239 5356 3343 5413 illa
3404 5374 3539 5415 vero
3593 5357 3868 5416 codicum

2225 5425 2489 5503 Bernoldi
2521 5442 2651 5503 esse
2666 5428 3180 5503 _consotur,_prouti
3217 5429 3393 5485 etiam
3414 5428 3475 5485 in
3506 5429 3878 5503 autographa

2221 5498 2554 5573 Monacensi
2586 5497 2867 5573 habetur,
2889 5497 3001 5573 qui
3020 5514 3125 5573 pro
3158 5515 3320 5573 more
3371 5516 3483 5573 sua
3532 5497 3724 5573 fusius
3749 5497 3863 5565 ἀι)

2220 5567 2556 5630 Hermanno
2588 5573 2823 5629 narrata
2854 5567 2925 5631 in'
2946 5567 3361 5649 compendium
3392 5570 3638 5631 reduxit.
