4152 6186
266 301 380 364 264

1503 305 1984 373 CHRONICON.
2019 347 2094 356 ——
2125 309 2316 373 SIEC.
2363 313 2466 375 XI.

3564 298 3681 384 262

1314 471 1522 528 CODD.
1557 473 2098 530 GOTTWCIENSIS
2129 474 2212 529 ET
2263 475 2647 532 MURENSIS.

286 564 748 637 propulsandam
763 568 980 624 auxilia
1004 568 1309 641 delegavit.
1326 570 1404 625 Ea
1425 571 1717 642 siquidem
1742 588 1886 644 gens
1903 589 1937 627 a
1965 576 2018 638 Α
2048 573 2291 628 demach
2315 573 2925 645 [Haceldamajobiens
2947 575 3190 632 feliciter
3207 580 3504 650 sepelitur.
3520 583 3702 652 Cujus

281 656 650 726 temporibus
683 657 895 728 prioris
947 657 1178 714 Henrici
1233 659 1388 730 regis
1437 661 1589 730 (651)
1645 660 1702 714 in
1735 665 1931 732 partes

277 742 579 811 Calabriae,
603 746 854 802 Samnie
885 746 1332 819 Campaniaeque
1362 748 1672 816 conﬂuxit;
1695 753 1771 816 et,
1796 749 1934 821 quia

273 831 572 905 indigenis
601 839 804 890 contra
837 836 982 892 231
1013 835 1345 892 Graecorum
1378 843 1434 892 et
1478 837 1931 894 Sarracenorum

277 921 648 978 incursiones
677 925 958 980 audacter
977 923 1295 996 praeliando
1326 925 1932 999 auxiliabatur,primo

275 1015 579 1083 gratanter
606 1012 913 1084 accipitur.
949 1013 1154 1069 Postea
1172 1030 1304 1069 vero
1326 1013 1596 1086 pluribus
1625 1031 1827 1071 eorum
1860 1017 1932 1071 ad

279 1099 517 1155 uberem
530 1103 745 1156 terram
764 1102 1270 1170 concurrentibus,
1286 1103 1507 1159 viribus
1522 1104 1751 1160 adaucti
1775 1105 1934 1176 ipsos

281 1187 590 1261 indigetes,
623 1193 680 1244 et
731 1206 934 1246 eorum
966 1207 1060 1246 res
1114 1191 1398 1247 violenter
1454 1193 1783 1264 possedere.
1829 1196 1934 1250 Leo

283 1283 403 1335 0st.
439 1280 479 1332 ι.
515 1295 576 1343 ιι,
607 1295 655 1333 c.
686 1280 778 1334 84.
813 1311 882 1320 ——
917 1279 1076 1336 Unde
1107 1280 1361 1336 domnus
1405 1298 1556 1353 papa
1585 1298 1716 1336 cum
1751 1281 1933 1354 pluri-

280 1365 392 1421 bus
422 1366 920 1423 Theutonicorum
953 1368 1199 1424 Romam
1231 1369 1482 1434 rediens,
1534 1375 1668 1442 post
1712 1371 1936 1427 Pascha

281 1459 484 1512 contra
515 1455 882 1513 Normannos
912 1458 1232 1513 exercitum
1265 1459 1464 1514 movit.
1500 1460 1632 1524 Sed,
1680 1460 1932 1515 exercitu

284 1544 409 1613 ejus
440 1546 658 1617 partim
683 1546 1124 1619 fugato,partim
1151 1546 1338 1602 occiso
1361 1564 1394 1602 a
1415 1548 1788 1617 Normannis,
1809 1549 1936 1621 ipse

285 1648 436 1704 papa
451 1634 513 1688 in
531 1637 788 1705 quodam
811 1634 1050 1690 castello
1067 1634 1139 1690 ab
1161 1635 1244 1690 eis
1265 1637 1731 1702 obsessus,cum,
1756 1653 1935 1709 expu-

287 1727 460 1792 gnata
488 1723 615 1792 jam
642 1724 891 1795 jamque
946 1723 1294 1792 munitione,
1330 1725 1670 1780 necessitate
1701 1731 1936 1782 coactus

289 1811 762 1866 communionem
791 1811 876 1867 eis
929 1812 1092 1883 prius
1143 1813 1509 1867 interdictam
1541 1815 1932 1884 :reddidisset,

287 1905 564 1970 acceptus
593 1900 666 1955 ab
696 1900 802 1966 eis,
860 1900 1251 1956 Beneventum
1311 1904 1504 1956 tamen
1537 1918 1668 1956 cum
1720 1903 1942 1958 honore

290 1988 591 2043 reducitur
617 1987 818 2060 ibique
850 2005 922 2044 ne
967 1988 1201 2055 rediret,
1237 1988 1576 2060 aliquandiu
1628 1991 1939 2047 detinetur.

291 2075 409 2132 Otto
437 2077 683 2146 Frising.
716 2108 784 2117 —
817 2077 963 2149 Ipsis
1023 2077 1232 2132 diebus
1264 2077 1504 2149 quidam
1563 2079 1746 2148 lacus,
1798 2097 1946 2152 quos

290 2164 484 2221 Julius
515 2165 709 2222 Caesar
737 2170 1038 2238 perpetuo,
1067 2170 1132 2222 ut
1160 2167 1498 2238 putabatur,
1521 2169 1744 2239 quadro
1776 2186 1948 2242 opere

293 2253 474 2309 fertur
531 2254 914 2320 obstruxisse,
982 2255 1164 2310 nimia
1218 2272 1506 2327 aquarum
1565 2257 1948 2314 inundatione

294 2342 537 2407 effracti,
565 2343 844 2398 Narniam
877 2344 1094 2399 flumen
1127 2345 1501 2416 Tiberimqne
1524 2345 1676 2402 ultra
1705 2349 1945 2402 modum

298 2432 593 2487 exundare
613 2432 818 2497 fecere,
843 2432 1154 2504 subitaque
1182 2431 1456 2489 illuvione
1479 2435 1664 2490 multa
1684 2437 1946 2502 aedilicia,

300 2520 422 2593 ipse
451 2537 603 2592 pons
632 2521 974 2576 Narniensis
1031 2521 1282 2586 dirutus,
1333 2522 1623 2594 multique
1674 2525 1948 2581 mortales

302 2611 452 2667 232
483 2609 780 2682 assumpti
813 2614 970 2665 sunt.
1031 2609 1352 2682 Imperator
1397 2611 1456 2666 in
1515 2612 1766 2669 Saxonia
1794 2615 1947 2686 apud

300 2699 719 2772 Meresipurch,
753 2705 1148 2755 commorante
1198 2716 1398 2755 secum
1448 2717 1582 2774 rege
1631 2703 1947 2772 Danorum,

301 2790 523 2844 Pascha
553 2789 688 2861 egit,
722 2788 985 2860 ipsisque
1033 2788 1242 2845 diebus
1288 2791 1620 2846 Conradum
1671 2791 1951 2863 Bajoarize

301 2879 532 2944 ducem,
563 2877 656 2932 cui
709 2879 838 2948 jam
867 2878 1032 2949 prius
1090 2878 1356 2934 infensus
1386 2883 1528 2946 erat,
1589 2880 1950 2946 incusatum,

301 2967 697 3039 quorumdam
725 2967 1052 3038 principum
1073 2966 1298 3037 judicio
1320 2969 1535 3023 ducatu
1560 2971 1951 3040 privavit.Quo

301 3061 562 3128 tempore
579 3061 636 3110 et
660 3056 914 3125 majores
934 3056 1258 3111 etminores
1271 3057 1432 3128 regni
1457 3058 1865 3129 imperatorem
1892 3076 1952 3115 se

300 3145 425 3216 ipso
448 3144 702 3200 multum
725 3144 1070 3200 deteriorem
1101 3145 1218 3200 fore
1239 3147 1652 3202 causabantur.
1670 3148 1738 3202 Et
1759 3147 1865 3204 hoc
1895 3153 1953 3204 et

305 3233 588 3304 superiori
611 3249 766 3288 anno
791 3234 958 3304 I'rugu
971 3249 1025 3287 m
1045 3233 1287 3304 penuria
1304 3234 1453 3289 facta
1469 3240 1557 3290 est
1571 3253 1685 3291 non
1702 3237 1948 3292 modica.

1973 1945 2021 2010 B

2047 662 2380 734 exemplum
2409 662 2607 734 plures
2638 665 2872 719 tandem
2897 665 3082 720 secuti
3108 698 3176 706 —
3198 672 3356 722 sunt.
3382 669 3702 740 Imperator

2043 750 2354 818 Henricus,
2385 750 2583 806 habito
2617 753 2770 824 apud
2803 753 3138 808 Triburiam
3169 761 3476 824 conventu,
3511 757 3696 812 lilium

2044 855 2219 894 suum
2253 840 2613 910 azquivocum
2637 858 2833 912 regem
2868 859 2901 896 a
2932 843 3157 899 cunctis
3188 843 3345 916 eligi,
3369 845 3540 916 eique
3573 853 3704 917 post

2044 928 2269 983 obitum
2303 945 2500 992 suum,
2535 929 2582 983 si
2617 934 2804 984 rector
2825 931 3026 1000 justus
3053 933 3280 987 futurus
3303 939 3477 999 esset,
3509 936 3703 1004 subje-

2043 1017 2294 1072 etionem
2316 1017 2577 1088 promitti
2597 1017 2749 1072 fecit.
2773 1017 2913 1072 Illuc
2931 1018 3152 1073 Conrad
3165 1037 3233 1074 us
3251 1022 3477 1076 dudum
3499 1025 3704 1093 Bajoa-

2042 1105 2140 1159 ria:
2165 1105 2279 1159 dux
2299 1105 2439 1160 dum
2471 1122 2585 1159 non
2613 1107 2885 1171 venisset,
2906 1112 2962 1162 et
2984 1108 3274 1179 Hungaris
3297 1126 3358 1164 se
3381 1111 3695 1182 adjungere

2043 1197 2346 1261 tentasset,
2381 1194 2732 1265 quibusdam
2771 1195 2925 1251 234
2973 1196 3098 1251 suis
3130 1198 3603 1267 possessionibus
3631 1200 3701 1252 ab

2043 1282 2392 1354 imperatore
2408 1283 2667 1354 privatus
2680 1287 2787 1338 est.
2803 1283 2884 1338 Ibi
2901 1285 3078 1339 etiam
3102 1285 3272 1357 legati
3294 1287 3532 1341 Andrem
3551 1287 3702 1357 regis

2045 1371 2582 1443 Hungarorum,qui
2610 1389 2714 1442 pro
2733 1388 2870 1442 pace
2884 1374 3286 1444 componenda
3313 1375 3675 1429 advenerunt
3693 1416 3706 1439 ,

2046 1459 2153 1530 [re]
2175 1460 2494 1531 composita
2519 1460 2590 1514 ab
2615 1460 2963 1532 imperatore
2985 1461 3211 1515 remissi
3239 1461 3707 1518 sunt.Hacilinus

2046 1547 2535 1620 Babinbergensis
2583 1548 2893 1620 episcopus
2943 1549 3182 1605 infamis
3216 1551 3476 1606 moriens
3508 1550 3710 1606 locum

2047 1637 2209 1692 dedit
2240 1638 2410 1707 (652).

2119 1725 2260 1779 4054
2290 1725 2606 1796 Imperator
2637 1742 2768 1780 vero
2801 1725 2858 1780 in
2889 1725 3212 1795 Bajoariam
3247 1726 3503 1794 veniens,
3531 1727 3706 1782 duca-

2047 1819 2171 1868 tum
2202 1815 2330 1883 ejus
2391 1814 2695 1884 provinciaz
2755 1813 2873 1868 ﬁlio
2933 1832 3036 1868 suo
3089 1815 3380 1885 mquivoco
3439 1816 3698 1870 tradidit.

2050 1901 2378 1973 Sicque,‘.iu
2411 1903 2612 1956 eadem
2645 1919 3016 1957 commorans
3067 1903 3388 1974 provincia,
3439 1903 3703 1958 Natalem

2056 1991 2285 2047 Domini
2308 1990 2368 2045 in
2392 1990 2526 2045 villa
2547 1990 2783 2062 Ottinga
2800 1990 3140 2062 egit,ibique
3166 1992 3706 2064 Babenbergensem

2056 2081 2456 2153 episcopatum
2489 2079 2839 2135 Adalberoni
2890 2080 3236 2135 consobrino
3285 2098 3390 2135 suo
3422 2081 3568 2151 (653)
3599 2081 3707 2135 do-

2056 2170 2301 2236 navit,et
2325 2169 2540 2239 sic,per
2559 2167 2962 2223 Alemanniam
2984 2167 3296 2236 transiens,
3319 2169 3531 2242 Turegi
3563 2169 3708 2233 Qua-

2055 2258 2451 2328 dragesimam
2500 2257 2812 2313 inchoavit.
2866 2256 3176 2328 Moguntina
3227 2260 3420 2311 autem
3481 2257 3703 2312 Pascha

2058 2345 2392 2412 celebravit,
2428 2345 2525 2400 ubi
2559 2346 2930 2400 Theobaldus
2978 2346 3197 2400 Odonis
3239 2345 3416 2412 filius,
3453 2346 3522 2400 ad
3574 2363 3707 2401 eum

2057 2438 2129 2492 de
2153 2435 2356 2491 Galliis
2380 2434 2890 2501 adveniens,miles
2914 2436 3040 2504 ejus
3063 2433 3406 2490 efﬁcitur.—
3435 2435 3713 2491 Dominus

2059 2542 2212 2597 papa
2240 2525 2476 2579 tandem
2501 2524 2756 2578 instante
2787 2523 3048 2595 paschali
3073 2529 3332 2594 tempore
3361 2524 3601 2579 Romam
3629 2541 3713 2579 re-

2058 2611 2261 2668 versus
2281 2612 2755 2684 aegrotans,235
2783 2611 3172 2666 invalescente
3193 2612 3250 2666 in
3269 2611 3392 2666 dies
3411 2611 3712 2683 languore,

2060 2703 2310 2774 glorioso
2330 2703 2506 2770 exitu,
2525 2703 2754 2756 cunctis
2775 2702 2940 2771 prius
2954 2701 3306 2755 benedicens
3323 2705 3378 2754 ct
3398 2700 3714 2754 admonitis

2060 2792 2409 2856 valedicens,
2466 2796 2521 2846 et
2566 2791 2624 2845 S.
2662 2790 2825 2844 Petro
2879 2792 3110 2860 peccata
3140 2806 3248 2842 sua
3295 2788 3624 2853 confessus,
3655 2793 3713 2842 et

2061 2881 2434 2937 devotissime
2457 2898 2518 2936 se
2539 2880 2621 2934 illi
2645 2878 3086 2941 commendans,
3111 2895 3203 2932 xvx
3230 2877 3352 2932 Kal.
3379 2876 3513 2932 Maii
3537 2875 3699 2940 obiit,

2060 2976 2116 3026 et
2147 2971 2205 3025 in
2238 2968 2477 3024 basilica
2514 2969 2572 3023 S.
2600 2967 2749 3022 Petri
2775 2969 2942 3036 juxta
2970 2970 3026 3019 S.
3061 2965 3321 3038 Gregorii
3373 2965 3710 3037 sepulcrum

2061 3058 2326 3130 sepultus
2343 3056 2639 3111 miraculis
2652 3055 2933 3110 claruisse
2948 3054 3711 3109 memoratur—Gotil‘ridus

2063 3149 2178 3202 dux
2210 3148 2419 3202 iterum
2449 3144 2729 3200 rebellare
2775 3142 3115 3215 imperatori
3161 3142 3418 3210 molitur,
3451 3147 3528 3207 et,
3561 3141 3710 3196 clam

2062 3235 2289 3290 Italiam
2313 3232 2870 3306 iugrediens,ibique
2883 3231 3179 3286 dominam
3199 3231 3516 3285 Beatricem
3541 3231 3711 3300 (654),

310 3322 464 3378 288
492 3321 898 3377 Werinharius
925 3320 1237 3393 Augiensis
1277 3323 1602 3380 monachus
1635 3326 1954 3382 admodum
1988 3311 2029 3376 C
2065 3324 2301 3379 viduam
2337 3328 2466 3394 post
2489 3326 2734 3377 mortem
2768 3320 2873 3374 viri
2908 3319 2999 3375 sui
3022 3317 3378 3374 marchionis
3411 3317 3712 3383 Bonifacii,

321 3410 526 3465 doctus
547 3414 608 3494 (et
623 3425 748 3477 vere
796 3408 1060 3482 religioni
1093 3411 1344 3472 deditus,
1379 3413 1573 3468 studio
1603 3413 1729 3468 vitae
1762 3415 1952 3486 perfe-

314 3498 512 3553 ctioris
524 3494 1222 3572 ﬂagrans,peregrinando
1236 3500 1291 3554 in
1313 3500 1639 3556 Jerusalem
1655 3503 1838 3574 proCh
1848 3503 1954 3559 ris-

309 3591 362 3643 to
383 3603 621 3660 peregre
645 3587 940 3661 profectus
964 3593 1073 3655 est,
1099 3587 1284 3644 etillic
1305 3589 1480 3645 etiam
1514 3591 1573 3646 in
1596 3607 1732 3664 agro
1752 3591 1954 3648 Achel-

2065 3413 2174 3468 sibi
2208 3413 2266 3466 in
2299 3412 2633 3484 conjugium
2666 3408 2987 3482 copulavit,
3022 3407 3348 3464 Balduinus
3378 3407 3716 3482 imperatori

2065 3500 2330 3557 rebellat.

1093 3720 1399 3767 nucusous
1426 3722 1712 3762 canomcs
1741 3725 2066 3764 IIERMANNI.
2099 3723 2309 3763 ABIIINC
2339 3720 2744 3761 BERCIITOLDUS
2771 3704 2938 3774 (655).

1730 3823 1916 3880 EDIT.
1966 3823 2291 3881 URSTISII.

301 3921 520 3976 buriam
549 3925 817 3976 conventu
848 3918 1049 3984 habito,
1080 3919 1264 3989 ﬁlium
1304 3921 1641 3993 aequivocum
1689 3938 1721 3975 a
1750 3924 1956 3978 cunctis

298 4010 433 4077 eligi
461 4011 622 4078 eique
646 4010 770 4078 post
799 4007 1007 4062 obitum
1036 4024 1218 4070 suum,
1252 4010 1305 4062 si
1334 4017 1508 4064 rector
1516 4012 1711 4081 justus
1737 4012 1959 4081 futurus

295 4106 449 4162 esset,
477 4097 868 4168 subjectionem
897 4097 1146 4166 promitti
1193 4097 1342 4167 fecit.
1400 4097 1479 4152 Ad
1535 4114 1694 4168 quem
1723 4115 1956 4155 conven-

296 4196 411 4242 tum
471 4203 599 4241 cum
662 4184 941 4240 Conradus
997 4185 1202 4240 dudum
1262 4187 1532 4246 Baioarize
1605 4187 1720 4242 dua:
1775 4190 1962 4244 venire

297 4276 512 4340 nolens,
542 4290 671 4329 cum
698 4272 966 4344 expeditis
985 4273 1258 4329 militibus
1282 4275 1400 4344 regi
1415 4275 1681 4331 rebellare
1707 4277 1957 4344 moliens,

302 4364 599 4432 Hungaris
640 4379 698 4417 se
718 4363 953 4433 jungere
982 4367 1253 4430 tentasset,
1285 4363 1619 4433 quibusdam
1650 4365 1808 4431 inibi,
1843 4381 1962 4436 quae

301 4455 456 4525 prius
517 4452 800 4519 habuerat,
861 4452 1285 4523 possessionibus
1341 4454 1457 4507 suis
1514 4452 1582 4508 ab
1638 4454 1965 4525 imperatore

301 4544 556 4613 privatus
577 4548 674 4606 est,
706 4557 798 4594 eas
827 4542 988 4610 quasi
1023 4541 1277 4610 legaliter
1305 4542 1637 4614 acquirente.
1673 4542 1753 4597 Ibi
1799 4545 1964 4597 etiam

308 4631 478 4699 legati
524 4629 759 4685 Andreas
785 4631 926 4700 regis
970 4631 1353 4701 Hungarorum
1396 4645 1498 4700 pro
1525 4647 1658 4702 pace
1681 4640 1962 4703 pactoque,

307 4736 452 4784 eum,
513 4718 854 4789 suffragante
912 4718 1298 4774 Ratisbonense
1351 4721 1594 4790 episcopo
1644 4721 1968 4775 immensam

304 4808 620 4878 pecuniam,
653 4821 879 4877 suaeque
918 4809 1221 4879 provinciae
1249 4815 1480 4879 partem,
1510 4810 1579 4875 [et
1628 4807 1699 4862 ad
1744 4809 1965 4880 expedi-

313 4897 484 4952 tiones
514 4912 721 4961 omnes,
751 4900 960 4967 praeter
988 4895 1258 4964 Italicam,
1295 4913 1418 4952 suos
1467 4898 1638 4952 ituros
1681 4898 1967 4968 promitte-

2066 3930 2206 3988 rent,
2243 3922 2544 3990 imperator
2570 3933 2634 3972 ea
2663 3933 2719 3972 se
2747 3919 3091 3985 accepturum
3131 3914 3238 3984 ﬁde
3281 3914 3408 3969 data
3449 3914 3713 3985 spondens

2066 4027 2154 4066 eos
2183 4010 2418 4066 remisit.
2458 4005 2760 4060 "adamata
2793 4005 2920 4075 (656
2966 4003 3030 4058 de
3081 4005 3400 4072 Nuinburgo
3441 4005 3714 4059 abbatissa

2067 4099 2414 4162 venerabilis,
2447 4111 2564 4166 qum
2595 4095 2772 4149 locum
2816 4109 2979 4147 suum
3031 4095 3192 4164 prius
3241 4109 3374 4164 pene
3417 4092 3711 4164 dilapsum,

2070 4197 2219 4246 intra
2249 4189 2298 4242 et
2328 4188 2486 4242 extra
2514 4183 2872 4238 laudabiliter
2908 4187 3288 4253 recuperatum
3342 4184 3403 4237 in
3447 4184 3717 4254 Optimum

2069 4278 2369 4334 deduxerat
2395 4279 2619 4339 statum,
2654 4273 2826 4327 aliam
2869 4287 2970 4343 pro
2999 4287 3056 4326 se
3096 4271 3403 4343 designans,
3437 4279 3487 4327 el
3514 4272 3715 4327 sorori-

2073 4368 2169 4422 bus
2210 4367 2296 4438 pie
2325 4364 2620 4419 admonitis
2651 4362 2913 4416 ultimum
2943 4361 3268 4425 valedicens,
3301 4377 3357 4414 1v
3405 4361 3524 4415 Kal.
3581 4361 3712 4415 Nov.

2069 4456 2328 4527 feliciter,
2361 4447 2392 4508 o
2418 4453 2636 4506 utinam
2663 4449 2944 4504 !decessit.
2978 4449 3271 4503 [Iazelinus
3295 4449 3481 4513 etiam,
3513 4449 3716 4502 Ballin-

2074 4542 2349 4611 bergensis
2380 4542 2654 4612 episcopus
2676 4539 2925 4610 infamis,
2958 4538 3198 4591 moriens
3228 4535 3404 4589 locum
3431 4534 3597 4588 dedit.

2146 4632 2284 4687 4054
2315 4632 2418 4685 Per
2467 4628 2609 4684 idem
2658 4635 2865 4696 tempus
2905 4624 3184 4680 Conradus
3229 4622 3431 4677 dudum
3482 4623 3616 4690 dtur,
3651 4623 3718 4676 ab

2077 4719 2292 4776 Andrea
2320 4733 2445 4786 rege
2493 4718 2877 4784 Hungarorum
2919 4717 3201 4783 grata-nter
3229 4716 3519 4784 susceptus,
3549 4715 3620 4780 ei,
3652 4729 3722 4768 ne

2075 4811 2377 4882 allegatum
2405 4822 2527 4862 cum
2561 4806 2906 4874 ,imperatore
2932 4802 3103 4873 ﬂectus
3130 4803 3410 4873 perﬁceret
3439 4802 3720 4870 dissuasit,

2076 4904 2128 4955 et
2155 4898 2370 4954 auxilio
2399 4896 2518 4966 ejus
2547 4891 2838 4964 quamdam
2879 4891 3175 4946 Carentani
3200 4895 3434 4964 partem,
3469 4909 3721 4965 quorum-

1915 4996 2125 5053 NOTXE

386 5089 536 5233 (651)
563 5091 817 5146 Secundi
849 5089 1133 5148 videlicet.
1165 5092 1296 5147 Vid.
1331 5110 1423 5147 an.
1460 5093 1616 5147 1022.

409 5161 537 5231 652)
571 5161 704 5217 Haec
733 5163 918 5233 gratis
949 5165 1018 5219 de
1049 5163 1298 5233 praesule
1347 5163 1494 5220 alias
1542 5164 1616 5219 ha

409 5161 537 5231 652)
571 5161 704 5217 Haec
733 5163 918 5235 gratis
949 5165 1018 5219 de
1049 5163 1298 5235 praesule
1347 5163 1494 5220 alias
1542 5164 1703 5219 haud
1751 5163 1965 5220 inlimis

321 5231 508 5288 laudis
540 5231 766 5289 asserta
789 5231 1077 5290 videntur.

388 5305 536 5375 (653)
570 5305 870 5362 Mathildis
899 5307 1119 5362 scilicet
1151 5305 1290 5374 filio,
1325 5323 1450 5375 quis
1501 5305 1707 5361 matris
1737 5306 1969 5362 Henrici

322 5375 529 5450 Giselze
556 5393 726 5450 soror
752 5382 897 5444 erat,
933 5383 1114 5450 nupta
1144 5375 1408 5433 Conrado
1454 5377 1761 5450 Carinthiae
1812 5378 1965 5435 duci.

389 5448 537 5514 (654)
575 5453 649 5503 De
679 5448 788 5504 hac
821 5448 1072 5504 Beatrice
1102 5451 1213 5504 vid.
1254 5467 1385 5505 mox
1413 5467 1508 5504 an.
1543 5449 1701 5504 4052.

390 5520 537 5591 (652)
571 5519 691 5575 Hoc
720 5521 893 5574 modo
921 5520 1267 5591 (Chronicon
1325 5520 1643 5578 Hermanni
1671 5519 1976 5591 claudunt

325 5589 606 5652 Murensis
639 5595 698 5651 et
753 5590 1240 5668 Eugelbergensis
1273 5592 1520 5664 codices,
1583 5590 1683 5670 qui
1743 5591 1851 5652 soli
1907 5609 1976 5654 ex

2078 5090 2498 5166 reliquisiillud
2527 5089 2598 5166 ad
2621 5089 2808 5166 lian
2829 5105 3013 5160 usque
3049 5091 3395 5166 perduxere1
3420 5090 3719 5166 nempead

2078 5185 2172 5222 an.
2207 5160 2345 5220 4054
2380 5179 2492 5234 quo
2543 5160 2688 5234 obiit
2735 5160 3105 5234 Hermannus
3143 5162 3236 5217 die
3263 5163 3330 5216 24
3362 5162 3542 5234 S_ept._,
3587 5165 3649 5234 et
3691 5175 3724 5212 a

2079 5255 2194 5309 quo
2225 5235 2357 5309 dein
2391 5229 2764 5309 prosequitur
2792 5233 2919 5303 ejus
2953 5233 3342 5296 continuator,
3375 5229 3721 5285 Bertholdus

2079 5305 2268 5381 ipsius
2296 5305 2641 5381 discipulus.

2152 5380 2298 5453 (656)
2330 5372 2609 5453 Bruschio
2641 5375 2994 5453 ﬂademodis
3025 5373 3258 5453 dicitur,
3284 5376 3518 5453 'quarta
3548 5372 3721 5453 abba-

2081 5442 2227 5507 tissa
2243 5442 2620 5530 parthenqnis
2641 5445 3072 5530 Ijeqburgcnsjs
3089 5460 3266 5517 prope
3283 5442 3722 5530 Ingolstadiuni,

2085 5515 2354 5581 circa'an.
2394 5521 2550 5588 1007,
2585 5536 2618 5576 a
2649 5519 2705 5574 S.
2741 5515 2984 5574 Henrico
3014 5515 3157 5590 im‘p.
3187 5515 3482 5574 exstructi.
