4152 6186
438 331 554 391 267

1465 330 1836 396 CHRONICI
1883 331 2301 392 HERMANNI
2347 333 2812 394 CONTRACTI.

3720 329 3840 390 268

1839 479 2085 538 EDITIO
2125 481 2456 538 URSTISII.

441 593 637 650 Victor
662 594 708 648 II
740 594 1020 652 decessit:
1047 596 1105 652 in
1129 599 1299 669 cujus
1328 598 1522 654 locum
1556 598 2090 666 Fridericus,frater
2119 601 2173 665 Α
2203 597 2297 652 sit.
2325 630 2389 637 —
2417 597 2714 653 Conradus
2744 596 3108 653 Nemetensis
3137 596 3448 668 episcopus
3484 592 3752 659 moritur,
3785 590 3848 646 in

445 682 739 738 Godelridi
772 685 922 756 (674)
977 685 1164 757 ducis,
1223 687 1449 742 dudum
1480 687 1640 741 Beati
1691 687 1898 742 Leonis
1930 702 2088 756 papa:

445 770 892 827 archidiaconus
940 774 1107 844 (675),
1140 780 1280 830 tunc
1312 779 1508 829 autem
1550 774 1831 845 temporis
1889 789 2090 829 mona-

447 860 606 915 sterii
675 859 732 916 S.
795 860 1090 917 Benedicti
1125 863 1327 932 abbas,
1388 863 1520 917 CLV
1571 880 1718 934 papa
1757 863 2090 929 ordinatus,

447 947 778 1020 Stephanus
812 966 1000 1004 nonus
1027 954 1116 1006 est
1168 952 1528 1006 nominatus.
1561 983 1629 992 -—
1661 951 1788 1006 Otto
1820 952 1935 1006 dux
1964 950 2092 1005 Ale-

448 1054 798 1095 mannorum
857 1037 1018 1104 obiit,
1053 1040 1220 1110 cujus
1265 1041 1543 1095 ducatum
1609 1039 1896 1096 Rudolfus
1944 1039 2093 1110 (676)

451 1125 688 1198 accepit.
718 1158 784 1165 —
815 1126 932 1182 Hoc
963 1143 1115 1182 anno
1182 1128 1405 1200 lapides
1453 1128 1612 1182 mira:
1645 1127 2092 1199 magnitudinis,

450 1214 610 1270 misti
649 1214 951 1286 grandine,
1011 1216 1082 1270 do
1129 1216 1270 1271 coelo
1302 1217 1658 1284 ceciderunt,
1720 1220 1776 1270 et
1827 1215 2092 1270 nonnulli

449 1304 757 1360 hominum
791 1303 1036 1360 fulmine
1068 1305 1389 1376 perierunt.

525 1394 663 1450 1058
680 1393 872 1447 Romae
898 1394 1230 1465 Stephanus
1249 1412 1398 1466 papa
1422 1395 1587 1450 obiit.
1608 1393 1853 1450 Romani
1879 1397 2092 1460 autem,

453 1487 685 1555 accepta
720 1483 982 1554 pecunia,
1018 1485 1332 1553 quemdam
1376 1484 1660 1539 Joannem
1719 1483 1866 1554 (677)
1899 1487 2099 1536 contra

452 1588 704 1630 canones
734 1571 1052 1643 elegerunt,
1085 1572 1185 1643 qui
1217 1573 1342 1627 sine
1373 1572 1806 1628 consecratione
1825 1571 1978 1627 255
1999 1587 2100 1641 per

453 1660 810 1734 aliquotdies
827 1662 1098 1726 sedens,a
1110 1661 1420 1716 Godefrido
1435 1663 1581 1716 duce
1595 1660 2101 1732 expellitur,atque

415 1771 422 1774 ·
454 1749 802 1807 Florentinae
862 1748 1109 1804 civitatis
1132 1750 1631 1820 episcopus,CLVI
1652 1766 1801 1820 papa
1822 1748 2101 1804 constitu-

453 1844 569 1896 tus.
584 1837 854 1894 Nicolaus
868 1839 1162 1893 secundus
1180 1844 1269 1894 est
1289 1844 1530 1894 vocatus
1551 1838 1944 1910 (678).Eodem
1962 1842 2101 1892 tem-

455 1945 593 2002 pore
605 1926 1278 1999 HenricusAugustanus
1292 1927 1599 1999 episcopus
1613 1929 1765 1999 apud
1781 1926 1860 1980 im
1867 1927 2101 1998 perstri-

457 2034 583 2075 cem
598 2032 899 2072 summum
915 2014 1144 2070 consilii
1160 2016 1353 2072 locum
1371 2015 1577 2071 habuit
1599 2033 1612 2083 ;
1630 2016 1784 2086 quod
1803 2013 2102 2085 nonnullis

459 2106 622 2179 regni
656 2104 1038 2177 principibus,
1065 2105 1194 2176 ejus
1226 2104 1594 2160 insolentiam
1633 2121 1748 2160 non
1785 2105 2102 2160 ferentibus

460 2194 712 2252 multum
745 2192 1061 2265 displicuit.

525 2283 666 2340 1059
699 2282 815 2338 Hoc
846 2299 1019 2352 anno,
1053 2298 1266 2354 magna
1317 2281 1645 2338 mortalitas
1709 2283 2014 2338 hominum
2050 2286 2106 2338 et

460 2373 642 2446 pestis
672 2388 944 2444 pecorum
979 2371 1131 2426 facta
1161 2375 1266 2426 est.
1294 2371 1428 2426 Orto
1462 2372 1614 2427 inter
1644 2371 2106 2427 Mediolanenses

459 2466 518 2518 et
547 2460 883 2516 Ticinenses
917 2457 1086 2524 bello,
1121 2458 1290 2513 multi
1323 2475 1390 2514 ex
1422 2464 1667 2530 utraque
1696 2463 1856 2530 parte
1889 2459 2105 2514 cecide-

461 2553 620 2607 runt.
656 2546 933 2604 Rodolfus
960 2546 1414 2602 Alamannorum
1439 2548 1555 2602 dux
1578 2546 1942 2614 Mathildam,
1965 2547 2108 2602 Hen-

463 2640 546 2695 ric
603 2635 756 2709 regis
789 2651 1068 2703 sororem,
1103 2635 1269 2691 duxit
1309 2652 1571 2691 uxorem.
1606 2667 1674 2676 —-
1707 2635 1905 2691 Fuldis
1937 2637 2108 2690 Eber-

464 2728 685 2784 hardus
699 2726 881 2781 abbas
895 2725 1161 2792 decessit,
1187 2725 1279 2780 cui
1298 2724 1623 2796 Sigefridus
1644 2725 1924 2780 successit
1941 2726 2106 2796 (679).

469 2849 536 2859 —
566 2816 826 2871 Andreas
882 2814 1194 2870 Pannoniis
1227 2831 1342 2868 rex.
1397 2829 1530 2868 cum
1559 2814 1723 2885 prius
1775 2831 1975 2885 pacem
2011 2831 2108 2885 pa-

479 2913 759 2976 ctumque
791 2921 892 2976 per
921 2903 1141 2975 legatos
1165 2919 1296 2958 cum
1332 2902 1589 2958 Henrico
1616 2919 1748 2974 rege
1770 2903 2111 2958 confirmas-

473 2999 582 3062 set,
607 2993 780 3049 etiam
804 3007 1062 3047 sororem
1083 2993 1210 3062 ejus
1245 2991 1533 3047 minorem
1568 2993 1711 3063 (680)
1731 2991 1847 3047 lilio
1875 3009 1980 3048 suo
2011 2993 2114 3048 ad-

474 3084 589 3140 huc
617 3098 794 3154 puero
823 3082 966 3152 (681)
999 3097 1275 3152 sponsam
1309 3081 1578 3136 obtinuit.

548 3173 684 3229 1060
713 3171 996 3228 Henricus
1029 3171 1347 3244 Galliarum
1384 3188 1501 3236 rex,
1537 3170 1680 3225 obiit
1710 3175 1766 3226 et
1798 3170 1954 3225 filius
1987 3172 2114 3240 ejus

2201 687 2369 756 cujus
2401 685 2593 741 locum
2615 687 2945 742 Einhardus
2972 681 3654 758 promovetur.Mathilda
3687 696 3851 736 soror

2200 775 2356 846 regis
2385 775 2529 830 obiit
2558 776 2803 846 (684).-
2836 775 3124 830 Henricus
3155 773 3451 846 palatinus
3474 771 3622 842 (685)
3655 785 3850 825 comes

2204 863 2260 917 in
2276 864 2592 918 amentiam
2616 880 2840 932 versus,
2865 880 2998 918 cum
3022 863 3132 918 sub
3152 861 3346 934 specie
3367 859 3667 932 religionis
3682 858 3852 930 quasi

2205 952 2484 1007 szsculum
2508 952 2989 1023 derelinquensin
3015 951 3442 1006 monasterium
3461 947 3855 1020 Ephtirnacha

2206 1058 2268 1095 se
2300 1041 2664 1108 contulisset,
2700 1041 2833 1097 inde
2865 1042 3196 1097 abstractus
3217 1040 3530 1112 conjugem
3563 1053 3730 1095 suam
3763 1053 3855 1092 oc-

2206 1129 2368 1184 cidit.

2281 1219 2431 1274 256
2462 1220 2532 1273 Et
2563 1219 2672 1273 hoc
2732 1236 2904 1284 anno,
2965 1219 3117 1273 sicut
3146 1219 3203 1272 in
3265 1216 3466 1289 priori,
3525 1213 3854 1271 mortalitas

2208 1307 2426 1363 multos
2479 1307 2773 1362 exstinxit.
2812 1307 3005 1362 Iliems
3055 1306 3198 1362 satis
3230 1306 3379 1361 dura
3435 1310 3493 1360 et
3551 1305 3754 1359 nivosa
3799 1306 3860 1359 et

2206 1396 2339 1469 plus
2369 1395 2537 1451 solito
2596 1395 2837 1468 prolixa,
2895 1395 3167 1450 frumenti
3221 1393 3456 1465 vinique
3531 1392 3856 1448 maximum

2209 1485 2404 1541 attulit
2435 1485 2738 1540 damnum.
2773 1487 3031 1540 Andreas
3064 1501 3160 1539 rex
3200 1482 3658 1558 Pannoniarum,
3691 1498 3857 1538 cum-

2211 1592 2243 1628 a
2274 1575 2450 1628 fratre
2503 1591 2610 1628 suo
2667 1590 2912 1646 regnum
2967 1572 3076 1628 sibi
3104 1573 3566 1644 circumquaque
3594 1574 3862 1627 vastante

2211 1661 2427 1716 multas
2461 1663 2706 1732 injurias
2766 1678 3079 1733 perpessus
3136 1661 3367 1728 fuisset,
3422 1661 3656 1715 tandem
3701 1659 3863 1716 febre

2211 1749 2481 1821 pulsatus
2511 1766 2714 1805 omnes
2769 1750 3080 1806 thesauros
3129 1767 3263 1805 suos
3295 1750 3355 1804 in
3414 1753 3672 1804 castrum
3736 1748 3861 1804 Me-

2213 1838 2480 1893 dilhecka
2507 1839 2676 1908 (686),
2697 1855 2801 1894 nec
2829 1856 2943 1894 non
2966 1842 3022 1893 et
3041 1838 3226 1893 filium
3245 1854 3420 1893 suum
3451 1837 3696 1892 Henrico
3728 1835 3856 1908 regi

2215 1944 2316 1999 per
2345 1927 2730 1982 Tiedbaldum
2763 1927 3032 1982 comitem
3067 1927 3399 1983 transmisit
3428 1926 3596 1997 (687).

2287 2015 2409 2070 1061
2450 2016 2659 2088 Magna
2718 2017 2900 2072 fames
2959 2015 3175 2071 multos
3233 2014 3617 2086 consumpsit.
3653 2045 3716 2055 ο-
3750 2014 3864 2070 Ge-

2213 2103 2509 2160 behardus
2540 2104 2691 2173 (688)
2723 2103 3168 2160 Ratisbonensis
3224 2103 3534 2174 episcopus
3565 2101 3728 2173 obiit,
3763 2101 3864 2158 cui

2213 2192 2342 2249 Otto
2374 2193 2678 2248 successit.
2714 2224 2781 2233 -—
2813 2193 3114 2248 Conradus
3146 2191 3315 2263 (689),
3366 2191 3466 2263 qui
3516 2191 3865 2247 Carentanis

2215 2281 2336 2337 solo
2369 2282 2606 2336 nomine
2636 2281 2804 2336 ducis
2838 2280 3086 2353 praefuit.
3149 2279 3407 2335 moriens
3439 2279 3630 2334 locum
3665 2279 3868 2348 dedit;

2215 2371 2384 2439 cujus
2415 2369 2696 2424 ducatum
2729 2368 3035 2424 Bertoldus
3067 2368 3213 2440 (690)
3245 2367 3571 2439 Suevigena
3620 2366 3864 2438 accepit.

2219 2489 2282 2498 —
2315 2458 2508 2512 Romae
2537 2457 2771 2512 Nicolao
2805 2474 2954 2529 papa
2985 2459 3279 2523 defuncto,
3310 2455 3554 2511 Romani
3589 2471 3870 2511 coronam

2216 2551 2271 2601 et
2301 2547 2414 2601 alia
2437 2562 2681 2602 munera
2715 2546 2958 2600 Henrico
2987 2545 3107 2617 regi
3130 2544 3590 2600 transmiserunt
3612 2561 3872 2614 eumque

2217 2651 2320 2706 pro
2379 2635 2646 2706 eligendo
2705 2650 2938 2689 summo
2997 2634 3270 2704 pontiﬁce
3319 2632 3869 2704 interpellaverunt.

2217 2724 2346 2789 Qui,
2383 2724 2453 2778 ad
2487 2739 2547 2778 se
2574 2723 2904 2778 convocatis
2936 2722 3208 2777 omnibus
3243 2720 3422 2776 Italiae
3455 2721 3744 2792 episcopis
3777 2737 3878 2793 ge-

2221 2811 2818 2882 neraliqueconventu
2846 2810 3080 2866 Basileze
3112 2810 3336 2876 habito,
3360 2811 3561 2866 eadem
3593 2810 3879 2881 imposita

2220 2916 2434 2954 corona
2453 2899 2733 2970 patricius
2759 2901 3150 2954 Romanorum
3174 2897 3502 2970 appellatus
3527 2902 3633 2953 est.
3654 2898 3879 2954 Deinde

2221 3006 2355 3045 cum
2380 2989 2677 3044 communi
2710 2987 2953 3044 consilio
2983 2988 3248 3044 omnium
3264 2987 3879 3060 Parmensemepisco—

2222 3095 2363 3150 pum
2390 3094 2691 3133 summum
2751 3079 3023 3132 Romanis
3079 3076 3342 3132 Eeclesiaa
3401 3074 3579 3148 elegit
3633 3075 3875 3148 pontiﬁ-

2224 3184 2350 3223 cem
2384 3167 2551 3238 (69l).
2614 3167 2850 3222 Interim
2885 3166 3023 3220 dum
3049 3167 3170 3220 hwc
3200 3169 3475 3238 aguntur.
3509 3164 3874 3222 Anshelmus

475 3262 663 3318 adhuc
687 3277 831 3333 puer
859 3261 1005 3330 (682)
1028 3276 1272 3331 regnum
1295 3276 1427 3314 cum
1462 3265 1648 3314 matre
1670 3259 2114 3329 gubernandum
2225 3256 2532 3327 episcopus
2553 3255 2622 3310 de
2647 3254 3182 3326 Luca,quibusdam
3208 3254 3486 3308 Romanis
3512 3253 3876 3323 faventibus,

473 3350 750 3419 suscepit.
775 3379 842 3388 —
873 3348 1169 3418 Lupaldus
1191 3347 1617 3420 Moguntiensis
1643 3347 2116 3419 archiepiscopus
2148 3333 2188 3397 C
2226 3344 2603 3416 apostolicam
2625 3345 2820 3399 sedem
2855 3344 2966 3400 sibi
2994 3344 3317 3416 usurpavit.
3353 3375 3419 3384 -—
3449 3344 3789 3400 Burkardus
3811 3352 3882 3402 et.

470 3437 720 3493 decessit
751 3436 897 3507 (683)
925 3453 938 3501 ;
971 3437 1063 3490 cui
1089 3436 1416 3507 Sigefridus
1449 3435 1650 3489 Fuldis
1672 3435 1854 3490 abbas
1886 3452 2116 3492 succes-

2225 3433 2408 3489 Wezil
2439 3435 2510 3488 de
2538 3433 2763 3488 Zolorin
2796 3433 3166 3489 occiduntur.
3214 3432 3468 3489 Ecclesia
3497 3434 3882 3491 Nemetensis

2019 3551 2335 3607 CODICES.
2389 3562 2399 3570 '

538 3650 674 3706 1060
704 3649 967 3704 Henricus
998 3664 1098 3703 rex
1157 3647 1463 3703 Galliarum
1527 3648 1679 3713 obiit,
1735 3651 1783 3702 et
1814 3649 1966 3719 ﬁli-us
1995 3651 2111 3720 ejus

463 3741 819 3811 Philippus...
853 3739 1107 3809 suscepit.
1181 3737 1458 3809 Lupaldus
1515 3737 1930 3806 Moguntinus...
1990 3754 2112 3794 suc-

461 3836 640 3886 cessit.
670 3829 732 3882 Et
765 3828 861 3883 hoc
910 3843 1123 3883 anno...
1159 3827 1356 3883 multos
1377 3827 1634 3882 extinxit.
1695 3827 1960 3883 Henricus
2010 3844 2112 3900 pa-

464 3919 687 3987 latinas,
699 3956 736 3972 ..
769 3915 983 3972 occidit.

2296 3648 2421 3703 1061
2487 3647 2680 3718 Magna
2725 3650 2900 3718 fames
2964 3648 3162 3705 multos
3219 3647 3432 3704 occidit.
3458 3645 3877 3707 Gebehardus...

2221 3739 2496 3795 successit.
2561 3735 2907 3791 Conradus...
2959 3739 3263 3795 moritur...
3323 3752 3498 3794 comes
3557 3736 3877 3807 Suevigena

2224 3828 2480 3898 suscepit.

2065 4012 2290 4070 NOT/E.

465 4183 506 4239 Β
537 4110 946 4238 (ϐἄθβξιι-ὺαιί
983 4112 1225 4179 scilicet,
1264 4111 1650 4184 Lotharingize
1682 4110 1870 4177 ducis,
1906 4112 2099 4168 mariti

511 4199 580 4239 ea
641 4197 763 4236 ICIS.

511 4182 763 4239 eatricis.

536 4253 685 4326 (675)
715 4251 1419 4326 Alliisarchicapellanus
1449 4259 1506 4309 et
1538 4253 1938 4310 cancellarius.
1971 4255 2100 4310 Vid.

465 4323 578 4381 Leo
602 4324 852 4379 Ostiens.
887 4323 924 4378 1.
961 4341 1021 4390 11,
1050 4342 1100 4379 c.
1139 4323 1208 4378 96
1239 4342 1401 4395 seqq.

535 4397 682 4467 (676)
709 4396 914 4452 Comes
945 4396 1022 4467 de,
1045 4394 1552 4467 Rheinfelden,qui
1587 4394 1924 4450 Mathildem
1950 4413 2105 4451 soro-

463 4466 584 4522 rem
619 4467 846 4538 Henrici
879 4467 948 4521 IV
979 4466 1090 4521 sibi
1109 4466 1579 4538 desponsaverat,
1605 4467 1895 4538 deiniejus
1917 4467 1975 4522 in
2002 4468 2107 4522 im-

457 4539 618 4611 perio
653 4537 922 4611 aemulus.
959 4537 1430 4611 \{id.Annalista
1451 4538 1603 4611 Saxo
1637 4539 1706 4592 ad
1741 4537 1798 4611 h.
1836 4557 1888 4592 a.

438 4601 500 4693 ἱ
535 4612 685 4693 (677)
715 4609 968 4693 Joannes
997 4609 1341 4693 Venti-ensis
1371 4609 1682 4693 episcopus
1713 4610 1822 4693 sub
1872 4609 2106 4693 nomine

461 4680 755 4752 Benedicti
789 4699 854 4748 x;
879 4681 949 4735 de
985 4698 1097 4752 quo
1149 4682 1206 4735 Β.
1244 4682 1445 4736 Petrus
1470 4680 1746 4752 Damiani
1805 4685 1845 4734 t.
1885 4682 1901 4734 I
1934 4683 2103 4752 Upp.,

460 4751 497 4806 l.
530 4770 612 4818 ιιι,
647 4753 814 4823 epist.
858 4769 932 4819 IV,
965 4751 1020 4806 et
1052 4753 1155 4806 Leo
1181 4752 1429 4808 Ostiens.
1469 4751 1505 4806 l.
1543 4769 1627 4819 ιιι,
1663 4769 1711 4805 c.
1747 4751 1833 4805 13.

532 4821 696 4892 (678)
735 4823 861 4876 Vid.
898 4823 1008 4876 Leo
1057 4823 1343 4878 Ostiensis
1393 4823 1603 4878 Chron.
1656 4823 1880 4878 Cassin.
1915 4821 1953 4877 l.
2013 4839 2097 4887 III,

459 4907 506 4945 c.
548 4894 652 4959 13;
689 4897 744 4946 et
777 4894 1118 4948 Lambertus
1149 4895 1220 4948 ad
1254 4913 1346 4949 an.
1386 4895 1538 4949 1059.

554 4965 680 5036 679)
710 4964 1054 5036 Lambertus
1082 4966 1153 5020 ad
1177 4983 1396 5020 annum
1432 4965 1705 5036 priorem.

551 5035 677 5104 680)
706 5035 1006 5106 Juditham
1041 5036 1263 5092 scilicet
1295 5055 1394 5092 seu
1429 5035 1726 5106 Sophiam.

529 5104 684 5176 (681')
718 5104 1031 5161 Salomoni.

526 5177 677 5249 (682)
711 5177 1014 5249 Philippus
1049 5180 1088 5243 I,
1120 5184 1257 5232 tunc
1288 5182 1415 5233 octo
1447 5193 1755 5232 annorum.

525 5249 674 5332 (683)
707 5249 883 5305 Juxta
907 5249 1285 5304 Lambertum
1317 5249 1459 5304 obiit
1481 5266 1558 5304 v11
1587 5249 1724 5303 ldus
1761 5250 1914 5319 Dec.,
1947 5264 2098 5303 anno

454 5336 666 5390 priore.

523 5393 670 5460 (684)
707 5391 860 5446 Uxor
891 5409 1101 5462 nempe
1128 5392 1354 5447 Hodolﬁ
1388 5391 1570 5446 ducis.

524 5463 674 5531 (685)
705 5463 934 5534 Scilicet
985 5460 1192 5527 Rheni,
1224 5465 1466 5534 furiosus
1490 5462 1576 5516 vel
1624 5460 1945 5516 monachus
1981 5460 2097 5534 7di-

453 5536 602 5598 ctus,
637 5533 736 5603 qui
763 5533 885 5602 jam
920 5551 1071 5588 anno
1123 5533 1256 5590 1057
1311 5534 1617 5587 Gorzicnsc
1674 5533 2095 5589 monasterium

450 5605 775 5686 ingressus,
809 5621 874 5660 ac
904 5612 1037 5680 post
1064 5604 1381 5663 triennium
1411 5604 1544 5660 inde
1576 5603 1869 5676 recedens,
1903 5604 2099 5677 conju-

2254 4129 2342 4168 em
2379 4127 2543 4166 suam
2581 4110 2922 4167 Mathildem
2954 4129 3055 4168 seu
3086 4110 3471 4168 Adelhaidem
3487 4111 3878 4176 Gothelonisl

2263 4182 2790 4255 otharingiaeducis
2822 4184 3000 4238 tiliam
3024 4184 3356 4251 interemit;
3393 4184 3546 4240 unde
3577 4184 3634 4239 in
3668 4184 3875 4255 Epter-

2215 4270 2463 4310 nacense
2523 4255 2845 4310 caenobium
2909 4261 3174 4310 retrosus
3205 4272 3301 4310 an.
3371 4257 3500 4310 1061
3537 4255 3868 4311 contabuit.

2215 4325 2510 4398 Lambert,
2546 4325 2615 4380 ad
2648 4343 2743 4381 an.
2780 4325 3207 4398 1057Clement
3232 4332 3272 4380 t.
3310 4327 3409 4396 Ill,
3438 4344 3494 4398 p.
3555 4328 3680 4382 319.
3741 4326 3868 4382 Alii

2214 4396 2370 4521 hunfc
2393 4413 2697 4521 perpetrm
2720 4414 2852 4452 cum
2875 4396 2993 4452 filio
3007 4398 3253 4454 Henrico
3268 4396 3505 4454 Lacensi
3523 4398 3870 4469 huscusque

2215 4485 2318 4521 con
2352 4485 2385 4520 u
2434 4485 2574 4520 crun
2612 4509 2622 4520 .

2215 4485 2622 4523 ΟΟΠΙΠΠΟΓΠῙΠ.

2286 4539 2432 4609 (686)
2468 4537 2594 4592 Fuit
2627 4538 2736 4592 hoc
2764 4538 3117 4594 Medlicense
3164 4544 3423 4595 castrum
3486 4539 3543 4594 in
3600 4537 3866 4607 Austria,

2215 4609 2384 4664 hodie
2417 4610 2842 4664 monasterium
2866 4610 3213 4666 Mellicense.

2289 4680 2808 4754 (687)7Lambertus
2830 4697 2963 4736 cum
2989 4681 3117 4736 aliis
3141 4682 3248 4736 hoc
3269 4684 3341 4737 ad
3365 4699 3585 4738 annum
3609 4699 3872 4754 sequen-

2133 4760 2178 4823 Β
2213 4756 2328 4806 tem
2363 4753 2556 4823 refert.

2211 4893 2244 4945 ὁ
2282 4821 2560 4945 (688)tHic
2590 4822 2835 4876 Conradi
2869 4823 2915 4878 II
2947 4823 3090 4894 imp.
3125 4824 3302 4879 frater
3326 4841 3476 4880 anno
3512 4826 3631 4892 jam
3664 4826 3864 4897 priore

2253 4909 2480 4945 eceSSI-

2253 4893 2480 4947 ecessit.

2283 4965 2430 5031 (689)
2465 4963 2809 5018 Lambertus
2842 4965 2910 5019 ad
2945 4981 3039 5019 an.
3075 4967 3210 5020 1057
3240 4965 3538 5021 Cunonem
3567 4971 3754 5032 vocat,
3786 4972 3854 5024 et

2211 5035 2416 5108 fratrer
2447 5035 2676 5108 tienrici
2710 5036 2972 5108 palatini,
3006 5037 3076 5091 de
3103 5053 3217 5107 quo
3249 5053 3403 5092 anno
3430 5038 3818 5108 praecedente.

2301 5107 2428 5181 690)
2449 5105 2596 5181 Erat
2628 5105 2677 5161 is
2709 5105 3060 5181 Bertholdus
3084 5105 3152 5181 de
3183 5105 3491 5181 Zuringen.

2299 5177 2423 5250 601)
2449 5177 2527 5231 De
2558 5177 2664 5230 hac
2693 5177 2971 5250 electione
3011 5178 3124 5232 vid.
3155 5177 3484 5250 anonymus
3505 5178 3858 5250 Zwetlensis

2208 5249 2772 5320 apudiPezAncctri.
2808 5254 2847 5301 t.
2885 5249 2922 5310 Ι,
2956 5265 3004 5301 8.
3041 5266 3212 5320 111.7p.
3258 5249 3383 5314 384,
3417 5255 3473 5305 et
3498 5249 3700 5305 Petrus
3733 5251 3857 5306 Da-

2209 5317 2384 5393 miani
2422 5324 2460 5393 t.
2502 5317 2596 5393 III,
2631 5335 2969 5393 opu_sc.1_vp_.
2996 5321 3114 5393 25:
3143 5319 3374 5389 l’agius,
3407 5322 3646 5393 aliique.
3681 5321 3864 5379 Caete-

2209 5407 2338 5444 rum
2359 5389 2614 5458 iniquior
2631 5393 2720 5442 est
2741 5388 3087 5464 Bertholdus
3103 5392 3158 5444 in
3175 5388 3566 5464 Alexandrum
3602 5393 3649 5447 II
3671 5409 3854 5464 quem

2208 5466 2615 5531 usurpatorem
2648 5458 2939 5531 appellat;
2979 5476 3093 5530 quo
3131 5462 3217 5516 vel
3247 5463 3369 5520 solo
3402 5480 3463 5520 se
3494 5481 3528 5519 a
3560 5458 3852 5523 Bernoldo

2208 5528 2378 5613 satis:
2411 5528 2743 5605 distinguit,
2773 5528 2940 5587 aliter
2971 5528 3276 5606 sentiente,
3311 5536 3444 5592 Vid.
3513 5535 3850 5596 dissertatio

2208 5618 2438 5676 prmia.
