4152 6186
207 370 320 431 269

1637 361 2193 427 CONTINUATIO.

3497 371 3616 432 270

1599 524 1839 581 EDITIO
1880 524 2201 580 URSTISII.

211 629 535 695 dedicatur,
568 631 626 683 et
664 632 860 699 Agnes
906 625 1269 698 imperatrix,
1322 594 1603 696 depositis
1648 622 1861 696 regali-
1888 628 1941 693 Α
1971 622 2263 678 scutarius
2313 622 2441 693 ejus
2466 622 2807 695 eligebatur.
2833 653 2900 663 -—
2922 623 3282 679 Pataviensis
3304 625 3613 699 episcopus

210 718 319 774 bus
343 716 734 781 vestimentis,
767 732 932 771 sacro
962 714 1253 770 velamine
1282 713 1647 769 circumdata
1686 712 1856 780 (692).
1902 738 1910 745 -

278 806 429 863 251
492 806 634 860 1062
690 804 862 860 Sexto
913 804 1050 859 ldus
1108 801 1409 859 Februarii
1467 805 1856 872 terraemotus,

208 895 445 969 fulgura
474 897 533 950 et
566 893 824 949 tonitrua
854 893 1005 948 facta
1034 896 1209 958 sunt;
1245 890 1577 963 pestilentia
1602 895 1669 959 _et
1700 907 1858 945 mor-

213 984 410 1041 talitas
438 983 759 1039 subsecuta
789 980 1009 1037 multos
1063 979 1357 1036 exstinxit.
1422 979 1703 1034 Henricus
1762 995 1860 1034 rex

207 1073 362 1147 apud
394 1073 729 1143 Trajectum
758 1070 958 1126 Frisia:
990 1070 1194 1125 urbem
1229 1068 1381 1125 diem
1432 1067 1667 1123 Paschae
1726 1083 1858 1123 cum

206 1166 396 1219 matre
420 1160 795 1233 imperatrice
824 1158 972 1231 (693)
994 1158 1129 1231 egit.
1165 1189 1230 1198 —
1265 1157 1368 1213 His
1399 1156 1607 1213 diebus
1654 1156 1858 1211 Hanno

208 1249 545 1324 Agrippina:
587 1248 836 1304 Coloniae
897 1246 1396 1318 archiepiscopus,
1457 1243 1860 1300 adnitentibus

204 1338 564 1413 quibusdam
588 1338 747 1409 regni
772 1335 1151 1408 principibus,
1171 1334 1483 1390 Henricum
1506 1349 1699 1405 regem
1724 1349 1859 1388 cum

202 1427 406 1485 lancea
436 1430 497 1482 et
525 1424 655 1480 aliis
686 1423 919 1498 imperii
949 1423 1283 1495 insignibus
1302 1439 1350 1501 ξ
1379 1426 1566 1477 matre
1609 1420 1859 1492 impera-

203 1518 348 1574 trice
377 1515 431 1570 vi
456 1514 735 1588 abripuit,
767 1528 1085 1584 secumque
1104 1510 1404 1568 Coloniam
1427 1509 1669 1566 adduxit
1685 1509 1855 1581 (694).

202 1636 271 1647 -
293 1604 638 1661 Parmensis
666 1601 997 1674 episcopus,
1030 1600 1254 1655 dudum
1308 1597 1551 1666 electus,
1613 1598 1857 1653 Romam

204 1692 646 1750 consecrandus
678 1690 861 1756 adiit;
894 1688 1138 1745 cuicum
1160 1688 1403 1744 Romani
1434 1685 1645 1741 armati
1665 1703 1861 1741 occur-

201 1781 870 1853 rerenting‘ressumque
883 1776 1277 1850 prohiberent,
1295 1774 1610 1831 multitudo
1625 1773 1856 1830 illorum

201 1889 237 1927 a
262 1869 565 1927 militibus
595 1869 721 1939 ejus
749 1865 1097 1922 occiduntur
1127 1867 1185 1920 et
1224 1864 1284 1919 in
1343 1863 1535 1919 Tiberi
1598 1864 1858 1919 submer-

198 1964 449 2033 guntur,
472 1956 668 2014 caeteri
698 1956 980 2028 fugantur
1009 1953 1176 2025 (695).

271 2011 735 2118 1066'Tempore
762 2011 933 2110 veris,
991 2011 1183 2098 medio
1240 2056 1444 2096 mense
1499 2040 1703 2112 Aprili,
1758 2011 1935 2112 perD

196 2144 458 2211 quatuor
486 2135 615 2191 dies
646 2133 836 2189 hiems
858 2148 1026 2199 saeva,
1058 2134 1299 2186 ventosa
1319 2133 1377 2185 et
1397 2129 1621 2195 nivosa,
1644 2144 1779 2184 aves
1802 2132 1859 2183 et

194 2243 412 2301 pecora
438 2224 660 2296 frigore
687 2221 981 2290 exstinxit,
1014 2219 1288 2275 arborum
1320 2223 1377 2272 et
1405 2217 1707 2273 vinearum
1741 2234 1859 2272 ma~

193 2317 421 2372 ximam
440 2327 680 2386 quoque
701 2314 928 2383 partem
956 2306 1223 2379 perdidit.
1239 2338 1306 2346 —
1330 2305 1720 2379 Engilhardus
1743 2305 1858 2377 epi-

192 2421 415 2478 scoPus
444 2403 521 2457 de
552 2400 900 2472 Magdiburg
922 2396 1087 2461 obiit,
1120 2396 1212 2451 cui
1258 2395 1434 2450 frater
1490 2395 1637 2465 (696)
1693 2393 1856 2450 Colo-

193 2493 422 2552 niensis
448 2487 879 2561 archiepiscopi
910 2485 1213 2541 successit.
1239 2516 1307 2525 —-
1337 2484 1623 2538 Henricus
1661 2485 1856 2555 Augu-

194 2582 414 2641 stensis
433 2580 755 2654 episcopus
771 2576 916 2633 obiit
934 2574 1106 2646 (697),
1132 2573 1223 2629 cui
1242 2573 1527 2628 Imbricus
1551 2572 1852 2627 successit.

194 2703 261 2715 --
288 2671 515 2727 Eodem
551 2682 705 2723 anno
728 2664 999 2737 quaedam
1023 2661 1423 2733 mulierjuxta
1453 2660 1852 2717 Constantiam

195 2762 511 2827 infantem,
546 2757 664 2813 duo
695 2753 908 2826 capita,
940 2768 1046 2807 nec
1074 2767 1189 2806 non
1230 2754 1288 2805 et
1330 2753 1535 2805 caetera
1591 2749 1856 2806 membra

199 2851 265 2906 ad
296 2863 493 2921 usque
526 2845 737 2901 clunes
765 2840 1023 2914 duplicia
1052 2839 1388 2905 habentem,
1420 2838 1661 2910 peperit.

261 2939 405 2995 1064
438 2934 736 2991 Henricus
768 2947 867 2987 rex
895 2928 1157 2985 Natalem
1190 2926 1421 2983 Domini
1444 2926 1691 2982 Coloniae
1713 2926 1855 2983 cele-

206 3027 401 3094 δεινὴ,
438 3024 603 3079 diem
637 3019 872 3076 Pascha
901 3021 1097 3075 autem
1128 3015 1326 3071 Leodii
1362 3015 1631 3088 Synodus
1690 3015 1852 3081 Man-

206 3118 302 3170 tua:
333 3113 517 3185 (698).

263 3204 417 3260 1065
444 3199 734 3256 Henricus
757 3213 855 3252 rex
871 3193 1133 3251 Natalem
1152 3192 1380 3249 Domini
1415 3191 1673 3260 Goslare,
1698 3193 1853 3248 diem

196 3296 410 3349 autem
429 3287 657 3345 Pascha
670 3284 1005 3343 Wormatize
1027 3281 1357 3339 celebravit.
1374 3310 1442 3322 —
1460 3280 1611 3337 258
1634 3282 1854 3337 Domus

1968 711 2133 781 obiit,
2168 710 2259 766 cui
2291 710 2641 768 Altmannus
2673 711 3070 784 impcratricis
3101 711 3437 784 capellanus
3482 732 3611 771 suc-

1969 799 2164 855 cessit.
2194 800 2310 855 Hoc
2342 803 2603 871 tempore
2632 801 2946 872 Sigifridus
2980 801 3474 873 Moguntiacensis
3522 822 3613 860 ar-

1969 888 2376 960 chiepiscopus
2406 889 2575 960 (700),
2608 889 2954 945 Wilhelmus
2978 891 3367 961 Trajectensis
3389 893 3611 965 episco-

1970 994 2099 1049 pus,
2134 982 2191 1032 et
2220 977 2578 1036 Guntharius
2608 978 3097 1051 Babinbergensis
3128 980 3458 1052 episcopus,
3482 981 3611 1038 Otto

1969 1065 2410 1122 Ratisbonensis
2438 1066 2767 1139 episcOpus,
2802 1084 2936 1122 cum
2965 1084 3178 1139 magno
3221 1074 3505 1141 apparatu
3556 1076 3611 1126 et

1969 1154 2247 1209 comitatu
2281 1154 2640 1210 Hierusalem
2675 1156 3130 1227 proficiscentes,
3163 1156 3220 1211 in
3255 1173 3321 1213 eo
3355 1158 3611 1216 itinerea

1969 1242 2213 1315 paganis
2245 1242 2430 1298 multa
2458 1249 2597 1299 sunt
2625 1244 2885 1316 perpessi
2914 1263 2926 1312 ;
2960 1261 3096 1300 nam
3129 1248 3185 1301 et
3209 1245 3427 1302 bellum
3474 1265 3607 1304 cum

1967 1331 2050 1387 eis
2083 1332 2227 1386 inire
2249 1335 2388 1387 sunt
2418 1333 2619 1389 coacti.
2644 1332 2706 1387 In
2730 1334 2930 1388 eadem
2962 1333 3423 1391 viaGuntharius
3444 1337 3607 1417 obiit,

1968 1419 2061 1475 cui
2085 1419 2465 1476 Ricimannus
2490 1422 2637 1493 (701)
2699 1420 3027 1478 Simoniace
3084 1424 3388 1479 successit.
3444 1425 3609 1481 Multi

1968 1507 2193 1564 nobiles
2224 1508 2374 1564 civili
2408 1508 2557 1565 bello
2588 1510 2905 1582 perierunt.

2044 1597 2178 1651 1066
2208 1597 2490 1653 Henricus
2522 1614 2619 1653 rex
2649 1597 2911 1653 Natalem
2934 1599 3164 1655 Domini
3212 1601 3467 1670 Goslare,
3500 1603 3611 1659 Pa-

1967 1685 2108 1740 scha
2139 1689 2333 1740 autem
2362 1686 2515 1757 apud
2549 1687 2882 1757 Traiectum
2926 1689 3061 1759 egit.
3119 1721 3183 1729 -
3240 1691 3610 1749 Eberhardus

1968 1773 2328 1830 Trevirensis
2359 1773 2850 1846 archiepiscopus,
2879 1793 2992 1830 xvu
3026 1778 3150 1832 Kal.
3187 1779 3320 1834 Maii
3358 1780 3609 1837 Sabbato

1968 1868 2166 1918 sancto
2201 1863 2451 1929 Pascha,
2487 1863 2791 1935 completis
2821 1882 2855 1920 a
2887 1881 2949 1919 se
2987 1865 3172 1936 ipsius
3212 1868 3324 1922 diei
3377 1868 3607 1936 ofﬁciis,

1967 1952 2112 2024 ipsis
2141 1950 2603 2008 sacerdotalibus
2632 1952 2998 2008 vestimentis
3029 1952 3294 2021 indutus,
3328 1958 3610 2028 requievit

1966 2041 2026 2095 in
2059 2057 2213 2113 pace.
2250 2040 2352 2095 Cui
2380 2040 2679 2096 Conradus
2712 2040 3070 2096 Coloniensis
3105 2044 3607 2115 praepositus,ele-

1966 2134 2095 2186 ctus
2126 2148 2159 2185 a
2189 2145 2341 2201 rege,
2377 2131 2687 2185 succedere
2718 2129 2919 2185 debuit
2947 2149 2960 2198 ;
2994 2132 3094 2186 sed
3127 2149 3161 2186 a
3186 2132 3337 2188 clero
3381 2139 3437 2189 et
3466 2135 3609 2191 civi-

1968 2218 2529 2274 busTrevirensibus
2542 2217 2827 2273 refutatus
2845 2222 2952 2273 est.
2972 2219 3135 2274 Unde
3151 2221 3392 2291 quidam
3414 2239 3609 2280 comes

1966 2306 2037 2362 de
2066 2305 2277 2361 militia
2306 2304 2657 2373 Trevirensi,
2697 2306 2931 2362 nomine
2966 2308 3383 2378 Theodericus,
3443 2326 3610 2367 eum-

1965 2395 2098 2451 dem
2129 2395 2459 2451 Conradum
2480 2394 2761 2451 Trevirim
2785 2396 3116 2452 tendentem
3144 2399 3608 2472 comprehendit,

1965 2488 2021 2540 et
2053 2483 2151 2539 diu
2185 2483 2294 2540 sub
2326 2484 2593 2539 custodia
2623 2489 2980 2540 maceratum
3018 2491 3270 2558 quatuor
3328 2488 3611 2548 militibus

1965 2574 2326 2629 enecandum
2359 2572 2672 2628 commisit.
2707 2574 2813 2636 Qui
2840 2573 2981 2629 dum
3014 2592 3148 2631 eum
3178 2581 3266 2631 ter
3298 2595 3400 2649 per
3429 2580 3613 2650 quod-

1964 2664 2099 2719 dam
2132 2662 2517 2734 prazcipitium
2551 2661 2926 2732 dejecissent,
2960 2669 3015 2719 et
3039 2664 3184 2718 nihil
3207 2665 3316 2720 sibi
3342 2665 3453 2722 nisi
3482 2669 3613 2722 bra-

1964 2752 2161 2808 chium
2193 2750 2461 2806 collidere
2486 2755 2743 2822 possent,
2788 2768 2943 2807 unus
2976 2768 3044 2807 ex
3092 2751 3212 2808 illis
3272 2754 3611 2825 paenitentia

1963 2841 2197 2906 ductus,
2228 2840 2299 2894 ab
2328 2855 2393 2895 eo
2424 2838 2652 2894 veniam
2686 2839 3033 2912 impetravit.
3074 2841 3239 2897 Alius
3269 2846 3463 2898 autem
3511 2860 3608 2899 vo-

1962 2929 2088 2985 lens
2119 2944 2252 2983 eum
2277 2925 2583 2994 decollare,
2605 2924 2903 2983 maxillam
2926 2930 3052 2999 ejus
3074 2934 3303 2986 tantum
3335 2931 3604 2989 abscidit.

1964 3022 2030 3073 Et
2060 3018 2142 3072 sic
2166 3016 2289 3088 ipse
2319 3016 2432 3071 Deo
2463 3016 2677 3088 dignus
2710 3020 2928 3089 martyr
2952 3017 3021 3072 ad
3042 3018 3357 3075 Dominum
3390 3021 3609 3093 migra-

1961 3106 2043 3160 vit
2064 3103 2336 3159 Kalendis
2355 3103 2537 3172 Junii,
2563 3103 2834 3176 sepultus
2856 3105 2928 3160 ad
2960 3106 3253 3162 abbatiam
3288 3110 3609 3179 quamdam

1963 3193 2240 3250 Doleiam.
2276 3193 2418 3248 Tres
2450 3196 2644 3247 autem
2680 3192 2897 3249 milites
2928 3196 3134 3249 mortis
3163 3195 3322 3252 illius
3346 3202 3609 3254 auctores

1965 3283 2143 3356 digna
2174 3280 2318 3337 ultio
2346 3282 2722 3354 postmodum
2755 3283 3067 3339 subsecuta
3092 3290 3181 3341 est
3208 3304 3219 3353 ;
3264 3304 3399 3342 nam
3461 3305 3617 3343 unus

201 3378 437 3452 regalis
462 3375 679 3432 Gestari
707 3377 1080 3431 concremata
1106 3374 1194 3427 est
1224 3370 1409 3441 (699):
1444 3371 1599 3441 quod
1658 3375 1714 3425 et
1770 3371 1856 3426 fa-
1887 3377 1932 3442 C
1969 3387 2169 3428 eorum
2202 3373 2505 3442 acceptum
2533 3371 2727 3427 cibum
2761 3372 3047 3445 deglutire
3086 3391 3201 3429 non
3258 3374 3481 3444 valens,
3514 3375 3617 3432 alii

204 3472 377 3525 ctum
409 3469 501 3521 est
531 3480 585 3518 v1
612 3462 727 3519 Kal.
751 3461 990 3534 Aprilis,
1013 3458 1333 3515 indictione
1357 3459 1546 3526 tertia,
1571 3463 1627 3515 et
1642 3458 1858 3515 ibidem
1972 3460 2086 3515 duo
2120 3476 2330 3515 manus
2360 3476 2500 3517 suas
2530 3460 2850 3517 lacerantes
2873 3463 2944 3517 ad
2975 3462 3198 3520 clautra
3236 3464 3448 3521 inferni
3489 3465 3622 3521 des-

204 3557 517 3614 accinctus
541 3558 629 3609 est
650 3551 936 3608 Henricus
966 3547 1180 3622 gladio,
1206 3564 1359 3603 anno
1388 3547 1553 3621 regni
1574 3548 1665 3603 sui
1688 3565 1861 3616 nono,
1975 3548 2320 3604 cenderunt.

207 3646 400 3703 atatis
432 3647 631 3699 autem
658 3657 778 3697 sua:
801 3639 1029 3695 decimo
1052 3640 1281 3709 quarto,
1305 3640 1360 3692 et
1381 3636 1499 3692 dux
1520 3636 1868 3693 Godet‘ridus

1769 3753 2084 3813 CODICES.

281 3861 422 3916 1062
453 3874 515 3914 vi
546 3856 674 3914 Idus
702 3854 1061 3912 Februarii...
1093 3853 1385 3919 exstinxit,
1412 3861 1462 3908 et
1477 3855 1649 3924 fames
1677 3870 1877 3926 magna

211 3954 364 4021 facta
394 3953 503 4005 est.
532 3947 805 4003 Henricus
833 3960 1000 4000 rex...
1035 3942 1170 4011 egit.
1208 3942 1310 3997 llis
1364 3941 1554 3997 diebus
1611 3944 1874 4001 Hanno...

220 4038 510 4100 Cotonium
540 4033 796 4090 adduxit.

288 4127 437 4185 1063
469 4122 685 4180 Eodem
713 4139 858 4178 anno
891 4122 1138 4195 quaedam
1166 4120 1440 4179 mulier...
1470 4122 1696 4192 peperit.

293 4216 439 4271 1064
471 4212 547 4270 Ut
577 4210 887 4267 Urstisius.

2059 3855 2200 3909 1065
2254 3854 2519 3911 Henricus
2565 3870 2734 3910 rex...
2790 3854 3100 3912 Wormatiw
3164 3857 3293 3929 egit.
3352 3858 3620 3915 Domus...

1988 3952 2331 3999 concremata
2360 3946 2455 3997 est.
2491 3944 2899 3999 Patavz‘ensis...
2932 3947 3199 4001 successit.
3235 3948 3337 4002 Hoc
3368 3952 3635 4019 _tempore

1992 4032 2366 4104 Sigifridus...
2406 4032 2711 4087 Simoniace
2739 4035 3006 4089 successit.
3042 4036 3279 4092 Multi...
3326 4038 3634 4108 perierunt.

2068 4121 2205 4176 1066
2236 4121 2500 4175 Henricus
2529 4135 2693 4175 rex...
2729 4122 2852 4191 egit.

1827 4306 2060 4363 NOTAE.

296 4412 457 4485 (692)
488 4410 551 4465 Id
589 4407 778 4464 serius
805 4407 1124 4485 contigisse
1154 4405 1334 4485 liquet
1359 4405 1790 4485 exhlsambe‘rto_
1806 4406 1889 4485 _ad
1999 4405 2143 4485 tiam
2185 4404 2531 4485 Pagiijllam
2563 4407 2633 4461 ad
2658 4423 2753 4485 an.
2778 4408 2912 4485 1067
2960 4410 3271 4485 statuentis
3299 4412 3641 4485 propendet.

228 4477 325 4540 an;
362 4477 529 4548 1062,
560 4486 620 4535 et
649 4478 954 4534 Annalists
975 4477 1113 4533 Sex.
1145 4479 1218 4533 ad
1250 4494 1344 4533 an.
1380 4477 1542 4533 1063.
1580 4477 1707 4531 Vid.
1771 4478 1890 4532 Ma-

225 4551 609 4629 hill._7§nnal.
646 4550 682 4605 ι.
720 4567 829 4629 in,
860 4567 918 4605 n.
957 4550 1052 4605 101
1089 4566 1253 4629 seqq.

497 4628 647 4709 Ergo
678 4621 929 4709 necdum
953 4618 1329 4709 annopriore
1360 4618 1566 4709 velata.

322 4694 460 4759 695')
497 4694 617 4749 Hoc
684 4694 916 4748 luribus
944 4694 1227 4748 describit
1265 4694 1533 4745 Lambert

320 4760 462 4835 695)
493 4764 606 4818 Vid
638 4710 983 4819 Eambertus
1019 4764 1087 4835 ad
1112 4778 1339 4835 annum
1379 4762 1534 4835 1064.

304 4832 461 4904 ’6196)
492 4836 641 4891 Aliis
669 4834 888 4890 Wezilo
920 4851 1022 4890 seu
1052 4833 1414 4889 Wernherus
1445 4832 1678 4887 dicitur.

304 4842 460 4981 2697)
498 4907 665 4981 Hunc
694 4904 1398 4981 annumpbitusppariter
1426 4903 1678 4981 assignai

328 4903 460 4979 697)
498 4907 665 4962 Hunc
696 4923 919 4979 annum
950 4905 1150 4979 obitus
1181 4904 1398 4977 pariter
1426 4903 1731 4979 assignant
1784 4904 1892 4979 Ne-

228 4976 572 5043 crologium
606 4978 792 5043 Fuld.,
817 4982 875 5032 et
904 4976 1115 5032 Chron.
1142 4976 1389 5043 August.
1415 4976 1488 5030 ad
1519 4991 1780 5031 mensem
1802 4976 1899 5031 Se-

225 5049 574 5127 ptembrem
604 5068 619 5117 ;
655 5049 1006 5104 Lambertus
1031 5064 1164 5103 vero
1197 5049 1266 5101 ad
1295 5061 1515 5101 annum
1548 5062 1670 5117 seq.

312 5123 466 5194 (698)
499 5126 579 5194 De
611 5122 721 5175 hac
752 5120 975 5194 synodo
1006 5122 1518 5194 controve‘rtuntur
1561 5118 1670 5171 scri

684 4692 916 4748 luribus
944 4690 1227 4748 describit
1265 4690 1607 4745 Lambertus
1639 4692 1708 4747 ad
1741 4690 1801 4746 h.
1836 4706 1890 4745 a.

446 5123 466 5247 ἒ
502 5126 579 5176 De
611 5122 721 5175 hac
752 5120 975 5192 synodo
1006 5122 1518 5190 controve’rtuntur
1561 5118 1895 5241 scriptores,

474 5191 515 5247 ii
541 5209 672 5246 eam
692 5190 1087 5247 cumBaronio
1104 5191 1171 5245 ad
1198 5189 1355 5244 hunc
1378 5205 1597 5243 annum
1621 5204 1680 5242 re
1707 5191 1895 5247 erunt,

229 5189 387 5250 dum
410 5189 515 5248 alii
541 5209 672 5246 eam
692 5189 1087 5247 cumBaronio
1104 5191 1171 5245 ad
1198 5189 1355 5244 hanc
1378 5205 1597 5243 annum
1621 5189 1897 5254 referunt,

1998 4480 2104 4553 Ast
2134 4494 2248 4531 non
2280 4477 2443 4553 video
2471 4480 2760 4553 quomodo
2792 4480 2921 4548 ejus
2954 4486 3170 4553 mentio
3215 4477 3338 4537 ﬁeri
3378 4477 3646 4553 potuerit

2001 4549 2060 4602 in
2084 4547 2193 4603 hac
2221 4547 2674 4622 continuatione,
2693 4547 2999 4622 jam’anno
3025 4551 3178 4618 1066,
3206 4547 3465 4622 adeoque
3487 4558 3646 4607 ante-

2003 4635 2178 4691 quam
2210 4618 2511 4692 celebrata
2530 4618 2707 4692 fuerit
2732 4620 2843 4674 ista
2874 4623 3152 4692 synodus,
3184 4618 3471 4687 absoluta,
3530 4622 3645 4678 nisi

2002 4690 2200 4762 ipsum
2235 4690 2468 4746 aliunde
2500 4690 2597 4746 hic
2652 4690 3068 4761 interpolatum
3128 4694 3317 4749 dicere
3372 4694 3645 4760 velimus,

1924 4736 1970 4799 D
2004 4736 2305 4817 aonstaret
2334 4762 2417 4817 sic
2449 4762 2593 4816 ratio
2648 4779 2752 4818 cur
2780 4736 3127 4818 Brertholdus
3186 4736 3646 4822 continuvatidnis

2006 4833 2185 4903 hujus
2215 4833 2464 4910 scriptor
2493 4834 2562 4910 ad
2598 4850 2691 4910 an.
2725 4834 2854 4910 1061
2910 4833 3302 4910 Alexandrum
3362 4842 3647 4910 tanquam

2005 4903 2411 4991 usurpatorem
2428 4903 2718 4991 habuerint,
2736 4904 2832 4975 qui
2853 4905 3102 4991 primunm
3120 4906 3320 4973 altero,
3336 4903 3651 4991 postquam

2005 4976 3125 5054 ipse_s_cribere_desierat,_anno_1067,
3184 4996 3286 5036 ceu
3338 4976 3650 5054 legitimus

2007 5047 2537 5121 pontjtcx‘indicta
2558 5049 2777 5121 synodo
2807 5048 3041 5121 agnitus
3068 5055 3175 5105 est.

2013 5118 2023 5200 ὲ
2079 5118 2226 5200 (699)
2262 5118 2320 5199 In
2353 5118 2465 5200 hoc
2486 5118 2719 5200 Urst‘isii
2753 5118 2881 5200 loco
2909 5122 3307 5200 uuahalterave
3336 5124 3492 5200 linea
3535 5122 3654 5200 sive

2010 5188 2233 5265 in_Ms.,
2267 5190 2385 5265 sive
2417 5189 2488 5265 ab
2513 5190 2737 5265 editors
2768 5192 3007 5248 omissa.
3034 5194 3212 5251 Recte
3257 5212 3388 5250 vero
3440 5193 3661 5265 legitur

234 5265 343 5321 alii
377 5282 514 5320 cum
540 5263 717 5335 Pagio
739 5260 1487 5335 adgan._1067,aliidenique
1515 5275 1651 5315 cum
1677 5258 1900 5335 Mansio
2010 5258 2167 5335 intra
2188 5259 2567 5335 jn_l3ernoldo
2600 5261 2668 5335 ad
2694 5260 3111 5335 huncannum.

235 5336 465 5408 (Suppl.
498 5330 708 5390 Caecil.
734 5338 776 5387 t.
796 5333 850 5408 Al)
872 5332 1129 5408 primum
1154 5332 1222 5408 ad
1248 5348 1341 5408 an.
1370 5330 1899 5408 .1072Lcopsignant.

232 5400 463 5465 Horum
500 5409 761 5477 rationes
790 5400 848 5459 in
873 5400 1231 5477 Compendio
1254 5401 1679 5477 epx‘liibetQalles
1693 5400 1899 5457 Annal.

232 5480 394 5540 Eccl.
424 5479 630 5542 Germ.
651 5476 785 5547 t.V,
810 5492 870 5553 p.
903 5473 1204 5551 566'seq.;
1238 5473 1335 5532 ubi
1367 5473 1557 5549 magis
1587 5474 1644 5530 in
1677 5479 1904 5531 senten-

282 5770 313 5777 υ

2085 5330 2231 5474 (700)
2264 5331 2476 5388 Fusius
2503 5332 2625 5388 haec
2653 5331 2831 5388 habet
2862 5332 3208 5387 Lambertus
3240 5334 3306 5383 ad
3342 5333 3399 5386 h.
3435 5348 3482 5386 a.

2106 5403 2231 5470 701)
2266 5403 2571 5460 Lamberto
2604 5409 2657 5459 et
2690 5404 2819 5462 aliis
2845 5405 3214 5463 llermannus
3247 5406 3482 5465 dicitur.

2106 5403 2231 5470 701)
2266 5403 2571 5460 Lamberto
2604 5409 2657 5459 et
2690 5404 2819 5462 aliis
2845 5405 3214 5463 llermannus
3247 5406 3482 5465 dicitur.
