4152 6186
528 362 643 423 271

1224 357 1623 418 APPENDIX
1668 356 1774 416 AD
1819 354 2264 417 CHRONICON
2312 355 2725 419 HERMANNI
2772 356 3237 421 CONTRACTI.

3810 354 3928 417 272

1488 710 2944 886 CHBONICON

1683 1055 1975 1163 SEU
2093 1059 2792 1164 ANNALES
3430 1176 3433 1179 ν

1069 1292 2080 1427 MONASTEBII
2179 1295 3408 1428 PETEBSHUSANI

826 1549 918 1605 EX
956 1548 1072 1605 MS.
1115 1546 1270 1603 COD.
1313 1546 1482 1603 S/EG.
1524 1546 1624 1601 XII
1664 1528 1986 1601 EJUSDEM
2028 1546 2440 1603 IMPERIALIS
2480 1547 2799 1603 COENOBII
2838 1547 3030 1604 NUNC
3069 1546 3292 1604 PRIMO
3332 1546 3631 1617 EDITUM,

1286 1724 1688 1797 (Ussermann,
1720 1725 2040 1781 Germania:
2065 1739 2242 1782 sacra:
2268 1725 2620 1795 Prodromus,
2647 1728 2788 1782 tom.
2821 1726 2864 1793 Ι,
2897 1729 3049 1798 part.
3084 1726 3171 1797 ιι.)

1891 1902 2574 1997 PBZEFATIO.

584 2255 899 2315 Hermanni
925 2271 994 2309 ex
1024 2249 1298 2325 Augiensi
1331 2250 1528 2305 codice
1550 2249 1860 2321 desumpto
1882 2248 2167 2306 Chronico
2197 2253 2252 2318 Α
2282 2252 2545 2307 medium
2578 2268 2708 2308 εωο.
2741 2269 2821 2306 χιι
2843 2252 3053 2325 prodit.
3098 2251 3189 2307 Sic
3248 2250 3287 2306 l.
3321 2268 3397 2315 ιν,
3436 2268 3487 2307 c.
3528 2252 3614 2324 12,
3647 2251 3801 2310 circa
3830 2271 3930 2312 an.

528 2347 686 2405 aliud
720 2345 816 2400 hic
849 2341 1200 2413 subjicimus
1229 2340 1416 2396 eidem
1446 2338 1620 2394 vicini
1654 2338 2015 2405 monasterii,
2065 2339 2168 2394 Pe-

528 2435 872 2494 tershausen
901 2430 1074 2503 vulgo
1106 2429 1267 2497 dicti,
1287 2433 1448 2483 extra
1470 2444 1670 2482 muros
1696 2426 2169 2482 Constantienses

525 2527 597 2584 ad
631 2524 920 2581 Rhenum.
948 2517 1296 2575 Particulare
1327 2516 1383 2571 id
1407 2516 1679 2587 equidem
1711 2520 1818 2585 est,
1851 2514 2079 2588 locique
2100 2515 2169 2570 il-

525 2614 643 2671 lius
672 2612 958 2685 originem
981 2624 1048 2665 ac
1078 2607 1273 2680 priora
1295 2607 1445 2661 facta
1474 2604 1850 2678 potissimum
1906 2604 2084 2675 sistit,
2108 2608 2173 2659 ut

526 2707 723 2761 tamen
752 2700 922 2774 plura
950 2697 1125 2754 etiam
1147 2695 1461 2761 contineat,
1485 2694 1637 2749 unde
1660 2693 1848 2765 patria
1866 2693 2040 2750 medii
2066 2691 2170 2749 aevi

530 2792 772 2851 historia
802 2791 1092 2862 quantum
1115 2786 1185 2842 ad
1210 2783 1432 2841 nobiles
1451 2783 1744 2839 Bodamici
1767 2787 1988 2839 tractus
2011 2781 2173 2838 fami-

528 2883 662 2952 lias,
694 2876 1110 2953 geographiam
1140 2880 1198 2931 et
1219 2873 1572 2930 Alamanniae
1594 2888 1881 2945 pagorum
1902 2871 2170 2928 notitiam

532 2967 812 3028 illustrari
835 2965 1155 3039 plurimum
1182 2962 1386 3018 valeat.
1407 2963 1464 3017 In
1489 2978 1604 3032 quo
1631 2961 1803 3017 etiam
1828 2964 2172 3033 argumento

534 3063 797 3118 versatur
810 3056 1000 3113 Codex
1022 3053 1083 3110 Di
1091 3051 1442 3126 plomaticus
1462 3049 1816 3107 Alemannis;
1840 3051 2173 3123 etBurgun-

531 3151 641 3210 diae
669 3146 1105 3217 Trans-juranaa
1138 3143 1294 3198 intra
1319 3140 1466 3197 ﬂues
1486 3138 1749 3196 diceeesis
1771 3138 2176 3196 Constantien-

534 3242 637 3310 eis,
654 3254 829 3311 quem
853 3252 955 3292 seu
990 3233 1366 3306 prodromum
1388 3229 1646 3286 historiae
1666 3228 1929 3301 ejusdem
1953 3228 2176 3301 episco-

534 3333 707 3401 patus
760 3324 917 3397 prelo
966 3322 1217 3392 jamjam
1275 3320 1526 3391 subjecit
1577 3317 1796 3375 sodalis
1858 3322 2058 3374 noster
2112 3317 2173 3373 P.

534 3415 899 3486 Trudpertus
930 3411 1204 3480 Neugart.

606 3503 859 3575 Dignum
882 3499 1023 3555 adeo
1057 3512 1366 3552 censemus
1393 3495 1502 3550 hoc
1531 3494 1856 3551 Chronicon
1905 3496 2062 3565 quod
2117 3496 2175 3552 in

532 3590 826 3666 publicam
842 3587 1032 3643 lucem
1050 3582 1442 3657 protrahatur,
1457 3583 1627 3652 cujus
1641 3583 1924 3637 hactenus
1942 3584 2176 3639 nonnisi

532 3683 801 3753 excerpta
828 3675 1096 3750 quadam
1127 3666 1186 3728 S.
1211 3670 1620 3727 Gebehardum
1652 3671 2018 3726 fundatorem
2042 3688 2175 3727 con-

530 3768 828 3829 cernentia
856 3766 914 3821 in
946 3761 1144 3819 Manlii
1164 3760 1447 3817 Chronico
1479 3758 1849 3831 episcopatus
1892 3764 2171 3816 Constan-

527 3859 735 3917 tiensis
764 3856 915 3929 apud
953 3851 1264 3909 Pistorium
1289 3850 1486 3923 (Scrip.
1518 3851 1641 3906 Rer.
1678 3848 1856 3904 Germ.
1889 3852 1931 3904 t.
1972 3850 2067 3915 Ill,
2113 3868 2169 3923 p.

527 3950 655 4019 685)
679 3948 961 4020 prostant.
996 3943 1254 3998 Habetur
1281 3939 1339 3994 in
1371 3956 1483 3996 ms.
1512 3938 1708 3995 codice
1729 3938 2172 3995 membranaceo

529 4036 589 4092 in
622 4036 744 4102 fol.,
777 4032 1050 4106 pluribus
1078 4047 1211 4086 vero
1238 4029 1432 4084 lituris
1462 4028 1599 4083 hinc
1630 4027 1765 4083 inde
1812 4044 2167 4099 respersum,

530 4124 685 4197 quod
717 4120 1043 4179 collectioni
1066 4123 1278 4175 nostrae
1298 4117 1673 4173 inserendum
1697 4116 1950 4189 gratiose
1986 4118 2175 4173 nobis-

530 4230 665 4269 cum
680 4206 1530 4281 communicavitdignissimus
1544 4205 1717 4261 istius
1733 4205 1977 4261 ccenobii
1991 4206 2173 4263 abbas

529 4299 843 4373 Josephus,
872 4297 964 4355 cui
994 4296 1161 4369 proin
1193 4298 1387 4367 grates
1417 4294 1512 4349 hic
1546 4294 1775 4366 publico
1817 4294 2054 4350 nomine
2084 4312 2172 4352 re-

532 4390 861 4463 pendimus.
887 4386 1215 4442 Occurrunt
1242 4384 1479 4456 quidem
1513 4383 1572 4438 in
1601 4399 1667 4438 eo
1706 4381 1938 4439 levioris
1999 4384 2173 4439 subin

530 4477 813 4536 momenti
840 4474 1224 4542 narrationes,
1246 4489 1372 4546 quae
1404 4470 1598 4527 saeculi
1632 4487 1747 4543 quo
1778 4473 2064 4544 scriptum
2087 4478 2177 4530 est

529 4572 588 4625 et
617 4565 917 4640 scriptoris
957 4563 1196 4637 genium
1256 4561 1529 4633 produnt,
1587 4576 1910 4631 quarumve
1968 4562 2176 4616 notitia

529 4657 687 4714 haud
720 4658 961 4712 interest
994 4651 1248 4725 publico.
1280 4651 1428 4715 Quin
1458 4666 1589 4705 vero
1620 4648 1721 4705 illa
1743 4649 1931 4705 omitti
1959 4654 2176 4722 queant

530 4746 613 4802 nil
644 4763 782 4802 sane
810 4743 1076 4816 impedit,
1104 4758 1237 4796 cum
1259 4740 1317 4794 id
1342 4739 1510 4795 unice
1531 4742 1738 4811 agatur
1761 4742 1914 4794 utne
1936 4740 2074 4812 quid
2090 4739 2172 4794 la-

527 4838 650 4890 teat
679 4835 830 4905 quod
868 4831 1064 4905 patria:
1094 4828 1347 4885 historiae
1387 4844 1620 4900 quoquo
1666 4828 1838 4883 modo
1892 4827 2174 4884 inservire

527 4921 734 4995 possit.
766 4920 946 4977 Nobis
976 4923 1149 4986 certe,
1189 4918 1287 4990 qui
1316 4917 1386 4972 ab
1427 4916 1651 4988 aliquot
1699 4916 1827 4988 jam
1886 4916 2054 4972 annis
2112 4918 2171 4973 in

2206 3629 2251 3693 B

2278 2340 2418 2395 1126
2449 2340 2792 2412 aliquandiu
2840 2339 2899 2394 in
2949 2339 3095 2396 cella
3153 2338 3604 2413 Wagenhausen
3662 2341 3932 2400 demora-

2277 2435 2375 2485 tus
2406 2434 2511 2486 est.
2549 2429 2771 2485 Ibidem
2803 2445 2865 2497 ιι,
2892 2430 2926 2485 3
2957 2428 3313 2487 Petershusii
3344 2445 3600 2501 praesens
3631 2432 3931 2499 erat,dum

2279 2535 2375 2574 an.
2411 2519 2546 2575 1134
2577 2535 2790 2591 corpus
2848 2519 2907 2576 S.
2969 2517 3296 2575 Gehehardi
3355 2516 3608 2574 levatum
3655 2524 3799 2588 erat,
3831 2520 3931 2577 cui

2279 2608 2457 2663 etiam
2487 2608 2797 2663 sanitatem
2828 2624 2998 2664 suam
3029 2608 3086 2663 in
3133 2606 3387 2680 acceptis
3427 2606 3644 2665 retulit.
3677 2608 3930 2666 Demum

2280 2713 2337 2751 n.
2370 2696 2436 2752 16
2493 2697 2919 2769 expeditionem
2972 2696 3219 2753 Conradi
3286 2696 3440 2769 regis
3494 2696 3556 2752 in
3605 2697 3935 2754 Saracenos

2280 2802 2376 2841 an.
2413 2786 2550 2840 1147
2582 2789 2803 2841 motam
2833 2785 3192 2856 describens,
3223 2802 3324 2842 eos
3353 2785 3540 2841 adhuc
3570 2785 3813 2842 minime
3845 2803 3936 2843 re-

2280 2874 2460 2929 diisse
2488 2876 2757 2942 testatur,
2788 2874 2891 2946 qui
2920 2890 2989 2929 ex
3018 2890 3124 2930 suo
3154 2872 3278 2929 loco
3309 2871 3448 2929 illuc
3488 2874 3728 2944 profecti
3761 2877 3929 2931 sunt.

2280 2963 2361 3019 Ex
2389 2962 2566 3019 variis
2588 2967 2783 3019 tamen
2803 2962 3262 3019 circumstantiis
3284 2979 3391 3020 suo
3414 2962 3538 3019 loco
3557 2963 3830 3020 notandis
3850 2963 3937 3020 vi-

2281 3053 2552 3109 debimus
2581 3052 2903 3108 Chronicon
2934 3052 3043 3108 hoc
3073 3068 3188 3108 non
3219 3052 3292 3108 ab
3322 3068 3440 3108 uno
3476 3055 3727 3120 tantum,
3762 3053 3863 3109 sed
3896 3070 3939 3111 ἃ

2283 3142 2553 3215 pluribus
2584 3142 2966 3213 scriptoribus
2997 3140 3178 3197 fuisse
3226 3140 3628 3213 compilatum,
3679 3142 3764 3197 uti
3798 3142 3933 3214 jam

2285 3232 2429 3289 alias
2462 3232 2533 3287 de
2562 3230 2900 3302 hujusmodi
2930 3229 3218 3287 chronicis
3249 3230 3704 3287 observavimus.

2357 3321 2588 3376 Primus
2619 3337 2753 3377 vero
2782 3319 2995 3376 horum
3018 3318 3321 3376 annalium
3343 3319 3592 3392 scriptor
3604 3336 3702 3377 eos
3722 3337 3839 3377 non
3861 3336 3937 3377 ex

2286 3409 2535 3467 aliorum
2558 3410 2844 3464 duntaxat
2860 3408 3161 3475 relatione,
3187 3409 3340 3464 unde
3359 3407 3558 3481 plures
3580 3409 3936 3482 plerumque

2287 3498 2494 3555 fabulae
2515 3513 2811 3570 emergere
2832 3497 3040 3562 solent,
3066 3498 3167 3552 sed
3190 3513 3259 3553 ex
3285 3496 3635 3554 authenticis
3657 3501 3723 3554 ut
3744 3496 3934 3569 pluri-

2287 3604 2453 3644 mum
2480 3586 2717 3652 tabulis,
2737 3584 2953 3641 chartis
2986 3585 3234 3657 aliisque
3270 3585 3474 3642 coaevis
3498 3587 3837 3644 monasterii
3860 3585 3937 3645 il-

2281 3676 2396 3731 lius
2422 3675 2787 3731 documentis
2808 3673 3175 3747 conscripsit,
3202 3675 3289 3730 uti
3306 3691 3373 3730 ex
3403 3675 3652 3731 aliorum
3675 3675 3935 3747 scripto-

2282 3782 2408 3821 rum
2444 3763 2745 3820 collatione
2766 3762 2968 3835 liquet,
2985 3763 3083 3835 qui
3107 3763 3243 3819 inde
3262 3762 3438 3819 etiam
3460 3764 3617 3820 haud
3636 3764 3936 3819 modicam

2283 3855 2632 3927 quandoque
2664 3852 2852 3908 lucem
2884 3852 3197 3925 accipiunt.
3248 3851 3321 3908 Ut
3363 3857 3582 3926 autem,
3628 3853 3783 3927 quod
3833 3869 3935 3910 res

2282 3946 2390 4008 est,
2422 3943 2708 4011 dicamus,
2734 3941 2908 3997 ﬁdem
2961 3940 3231 3997 Chronici
3288 3943 3472 3999 nostri
3521 3942 3674 3999 haud
3708 3958 3929 4015 parum

2283 4036 2615 4104 suspectam
2648 4030 2901 4086 reddunt
2923 4046 3048 4102 quis
3071 4030 3239 4086 initio
3260 4031 3388 4102 ejus
3410 4031 3701 4087 habentur
3720 4030 3790 4085 de
3807 4029 3935 4085 Bri-

2282 4121 2657 4195 gantinorum
2690 4119 2970 4175 comitum
3026 4118 3274 4191 origine,
3335 4118 3494 4176 nullo
3546 4119 3937 4191 antiquorum

2283 4210 2636 4281 scriptorum
2654 4207 2987 4264 testimonio
3003 4206 3169 4275 fulta,
3194 4224 3261 4264 ac
3289 4207 3532 4282 insuper
3548 4198 3611 4264 in
3648 4207 3945 4265 nonnulis

2284 4297 2573 4353 historica
2590 4295 2823 4352 illorum
2850 4299 3179 4368 temporum
3204 4296 3413 4353 rationi
3442 4297 3755 4354 contraria.
3786 4296 3937 4360 Quae

2282 4388 2412 4458 ipsa
2441 4386 2617 4441 etiam
2649 4401 2828 4440 causa
2851 4389 2942 4439 est
2968 4385 3125 4456 quod
3150 4384 3327 4441 Wilh.
3362 4386 3496 4442 Ern.
3521 4385 3835 4443 Tenzelins
3865 4384 3937 4441 in

2282 4474 2533 4531 Vindicii
2554 4473 2850 4530 historicis
2867 4490 2971 4546 pro
2989 4473 3285 4547 Conringii
3308 4490 3555 4531 censura
3574 4475 3633 4529 in
3673 4472 3951 4547 diploma

2285 4564 2529 4620 cmnobii
2559 4562 2978 4629 Lindaviensis,
2995 4565 3513 4636 p.270,postquam
3539 4581 3607 4620 ex
3626 4561 3846 4620 Manlio
3870 4578 3953 4619 ea

2268 4653 2583 4710 retulisset
2600 4670 2727 4725 qua:
2751 4652 2903 4707 infra
2923 4651 2979 4706 in
3004 4651 3288 4708 Chronico
3309 4652 3349 4709 1.
3384 4671 3424 4721 ι,
3452 4671 3510 4709 ιι.
3536 4657 3592 4722 2,
3623 4653 3669 4708 3.
3687 4656 3744 4709 et
3771 4655 3828 4719 4,
3863 4652 3949 4708 de

2284 4743 2393 4799 hac
2415 4741 2752 4815 genealogis
2771 4740 3070 4813 leguntur,
3094 4741 3215 4796 haec
3236 4743 3476 4799 demum
3516 4740 3893 4813 subjunxerit
3927 4757 3947 4797 :

2285 4856 2311 4882 (‹
2346 4833 2555 4888 Totum
2588 4831 2776 4886 locum
2814 4830 3059 4884 recitare
3088 4846 3274 4902 operas
3305 4831 3558 4904 pretium
3590 4830 3719 4898 fuit,
3752 4833 3824 4885 ut
3852 4832 3952 4885 le-

2284 4925 2407 4978 ctor
2424 4920 2652 4975 facilius
2674 4920 2744 4974 de
2762 4917 3024 4974 fabulosa
3038 4917 3809 4994 comitum'Brigantinorum
3825 4917 3959 4973 ori-

529 5009 867 5067 adornanda
896 5008 1209 5065 Germania
1226 5023 1393 5063 sacra
1422 5023 1793 5062 communem
1821 5005 2173 5062 conferimus
2204 4997 2246 5063 C
2285 5012 2419 5083 gine
2454 5008 2532 5063 ibi
2562 5007 2855 5079 descripta
2876 5007 3146 5078 judicare
3167 5014 3362 5080 queat.
3399 5032 3426 5059 ι»
3476 5010 3658 5082 Cujus
3690 5005 3955 5080 quidem

530 5114 789 5173 operam,
817 5098 1093 5168 huncque
1123 5096 1181 5151 in
1216 5096 1392 5150 tinem
1432 5095 1835 5151 delitescentia
1890 5094 2172 5151 hactenus

531 5190 908 5245 monumenta
924 5184 1186 5257 undique
1200 5183 1832 5255 conquirimus,visum
1850 5184 1994 5240 satis
2015 5184 2170 5239 haud
2208 5242 2209 5251 χ

527 5282 617 5336 est
648 5277 698 5334 si
730 5276 831 5333 illa
860 5258 1232 5331 duntaxat‘in
1263 5290 1461 5330 sacros
1489 5290 1635 5330 usus
1674 5277 1905 5329 nostros
1935 5289 2171 5328 conver-

525 5371 745 5435 tamus,
779 5365 893 5423 nisi
929 5366 1133 5422 eadem
1167 5363 1299 5423 aliis
1331 5380 1565 5436 quoque
1622 5370 1963 5419 sisteremus
2020 5361 2173 5416 unde

526 5456 701 5512 etiam
733 5456 985 5528 profanae
1018 5454 1273 5511 historias
1304 5453 1403 5508 lux
1426 5453 1693 5524 quasdam
1725 5451 1941 5506 ail‘undi
1977 5454 2169 5522 queat.

603 5544 758 5603 282
791 5544 965 5603 Porro
994 5544 1260 5603 Chronici
1291 5542 1464 5598 istius
1494 5541 1746 5614 scriptor
1765 5555 1975 5595 nomen
1998 5555 2169 5594 suum

525 5633 757 5709 nullibi,
795 5650 857 5693 se
888 5638 1084 5695 tamen
1116 5630 1359 5691 coenobii
1388 5628 1549 5689 illius
1608 5627 1965 5691 monachum
2024 5626 2175 5692 circa

2284 5099 2483 5172 rigidae
2513 5115 2614 5154 cen
2625 5114 2689 5153 su
2700 5113 2773 5151 rm
2795 5096 3048 5153 rationes
3070 5102 3378 5169 sequentes
3408 5097 3640 5171 allegat.
3662 5098 3711 5153 1.
3739 5117 3767 5147 α
3788 5095 3960 5161 Quis

2286 5189 2431 5243 ferat
2452 5184 3037 5252 fabulantem,Galliae
3054 5185 3281 5258 Togatas
3303 5188 3661 5244 Francorum
3684 5186 3967 5257 impera-

2281 5281 2474 5331 torum
2496 5280 2756 5346 tempore
2779 5270 3128 5344 peculiarem
3154 5291 3347 5349 regem
3374 5278 3555 5334 fuisse
3574 5276 3602 5332 7
3624 5299 3650 5325 »
3683 5273 3966 5346 AtquLsi

2283 5364 2352 5419 de
2373 5379 2509 5418 vera
2540 5362 2720 5418 Gallia
2750 5362 2943 5433 Togata
2965 5379 3066 5417 seu
3090 5364 3253 5418 [Iulia
3282 5382 3475 5421 sermo
3524 5366 3621 5430 sit,
3663 5366 3819 5421 certe
3867 5377 3967 5419 ex

2283 5451 2598 5507 Hermanni
2621 5450 2952 5506 testimonio
2977 5451 3045 5506 ad
3070 5468 3164 5507 an.
3190 5455 3294 5508 888
3312 5454 3479 5510 multi
3502 5454 3718 5511 ibidem
3739 5450 3967 5524 reguli

2281 5539 2482 5597 Carolo
2507 5540 2716 5597 Crasso
2748 5542 2978 5595 mortuo
3008 5547 3406 5611 emerserunt;
3462 5544 3512 5600 si
3560 5557 3694 5601 vero
3734 5539 3963 5599 ασκεω

2288 5630 2502 5708 Togatae
2523 5627 2757 5688 nomine
2787 5628 2940 5688 208
2971 5628 3238 5713 scriptori
3271 5634 3469 5693 nostro
3499 5631 3680 5695 Gallia
3706 5628 3966 5707 Belgica
