4152 6186
215 292 340 359 9473

1040 297 1490 363 CHRONIGON
1537 293 2255 360 PETERSHUSANUM.
2289 327 2367 346 --
2396 296 2811 363 PROCEMIA.

3507 295 3625 366 274

217 427 306 486 vel
341 427 548 487 Celtica
573 430 785 502 veniat,
807 432 890 489 uti
921 437 1126 507 postea
1153 433 1436 500 dicemus,
1472 430 1710 489 Carolus
1742 429 1871 487 Cal-
1903 439 1952 498 Α
1983 431 2230 488 aiiurum
2260 432 2596 490 testimonia
2615 435 2667 490 ei
2689 415 3217 508 suifragentur,etsi
3248 433 3304 491 in
3328 437 3628 496 nonnullis

217 535 324 575 vus
357 520 440 576 ibi
493 521 603 577 sub
659 522 1116 595 imperatoribus
1175 522 1411 579 Francis
1476 521 1876 578 Lothariolet

216 609 501 666 Ludovice
529 610 575 666 ΙΙ
594 627 839 684 regnum
862 612 1181 690 obtinebat.
1204 615 1259 668 2.
1289 612 1544 678 Quaaritu
1578 609 1876 676 Quomodo

213 713 282 753 ex
314 697 448 754 aliis
469 698 743 771 genuinis
765 700 1155 772 scriptoribus
1183 700 1414 772 probari
1448 703 1638 772 potest
1667 715 1875 770 quem-

212 803 392 860 quam
423 788 775 844 Francorum
808 789 1230 862 imperatorum
1255 789 1434 844 ﬁliam
1470 806 1637 844 suam
1661 788 1720 842 in
1755 804 1874 842 ma-

212 877 452 932 trimoni
464 893 559 932 um
575 877 805 932 dedisse
820 878 1001 933 nobili
1021 879 1257 934 cuidam
1272 895 1339 934 ex
1361 877 1546 934 Gallia
1567 875 1826 949 Togata?
1849 898 1874 922 ››

213 966 402 1022 Pauca
443 965 642 1037 legerit
693 966 1041 1036 Tenzelius;
1075 969 1131 1042 id
1181 968 1337 1023 enim
1379 967 1531 1040 quod
1567 964 1874 1038 ignoravit,

211 1072 325 1110 non
350 1073 419 1112 ex
441 1055 714 1126 genuinis
735 1057 909 1111 modo
933 1057 1346 1129 scriptoribus,
1375 1057 1476 1111 sed
1501 1061 1557 1111 et
1583 1053 1876 1110 authenti-

209 1143 291 1200 cis
324 1159 562 1215 quoque
593 1144 1000 1200 instrumentis
1021 1144 1176 1200 infra
1207 1145 1610 1216 probabimus.
1648 1145 1701 1199 3.
1736 1141 1878 1212 obji-

206 1231 322 1288 cit:
359 1255 386 1281 ››
436 1233 640 1288 Nonne
685 1249 754 1288 ex
791 1236 878 1288 tot
927 1233 1146 1289 chartis
1196 1235 1696 1306 scriptoriliusque
1743 1249 1876 1286 con-

208 1326 324 1377 stat
383 1322 693 1377 Potamum
768 1326 888 1376 tam
951 1323 1402 1394 praecedentium
1460 1324 1876 1394 imperatorum

205 1411 566 1466 ﬂaucorum
600 1427 777 1482 quam
828 1410 1014 1466 Caroli
1047 1412 1241 1468 Crassi
1292 1417 1556 1483 tempore
1592 1410 1876 1482 palatium

205 1499 434 1573 regium
474 1499 658 1555 fuisse
680 1499 706 1553 ?
741 1499 1042 1563 Quomodo
1072 1500 1254 1572 igitur
1283 1501 1356 1555 ab
1401 1499 1598 1572 aliquo
1632 1501 1876 1554 Franco-

203 1605 334 1644 rum
353 1587 782 1660 imperatorum
798 1589 1002 1643 donari
1019 1589 1210 1660 potuit
1227 1589 1429 1644 comiti
1452 1589 1791 1661 Brigantino
1813 1592 1877 1643 Ρ»

200 1677 304 1734 Hic
334 1678 465 1750 ipse
523 1677 638 1732 sibi
693 1678 1045 1748 respondeat
1103 1677 1408 1734 Tenzelius
1441 1681 1502 1751 (ι.
1567 1696 1718 1750 c.,p.
1751 1678 1881 1746 27l)

1985 520 2272 576 factorum
2297 521 2754 580 circumstantiis
2786 523 3030 580 aberret.
3064 522 3388 598 quuiorem
3430 530 3628 584 tamen

1987 625 2048 664 se
2069 614 2263 681 pestes
2289 613 2371 683 (p.
2401 613 2529 684 275)
2560 612 2770 668 horum
2793 613 3096 669 annalium
3120 614 3380 685 judicem
3413 617 3631 686 praebet

1985 699 2310 768 Tenzelius,
2347 723 2373 749 «
2411 718 2578 774 quos,
2637 701 2791 770 licet,
2828 704 3111 773 scribens,
3147 708 3316 759 antea
3347 703 3627 760 comitum

1988 788 2506 861 (Brigantinorum)
2538 790 2819 863 originem
2846 792 3062 848 fabulis
3087 793 3501 863 coinquinasse
3531 810 3627 848 os-

1984 877 2349 933 tenderimus
2377 879 2670 950 (asseruit,
2705 897 2819 935 non
2852 881 3162 952 probavit,)
3194 898 3308 936 non
3342 881 3631 954 improba-

1988 981 2119 1020 mus
2149 969 2364 1033 tamen,
2400 984 2525 1039 quae
2558 968 2776 1024 habent
2804 970 2874 1024 de
2905 974 3144 1041 parente
3175 970 3466 1026 Gebhardi
3497 971 3629 1026 fun-

1987 1054 2206 1110 datoris
2236 1055 2452 1123 (Uzone
2510 1074 2610 1112 seu
2674 1058 2986 1129 Udalrico,)
3041 1058 3256 1130 quippe
3288 1063 3351 1114 ut
3380 1059 3629 1116 ccenobii

1986 1143 2395 1198 Petershusani
2430 1145 2612 1199 initiis
2645 1147 2934 1217 propiora,
2962 1147 3040 1201 ita
3064 1147 3260 1217 procul
3295 1148 3412 1202 dub
3441 1165 3472 1203 ο
3504 1152 3627 1203 stu-

1988 1231 2210 1288 diosius
2241 1232 2646 1305 sinceriusque
2677 1235 3000 1290 adservata.
3021 1235 3416 1307 Novimusque
3439 1253 3505 1292 ex
3535 1237 3628 1307 ip-

1989 1320 2070 1375 sis
2104 1320 2577 1392 Brigantinorum
2638 1322 2953 1378 assertis...
3012 1339 3110 1378 eos
3141 1341 3174 1377 a
3204 1324 3528 1380 Gebehardi
3581 1326 3626 1380 ΙΙ

1987 1409 2518 1466 Constantiensium
2563 1411 2818 1483 episcopi
2846 1411 3126 1483 genitore,
3158 1428 3226 1467 ex
3253 1413 3630 1483 praeclu‘issi-

1990 1515 2084 1554 mo
2117 1498 2573 1555 Alemannorum
2597 1517 2805 1573 genere
2830 1505 3147 1572 procreato,
3178 1507 3457 1574 tanquam
3485 1503 3632 1558 radi-

1988 1604 2053 1644 ce
2083 1593 2263 1644 totam
2299 1591 2580 1646 comitum
2639 1608 2882 1646 suorum
2916 1591 3246 1663 progeniem
3280 1593 3559 1649 derivare.
3599 1616 3627 1642 ››

1989 1678 2152 1741 Quod
2174 1677 2221 1732 si
2245 1677 2523 1750 largiente
2543 1679 2813 1734 Tensalio
2837 1680 2979 1734 eain
3001 1679 3093 1736 his
3115 1681 3428 1737 annalibus
3449 1681 3632 1738 since-

197 1773 280 1860 ξω
305 1766 581 1823 scribens
609 1782 622 1821 :
656 1786 678 1814 α
705 1767 902 1838 Neque
925 1768 1081 1822 enim
1119 1767 1234 1823 illis
1259 1768 1629 1840 temporibus
1662 1783 1873 1824 novum
1905 1803 1953 1868 Β
1991 1766 2145 1822 riora
2166 1772 2303 1822 sunt
2333 1784 2460 1839 quae
2493 1767 2732 1839 propius
2761 1772 3025 1840 tempora
3055 1769 3421 1824 S.Gebhardi
3447 1770 3628 1842 respi-

197 1852 586 1927 insolensque
631 1856 924 1910 duxerunt
973 1856 1374 1927 imperatores,
1417 1861 1608 1912 curtes
1640 1873 1871 1928 quoque

197 1943 498 2017 regales...
547 1943 865 1999 comitibus
911 1944 1056 1999 bene
1105 1944 1329 2000 meritis
1381 1944 1632 2018 elargiri.
1663 1968 1690 1995 ››
1720 1947 1778 2001 Si
1813 1946 1868 2000 id

196 2033 380 2107 igitur
407 2031 606 2090 Caroli
630 2033 820 2088 Crassi
851 2033 1212 2105 temporibus
1235 2050 1336 2089 nec
1367 2051 1566 2090 novum
1597 2051 1701 2090 nec
1723 2037 1868 2090 inso-

197 2122 312 2178 lens
342 2125 499 2185 erat,
532 2137 670 2193 ergo
683 2122 811 2192 jam
839 2127 1010 2177 antea
1047 2122 1262 2176 factum
1287 2122 1460 2178 fuerit
1491 2139 1726 2179 necesse
1758 2129 1866 2191 est,

200 2216 264 2267 ut
288 2210 480 2266 curtis
501 2210 941 2282 regalis,qualis
969 2216 1093 2267 erat
1108 2211 1439 2279 Potamum,
1473 2230 1586 2268 non
1619 2213 1746 2268 dico
1769 2231 1868 2269 co-

200 2299 332 2356 miti
362 2300 519 2354 bene
548 2300 928 2367 merenti,sed
963 2299 1196 2372 proprio
1236 2317 1343 2356 suo
1374 2303 1571 2373 nepoti
1602 2301 1868 2358 Udalrico

201 2390 261 2445 in
315 2387 633 2460 proprium
691 2388 1030 2444 concederet
1080 2389 1406 2446 Ludovicus
1463 2390 1867 2459 Germanicus,

195 2477 386 2534 Caroli
420 2475 620 2532 Crassi
649 2480 833 2548 pater.
867 2478 991 2543 Qua
1036 2481 1231 2533 tamen
1281 2479 1590 2536 donatione
1622 2496 1736 2534 non
1767 2480 1868 2535 ob-

196 2573 415 2634 stante,
446 2569 764 2621 Potamum
792 2581 858 2620 eo
890 2566 1063 2620 modo
1122 2567 1301 2622 curtis
1334 2568 1490 2640 regio
1531 2584 1872 2640 permanere

196 2656 410 2730 potuit,
446 2654 553 2710 ubi
585 2654 744 2726 regio
779 2654 1016 2710 nomine
1045 2656 1148 2726 jus
1179 2656 1487 2724 diceretur,
1523 2673 1636 2728 quo
1668 2658 1869 2713 Luste-

197 2763 373 2803 nowa
406 2761 521 2800 seu
569 2743 885 2799 Lustinava
933 2744 1151 2816 pariter
1179 2745 1362 2800 curtis
1392 2744 1622 2816 regalis,
1663 2746 1733 2800 de
1755 2762 1870 2816 qua

197 2836 269 2892 ita
301 2833 523 2890 scribit
563 2831 870 2888 Tenzelius
918 2833 981 2903 (l.
1013 2849 1084 2901 c.,
1125 2849 1181 2904 p.
1227 2833 1393 2903 272):
1421 2855 1449 2883 ‹‹
1499 2833 1570 2888 Ut
1596 2833 1869 2889 Arnolfus

199 2923 522 2996 imperator
563 2925 794 2977 curtem
838 2921 1190 2976 Lustenovva
1239 2921 1508 2977 Udalrico
1557 2921 1754 2976 comiti
1799 2922 1870 2976 de

201 3013 537 3084 Linzegewe
567 3011 758 3081 (juxta
811 3009 1072 3065 chartam
1105 3027 1200 3064 an.
1263 3011 1363 3064 891
1390 3010 1541 3081 apud
1577 2999 1870 3081 Herrgott)

202 3102 246 3158 in
268 3105 374 3174 jus
403 3099 786 3174 proprietatis
842 3098 1020 3167 dedit,
1051 3097 1134 3154 ita
1163 3116 1277 3155 non
1307 3099 1602 3155 intercedo
1633 3100 1866 3172 quomi-

197 3173 301 3247 nus
333 3173 546 3245 comiti
578 3187 918 3259 Brigantino
966 3191 1189 3243 curtem
1226 3189 1493 3244 Lintowa
1539 3188 1626 3243 vel
1658 3187 1864 3243 Aruol-
1896 3173 1938 3239 C

193 3280 284 3336 fus
312 3279 412 3334 vel
443 3278 596 3333 alius
623 3277 875 3333 donasse
908 3277 1155 3332 dicatur.
1192 3280 1313 3333 Imo
1344 3295 1459 3332 non
1505 3294 1862 3350 repugnave-

193 3368 314 3424 rim
348 3367 404 3423 si
453 3367 586 3438 quis
620 3366 773 3421 hunc
829 3366 1162 3422 Udalricum
1223 3367 1494 3422 comitem
1555 3367 1690 3422 velit
1739 3384 1864 3422 esse

193 3455 485 3514 eumdem
509 3470 674 3525 quem
692 3454 1006 3510 chronicon
1027 3455 1544 3512 Petershusianum
1568 3457 1866 3528 Brigantio

193 3546 368 3617 aliisq
380 3543 614 3600 uelocis
631 3549 1073 3601 renumeratum
1098 3544 1255 3600 sistit
1275 3543 1337 3616 (l.
1366 3563 1403 3614 ι,
1439 3562 1496 3600 n.
1516 3545 1591 3611 3),
1610 3545 1783 3600 modo
1798 3561 1866 3600 ea

197 3635 516 3692 demantur
557 3651 684 3706 quae
719 3637 776 3688 et
825 3633 1038 3688 fabulis
1085 3633 1322 3706 propria
1375 3638 1597 3702 sunt,et
1623 3634 1865 3700 notorie,

200 3729 259 3780 ut
290 3724 633 3788 Potamum,
666 3723 738 3778 ad
773 3722 1003 3794 imperii
1027 3722 1236 3778 ﬁscum
1260 3722 1482 3778 diutius
1514 3723 1866 3794 pertinuere,

202 3812 279 3868 vel
308 3811 452 3869 aliis
483 3811 828 3877 comitibus,
859 3813 924 3865 ut
953 3811 1236 3879 Buchorn,
1275 3810 1681 3866 inservierunt.
1709 3833 1735 3860 »
1771 3816 1870 3866 De-

200 3915 362 3958 mum
395 3900 484 3956 ita
542 3899 877 3956 concludit:
903 3923 931 3949 «
964 3899 1182 3955 Saltem
1212 3899 1533 3955 Chronicon
1571 3899 1729 3968 istud
1762 3899 1870 3954 Pe-

199 3991 629 4047 tershusanum
659 3989 1002 4044 recentioris
1058 3989 1367 4044 commatis
1425 4005 1554 4044 esse
1603 3988 1690 4044 vel
1724 3987 1868 4042 illud

200 4078 420 4152 prodit,
451 4078 614 4150 quod
643 4080 841 4134 ruinas
871 4078 1226 4134 habitationis
1275 4081 1518 4150 antiquae
1552 4079 1703 4134 264
1745 4093 1871 4132 me-

202 4173 413 4236 morat,
451 4183 632 4239 quam
665 4165 980 4222 incoluerit
1007 4170 1123 4221 Uzo
1150 4169 1312 4239 pater
1341 4165 1632 4222 Gebhardi
1666 4166 1876 4220 funda-

204 4258 341 4314 toris
375 4255 800 4313 Petershusani
832 4255 894 4327 (Ι.
924 4273 962 4323 ι,
997 4273 1054 4310 n.
1084 4255 1161 4326 5).
1196 4277 1222 4305 »
1247 4255 1490 4328 Scripsit
1513 4272 1673 4322 sane,
1705 4257 1870 4323 utivi-

202 4346 425 4412 (limus,
479 4344 755 4401 Cbronici
802 4348 1009 4401 auctor
1037 4345 1269 4400 duobus
1311 4345 1426 4400 fere
1458 4349 1590 4416 post
1619 4345 1872 4400 Uzonem

206 4435 459 4500 seculis,
494 4434 598 4490 ubi
625 4435 753 4506 jam
811 4434 870 4488 in
928 4433 1140 4489 rudera
1190 4434 1534 4489 consederat
1581 4438 1744 4490 vetus
1774 4450 1875 4489 arx

1984 1854 2307 1927 ciunt,ergo
2341 1856 2555 1927 pariter
2583 1855 2840 1927 genuina
2873 1857 3095 1912 censeri
3127 1857 3340 1911 debent
3366 1875 3492 1929 qua:
3519 1857 3628 1913 ibi-

1981 1944 2113 1998 dem
2146 1944 2216 1999 de
2247 1943 2501 2016 epiSCOpi
2525 1943 2686 1998 illius
2711 1944 3055 2015 cognatione
3084 1944 3510 2017 cumHedwige
3530 1946 3630 2001 du-

1982 2031 2479 2096 cissa,Burchardi
2505 2032 2552 2086 Il
2572 2030 2925 2086 Alemannis:
2952 2031 3117 2086 ducis
3137 2033 3627 2104 conjuge,haben-

1980 2124 2096 2175 tur.
2132 2121 2262 2176 Haec
2302 2137 2435 2176 vero
2457 2136 2558 2174 nec
2591 2121 2712 2192 ipse
2739 2121 3046 2176 Tenzelius
3075 2120 3360 2192 explicare
3393 2123 3624 2193 poterit,

1979 2207 2248 2265 nisiillud
2268 2209 2545 2264 horumce
2571 2208 2872 2264 annalium
2899 2213 3155 2282 systema
3185 2209 3625 2284 genealogicum

1979 2297 2130 2352 infra
2157 2302 2184 2365 ἓ
2217 2299 2281 2352 14
2312 2315 2346 2352 a
2376 2298 2543 2353 nobis
2575 2297 2938 2370 propositum
2966 2299 3268 2354 admiserit
3296 2316 3310 2366 ;
3339 2300 3492 2370 quod
3515 2299 3624 2372 igi-

1978 2389 2075 2441 tur
2104 2387 2260 2442 haud
2279 2387 2421 2442 adeo
2444 2386 2776 2443 fabulosum
2799 2391 2980 2455 est,ut
3007 2387 3144 2443 huic
3174 2387 3444 2466 scriptori
3464 2387 3623 2444 vide-

1979 2480 2093 2531 tur.

2049 2564 2245 2620 Mitius
2276 2563 2542 2619 nonnihil
2577 2565 2648 2620 de
2676 2564 2956 2622 Chronico
2981 2568 3179 2621 nostro
3200 2565 3461 2622 sentiunt
3491 2565 3623 2622 Bol-

1979 2653 2235 2708 landluni
2265 2653 2758 2726 agiographi,qui,
2793 2655 2850 2710 in
2878 2655 3297 2710 commentario
3318 2655 3528 2726 praevio
3551 2656 3621 2710 ad

1976 2742 2171 2798 Vitam
2194 2742 2253 2798 S.
2287 2741 2575 2797 Gebhardi
2607 2747 2671 2814 (t.
2707 2744 2780 2797 VI
2818 2742 3083 2815 Augusti,
3115 2760 3172 2814 p.
3207 2743 3352 2813 106),
3386 2743 3465 2797 ita
3494 2760 3627 2814 pror

1979 2831 2292 2886 nuntiant:
2330 2853 2355 2880 «
2389 2830 2711 2886 Chronicon
2739 2831 3181 2886 Constantiense
3212 2829 3430 2902 (Manlii
3465 2830 3620 2886 scili-

1979 2924 2088 2989 cet,
2122 2919 2315 2991 qui,ut
2341 2936 2519 2992 supra
2539 2918 2814 2984 diximus,
2839 2917 3267 2975 nobilissimam
3300 2919 3464 2976 banc‘
3488 2936 3620 2991 pro-

1979 3007 2206 3082 geniem
2239 3025 2308 3063 ex
2337 3008 2427 3064 his
2485 3008 2891 3064 Petri-Domus
2946 3008 3259 3064 annalibus
3311 3009 3624 3081 decerpsit)

1979 3099 2207 3170 egregie
2263 3097 2475 3152 meruit
2530 3097 2600 3152 de
2657 3097 3102 3168 praeclarissimo
3153 3098 3254 3153 viri
3291 3103 3620 3166 stemmate,

1977 3187 2149 3242 modo
2181 3191 2300 3240 tam
2333 3202 2466 3240 vera
2495 3185 2614 3240 sint
2645 3201 2820 3255 quam
2882 3184 3190 3256 splendida
3239 3203 3366 3256 quae
3423 3187 3617 3241 refert.

1974 3275 2084 3331 Sed
2101 3275 2267 3331 -265
2301 3281 2438 3329 astas
2470 3273 2641 3328 istius
2690 3273 2945 3329 auctoris
2977 3277 3096 3328 tam
3138 3289 3338 3329 recens
3369 3274 3427 3328 in
3459 3290 3621 3330 com-

1975 3363 2272 3435 paratione
2292 3367 2410 3418 tam
2436 3361 2661 3433 antiqui
2677 3361 3003 3417 stemmatis
3018 3363 3173 3434 quod
3194 3364 3386 3429 relcrt,
3409 3379 3622 3435 parum

1975 3453 2150 3508 habet
2181 3451 2568 3507 auctoritatis.
2600 3474 2626 3497 ››
2659 3450 2769 3505 Sed
2803 3451 3098 3506 advertere
3120 3451 3461 3507 debuissent
3492 3467 3618 3506 eru-

1975 3540 2080 3596 diti
2112 3539 2252 3595 socii
2282 3556 2398 3595 non
2418 3539 2618 3595 Manlii
2640 3556 2768 3594 esse
2789 3539 2938 3594 hanc
2958 3538 3385 3610 genealogiam,
3407 3539 3507 3612 qui
3529 3557 3630 3595 sa:-

1977 3628 2108 3684 culo
2130 3646 2220 3683 xvr
2248 3628 2571 3684 Chronicon
2592 3627 2954 3699 scripsit,sed
2986 3627 3302 3682 Annalium
3324 3627 3628 3684 [’etershu-

1978 3717 2278 3774 sianorum
2313 3735 2440 3773 saec.
2466 3734 2567 3772 xu.
2597 3717 2758 3783 Quod
2792 3715 2925 3772 dein
2956 3717 3220 3772 addunt:
3255 3739 3283 3766 «
3318 3716 3433 3770 Nec
3457 3715 3636 3786 impe-

1980 3807 2208 3871 ratoris,
2241 3823 2345 3862 nec
2375 3805 2593 3862 sororis
2624 3807 2775 3876 ejus,
2809 3821 2912 3859 nec
2968 3804 3120 3876 regis
3151 3804 3487 3875 interempti
3522 3819 3630 3858 no-

1980 3913 2114 3950 men
2165 3895 2454 3967 exprimit,
2489 3917 2517 3944 »
2547 3900 2698 3949 recte
2730 3898 2988 3960 monent,
3033 3909 3165 3948 cum
3197 3897 3257 3948 et
3285 3909 3390 3947 nos
3416 3908 3483 3947 ea
3513 3890 3628 3946 ibi-

1981 3985 2114 4040 dem
2128 3985 2548 4051 desideremus,
2569 4000 2695 4054 qua:
2709 3998 2840 4038 vero
2861 3981 3105 4037 inferius
3124 3980 3630 4053 investigabimus,

1981 4074 2136 4128 unde
2159 4072 2378 4144 patebit
2399 4071 2531 4128 illos
2551 4075 2701 4126 recte
2732 4069 3110 4141 subjunxisse
3137 4088 3149 4126 :
3185 4094 3211 4120 ‹‹
3239 4071 3296 4126 Si
3333 4074 3530 4125 tamen
3559 4070 3630 4125 ad

1981 4167 2217 4234 tempus
2247 4161 2536 4226 attendas,
2569 4158 2798 4215 videtur
2819 4159 3103 4232 respicere
3125 4160 3196 4215 ad
3221 4157 3506 4214 familiam
3531 4158 3632 4214 Ca-
3657 4173 3664 4192 ι

1983 4250 2089 4306 roli
2121 4250 2332 4322 Magni,
2391 4249 2478 4305 vel
2511 4247 2757 4304 aliorum
2820 4248 2919 4321 qui
2946 4266 2975 4304 e
3009 4248 3240 4303 natione
3278 4248 3630 4303 Francorum

1982 4340 2192 4397 saeculo
2225 4356 2379 4394 nono
2411 4337 2723 4410 imperium
2757 4337 3084 4393 Occidentis
3120 4340 3456 4393 tenuerunt.
3494 4359 3522 4385 »

2055 4431 2183 4486 Haec
2215 4430 2284 4485 de
2339 4434 2536 4485 nostro
2596 4427 2879 4483 Chronico
2938 4431 3292 4498 praenotasse
3347 4425 3631 4492 sufﬁciat;

207 4522 575 4597 Brigantina,
605 4538 762 4577 anno
807 4523 914 4576 948
946 4522 1017 4576 ab
1067 4521 1397 4578 Hermanno
1445 4523 1592 4578 duce
1621 4527 1790 4594 capta
1819 4528 1878 4576 et
1909 4545 1954 4608 Β
1988 4521 2155 4592 plura
2182 4519 2242 4573 in
2273 4516 2666 4608 sequentibus
2694 4515 2832 4570 hinc
2862 4515 2996 4570 inde
3017 4513 3636 4608 recurrentusubjecta

205 4611 530 4668 destructa.
563 4610 778 4666 Verum
829 4627 898 4665 ex
944 4610 1155 4666 iisdem
1188 4611 1451 4666 fontibus
1499 4611 1734 4666 haurire
1776 4627 1875 4682 po-

209 4701 316 4756 tuit
334 4699 640 4756 Gebhardi
663 4699 1185 4777 progeni_em,unde
1205 4705 1261 4756 et
1281 4701 1549 4771 ejusdem
1573 4705 1740 4772 gesta
1756 4705 1876 4754 tam

209 4788 460 4846 fideliter
488 4787 820 4860 descripsit.
855 4788 1052 4859 Neque
1108 4789 1264 4844 enim
1305 4790 1531 4845 sincero
1563 4788 1706 4843 alias
1737 4789 1880 4843 scri-

203 4880 360 4951 ptori
390 4879 591 4935 omnis
622 4877 754 4942 ideo
787 4877 932 4932 ﬁdes
953 4877 1298 4950 deneganda
1318 4882 1408 4934 est
1429 4878 1490 4932 in
1515 4877 1630 4933 illis
1655 4893 1782 4949 quae
1809 4877 1880 4931 de

203 4967 582 5042 temporibus
612 4984 646 5023 a
675 4983 739 5024 se
768 4966 1182 5024 remotioribus
1205 4972 1426 5034 narrat,
1461 4967 1712 5023 maxime
1745 4965 1793 5022 si
1826 4969 1883 5021 et

1989 4606 2319 4681 prmprimis
2350 4605 2764 4677 disquisitione
2797 4621 2914 4674 qua
2952 4607 3215 4658 vexatam
3249 4603 3307 4657 S.
3341 4600 3635 4658 Gebhardi

1989 4695 2390 4771 genealogiam
2425 4712 2539 4750 non
2571 4693 2808 4765 quidem
2841 4690 3520 4760 defendere,examinare
3550 4694 3636 4745 ta-

1991 4803 2123 4843 men
2157 4785 2529 4851 tentavimus,
2565 4781 2765 4838 relicta
2794 4780 2945 4849 aliis,
2981 4797 3158 4853 quam
3183 4782 3351 4836 nobis
3383 4779 3642 4853 sumpsi-

1994 4893 2146 4945 mus,
2182 4892 2308 4947 qua:
2339 4872 2629 4929 voluerint
2659 4869 2947 4926 sentiendi
2978 4869 3264 4926 libertate.
