4152 6186
481 294 598 359 275

1176 300 1570 368 APPENDIX
1613 300 1715 367 AD
1760 281 2209 368 CHRONICON
2253 304 2674 369 HERMANNI
2719 304 3182 372 CONTRACTI.

3761 298 3883 371 276

481 467 3884 495 mm

992 626 1141 733 DE
1209 624 2151 737 BBIGANTINORUM
2219 626 2734 741 COMITUM
2804 629 3383 744 PROSAPIA

1731 851 2627 964 DISQUISITIO

1542 1082 1650 1145 Ea:
1687 1093 1996 1166 systemate
2043 1084 2332 1150 C/zrom'cz'
2369 1085 2813 1149 Petershusam'.

550 1406 581 1475 ξ
614 1406 637 1461 1
676 1406 830 1464 266
857 1403 1234 1479 Praepotentis
1286 1404 1423 1461 olim
1474 1405 1652 1477 hujus
1679 1404 1933 1472 familia,
1964 1406 2121 1461 unde
2151 1409 2198 1473 Α
2236 1406 2552 1479 imperator
2581 1407 2904 1465 Germania
2934 1412 2990 1465 et
3027 1407 3383 1467 Alemannim
3430 1408 3882 1466 dominabatur:

480 1494 607 1550 aliis
639 1495 967 1566 complures
995 1494 1355 1567 prodierunt,
1406 1495 1689 1567 originem
1741 1495 1812 1550 ab
1862 1494 2122 1567 antiquis

480 1583 670 1638 Raatiae
701 1583 993 1639 Curiensis
1017 1583 1328 1639 comitibus
1355 1588 1625 1655 repetunt
1648 1583 2123 1648 Lazius,Crusius

480 1672 806 1744 Stumpfius
837 1672 1070 1744 aliique.
1106 1673 1264 1727 Hanc
1295 1689 1425 1727 vero
1457 1689 1559 1727 ceu
1581 1672 1778 1743 primi;
1813 1676 1876 1726 ut
1896 1672 2125 1727 videtur

480 1761 811 1817 stemmatis
832 1761 926 1816 hic
957 1761 1112 1815 haud
1162 1760 1588 1825 examinamus,
1641 1760 1910 1815 Cbronici
1942 1762 2121 1816 nostri

479 1850 824 1919 scriptorem
852 1849 921 1903 de
953 1848 1275 1920 posteriore
1318 1848 1605 1904 duntaxat
1654 1849 1923 1921 prosapia
1969 1853 2121 1905 trac-

475 1940 699 1992 tantem
727 1936 1101 2006 illustraturi,
1136 1937 1233 2009 qui
1267 1937 1508 1993 comites
1538 1936 1672 1993 illos
1703 1954 1770 1993 ex
1801 1937 1985 1993 Gallia
2012 1939 2119 1994 To-

470 2031 616 2097 ‘gata
646 2026 705 2080 in
736 2025 843 2082 bas
874 2029 1059 2081 terras
1092 2026 1439 2081 adducit.At
1471 2043 1603 2082 mox
1634 2026 1692 2081 in
1724 2026 1927 2082 limine
1953 2027 2121 2082 aber-

479 2115 736 2182 rat,dum
759 2114 817 2170 in
838 2114 1160 2171 Galliarum
1183 2115 1470 2171 divisione
1495 2119 1696 2172 contra
1718 2115 1965 2171 aliorum
1988 2115 2124 2171 scri-

478 2208 713 2276 ptorum
747 2204 919 2259 fidem
953 2203 1190 2258 Galliam
1223 2206 1521 2260 Comatam
1555 2205 1614 2259 in
1675 2204 1972 2277 Cisalpina
2019 2221 2121 2259 seu

478 2292 644 2348 Italia
676 2292 937 2361 collocat,
971 2310 1096 2364 quae
1126 2297 1320 2347 tamen
1343 2293 1563 2347 cmteris
1582 2294 1801 2365 Togata
1820 2299 1905 2349 est
1930 2311 1943 2360 ;
1970 2293 2124 2349 unde

477 2398 581 2454 per
610 2398 671 2437 se
701 2382 831 2436 fluit
863 2397 931 2437 ex
961 2386 1153 2437 mente
1186 2381 1440 2436 auctoris
1490 2381 1676 2435 nostri
1716 2380 1962 2436 Galliam
2012 2382 2121 2437 To-

477 2474 671 2543 gatam
724 2469 887 2525 illam
918 2485 1046 2525 esse
1077 2486 1253 2540 quam
1287 2468 1384 2523 alii
1407 2468 1707 2524 Comatam
1726 2485 1826 2522 seu
1846 2468 2121 2525 Celticam

478 2568 578 2615 aut
608 2558 896 2631 Belgicam
931 2559 1255 2613 nominant.
1289 2558 1449 2621 Quod
1480 2573 1615 2613 cum
1664 2557 1820 2613 haud
1848 2559 2121 2625 attende-

475 2653 605 2705 rent
643 2647 744 2720 qui
774 2649 845 2702 de
877 2646 983 2701 hoc
1013 2647 1298 2701 Chronico
1330 2651 1674 2711 tractarunt,
1700 2646 1759 2699 in
1791 2645 1936 2700 alios
1965 2662 2121 2701 erro-

475 2755 568 2794 res
599 2737 856 2810 prolapsi
895 2739 1054 2801 sunt,
1090 2740 1153 2790 ut
1176 2752 1316 2805 mox
1346 2738 1517 2790 antea
1546 2736 1616 2790 de
1654 2734 1924 2790 'I‘enzelio
1958 2740 2121 2790 nota-
2153 2775 2200 2839 B

475 2842 866 2985 Vlgl‘lliddsm
896 2912 1138 2985 contigit
1166 2912 1253 2967 Jo.
1287 2913 1456 2967 Conr.
1497 2910 1821 2973 Fuesslino.
1865 2912 1965 2983 qui
2013 2911 2122 2967 etsi

478 3001 824 3073 (Staats-und
848 3001 1347 3071 Erdbcschreibung
1399 3001 1499 3055 der
1544 3000 1809 3056 Schwoitz
1858 3005 1899 3054 t.
1935 3000 2031 3067 IV,
2062 3018 2119 3073 p.

480 3092 604 3164 173)
636 3091 935 3163 scriptoris
965 3092 1147 3147 nostri
1207 3106 1459 3147 errorem
1518 3090 1835 3162 agnoverit,
1869 3089 1994 3161 ipse
2037 3094 2122 3145 ta-

485 3196 619 3235 men
641 3180 815 3235 etiam
838 3181 1121 3253 originem
1140 3181 1291 3236 hanc
1312 3179 1370 3234 in
1394 3180 1557 3234 Italia
1575 3195 1679 3234 ceu
1709 3179 1829 3234 veri
1868 3178 2123 3234 nominis

484 3268 675 3323 Gallia
703 3270 920 3339 Togata
948 3268 1208 3338 inquirit.
1247 3270 1632 3324 Memoratum
1673 3268 1828 3322 enim
1879 3285 1912 3322 a
1956 3267 2122 3323 chro-

482 3356 781 3427 nographo
810 3357 847 3410 l.
884 3375 919 3420 ι,
953 3373 1010 3410 n.
1042 3361 1095 3421 2,
1130 3357 1472 3427 regicidium
1520 3361 1650 3426 post
1696 3356 1881 3411 Caroli
1930 3357 2122 3411 Crassi

479 3442 623 3515 imp.
658 3443 879 3497 obitum
912 3445 1309 3514 reponendum
1359 3444 1671 3510 existimat,
1708 3444 1941 3514 quando
1990 3445 2121 3500 novi

479 3533 697 3603 ubique
728 3530 913 3604 reguli
942 3538 1326 3598 emerserunt,
1379 3547 1526 3601 quos
1582 3532 1735 3586 inter
1786 3532 1856 3587 ad
1889 3549 1983 3587 an.
2017 3535 2123 3588 895

478 3623 799 3693 pracipuos
824 3624 1083 3676 recenset
1096 3620 1510 3691 Bercngarium
1534 3621 1708 3674 Evera
1719 3619 1804 3674 rdi
1825 3619 2012 3675 tilium
2026 3622 2123 3677 Fo-

476 3709 876 3780 rojuliensem,
902 3714 959 3765 et
1009 3709 1316 3763 Widonem
1331 3706 1545 3779 Spoleti
1569 3708 1746 3762 duces
1776 3725 1909 3762 cum
1942 3708 2120 3778 hujus

475 3798 594 3854 tilio
652 3799 981 3866 Lamberto,
1002 3797 1100 3870 qui
1133 3798 1203 3853 de
1229 3797 1402 3852 ltalize
1432 3811 1607 3868 regno
1639 3795 1791 3851 inter
1815 3813 1875 3852 se
1892 3801 2123 3852 conten-

475 3888 710 3957 debant.
744 3888 841 3942 Ex‘
878 3887 973 3941 his
1009 3887 1346 3941 Lambertus
1413 3901 1505 3939 an.
1539 3886 1646 3940 898
1670 3886 1899 3940 occisus
1931 3890 2018 3940 est
2046 3886 2119 3940 ab

474 3974 716 4045 Hugone
743 3975 859 4029 tilio
874 3975 1413 4046 Meginfredi,quem
1436 3972 1698 4045 Arnulph
1711 3991 1777 4028 us
1802 3974 2119 4045 imperator

474 4063 544 4116 ad
578 4064 793 4117 tuenda
818 4080 926 4117 sua
947 4064 1004 4116 in
1025 4062 1243 4117 Italiam
1260 4063 1615 4133 juraducem
1631 4061 2118 4117 Mediolanensem

2234 1497 2305 1551 ad
2338 1513 2511 1568 quem
2543 1498 2707 1565 adeo,
2743 1515 2857 1554 non
2900 1499 2970 1554 ad
3024 1499 3374 1566 Conradum,
3437 1502 3566 1571 post
3603 1498 3886 1554 tredecim

2232 1601 2417 1640 annos
2442 1584 2715 1651 electum,
2751 1587 3064 1659 confugere
3122 1587 3421 1643 debuisset
3461 1587 3555 1642 hic
3604 1586 3883 1658 regicida,

2233 1672 2399 1744 isque
2432 1691 2547 1729 non
2580 1674 2887 1730 Udalricus
2921 1676 3021 1731 sed
3053 1676 3218 1748 Hugo
3240 1675 3655 1748 appellatus,et
3676 1675 3889 1731 unicus

2231 1761 2474 1834 insuper
2495 1763 2832 1835 Meginfredi
2857 1763 3023 1819 ducis
3045 1763 3500 1819 Mediolanensis
3522 1762 3890 1833 filius(Lurr—

2232 1867 2442 1906 panno.
2477 1852 2515 1905 ι.
2549 1867 2620 1917 c.,
2650 1868 2698 1906 c.
2735 1852 2844 1921 12),
2873 1851 2971 1906 ubi
3000 1852 3176 1906 etiam
3234 1849 3380 1906 nihil
3441 1853 3513 1906 de
3560 1854 3689 1923 ejus
3722 1852 3887 1924 fuga.

2232 1940 2354 2004 Qua
2365 1956 2497 1994 vero
2519 1939 2742 1995 ratione
2760 1940 3002 2011 prohabi
3010 1946 3105 1995 tur
3118 1938 3472 2011 Meginfredo
3486 1939 3621 1995 huic
3635 1945 3890 2012 nuptam

2231 2026 2413 2082 fuisse
2442 2027 2813 2099 imperatoris
2845 2029 3154 2099 cujusdam
3184 2033 3286 2083 aut
3340 2031 3493 2100 regis
3524 2028 3892 2084 Francorum

2229 2114 2612 2188 ﬁliam,primi
2637 2116 2809 2172 istius
2829 2117 3153 2189 Brigantini
3177 2117 3408 2172 comitis
3431 2117 3892 2188 matrem,cujus

2231 2209 2495 2276 respectu
2520 2207 2824 2260 avunculus
2844 2204 3006 2261 illius
3021 2205 3133 2261 dici
3158 2210 3358 2278 posset
3382 2204 3746 2277 Arnulphus,
3780 2206 3889 2277 qui

2232 2292 2549 2362 nequidem
2586 2310 2814 2350 sorores
2846 2293 3088 2349 habuit?
3118 2293 3327 2349 Melius
3354 2293 3412 2348 id
3430 2294 3691 2349 Conrado
3718 2294 3888 2368 [regi

2233 2382 2542 2437 convenire
2574 2388 2788 2454 posset,
2839 2382 2949 2437 nisi
3012 2382 3275 2455 Hugonis
3324 2398 3537 2437 nomen
3583 2382 3884 2452 obstaret;

2234 2468 2399 2523 facile
2428 2470 2586 2525 enim
2618 2487 2783 2525 soror
2812 2470 3009 2543 aliqua
3037 2469 3284 2525 Conradi
3338 2469 3493 2541 regis
3540 2470 3885 2542 Meginfredi

2230 2555 2401 2611 istius
2433 2560 2645 2630 conjux
2674 2573 2803 2614 esse
2835 2558 3204 2629 potuit,unde
3230 2562 3287 2613 et
3333 2559 3405 2613 ab
3444 2557 3745 2629 Arnulpho
3776 2558 3892 2615 im-

2231 2651 2495 2715 peratore
2507 2646 2833 2702 Mediolano
2847 2649 3152 2718 praafectus
3165 2662 3294 2702 esse
3305 2647 3553 2715 videtur,
3580 2663 3711 2702 cum
3733 2648 3888 2703 Con-

2232 2731 2355 2787 radi
2389 2734 2519 2790 avia
2550 2735 2724 2789 fuerit
2745 2734 2863 2789 tiiia
2884 2733 3111 2801 Giselaa,
3136 2752 3261 2807 quas
3283 2751 3449 2791 soror
3467 2739 3589 2790 erat
3610 2736 3887 2792 Ludovici

2232 2822 2581 2890 Germanici,
2607 2823 2788 2895 patris
2819 2823 3063 2891 Arnulfi,
3096 2824 3180 2879 uti
3227 2840 3364 2879 mox
3415 2829 3617 2897 postea
3660 2824 3888 2880 videbi-
3933 2864 3939 2867 -

2232 2927 2385 2967 mus.
2420 2912 2721 2968 Constaret
2757 2911 2893 2967 hinc
2941 2913 3090 2968 ratio
3150 2929 3255 2969 cur
3311 2912 3655 2984 Meginfredi
3714 2912 3884 2970 ﬁlius

2233 2999 2506 3055 occiderit
2528 3001 2996 3069 Lambertum,ut
3018 3005 3148 3074 pote
3169 3001 3229 3056 in
3261 3017 3437 3074 regno
3481 3000 3657 3057 Italiae
3699 3017 3885 3057 aemu-

2234 3086 2354 3142 lum
2379 3088 2840 3161 Berengarii,qui
2863 3089 3066 3145 Gisela:
3083 3089 3258 3145 istius
3281 3090 3436 3144 ﬁlius
3461 3090 3886 3162 erat,adeoque

2234 3175 2346 3247 ipsi
2379 3182 2679 3249 cognatus.
2711 3178 2973 3234 Conrado
3003 3195 3136 3234 vero
3195 3178 3482 3234 avunculo
3538 3179 3611 3234 ad
3635 3194 3885 3251 regnum

2234 3263 2450 3320 elevato
2485 3265 2742 3321 melioris
2776 3267 3020 3321 fortuna:
3064 3283 3167 3339 spe
3200 3267 3414 3338 potius,
3448 3283 3626 3339 quam
3673 3269 3744 3322 ob
3776 3283 3884 3339 pa-

2233 3357 2451 3408 tratum
2486 3354 2852 3426 regicidium,
2872 3355 2944 3410 ad
2968 3370 3101 3410 eum
3126 3354 3185 3408 in
3212 3354 3619 3410 Alemanniam
3640 3370 3884 3411 conces-

2232 3441 2392 3508 serit,
2427 3441 2765 3514 Brigantino
2796 3444 3072 3498 comitatu
3106 3444 3177 3498 ab
3200 3460 3266 3498 eo
3296 3444 3570 3500 donatus.
3601 3443 3886 3507 Quamvis

2233 3537 2426 3584 autem
2450 3529 2545 3584 hic
2603 3530 2948 3601 regicidium
3007 3532 3379 3600 haberemus,
3438 3531 3626 3587 multa
3680 3536 3886 3588 tamen

2231 3617 2423 3672 adhuc
2477 3617 2731 3681 obstant,
2787 3634 2921 3674 cum
2983 3619 3250 3674 Cbronici
3308 3620 3492 3676 nostri
3547 3620 3888 3677 narratione

2230 3705 2322 3759 vix
2351 3722 2417 3760 ac
2437 3721 2508 3761 ne
2539 3706 2633 3760 vix
2655 3706 2890 3777 quidem
2922 3708 3287 3763 concilianda
3309 3725 3323 3776 ;
3344 3725 3471 3780 quas
3502 3707 3657 3764 enim
3689 3708 3750 3763 in
3768 3707 3884 3764 hoc

2229 3798 2545 3864 systcmate
2560 3795 2768 3849 fuisset
2789 3811 2953 3851 soror
2976 3796 3129 3867 regis
3153 3797 3507 3852 Francorum
3529 3800 3588 3853 et
3616 3794 3873 3868 impera-

2228 3880 2371 3937 toris
2394 3882 2811 3951 Romanorum,
2844 3900 2990 3939 uxor
3033 3885 3214 3956 patris
3246 3884 3496 3940 Udalrici
3528 3883 3879 3957 Brigantini,

2230 3970 2343 4024 nisi
2375 3970 2619 4025 Conradi
2666 3972 2819 4043 regis
2876 3972 3301 4028 Germanorum
3355 3990 3457 4029 seu
3519 3974 3880 4029 Francorum

2230 4058 2633 4128 Orientalium,
2666 4061 2822 4116 unde
2852 4066 3029 4118 natus
3057 4068 3200 4129 erat,
3235 4063 3503 4134 quamvis
3556 4063 3887 4134 imperator

472 4150 873 4217 constituerat,
908 4152 1252 4205 Lambertus
1283 4168 1414 4206 vero
1433 4151 1617 4222 capite
1650 4151 1819 4222 plecti
1842 4152 2117 4220 jusserat,
2150 4136 2192 4201 C
2231 4164 2534 4219 nunquam
2565 4149 2786 4204 fuerit?
2815 4150 2955 4205 Dein
2988 4150 3371 4222 regicidarum
3405 4166 3561 4205 unus
3591 4150 3688 4205 hic
3722 4148 3887 4204 dici-

472 4242 538 4293 ut
568 4238 771 4293 scribit
820 4228 1214 4310 Luitprandus
1270 4238 1416 4294 Hist.
1450 4238 1488 4292 1.
1527 4240 1567 4305 l,
1602 4256 1651 4293 c.
1687 4239 1755 4293 42
1785 4240 1931 4295 261
1971 4241 2118 4312 (MU-

455 4343 599 4403 .RAT.
636 4327 823 4398 'Scrzpt
878 4327 1002 4383 Ital.
1061 4331 1101 4380 t.
1137 4326 1228 4397 Il).
1289 4326 1635 4398 Opinionem
1696 4343 1863 4381 suam
1923 4328 2121 4385 hausit

474 4415 814 4471 Fuesslinus
847 4431 914 4471 ex
937 4414 1435 4487 Herm.Conringii
1468 4431 1714 4470 censura
1733 4414 2117 4488 diplom.Lin-

470 4504 597 4559 dav.
628 4521 684 4576 p.
717 4506 842 4571 270,
874 4504 972 4559 ubi
1034 4505 1113 4559 ita
1144 4505 1349 4558 refert:
1405 4526 1429 4551 ‹‹
1467 4504 1726 4558 Conrado
1757 4504 1778 4559 Ι
1809 4510 2112 4577 regnante,

469 4592 635 4665 Hugo
695 4592 1148 4649 Mediolanensis
1198 4592 1522 4647 secundum
1580 4591 1893 4647 Baronium
1923 4593 2113 4655 occiso

470 4684 776 4738 Lamberto
810 4681 985 4737 Italia:
1047 4697 1198 4754 rege,
1235 4681 1306 4735 ad
1338 4681 1661 4735 Cunradum
1717 4679 1882 4736 illum
1917 4698 2111 4754 regem

466 4771 818 4825 avunculum
851 4787 1023 4826 suum
1052 4770 1415 4841 confugiens,
1461 4768 1800 4841 Brigantino
1834 4771 2111 4827 comitatu

466 4857 692 4929 primus
723 4859 987 4913 omnium
1028 4858 1284 4914 creditur
1342 4858 1612 4913 donatus.
1650 4880 1676 4906 ››
1708 4858 1841 4922 Quae
1873 4860 2110 4930 quidem

465 4945 752 5000 sententia
784 4946 1042 5015 proxime
1102 4963 1233 5001 cum
1282 4946 1613 5001 narratione
1660 4946 1976 5003 Annalium
2009 4965 2109 5004 no-

464 5036 717 5089 strorum
767 5034 1116 5102 conveniret,
1178 5034 1247 5099 si,
1309 5034 1463 5106 quod
1524 5038 1685 5106 optat
1714 5035 2019 5092 Tenzelius
2052 5055 2106 5110 p.

460 5124 586 5189 282,
620 5123 827 5178 asserti
859 5122 948 5178 sui
981 5132 1245 5178 auctores
1278 5123 1650 5194 rationesque
1680 5122 2005 5196 allegasset.
2039 5131 2112 5182 At

461 5216 669 5283 praeter
697 5229 764 5267 ea
798 5229 925 5283 quae
963 5211 1058 5267 hic
1105 5211 1260 5266 idem
1296 5218 1500 5267 auctor
1528 5212 1838 5285 Conringio
1861 5212 1899 5268 l.
1934 5231 1984 5269 c.
2014 5231 2110 5286 op-

462 5302 645 5372 ponit,
681 5300 796 5356 alia
818 5301 1009 5356 adhuc
1031 5306 1318 5372 suntquae
1349 5300 1484 5356 huic
1505 5302 1847 5372 conjecturas
1879 5302 2110 5359 obstare

461 5390 1047 5446 videntur.Baronius
1069 5390 1341 5461 equidem
1363 5390 1577 5445 caedem
1603 5390 1889 5445 Lambcrti
1915 5392 1984 5445 ad
2009 5407 2103 5447 an.

458 5475 563 5530 940
594 5476 807 5544 retulit,
836 5478 985 5534 male
1005 5483 1223 5547 tamen,
1258 5495 1391 5533 cum
1425 5485 1649 5564 certum
1682 5478 1760 5532 sit
1793 5478 1953 5533 illam
1977 5480 2102 5549 jam
2134 5501 2180 5564 D

2229 4240 2328 4291 tur
2355 4237 2715 4306 Vodalricus,
2749 4239 2903 4308 apud
2936 4238 3313 4311 Conringium
3345 4240 3511 4312 Hugo
3538 4256 3551 4306 ;
3610 4238 3756 4294 forte
3784 4242 3886 4295 ta-

2228 4340 2361 4380 men
2394 4326 2791 4398 Luitprandus
2822 4327 2881 4381 in
2914 4326 3076 4383 Italia
3105 4329 3370 4384 scribens
3427 4343 3640 4384 nomen
3695 4327 3885 4384 unius

2226 4415 2444 4481 fratris,
2477 4415 2578 4488 qui
2608 4416 2667 4469 in
2696 4415 3045 4472 Alemannis
3072 4419 3454 4484 remanserat,
3487 4413 3796 4489 ignoravit,
3817 4419 3886 4471 et

2223 4503 2571 4576 Conringius
2610 4521 2714 4576 pro
2750 4505 2926 4561 Umne
2955 4521 3057 4561 seu
3088 4507 3327 4572 Humane,
3362 4505 3445 4560 uti
3475 4504 3649 4561 etiam
3680 4503 3881 4560 dictus

2223 4597 2313 4648 est
2345 4591 2672 4663 Udalricus,
2704 4592 2963 4665 reposuit
2988 4595 3159 4663 Hugo.
3194 4595 3337 4650 Cum
3396 4610 3532 4666 ergo
3588 4597 3706 4649 haec
3758 4592 3881 4648 sub

2224 4681 2484 4737 Conrado
2507 4681 2768 4753 adeoque
2793 4686 2927 4754 post
2957 4699 3054 4737 an.
3094 4682 3194 4739 9H
3261 4682 3415 4740 268
3465 4681 3879 4754 contigissent,

2223 4769 2527 4825 Udalricus
2560 4768 2667 4825 levi
2693 4770 2923 4843 negotio
2953 4770 3014 4825 in
3036 4770 3380 4827 Alemannia
3399 4769 3711 4843 progenuit
3725 4768 3877 4825 Uze-

2222 4875 2356 4915 nem
2386 4876 2489 4914 seu
2522 4858 2856 4914 Udalricum
2888 4859 3136 4915 alterum
3167 4859 3396 4916 Patrem
3424 4857 3881 4915 S.Gebhardiet

2219 4947 2472 5004 Udalrici
2506 4947 2709 5019 IIl,qui
2740 4948 2946 5003 an.965
2967 4963 3175 5020 pugna
3203 4948 3554 5019 Augustanaa
3586 4946 3878 5002 interesse

2219 5036 2427 5109 potuit.
3166 5045 3173 5050 '

2288 5127 2316 5193 §
2346 5125 2443 5178 Ill.
2469 5124 2846 5180 Tentavimus
2877 5123 3180 5196 hucusque
3210 5123 3466 5196 primum
3486 5120 3743 5179 Annales
3766 5138 3879 5178 no-

2218 5218 2370 5269 stros
2400 5210 2724 5283 explicandi
2757 5211 3021 5278 modum,
3051 5212 3184 5269 licet
3199 5213 3448 5268 necdum
3472 5211 3615 5269 satis
3636 5210 3879 5284 expedi-

2217 5306 2365 5367 tum,
2401 5304 2624 5355 retenta
2656 5299 2915 5373 regicidii
2946 5300 3347 5373 historia,quae
3380 5301 3493 5357 nisi
3512 5300 3662 5356 dicto
3687 5301 3871 5357 modo

2215 5396 2271 5446 et
2300 5394 2559 5460 tempore
2590 5387 2818 5443 admitti
2852 5389 3055 5459 nequit
3086 5390 3196 5445 sub
3255 5389 3581 5462 Carolingis
3621 5388 3871 5462 regibus

2214 5483 2312 5534 aut
2338 5476 2810 5548 imperatoribus.
2843 5476 3224 5535 'I‘entabimus
3248 5481 3373 5551 jam
3414 5485 3471 5534 et
3501 5477 3779 5547 alterum,
3810 5477 3867 5534 si

459 5581 552 5620 an.
577 5565 680 5619 898
713 5565 891 5620 fuisse
923 5571 1334 5638 perpetratam,
1386 5582 1499 5636 quo
1530 5563 1719 5619 adhuc
1762 5566 2102 5638 Arnulpbus
2136 5563 2165 5564 ἡ
2212 5565 2550 5637 regicidium
2581 5563 3133 5637 excipias,Chronici
3167 5568 3349 5623 nostri
3377 5565 3701 5623 narrationi
3733 5581 3865 5624 ma-
