4152 6186
282 334 400 400 ῒΠ

1102 339 1553 402 CHBONICON
1597 335 2321 402 PETERSHUSANUM.
2353 368 2432 388 -
2462 339 2872 403 PROCEMIA.

3571 339 3688 407 2'78

282 469 373 544 gis
406 470 875 528 eccommodum.
909 471 1274 545 Praecipuum
1335 471 1513 544 hujus
1560 472 1926 528 tractationis
1957 473 2010 538 Α
2041 472 2116 527 tis
2139 473 2410 528 Bussenin
2435 473 2715 529 hodierno
2737 474 3009 530 districtu
3030 471 3266 546 capituli
3288 472 3688 549 Sulgaviensis

287 560 739 616 fundamentum
771 562 990 633 praebet
1021 561 1279 634 diploma
1311 561 1583 616 Ludovici
1605 561 1932 616 Germanici

286 649 489 704 datum
525 666 598 704 an
624 651 733 705 867
792 651 1099 721 (Huneo'rr,
1163 667 1219 704 η.
1281 651 1428 720 177),

2045 561 2316 618 habebat.
2340 561 2594 618 Alteram
2620 563 2788 620 nobis
2809 565 2954 618 viam
2980 564 3181 636 pandit
3203 581 3528 636 anonymus
3550 567 3692 622 San-

1488 666 1603 721 quo
1650 649 1803 704 idem
1837 665 1935 704 rex
2044 650 2331 706 Gallensis
2373 653 2691 707 monachus
2730 653 2807 708 De
2835 653 3012 725 gestis
3050 652 3234 708 Caroli
3269 653 3343 708 M.
3381 653 3684 725 (Bouquet,

288 737 626 793 Udalricum
646 739 918 794 comitem
942 739 1001 793 in
1016 742 1374 811 Argengewe
1401 739 1676 793 dilectum
1691 747 1936 809 nepotem
2045 745 2086 796 t.
2121 740 2188 810 V,
2213 757 2263 811 p.
2294 741 2414 812 111)
2440 743 2580 795 dum
2605 741 2782 796 alium
2810 743 3001 798 adhuc
3023 743 3288 813 ejusdem
3316 741 3686 814 Hildegardis

287 843 458 882 suum
492 827 768 899 appellat,
802 829 974 899 cujus
1007 829 1333 900 progenies,
1369 828 1415 882 si
1451 827 1748 900 explorata
1770 829 1934 892 foret,

287 915 461 988 plana
490 917 759 971 fortassis
788 921 944 972 esset
975 917 1255 971 comitum
1301 917 1768 987 Brigantinorum
1805 933 1936 987 pro-

2047 830 2254 901 reginae
2298 830 2530 884 fratrem
2577 831 2840 900 producit
2889 831 3243 896 Udalricum,
3295 831 3388 886 cui
3446 829 3688 885 Carolus

2047 918 2290 988 Magnus
2321 917 2569 988 plurima
2601 919 2913 974 contulerit
2955 919 3013 973 in
3059 923 3264 974 oriente
3311 928 3362 975 et
3397 919 3690 987 occidente,

289 1004 565 1076 sapia,uti
588 1021 720 1060 mox
751 1005 1015 1060 dicemus
1048 1005 1390 1077 (702).Haud
1417 1007 1570 1060 enim
1595 1005 1934 1060 dubitamus
2042 1006 2260 1060 Sueviae
2292 1004 2513 1061 scilicet
2543 1024 2644 1061 seu
2668 1006 3041 1073 Alamanniae,
3068 1007 3283 1079 quibus
3304 1023 3426 1061 cum
3454 1016 3568 1078 post
3598 1008 3691 1063 ob-

285 1093 443 1149 hunc
473 1094 670 1165 ipsum
700 1093 870 1148 illum
899 1109 1028 1149 esse
1061 1093 1402 1148 Udalricum
1436 1093 1492 1147 in
1528 1093 1813 1149 Chronico
1840 1110 1936 1148 no-

2045 1096 2183 1149 ilum
2207 1097 2374 1164 ipsius
2413 1095 2860 1166 Hildegardw(a.
2894 1098 3023 1164 783)
3061 1112 3159 1168 pro
3206 1096 3436 1167 quodam
3461 1099 3688 1152 comisso

287 1187 407 1239 stro
439 1187 856 1250 memoratum,
880 1184 1050 1253 cujus
1075 1181 1231 1238 filius
1256 1183 1366 1238 Uzo
1392 1183 1544 1254 apud
1569 1182 1933 1254 Brigantium
2044 1200 2077 1236 a
2111 1183 2307 1238 Carolo
2329 1183 2676 1254 spoliaretur
2706 1184 3022 1249 honoribus,
3066 1186 3401 1240 admonitus
3451 1201 3546 1238 rex
3569 1187 3688 1254 pri-

289 1272 553 1326 habitare
585 1271 846 1342 cceperit,
881 1271 1114 1325 interim
1148 1288 1355 1325 rursus
1393 1275 1523 1341 post
1554 1271 1805 1334 ruinam,
1837 1287 1936 1324 cu-

282 1361 382 1431 jus
418 1358 776 1414 Walafridus
800 1358 1492 1423 meminit,instauratum
1524 1377 1536 1424 ;
1571 1359 1724 1414 unde
1757 1364 1813 1412 et
1844 1375 1941 1429 pa-

289 1454 376 1504 ter
403 1450 534 1518 ejus
566 1447 624 1503 in
655 1447 845 1503 vicino
876 1463 1023 1520 pago
1057 1454 1419 1520 Argengewe
1476 1463 1577 1503 seu
1626 1448 1937 1520 Linzgowe

289 1535 589 1592 habitarit.

356 1669 737 1741 Cognationis
769 1669 943 1741 hujus
965 1668 1320 1741 stipitem,ut
1343 1669 1574 1725 interim
1598 1687 1631 1724 a
1650 1669 1940 1726 Chronico

288 1763 488 1815 nostro
519 1758 1118 1830 abstrahamus,quod
1155 1757 1262 1813 hac
1292 1759 1350 1814 in
1375 1775 1432 1813 re
1473 1759 1715 1813 minime
1738 1759 1937 1814 defen-

286 1848 545 1903 dendum
578 1847 961 1919 suscipimus,
993 1864 1024 1902 e
1056 1846 1277 1919 duplici
1313 1847 1466 1902 fonte
1517 1847 1685 1902 nobis
1739 1848 1938 1919 depre-
1968 1845 2014 1908 B

284 1936 563 1992 hendisse
621 1936 909 1992 videmur.
971 1941 1168 1991 Unum
1219 1935 1531 2007 Theganus
1576 1937 1938 1992 Trevirensis

284 2024 744 2097 chorepiscopus
769 2041 992 2080 coaevus
1028 2029 1103 2078 De
1132 2025 1314 2095 gestis
1359 2024 1629 2079 Ludovici
1663 2025 1742 2079 Pii
1795 2025 1935 2098 imp.

286 2115 607 2186 (Bouous'r,
639 2120 680 2169 t.
717 2115 812 2176 VI.
847 2130 902 2186 p.
933 2115 1023 2184 73)
1056 2113 1294 2180 indicat,
1331 2113 1427 2167 ubi
1474 2131 1600 2185 cap.
1632 2115 1668 2168 2
1699 2114 1819 2169 haec
1851 2115 1935 2171 lc-

286 2208 545 2277 guntur:
579 2226 608 2252 ‹‹
641 2202 883 2258 Carolus
913 2204 1135 2274 (postea
1168 2203 1436 2274 Magnus)
1470 2219 1604 2257 cum
1646 2202 1704 2256 in
1728 2204 1938 2272 juven-

285 2297 407 2348 tute
436 2296 585 2358 erat,
606 2291 716 2346 sibi
741 2292 940 2361 junxit
974 2291 1324 2346 nobilissimi
1357 2292 1584 2363 generis
1616 2293 1937 2347 Suevorum

285 2380 544 2453 puellam
577 2379 814 2435 nomine
844 2379 1262 2452 Hiltegardam,
1299 2397 1422 2452 quis
1456 2386 1578 2436 erat
1623 2381 1693 2434 de
1727 2398 1936 2453 cogna-

285 2470 443 2525 tione
475 2468 803 2524 Gothefridi
835 2468 1000 2523 ducis
1039 2469 1522 2524 Alamannorum.
1559 2469 1937 2524 Gothel‘ridus

285 2559 399 2614 dux
427 2557 637 2630 genuit
667 2557 1076 2629 Houchingum
1105 2576 1118 2624 ;
1159 2557 1545 2630 Houchingus
1565 2558 1766 2629 genuit
1797 2557 1937 2611 Nebi

284 2647 437 2718 (vide
469 2663 656 2718 supra
684 2645 742 2699 in
777 2645 930 2701 notis
961 2647 1030 2700 ad
1069 2647 1338 2702 llerman.
1375 2663 1426 2700 a.
1459 2647 1623 2716 724);
1659 2645 1799 2700 Nebi
1833 2663 1933 2701 au-

283 2735 571 2808 tegenuit
605 2737 892 2802 Immam;
941 2735 1127 2790 Imma
1183 2751 1313 2788 vero
1365 2735 1588 2806 peperit
1651 2733 1934 2806 Iiiltegar-

284 2824 416 2880 dam
451 2824 859 2880 beatissimam
886 2824 1206 2894 reginam.»
1237 2815 1411 2877 Plura
1436 2823 1506 2877 de
1537 2822 1644 2877 hac
1669 2824 1938 2895 prosopia
1981 2888 1992 2902 ο

281 2913 629 2985 disquirunt
657 2913 920 2969 Cointius
946 2917 1003 2967 et
1034 2912 1397 2967 Bollandiani
1434 2912 1490 2966 in
1523 2913 1657 2966 Vita
1691 2912 1938 2967 B.Hiltc-

282 3004 482 3076 gardis
515 3009 556 3058 t.
589 3003 669 3057 IlI
699 3001 906 3074 April.,
931 3003 1099 3073 p.790
1120 3018 1445 3073 seqq.,quze
1466 3018 1598 3057 vero
1631 3004 1700 3056 ad
1735 3019 1939 3074 propo-

284 3091 466 3148 situm
499 3096 774 3147 nostrum
806 3089 961 3145 haud
987 3089 1299 3161 pertinent.

2044 1275 2212 1327 stinos
2243 1273 2468 1326 honores
2498 1275 2688 1328 statim
2729 1274 2818 1327 illi
2862 1275 2991 1344 fecit
3039 1275 3276 1328 restitui.
3328 1272 3689 1344 llildegardis

2048 1378 2217 1432 porro
2249 1361 2465 1432 przsdia
2505 1361 2877 1431 potissimum
2910 1362 2969 1416 in
3000 1361 3238 1433 Algovia
3270 1361 3448 1417 fuisse
3471 1363 3586 1417 sita
3605 1361 3692 1417 vel

2047 1450 2235 1504 solum
2261 1450 2568 1504 fundatum
2592 1449 2661 1504 ab
2689 1467 2754 1505 eo
2788 1451 3247 1521 Campidonense
3272 1449 3692 1505 monasterium

2047 1537 2336 1605 declarat;
2367 1538 2520 1593 unde
2545 1542 2600 1593 et
2623 1539 2868 1594 fratrum
2890 1540 3016 1609 ejus
3038 1539 3436 1609 possessiones
3455 1537 3693 1594 omnino

2049 1626 2147 1681 illo
2180 1626 2535 1682 Alemannis:
2559 1633 2739 1682 tractu
2767 1629 3089 1699 quzerendze
3115 1631 3273 1694 sunt,
3310 1627 3461 1698 quod
3497 1628 3566 1681 de
3587 1629 3693 1681 Ge-

2047 1716 2348 1786 roldojam
2372 1715 2645 1770 vidimus.
2674 1717 3010 1772 Udalricum
3044 1733 3173 1771 vero
3199 1715 3364 1770 illum
3387 1715 3688 1787 Turgoviaz
3735 1721 3740 1727 ”

2046 1803 2315 1859 comitem
2350 1820 2677 1870 censemus,
2711 1822 2884 1876 quem
2916 1810 2975 1859 P.
3005 1809 3275 1876 Herrgott
3306 1805 3376 1858 ab
3409 1821 3559 1858 anno
3590 1805 3696 1858 787

2050 1909 2237 1964 usque
2268 1895 2374 1947 800
2400 1894 2457 1946 in
2491 1893 2714 1948 chartis
2746 1894 2870 1948 suis
2903 1899 3086 1958 notat,
3136 1893 3234 1963 qui
3295 1891 3469 1946 simul
3502 1907 3696 1948 comes

2051 1999 2283 2053 quoque
2310 1982 2367 2036 in
2397 1985 2755 2053 Argcngewe
2780 1981 2958 2037 fuisse
2995 1982 3225 2036 videtur
3245 1996 3314 2036 ex
3353 1981 3412 2034 P.
3438 1979 3696 2051 Neugart

2049 2071 2184 2126 Cod.
2221 2069 2358 2140 dipl.
2393 2069 2574 2124 Alem.
2609 2075 2743 2136 vct.,
2789 2088 2844 2126 n.
2893 2070 3034 2136 Mli;
3088 2069 3147 2123 in
3197 2069 3367 2139 cujus
3412 2067 3695 2124 comitatu

2049 2159 2226 2214 situm
2257 2163 2381 2214 erat
2401 2163 2654 2213 castrum
2681 2159 3020 2229 Breganzia:
3044 2157 3160 2213 imo
3175 2156 3495 2228 Linzgoviae
3517 2155 3692 2211 etiam

2048 2264 2263 2310 comes,
2289 2247 2386 2318 qui
2411 2248 2470 2314 (ι.
2504 2263 2576 2311 c.,
2614 2265 2669 2300 n.
2700 2248 2822 2316 150)
2854 2263 2987 2301 cum
3015 2246 3243 2302 duobus
3269 2245 3402 2299 filiis
3426 2243 3695 2300 Odalrico

2047 2341 2103 2391 et
2136 2337 2423 2407 Rodperto
2457 2339 2693 2390 notatur
2741 2335 2798 2390 in
2845 2335 3048 2391 charta
3084 2353 3178 2389 an.
3231 2336 3356 2399 805,
3411 2338 3466 2389 et
3497 2333 3554 2388 in
3581 2332 3697 2389 alia

2047 2441 2141 2480 an.
2176 2425 2277 2478 804
2312 2426 2550 2495 insuper
2596 2423 2652 2478 in
2703 2423 3017 2495 Brisgovia.
3075 2427 3260 2495 Atque
3309 2422 3444 2477 hinc
3475 2422 3694 2493 optime

2046 2514 2219 2568 verba
2239 2513 2399 2568 citati
2431 2513 2704 2584 anonymi
2750 2512 3114 2584 explicantur
3135 2513 3204 2567 de
3237 2513 3445 2567 criente
3473 2519 3522 2566 et
3552 2512 3690 2566 occi-

2045 2602 2203 2658 dente
2216 2602 2574 2657 Alemannici
2601 2602 2866 2666 ducatus,
2894 2601 2991 2656 ubi
3020 2615 3416 2670 possessiones
3438 2615 3575 2654 suas
3595 2598 3690 2654 ha-

2047 2691 2236 2746 buerit
2267 2690 2594 2752 Udalricus.
2641 2691 2814 2745 frater
2861 2689 3226 2760 IIildegardis
3276 2687 3508 2759 reginis.
3541 2687 3686 2741 Cum

2047 2786 2238 2835 autem
2273 2779 2393 2834 hinc
2425 2796 2523 2849 per
2555 2779 2736 2832 tilium
2771 2778 3125 2832 Ludovicum
3156 2776 3322 2830 Pium
3355 2775 3483 2829 avia
3515 2774 3692 2830 fuerit

2048 2867 2321 2923 Ludovici
2354 2867 2702 2933 Germanici,
2731 2867 2812 2921 uti
2838 2866 2997 2920 illius
3039 2865 3213 2920 frater
3254 2864 3558 2919 Udalricus
3589 2880 3692 2934 pa-

2049 2958 2186 3011 riter
2219 2972 2360 3010 avus
2384 2956 2746 3024 cognominis
2778 2973 2870 3010 an.
2903 2954 3007 3007 867
3039 2953 3095 3008 in
3127 2956 3486 3025 Argengewe
3517 2951 3696 3006 comi-

2047 3045 2142 3109 tis,
2168 3048 2499 3114 postremus
2523 3043 2614 3098 hic
2639 3043 2942 3098 Udalricus
2964 3046 3018 3097 et
3041 3040 3367 3097 Ludovicus
3389 3039 3694 3096 Germani-

2049 3150 2152 3188 cus
2181 3133 2494 3188 consobrini
2520 3133 2736 3203 potius,
2784 3147 2960 3202 quam
3010 3131 3128 3186 veri
3179 3129 3436 3184 nominis
3481 3136 3698 3198 nepotes

361 3225 606 3297 Propius
637 3223 754 3279 huc
784 3227 1050 3295 spectant
1108 3239 1233 3295 quae
1292 3223 1466 3278 habet
1527 3223 1790 3278 Wetinus
1823 3229 1938 3277 Au-
1971 3208 2014 3274 C
2052 3222 2164 3277 dici
2196 3222 2445 3287 debent;
2470 3221 2624 3292 quod
2650 3236 2779 3274 vero
2803 3237 2915 3274 non
2939 3221 3133 3274 obstat
3161 3217 3479 3289 quominus
3502 3231 3695 3270 comes

294 3313 518 3385 giensis
561 3312 886 3368 monachus
916 3311 974 3366 in
1006 3311 1332 3367 visionibus
1390 3312 1514 3366 suis
1566 3312 1634 3366 de
1695 3311 1940 3366 Geroldo

303 3402 537 3466 comite,
567 3400 928 3474 Hildegardis
960 3401 1196 3472 reginis,
1231 3399 1413 3455 Caroli
1447 3400 1638 3471 Magni
1673 3401 1942 3472 conjugis

294 3489 496 3557 fratre,
533 3489 584 3543 in
618 3490 885 3544 Hunnico
918 3489 1066 3544 bello
1098 3489 1287 3545 occiso
1319 3489 1388 3543 ad
1425 3505 1518 3543 an.
1547 3490 1673 3553 799,
1727 3489 1797 3543 de
1829 3506 1941 3559 quo

292 3579 360 3634 ad
387 3579 660 3634 eumdem
694 3595 920 3634 annum
950 3583 1357 3633 Hermannus:
1395 3594 1689 3649 quemque
1723 3576 1940 3631 ibidem

284 3668 608 3723 Passimum
640 3683 876 3738 quoque
897 3666 1375 3738 cognominatum
1400 3666 1582 3720 fuisse
1606 3665 1941 3720 notavimus

284 3756 435 3813 209
466 3757 541 3811 ob
573 3755 794 3827 przedia
823 3772 930 3810 sua
960 3771 1087 3825 quae
1118 3755 1176 3809 in
1209 3754 1417 3809 Suevia
1445 3757 1502 3807 et
1552 3752 1744 3808 vicina
1775 3769 1937 3807 mon-

2050 3311 2158 3366 iste
2182 3309 2496 3380 improprie
2516 3311 2724 3364 saltem
2748 3324 2910 3379 nepos
2941 3325 3041 3363 seu
3067 3306 3544 3378 consanguineus
3576 3304 3695 3358 Lu-

2051 3399 2239 3454 dovici
2270 3397 2557 3452 nominari
2588 3397 2864 3469 potuerit,
2896 3397 3016 3466 qui,
3052 3398 3132 3451 uti
3166 3400 3222 3451 et
3253 3411 3394 3450 avus
3423 3395 3573 3464 ejus,
3602 3409 3695 3447 ca-

2052 3492 2235 3543 strum
2263 3487 2625 3559 Brigantium
2652 3485 2928 3554 obtinuit,
2952 3485 3048 3539 ubi
3067 3485 3240 3540 etiam
3265 3485 3392 3552 ejus
3407 3483 3561 3538 filius
3580 3482 3700 3538 sive

2052 3593 2253 3648 nepos,
2289 3580 2454 3648 pater
2483 3578 2541 3630 S.
2576 3574 2888 3642 Gebhardi,
2929 3573 3222 3628 habitavit.
3276 3573 3480 3628 Nescio
3525 3587 3697 3644 porro

2051 3682 2124 3719 an
2149 3682 2261 3719 non
2289 3665 2344 3718 in
2378 3665 2511 3719 dicti
2535 3664 2811 3736 anonymi
2839 3662 3025 3718 verbis
3048 3661 3223 3716 lateat
3248 3662 3694 3715 fundamentum

2049 3754 2231 3808 totius
2264 3752 2614 3808 narrationis
2648 3753 2830 3808 nostri
2863 3749 3150 3816 Cbronici,
3173 3749 3460 3819 ejusmodi
3502 3752 3698 3802 tamen

280 3935 426 4006 (702)
459 3933 736 4001 Genuina,
765 3942 824 3988 ut
855 3932 1085 4001 ridetur,
1120 3933 1571 4001 Brigantinorum
1587 3935 1848 3987 comitum
1874 3932 2193 4058 ge-neatilqgiq
2221 3940 2332 3986 tam
2354 3947 2423 3987 ex
2476 3931 2682 3986 chartis
2741 3946 2904 4002 quam
2954 3929 3150 3983 cowvis
3205 3929 3320 3998 fere
3347 3927 3705 3998 scriptoribus

1721 4019 1950 4058 sequens
1999 4019 2023 4057 s
2110 4020 2167 4058 ui
2197 4020 2281 4057 ur.

1721 4019 1950 4074 sequens
1999 4019 2281 4058 statuitur.

937 4129 1200 4183 Stemma
1228 4126 1413 4182 Caroli
1445 4126 1659 4198 Magni.

872 4200 1196 4271 Ausegisus
1224 4198 1469 4271 filiusS.
1505 4197 1754 4271 Arnulﬁ.

877 4269 1124 4342 Pepinus
1154 4269 1478 4342 Heristalus
1513 4275 1538 4333 ψ
1576 4286 1627 4323 a.
1653 4270 1778 4324 714.

875 4340 1117 4398 Carolus
1146 4340 1444 4397 Martellus
1482 4346 1508 4406 ῒ
1546 4357 1597 4395 a.
1629 4341 1755 4394 741.

1881 4129 2139 4182 Stemma
2171 4125 2538 4198 Hildegardis
2568 4126 2695 4195 ejus
2726 4123 3011 4198 conjugis.

1885 4198 2261 4254 Gothefridus
2292 4196 2409 4252 dux
2437 4196 2791 4252 Alemannis:
2827 4200 2852 4260 ’ί
2884 4212 2936 4250 a.
2965 4197 3092 4250 708.

1886 4269 2264 4339 Houchingus
2303 4269 2575 4342 princeps
2608 4268 2791 4340 partis
2824 4266 3200 4322 Alemanniae.

1886 4341 2028 4396 Nebi
2061 4342 2198 4396 dux.
2646 4338 2994 4394 Bertboldus
3025 4339 3160 4394 dux.

1937 4357 2028 4396 θοι
2061 4357 2198 4396 aux.

2646 4338 2917 4394 Bertbold
2928 4355 2994 4394 us
3025 4339 3160 4394 dux.

1896 4413 2169 4468 Harman.
2205 4430 2256 4467 a.
2289 4414 2411 4466 824.

873 4483 1262 4556 Pipinus-rex.
1481 4488 1505 4548 θ(
1543 4499 1594 4537 a.
1626 4483 1752 4538 768.
1894 4483 2100 4556 imma.
2133 4484 2200 4538 N.
2233 4483 2494 4538 maritus.

874 4546 1112 4611 Carolus
1142 4569 1414 4625 magnus.
1492 4546 1495 4548 ’
1631 4571 1774 4609 uxor
1897 4554 2282 4625 Hildegardis.
2613 4551 2919 4625 Udalricus
2953 4553 2972 4605 Ι
3005 4567 3097 4606 co-
3307 4546 3588 4625 Geroldus

1908 4632 1936 4689 τ
1974 4643 2023 4681 a.
2055 4618 2180 4681 7'83.
2624 4639 2748 4678 mes
2780 4622 2836 4676 in
2873 4626 3085 4694 Argen-
3312 4618 3622 4694 priefactus

2652 4710 2797 4750 ewe.
2832 4694 2904 4748 ab
2940 4689 2992 4747 si.
3312 4689 3519 4744 limitis

2651 4765 2873 4820 87-882.
3311 4761 3406 4832 Baj
3416 4777 3534 4816 oar.
3567 4765 3594 4825 ῒ

3314 4851 3366 4888 a.
3395 4833 3523 4888 799.

3314 4851 3366 4888 a.
3395 4835 3523 4888 799.

887 4909 1211 4966 Ludovicus
1242 4909 1381 4963 Pius

917 5052 1242 5108 Ludovicus
1274 5051 1678 5108 Germanicus.

1844 5264 2149 5319 Udalricus
2182 5263 2253 5318 IV

1851 5352 2045 5392 comes
2078 5335 2167 5390 Bri
2177 5351 2311 5392 gan-

2628 4905 2934 4962 Udalricus
2965 4905 3010 4960 II
3042 4919 3236 4960 comes
3269 4907 3336 4976 (')

2621 4979 3089 5061 ἐξιμὲνεθηεεὶῖἵθ·

2621 5048 2932 5105 Udalricus
2959 5049 3034 5103 IIl
3069 5065 3266 5104 comes
3298 5048 3356 5102 in

2621 5123 2980 5192 Argengewe
3013 5137 3065 5175 a.
3099 5121 3222 5174 867.

2624 5189 2768 5247 Uzio
2801 5189 2994 5247 comes
3029 5189 3330 5262 Brigantii.

2541 5262 3027 5318 S.Gebehardus.
3130 5256 3160 5262 ”
3286 5260 3408 5312 Duo
3494 5256 3720 5309 fratres.

2544 5333 2870 5406 episcopus.

1853 5407 1918 5462 tii
1955 5415 1982 5473 ‘r
2018 5425 2069 5462 a.
2098 5407 2223 5461 978.

365 5537 438 5607 (')
473 5534 644 5590 Hunc
675 5535 893 5607 prioris
929 5533 1126 5607 filium
1153 5531 1533 5607 habemusex
1560 5546 1739 5607 supra
1771 5531 1952 5607 citata
1981 5531 2182 5586 charta
2210 5546 2303 5607 an.
2337 5529 2462 5598 805,
2494 5528 2661 5607 cujus
2711 5527 2798 5607 vel
2852 5528 3043 5607 fratris
3094 5526 3218 5606 ejus
3245 5523 3516 5607 Rodperti
3573 5521 3729 5578 ﬁlius

300 5597 433 5666 esse
464 5597 961 5679 debuitfsequens
989 5604 1295 5662 Udalricus
1324 5603 1383 5658 in
1417 5603 1616 5658 charta
1639 5597 1782 5658 anni
1815 5602 1940 5671 867,
1977 5607 2040 5658 ut
2069 5601 2336 5674 cognatio
2363 5597 2496 5657 cum
2532 5597 2815 5655 Ludovico
2847 5597 3190 5654 Germanico
3234 5599 3512 5652 servetur.
