4152 6186
370 301 489 371 279

1072 302 1462 369 APPENDIX
1508 306 1612 368 AD
1657 300 2104 368 CHRONICON
2149 301 2570 367 HERMANNI
2616 301 3078 368 CONTRACTI.

3652 295 3785 364 Ἀθ

376 440 1060 502 circumstantiisvestitae
1074 459 1201 515 quae
1223 442 1358 497 huic
1379 439 1851 514 systematihaud
1870 455 2013 494 con-
2042 436 2100 504 Α
2127 437 2324 494 comiti
2369 438 2887 507 Antissiodorensi,
2937 438 3135 512 Alpais
3185 437 3401 512 Begoni
3431 434 3769 504 Parisiensi,

372 535 635 592 veniunt.
652 532 943 589 Udalricm
958 531 1219 603 aliuquid
1240 531 1578 601 deliquisse,
1596 529 1795 583 undea
1812 526 2014 583 Carolo

375 624 605 696 Magno,
627 622 841 678 sororis
866 640 981 678 sua:
1015 622 1242 688 marito,
1278 620 1447 676 bonis
1480 619 1603 674 suis
1634 617 1917 688 spoliatus
1950 633 2015 671 ac

374 714 748 785 postmodum
764 712 1069 766 restitutus
1084 711 1128 764 si
1141 714 1253 777 ι,οχ
1266 725 1555 781 anonymo
1574 712 1818 763 constat.
1840 707 2015 761 Deme

376 802 743 876 regicidium,
768 800 1013 855 Galliam
1043 806 1095 852 et
1128 799 1345 867 fugam,
1370 814 1434 852 ac
1460 814 1561 868 pro
1581 796 1849 851 avunculo
1875 794 2014 850 sub-

381 895 558 949 stitue
578 886 1528 956 sororium,habebisidipsumfere
1557 886 1783 957 quodin
1816 888 2014 939 Anna-

376 978 536 1035 libus
567 978 605 1034 l.
641 997 677 1044 Ι,
723 995 778 1032 n.
821 978 873 1043 3,
926 979 1215 1041 narratur,
1267 975 1396 1046 ipsa
1447 975 1621 1030 etiam
1674 977 2017 1029 enumerata

376 1067 593 1140 praedia
614 1067 671 1120 in
698 1065 861 1137 pagis
900 1066 1278 1135 Argengewe,
1312 1064 1619 1135 Linzgewe
1644 1068 1698 1118 et
1720 1063 1878 1118 alibi.
1902 1066 2014 1117 Ha-

376 1156 479 1211 bes
510 1156 643 1209 hinc
666 1154 841 1209 etiam
866 1171 968 1207 cur
1003 1152 1198 1224 plures
1230 1153 1517 1224 praecipue
1557 1151 1808 1208 Udalrici
1834 1152 1890 1206 in
1922 1151 2015 1205 his

374 1243 639 1317 partibus
660 1243 928 1298 dicantur
949 1242 1017 1297 de
1039 1241 1223 1297 Caroli
1250 1242 1438 1310 Magni
1474 1242 1743 1313 prosapia
1780 1240 1911 1307 orti,
1949 1257 2016 1295 ex

375 1333 568 1390 carnis
599 1331 878 1387 nimirum
908 1330 1340 1403 propinquitate
1362 1347 1495 1387 cum
1520 1330 1867 1402 Hildegarde
1887 1331 2014 1399 ejus

374 1420 622 1491 coniuge
644 1434 709 1473 ac
733 1417 999 1473 Ludovici
1027 1417 1108 1473 Pii
1133 1423 1333 1483 matre,
1359 1418 1512 1490 quod
1537 1417 1670 1473 dein
1708 1433 1918 1474 nomen
1942 1417 2013 1472 ab

373 1509 502 1580 ejus
524 1508 699 1563 fratre
722 1506 989 1562 Udalrico
1010 1506 1291 1562 haustum
1328 1506 1460 1563 aliis
1492 1509 1645 1563 210
1667 1524 1899 1579 quoque
1929 1508 2016 1562 fa-

374 1596 551 1652 miliis
576 1613 678 1669 per
699 1612 875 1652 novas
888 1601 1210 1651 contractas
1227 1596 1539 1651 afﬁnitates
1554 1596 1826 1663 adhaesit;
1846 1596 2015 1667 cujus

375 1686 614 1758 quidem
632 1685 712 1740 rei
732 1702 846 1739 non
870 1686 930 1739 in
956 1684 1240 1739 Udalricis
1266 1685 1457 1750 modo,
1483 1684 1583 1740 sed
1616 1688 1672 1739 et
1701 1684 2014 1740 Hartman-

372 1775 486 1841 nis,
535 1773 913 1845 Manegoldis,
962 1773 1314 1827 Burehardis
1373 1772 1708 1845 eaeterisque
1755 1772 2019 1845 exempla

375 1863 596 1935 passim
621 1862 962 1934 prostantin
994 1860 1371 1933 genealogiis,
1406 1877 1656 1932 quorum
1688 1860 1929 1916 nomina
1950 1878 2019 1916 ex

374 1950 599 2023 nuptiis
630 1949 688 2004 in
715 1948 861 2017 alias
894 1949 1071 2004 etiam
1105 1948 1356 2005 familias
1388 1953 1527 2004 sunt
1556 1949 1918 2021 implantata.

448 2085 595 2140 271
695 2085 786 2138 IV.
824 2082 1038 2138 Ultima
1070 2083 1193 2137 haec
1216 2083 1283 2136 de
1325 2082 1383 2137 S.
1420 2082 1709 2138 Gebhardi
1749 2083 2020 2154 prosapia

377 2174 686 2243 desumpta
734 2176 875 2227 sunt
921 2187 989 2225 ex
1037 2170 1318 2225 Chronico
1369 2171 1818 2235 Petershusano,
1849 2172 2019 2240 cujus

375 2267 631 2330 systema
654 2262 777 2329 jam
806 2276 938 2313 cum
971 2258 1246 2313 omnibus
1277 2258 1400 2313 suis
1419 2256 1711 2329 adjunctis
1732 2260 2020 2314 examina-

375 2348 609 2413 bimus;
645 2347 799 2415 quod
833 2346 940 2401 etsi
973 2346 1419 2401 difﬁcultatibus
1452 2346 1574 2401 suis
1619 2346 1772 2401 haud
1805 2352 2016 2416 careat,

375 2434 564 2490 multa
580 2439 777 2488 tamen
800 2435 870 2487 ad
893 2433 1300 2488 illustrandam
1334 2434 1639 2490 historiam
1678 2434 1737 2488 in
1776 2451 1842 2489 eo
1881 2452 2018 2491 con-

370 2526 592 2577 tentam
629 2521 867 2577 faciunt.
899 2522 1065 2577 Haud
1088 2537 1230 2576 sane
1261 2522 1585 2578 difﬁtemur
1613 2523 1897 2578 nonnulla
1925 2523 2019 2578 hic

373 2627 677 2668 occurrere
708 2627 837 2682 quae
870 2626 983 2665 non
1016 2609 1145 2665 dico
1169 2610 1414 2677 fabulas,
1449 2611 1593 2666 tales
1622 2616 1818 2666 tamen
1847 2612 2021 2667 tradi-

374 2700 563 2756 tiones
588 2712 690 2756 s‘eu
728 2700 914 2755 fontes
954 2700 1210 2771 sapiunt,
1240 2700 1338 2771 qui
1383 2700 1487 2755 etsi
1523 2717 1755 2772 semper
1778 2701 2016 2772 genuini

376 2789 528 2844 haud
554 2790 692 2855 sint,
730 2789 916 2845 multa
953 2793 1147 2844 tamen
1181 2805 1315 2844 vera
1343 2789 1449 2844 etsi
1474 2787 1639 2845 falsis
1670 2790 2020 2862 quandoque

377 2880 665 2950 permixta
686 2895 788 2949 pro
812 2877 1004 2933 saeculi
1045 2878 1215 2950 genio
1247 2878 1520 2933 referant.
1552 2879 1779 2934 Norunt
1806 2879 2017 2933 eruditi

379 2966 713 3037 frequenter
740 2967 797 3021 id
829 2967 1075 3033 evenire,
1107 2971 1173 3021 ut
1195 2966 1251 3020 in
1284 2966 1697 3023 remotioribus
1728 2967 1819 3023 his
1852 2966 2021 3024 factis

378 3057 691 3113 enarandis
702 3057 987 3127 ejusmodi
1004 3058 1177 3113 subin
1190 3057 1637 3114 circumstantias
1651 3058 2021 3114 admiscean-

380 3149 493 3211 tur,
536 3163 683 3216 quae,
737 3146 845 3201 etsi
885 3146 955 3201 de
1000 3147 1111 3201 ﬁde
1155 3153 1429 3219 suspecta
1466 3153 1567 3202 aut
1590 3146 1828 3202 omnino
1862 3146 2018 3202 false

377 3232 514 3301 sint,
541 3234 730 3305 ipsam
742 3238 940 3289 tamen
957 3232 1243 3289 historica:
1260 3234 1609 3289 narrationis
1628 3233 2018 3289 substantiam

377 3337 750 3393 nequaquam
782 3327 1086 3389 evertunt;
1125 3339 1294 3378 secus
1324 3322 1481 3379 enim
1534 3327 1729 3378 actum
1773 3324 1919 3378 foret
1950 3323 2019 3377 de

376 3408 649 3480 plurimis
683 3409 1035 3465 Francorum
1079 3410 1411 3478 annalibus,
1462 3410 1563 3481 qui
1612 3415 1808 3467 tamen
1860 3415 2049 3467 tanto-

376 3496 570 3553 studio
592 3496 766 3552 etiam
791 3498 863 3551 ab
894 3497 1308 3553 eruditissimis
1328 3499 1468 3553 viris
1489 3498 1771 3554 hactenus
1786 3497 2023 3571 conqui-

376 3586 472 3643 siti
503 3590 677 3655 atque
703 3585 977 3642 illustrati
1012 3589 1169 3641 sunt.
1195 3588 1357 3657 Saepe
1380 3603 1635 3659 namque
1656 3587 1713 3642 in
1741 3586 2020 3643 sublestis

377 3691 608 3748 quoque
628 3674 722 3731 his
740 3674 1138 3730 monumentis
1161 3674 1448 3746 reperitur
1467 3676 1619 3747 quod
1645 3674 1781 3731 alibi
1805 3675 2023 3731 frustra

378 3780 622 3836 qumres,
672 3764 929 3820 historiis
982 3767 1177 3818 tamen
1255 3763 1509 3819 multum
1567 3764 1844 3835 proﬁeua.
1905 3765 2020 3820 Nec

377 3858 643 3909 nostrum
678 3853 821 3909 adeo
851 3852 959 3908 hac
995 3854 1053 3908 in
1104 3869 1164 3908 re
1206 3855 1480 3908 conatum
1530 3853 1925 3925 improbatum
1951 3852 2021 3908 iri

378 3940 765 4007 conﬁdimus;
808 3941 1010 3996 eadem
1060 3940 1352 4012 siquidem
1398 3940 1669 3997 libertate
1717 3940 2021 4014 Opiniones

377 4032 609 4084 nostras
631 4029 1031 4100 proponimus,
1059 4046 1176 4100 qua
1195 4030 1490 4101 voluptate
1512 4029 1760 4085 aliorum
1780 4030 1841 4085 in
1863 4031 2024 4086 simi-

373 4115 530 4172 libus
579 4133 752 4172 sensa
802 4123 903 4172 aut
964 4118 1332 4188 conjecturas
1397 4118 1807 4189 pervolvimus.
1861 4119 2021 4176 Hanc

374 4220 631 4276 namque
661 4206 871 4260 damus
899 4206 1152 4273 veniam,
1197 4206 1566 4278 petimusque
1595 4207 1874 4264 vicissim.

445 4338 474 4409 §
505 4338 572 4392 V.
600 4337 670 4393 Ut
706 4338 943 4410 propius
984 4337 1163 4410 igitur
1199 4338 1429 4395 tertiam
1463 4338 1890 4395 conciliationis
1921 4358 2018 4396 ra-

372 4428 592 4483 tionem
616 4427 1047 4499 aggrediamur,
1072 4443 1139 4483 ex
1169 4427 1482 4482 Annalium
1518 4431 1849 4483 nostrorum
1883 4445 2017 4485 nar-

2129 527 2489 600 Hildegardis
2520 528 2752 583 cuidam
2798 527 3153 584 Theoderico
3213 525 3435 596 comiti,
3479 528 3538 581 et
3578 524 3774 582 Gisela

2124 616 2457 672 Eberhardo
2489 616 2685 671 comiti
2725 617 3045 673 Cisoniensi
3088 618 3147 672 in
3181 615 3451 672 Flandria
3480 630 3544 670 ac
3572 618 3776 686 postea

2124 705 2257 760 duci
2283 705 2683 776 Forojuliensi,
2716 722 2845 776 qua:
2876 705 3016 761 dicti
3032 704 3220 761 Caroli
3243 703 3400 760 Calvi
3435 720 3504 759 ex
3531 702 3777 759 Juditha

2125 811 2289 850 soror
2318 799 2442 849 erat
2482 794 2730 849 uterina.
2766 794 2843 848 Ex
2871 794 2922 849 is
2954 810 3073 849 una
3112 801 3299 849 mater
3344 793 3403 847 in
3449 792 3558 847 hoc
3587 796 3773 864 syste-

2126 889 2280 939 mate
2311 900 2438 939 esse
2469 883 2671 939 debuit
2700 883 2854 939 212
2887 882 3021 937 dicti
3059 881 3306 938 Udalrici
3343 880 3594 947 comitis,
3618 885 3676 936 et
3704 896 3773 949 ex

2125 989 2333 1028 sonore
2364 974 2575 1044 nepotis
2608 971 2880 1027 Ludovici
2931 970 3282 1036 Germanici,
3327 971 3430 1041 qui
3469 973 3775 1041 propterea

2125 1059 2283 1116 illius
2312 1061 2614 1117 avunculus
2645 1060 2860 1115 dicitur
2910 1060 2969 1114 in
3016 1058 3293 1115 chronico
3342 1063 3579 1125 nostro;
3612 1063 3679 1113 ut
3709 1062 3775 1115 ut

2124 1149 2281 1204 enim
2312 1149 2420 1205 iste
2440 1148 2764 1205 avunculus
2787 1151 3082 1220 Imperator
3111 1150 3386 1219 Augustus
3417 1153 3676 1216 vocetur,
3710 1148 3769 1203 id

2124 1242 2320 1294 tamen
2352 1239 2422 1293 de
2461 1237 2574 1293 alio
2606 1254 2781 1309 quam
2817 1238 3108 1293 Ludovico
3150 1235 3493 1292 Germanico
3524 1235 3773 1309 intelligi

2125 1326 2346 1399 nequit,
2370 1327 2543 1382 ambo
2561 1327 2717 1381 enim
2739 1327 2866 1397 ejus
2890 1327 3097 1382 fratres
3117 1325 3500 1398 imperatores
3521 1324 3602 1380 nil
3617 1325 3773 1396 juris

2124 1418 2183 1471 in
2213 1416 2558 1474 Alemannis
2580 1416 2896 1483 habebant,
2924 1420 2991 1471 ut
3016 1414 3211 1488 nepoti
3232 1431 3340 1473 suo
3362 1415 3580 1487 praedia
3599 1415 3774 1473 dona-

2126 1523 2186 1561 re
2215 1506 2530 1577 potuerint.

2197 1641 2471 1705 Quaenam
2502 1642 2701 1695 autem
2732 1638 2965 1694 illarum
2998 1637 3337 1694 Udalricum
3379 1637 3768 1709 progenuerit,

2130 1727 2482 1799 conjecturis
2513 1728 2709 1799 potius
2740 1744 2917 1800 quam
2949 1727 3124 1782 certis
3167 1726 3532 1798 argumentis
3562 1743 3775 1784 eruen-

2047 1807 2096 1872 B
2128 1817 2291 1883 dum,
2315 1833 2447 1872 cum
2475 1832 2658 1888 pauca
2678 1832 2878 1872 earum
2904 1816 3053 1870 facta
3080 1814 3292 1869 litteris
3315 1814 3435 1870 sint
3454 1815 3773 1889 consigna-

2126 1907 2205 1972 ta,
2239 1908 2296 1959 et
2324 1904 2941 1977 aliundeéfeminarum
2964 1903 3025 1957 in
3046 1901 3267 1958 chartis
3288 1902 3469 1973 hujus
3488 1904 3773 1975 temporis

2127 1992 2431 2048 rarissima
2451 1993 2733 2049 habeatur
2755 1991 2997 2046 mentio.
3017 1992 3173 2046 Inter
3204 1989 3538 2047 Adelheidis
3559 1994 3679 2047 tres
3698 2008 3772 2047 ex

2127 2082 2386 2137 Conrado
2420 2081 2566 2138 ﬁlios
2591 2080 2790 2136 nullus
2820 2078 3128 2135 Udalricus
3175 2078 3478 2151 reperitur,
3521 2079 3623 2135 sed
3653 2080 3772 2135 duo

2127 2170 2368 2225 abbates
2407 2174 2611 2236 erant;
2661 2169 2867 2224 tertius
2916 2167 3063 2240 patri
3114 2167 3405 2239 aaquivoco
3465 2168 3770 2223 successit.

2128 2260 2262 2326 Quae
2294 2258 2435 2314 adeo
2467 2256 2562 2312 hic
2593 2256 2839 2329 intelligi
2869 2256 3092 2327 nequit,
3116 2255 3200 2310 uti
3226 2271 3332 2311 nec
3352 2254 3575 2327 Alpais,
3601 2256 3774 2327 cujus

2128 2347 2274 2402 duos
2296 2346 2448 2402 ﬁlios
2471 2346 2785 2402 Letardum
2807 2351 2865 2400 et
2884 2344 3212 2400 Ebrardum
3228 2343 3494 2399 nominat
3506 2343 3775 2400 Flodoar—

2129 2435 2241 2491 dus
2271 2435 2330 2490 in
2359 2434 2613 2491 Historia
2639 2432 2914 2513 itemensi
2948 2432 2987 2487 ι.
3020 2450 3095 2501 1v,
3132 2448 3182 2498 c,
3216 2431 3304 2487 46.
3332 2432 3575 2488 Restant
3596 2432 3776 2505 igitur

2130 2523 2496 2595 Hildegardis
2526 2528 2583 2579 et
2624 2522 2835 2579 Gisela.
2890 2521 3111 2579 Prioris
3160 2520 3409 2577 maritus
3457 2521 3773 2578 Theodori-

2129 2626 2231 2666 eus
2261 2627 2327 2665 ex
2358 2613 2595 2667 nomine
2625 2617 2855 2667 tantum
2888 2610 3181 2666 indicatur
3209 2627 3243 2665 a
3288 2610 3516 2666 Cointio
3545 2610 3769 2683 (Annal.

2128 2704 2168 2754 t.
2200 2699 2349 2767 VIII,
2383 2717 2440 2772 p.
2462 2702 2587 2765 606)
2608 2705 2665 2756 et
2684 2701 2744 2755 in
2768 2700 2903 2755 ιἈνι
2922 2701 2987 2755 de
3026 2700 3244 2770 vériﬁer
3265 2700 3342 2756 les
3362 2700 3516 2755 dates
3545 2700 3607 2770 (t.
3641 2704 3686 2766 Ι,
3711 2716 3772 2772 p.

2125 2789 2273 2855 555),
2307 2804 2435 2855 nec,
2469 2788 2567 2843 ubi
2598 2788 2859 2843 locorum
2901 2804 3097 2844 comes
3121 2788 3313 2857 fuerit,
3338 2788 3594 2860 produnt
3620 2792 3773 2844 vete-

2128 2893 2220 2932 res
2254 2878 2501 2932 Francia:
2525 2877 2634 2932 seri
2645 2882 2858 2948 ptores.
2884 2878 2947 2932 Id
2970 2893 3156 2933 unum
3177 2893 3246 2932 ex
3285 2875 3553 2932 Nithardi
3580 2876 3773 2932 Histo-

2127 2966 2214 3021 ria
2245 2965 2283 3019 l.
2318 2983 2401 3036 nx,
2430 2984 2485 3021 n.
2520 2968 2552 3021 4
2584 2966 2897 3037 (Bouous'r,
2918 2970 2961 3020 t.
2994 2966 3115 3033 VII,
3146 2982 3204 3037 p.
3235 2966 3327 3037 25)
3358 2964 3553 3038 colligi
3612 2965 3777 3022 vide-

2126 3054 2674 3127 tur,_Hi1degardem
2696 3053 2881 3110 Caroli
2912 3052 3066 3109 Calvi
3108 3069 3390 3120 sororem,
3423 3070 3551 3125 quas
3583 3053 3774 3110 Theo-

2132 3143 2327 3198 derico
2350 3148 2648 3214 nupserat,
2677 3142 2737 3197 in
2760 3142 2989 3198 civitate
3011 3142 3404 3207 Laudunensi,
3432 3142 3691 3213 adeoque
3714 3142 3774 3199 in

2076 3212 2095 3238 ³
2132 3231 2318 3289 Gallia
2370 3212 2601 3305 Belgica
2647 3232 2845 3287 sedem
2894 3229 3194 3299 habuisse,
3239 3234 3417 3303 atque
3450 3230 3522 3285 ab
3568 3212 3774 3287 eodem

2129 3320 2331 3376 Carolo
2372 3338 2466 3375 an.
2521 3322 2627 3377 842
2671 3319 2897 3376 veniam
2946 3320 3311 3392 impetrasse,
3365 3320 3519 3391 quod
3571 3324 3779 3376 contra

2129 3410 2326 3482 ipsum
2357 3410 2561 3465 faverit
2585 3407 2854 3464 Lothario
2877 3408 3233 3481 imperatori,
3267 3407 3434 3465 alteri
3455 3408 3619 3464 fratri
3641 3425 3773 3465 suo.

2129 3498 2299 3554 Nulla
2330 3514 2501 3571 porro
2533 3498 2745 3552 ibidem
2781 3496 2976 3552 mariti
3009 3497 3072 3552 ﬁt
3103 3496 3341 3565 mentio,
3385 3497 3505 3553 sive
3532 3498 3772 3553 demum

2131 3591 2399 3643 mortuus
2438 3588 2564 3657 jam
2616 3586 2810 3653 fuerit,
2881 3586 3000 3641 sive
3048 3602 3083 3641 a
3129 3585 3329 3642 Carolo
3380 3586 3645 3643 eamdem
3696 3587 3773 3642 ob

2129 3690 2368 3732 causam
2402 3672 2609 3747 pulsus
2640 3690 2771 3729 cum
2805 3672 2964 3743 ﬁliis,
2997 3674 3046 3729 si
3091 3690 3237 3747 quos
3267 3674 3492 3731 habuit.
3528 3675 3691 3741 Quod
3722 3675 3773 3731 si

2128 3764 2298 3837 plura
2327 3764 2397 3819 de
2426 3780 2491 3819 eo
2517 3763 2795 3819 haberent
2825 3762 3066 3834 antiqua
3097 3767 3498 3830 monumenta,
3532 3767 3773 3819 consta-

2130 3852 2501 3908 retfortassis
2530 3851 2686 3906 hunc
2710 3851 2905 3923 ipsum
2938 3850 3190 3907 Udalrici
3238 3852 3423 3908 nostri
3467 3868 3536 3908 ex
3575 3851 3774 3909 Hilde-

2128 3942 2304 4015 garde
2327 3945 2550 4015 patrem
2580 3939 2895 4007 exstitisse,
2923 3940 3081 3996 haud
3109 3940 3544 3997 contradicente
3574 3944 3774 3998 nostro

2126 4030 2433 4097 Chronico,
2466 4028 2516 4085 si
2548 4030 2720 4085 modo
2770 4028 3033 4102 regicidii
3077 4029 3203 4086 loco
3254 4034 3414 4087 mota
3459 4033 3662 4087 contra
3691 4047 3786 4087 re-

2128 4135 2260 4193 gem
2291 4117 2525 4175 rebellio
2555 4118 2968 4175 substituatur.
3011 4118 3145 4182 Quae
3166 4118 3259 4175 his
3280 4119 3515 4177 obstare
3533 4118 3783 4177 ulterius

2129 4212 2389 4281 possent,
2422 4207 2573 4263 infra
2601 4208 2631 4281 §
2661 4209 2730 4262 t2
2758 4207 3166 4264 discutiemus.

2195 4340 2344 4415 §VI.
2378 4340 2754 4396 Pervenimus
2780 4340 2907 4411 jam
2943 4340 3015 4395 ad
3059 4339 3332 4396 ultimam
3381 4339 3655 4397 Ludovici
3686 4339 3772 4396 Pii

2128 4429 2310 4485 filiam
2361 4428 2637 4495 Giselam,
2687 4428 2873 4484 Caroli
2941 4428 3099 4485 Calvi
3149 4445 3410 4486 sororem
3458 4429 3776 4498 uterinam,

374 4516 598 4571 ratione
629 4516 717 4570 vir
745 4516 842 4571 ille
891 4516 949 4571 in
984 4515 1171 4572 Gallia
1215 4518 1454 4587 Togata,
1502 4521 1602 4572 aut
1632 4517 1826 4589 potius
1848 4519 2020 4590 juxta
2046 4539 2094 4603 D
2127 4535 2304 4591 quam
2328 4518 2638 4588 conjugem
2662 4518 2908 4573 duxerat
2928 4518 3306 4574 Eberhardus
3330 4534 3435 4574 seu
3459 4517 3775 4584 Evrardus,

373 4609 631 4676 systema
652 4605 952 4677 scriptoris
970 4606 1022 4677 (ἒ
1043 4606 1094 4677 1)
1116 4605 1343 4678 Belgica
1377 4606 1499 4661 sive
1534 4606 1751 4663 Celtica
1776 4608 2016 4663 nobilis-

375 4693 856 4762 simus,Udalrici
898 4695 1217 4768 Brigantini
1269 4700 1452 4767 pater,
1491 4697 1633 4766 regis
1654 4700 2015 4764 Francorum,

373 4785 538 4852 quiet
571 4786 862 4853 imperator
893 4784 1274 4851 Romanorum,
1314 4801 1571 4839 sororem
1617 4784 1674 4838 in
1717 4785 2015 4840 matrimo-

376 4869 470 4925 nio
494 4870 715 4925 habuit.
742 4872 843 4926 Vel
866 4872 972 4926 hoc
995 4872 1184 4927 solum
1225 4873 1463 4928 denotat
1496 4872 1772 4928 sarculum
1800 4891 1875 4939 1x,
1900 4890 2014 4929 non

372 4973 506 5013 vero
528 4976 584 5023 x,
607 4960 859 5029 quojam
895 4961 1303 5016 deﬁcientibus
1343 4960 1725 5034 Carolingicis
1766 4977 1861 5017 rex
1891 4967 2016 5017 erat

369 5045 667 5102 Conradus
690 5046 738 5115 (ξ
771 5048 844 5117 2).
877 5048 1086 5103 Verum
1132 5048 1264 5119 quis
1311 5049 1421 5104 iste
1462 5049 1825 5120 imperator?
1855 5053 2016 5105 Certe

371 5152 477 5190 nec
499 5134 681 5189 Caroli
709 5135 900 5206 Magni
926 5152 1029 5191 nec
1051 5137 1323 5193 Ludovici
1346 5137 1429 5192 Pii
1458 5154 1685 5193 sorores
1709 5139 2012 5196 maritatas

367 5223 643 5296 legimus,
677 5224 727 5279 si
760 5242 875 5280 una
907 5225 1120 5280 Bertha
1150 5228 1208 5281 S.
1236 5226 1558 5300 Angilberti
1589 5243 1732 5283 uxor
1760 5228 2011 5300 excipia-

367 5317 482 5367 tur.
522 5315 719 5384 Itaque
754 5315 1023 5371 Ludoviei
1054 5316 1137 5370 Pii
1170 5316 1345 5383 Filiae,
1387 5333 1613 5372 sorores
1664 5316 1870 5370 Loturii
1908 5318 1927 5372 Ι
1957 5320 2015 5372 et

369 5401 556 5457 Caroli
587 5402 741 5457 Calvi
769 5404 1209 5476 imperatorum,
1243 5421 1309 5459 ac
1336 5404 1606 5459 Ludovici
1642 5405 2010 5460 [Germanici

369 5487 757 5560 intelligenda:
792 5494 1049 5558 veniunt,
1083 5509 1330 5565 quarum
1364 5496 1615 5563 quatuor
1645 5493 2013 5564 reperiuntur

373 5577 618 5634 diversis
649 5577 789 5635 viris
811 5580 1061 5639 elocuta}.
1085 5580 1417 5639 Adelheidis
1439 5580 1719 5638 nimirum
1750 5584 2011 5640 Conrado

2127 4612 2255 4661 tum
2304 4605 2659 4661 Cisoniensis
2708 4606 2766 4659 in
2824 4605 3097 4662 Flandria
3144 4622 3363 4675 comes,
3410 4610 3612 4679 postea
3656 4606 3780 4662 dux

2129 4694 2570 4765 Forojuliensis,
2594 4708 2850 4763 quamve
2893 4692 2988 4747 hic
3043 4693 3313 4766 pluribus
3359 4694 3777 4750 illustrandam

2127 4784 2421 4850 duximus,
2455 4782 2503 4836 si
2535 4797 2651 4835 non
2674 4798 2777 4852 pro
2800 4783 3110 4838 statuendo
3132 4783 3241 4839 hoc
3263 4787 3593 4850 stemmate,
3616 4787 3776 4839 certe

2125 4889 2228 4944 pro
2258 4870 2607 4926 illustranda
2633 4870 2957 4926 Germania
3009 4876 3222 4928 nostris
3273 4887 3451 4928 sacrae
3500 4871 3769 4927 historia.

2125 4961 2495 5016 Hermannus
2516 4958 2864 5016 Contractus
2885 4960 2955 5016 ad
2979 4976 3074 5019 an.
3096 4963 3204 5016 799
3229 4960 3561 5029 Ehericum,
3593 4976 3773 5033 quem

2123 5049 2223 5105 alii
2255 5047 2591 5105 Heinricum
2621 5048 2845 5115 dicunt,
2878 5050 3088 5105 ducem
3121 5049 3584 5122 Forojuliensem
3614 5066 3648 5105 a
3670 5049 3774 5105 Ca-

2124 5138 2247 5195 rolo
2279 5138 2431 5194 213
2463 5141 2668 5209 Magno
2713 5138 3121 5207 constitutum,
3170 5155 3204 5195 a
3252 5137 3525 5194 Liburnis
3569 5141 3769 5195 autem

2122 5228 2380 5284 occisum
2414 5229 2720 5281 memorat.
2753 5227 2941 5297 Hujus
2985 5225 3174 5282 ﬁlium
3224 5227 3517 5283 Eecardus
3548 5227 3768 5299 (Franc.

2124 5316 2214 5371 0r.
2251 5320 2292 5370 t.
2329 5316 2368 5379 I,
2404 5331 2460 5385 p.
2490 5314 2617 5382 796)
2652 5314 2858 5368 statuit
2898 5314 3235 5370 Hunrocum
3285 5332 3389 5372 seu
3421 5316 3771 5387 Hunrogum

2120 5404 2414 5468 comitem,
2469 5401 2570 5473 qui
2615 5402 2766 5457 inter
2812 5405 2990 5457 testes
3045 5404 3440 5460 subscribitur
3485 5404 3545 5460 in
3594 5408 3775 5460 testa-

2122 5497 2316 5549 mento
2345 5489 2531 5546 Caroli
2562 5489 2757 5563 Magni
2788 5507 2883 5546 an.
2915 5492 3013 5548 8H
3070 5494 3225 5565 apud
3277 5494 3676 5569 Eginhardum
3708 5494 3769 5550 in

2119 5583 2247 5654 ejus
2279 5580 2429 5653 Vita,
2463 5595 2567 5636 nec
2598 5596 2713 5635 non
2744 5578 2897 5638 inter
2922 5582 3279 5641 Francorum
3310 5583 3531 5657 legatos
3564 5583 3637 5641 ad
3668 5600 3770 5657 pa-
