4152 6186
367 295 493 366 285

375 452 550 511 quem
583 435 782 493 nullus
800 436 1338 495 simulFrsncorum
1375 455 1617 512 regnum
1634 438 2015 509 etimporium
2054 439 2100 502 Α
2133 435 2212 489 ita
2244 435 2422 490 edixit
2458 452 2468 489 :

371 527 921 593 Romanumtenuit,
938 529 1107 597 cujus
1123 545 1285 584 soror
1311 529 1553 583 fueritin
1578 526 2020 583 matrimonium

371 615 524 670 data.
558 613 743 669 Caroli
794 617 950 670 enim
981 617 1172 672 Crassi
1209 619 1391 671 ambae
1434 633 1661 672 sorores
1714 615 2021 672 abbatissae

371 703 721 760 Turicenses
753 709 939 758 erant.
1004 705 1250 760 Perinde
1282 711 1475 761 autem
1508 711 1614 772 est,
1650 705 1769 760 sive
1832 703 2018 758 Ludo-

369 791 531 848 vicus
563 792 700 847 Pius
733 791 936 858 filiam,
971 795 1089 848 sive
1119 793 1358 849 Carolus
1382 795 1590 849 Calvus
1621 810 1877 850 sororem
1912 809 2018 846 nu-

369 881 493 953 ptui
543 879 801 937 elocasse
848 881 1079 937 dicatur
1133 901 1145 937 :
1202 907 1228 931 «
1285 900 1352 938 ex
1402 900 1517 954 qua
1549 885 1694 938 duos
1726 882 1928 955 genuit
1963 881 2023 934 fi-

368 969 501 1036 lios,
535 992 563 1016 »
595 974 737 1041 quot
784 986 995 1043 nempe
1027 972 1085 1027 in
1118 971 1524 1028 Alemanniam
1556 976 1852 1033 venerant,
1889 969 2019 1024 reli-

369 1058 471 1129 qui
490 1059 648 1113 enim
679 1075 783 1114 ceu
812 1058 1047 1132 longius
1078 1060 1271 1116 dissiti
1301 1063 1360 1116 in
1395 1061 1487 1117 his
1531 1061 1795 1132 partibus
1843 1060 2020 1131 scrip-

367 1146 480 1202 tori
511 1147 670 1203 haud
703 1147 1113 1203 innotuerunt.
1452 1143 1459 1152 ’

435 1235 570 1300 Qum
599 1250 736 1291 vero
782 1236 1056 1308 deinceps
1088 1237 1157 1292 de
1189 1238 1344 1310 regis
1383 1242 1735 1294 Francorum
1786 1239 1938 1293 caede
1988 1255 2021 1293 a

365 1325 598 1380 duobus
618 1325 713 1380 his
737 1325 1016 1381 fratribus
1033 1330 1254 1398 patrata
1279 1333 1611 1393 narrantur,
1633 1329 1814 1383 totius
1835 1327 2018 1398 hujus

367 1413 564 1468 saeculi
598 1413 854 1470 historiae
886 1421 1238 1488 repugnant,
1275 1433 1361 1482 ac,
1396 1416 1443 1471 si
1474 1418 1590 1470 veri
1638 1417 1890 1488 speciem
1923 1416 2020 1470 ha-

365 1501 502 1557 bere
531 1502 801 1568 debeant,
835 1504 1069 1558 nonnisi
1100 1505 1170 1559 de
1207 1510 1366 1559 mota
1409 1507 1662 1576 quadam
1707 1505 2019 1560 rebellione

369 1606 469 1646 seu
505 1591 830 1646 defectione
875 1610 908 1646 a
937 1610 1042 1648 suo
1077 1609 1208 1665 rege
1251 1595 1452 1649 Carolo
1503 1595 1671 1649 Calvo
1713 1594 1892 1665 accipi
1927 1595 2019 1648 dc-

366 1680 524 1744 bent,
579 1680 812 1751 qualem
845 1681 1029 1737 altera
1059 1699 1292 1753 quoque
1328 1684 1592 1753 ejusdem
1626 1700 1790 1738 soror
1821 1682 2017 1737 Hilde-

367 1768 566 1841 gsrdis
597 1769 794 1824 comiti
827 1769 1185 1825 Theodorico
1218 1777 1402 1842 nupta
1420 1773 1542 1840 jam
1563 1789 1654 1826 an.
1680 1773 1785 1826 842
1815 1776 2019 1826 contra
2051 1805 2097 1869 Β

366 1858 564 1928 ipsum
598 1857 800 1913 molita
831 1863 938 1922 est,
975 1859 1055 1913 uti
1079 1860 1352 1930 superius
1393 1860 1668 1916 diximus.
1725 1860 1870 1923 Quid
1895 1860 2020 1931 igi-

367 1951 466 2000 tur
500 1945 736 2010 mirum,
772 1945 822 2001 si
848 1951 902 2001 et
934 1963 1096 2001 socer
1126 1947 1284 2002 illius
1319 1965 1384 2003 ac
1419 1954 1654 2020 nepotes
1708 1949 1821 2004 tale
1879 1948 2018 2020 quid

367 2034 498 2089 ausi
531 2035 792 2089 iuerint?
824 2035 937 2089 Nec
969 2052 1099 2090 vero
1121 2035 1626 2108 solisconjecturis
1650 2038 1742 2094 hic
1779 2039 2018 2105 utimur;

367 2122 500 2194 ipsa
529 2139 784 2194 namque
817 2123 1012 2180 Gisela
1041 2125 1359 2180 Eberhardi
1396 2144 1538 2182 uxor
1560 2144 1678 2182 rem
1707 2127 1763 2182 in
1791 2128 2020 2182 duabus

368 2212 564 2266 citatis
598 2212 817 2267 chartis
848 2213 918 2268 de
949 2231 1042 2268 an.
1068 2215 1173 2269 868
1196 2219 1252 2269 et
1282 2216 1387 2268 870
1409 2215 1552 2271 satis
1578 2221 1771 2288 aperte
1807 2217 2020 2288 prodit,

368 2300 512 2355 dum
543 2316 637 2355 res
668 2318 701 2354 a
732 2302 958 2356 seniore
989 2319 1094 2357 suo
1127 2320 1228 2358 seu
1274 2303 1482 2358 marito
1529 2305 1778 2360 Evrardo
1825 2306 2021 2376 perdi-

369 2393 460 2445 tas
487 2394 542 2444 et
573 2390 631 2444 in
654 2389 808 2461 regis
839 2391 1167 2447 dominium
1202 2394 1466 2448 redactas
1491 2394 1601 2448 sibi
1627 2395 1818 2448 denuo
1851 2412 1883 2448 a
1915 2393 2020 2449 Ca-

369 2477 490 2533 rolo
508 2477 699 2544 Calvo,
715 2480 1000 2534 Germano
1023 2497 1150 2546 suo,
1177 2482 1478 2537 restitutas
1503 2485 1836 2553 profitetur;
1863 2483 2018 2553 quod

367 2567 626 2638 profecto
659 2566 892 2638 aliquod
955 2569 1147 2622 mariti
1192 2570 1283 2624 sui
1335 2576 1433 2625 aut
1464 2570 1716 2625 filiorum
1777 2587 2018 2626 suorum

365 2653 578 2708 saltem
609 2655 829 2709 crimen
860 2672 961 2711 seu
995 2656 1273 2712 feloniam
1316 2658 1574 2714 indicare
1607 2660 1855 2714 videtur.
1891 2661 2020 2714 For-

363 2743 543 2798 tassis
575 2743 633 2797 hi
655 2743 766 2815 ipsi
801 2745 917 2800 duo
951 2747 1158 2801 fratres
1190 2746 1342 2802 inter
1373 2747 1504 2803 illos
1556 2765 1790 2820 quoque
1831 2749 2018 2804 Caroli

365 2847 639 2903 proceres
670 2834 1153 2901 numerabantur,
1189 2836 1286 2907 qui
1312 2835 1410 2890 diu
1435 2838 1557 2907 jam
1588 2837 1754 2892 illum
1790 2838 2017 2909 pertaesi

363 2937 458 2976 an.
490 2922 597 2975 858
628 2921 876 2976 solemni
917 2923 1205 2994 legatione
1251 2925 1516 2980 Ludovici
1551 2926 1871 2981 Germaniae
1922 2943 2016 2981 re-

363 3010 453 3082 gis
485 3009 776 3065 auxilium
833 3017 1034 3067 contra
1078 3011 1264 3067 Caroli
1324 3014 1477 3085 regis
1522 3014 1613 3069 sui
1647 3015 2015 3086 tyrannidem

365 3099 762 3170 postularunt,
789 3098 1006 3171 illoque
1036 3118 1170 3156 cum
1203 3101 1454 3157 exercitu
1497 3103 1554 3156 in
1588 3103 1805 3158 Gallias
1855 3105 2018 3159 adve-

1193 300 1645 367 CHRONICON
1690 297 2408 365 PETERSHUSANUM.
2444 331 2521 348 -
2551 297 2968 364 PROOEMIA.

3663 298 3789 364 ess
3827 387 3832 390 _

2497 460 2523 484 ‹‹
2561 435 2676 491 illis
2711 435 3068 502 hominibus,
3123 434 3223 508 qui
3273 439 3476 493 contra
3516 453 3608 494 me
3639 438 3779 494 fece-

2133 531 2290 589 runt,
2327 525 2479 580 sicut
2512 526 2694 588 scitis,
2729 531 2782 580 et
2814 526 2884 580 ad
2921 541 3119 580 meum
3152 526 3388 580 fratrem
3428 535 3776 584 venerunt...

2130 618 2320 668 totum
2354 615 2644 685 perdono;
2682 615 2835 687 quod
2886 619 3087 671 contra
3136 631 3227 670 me
3275 615 3672 684 misfecerunt,
3725 621 3781 671 et

2130 702 2367 758 illorum
2403 703 2622 760 allodes
2655 704 2907 776 [allodia,
2928 721 3029 759 seu
3054 704 3293 774 prwdia]
3324 704 3395 758 de
3421 703 3777 772 hiereditate,

2132 796 2188 846 et
2217 793 2287 846 de
2319 793 2674 863 conquisitu,
2700 797 2758 848 et
2785 810 2908 864 quae
2931 794 3001 848 de
3031 793 3345 848 donatione
3369 792 3551 851 nostri
3578 793 3778 848 Senio-

2132 879 2211 935 ris
2243 881 2462 936 scilicet
2489 883 2692 954 patris,
2726 899 2828 936 seu
2864 882 3138 936 Ludovici
3167 882 3272 944 Pii,
3309 881 3662 946 habuerunt,
3693 897 3784 936 ex-

2130 975 2296 1040 cepto
2327 968 2450 1035 illo,
2485 972 2638 1041 quod
2672 972 2744 1025 de
2776 987 2902 1024 mea
2934 970 3245 1025 donatione
3277 970 3456 1035 venit,
3493 969 3610 1024 illis
3645 987 3779 1023 con-

2130 1057 2290 1125 cedo,
2331 1058 2377 1112 si
2416 1058 2558 1113 mihi
2611 1059 2944 1114 firmitatem
2983 1057 3245 1124 fecerint,
3293 1058 3447 1128 quod
3498 1058 3557 1111 in
3600 1074 3780 1128 regno

2131 1161 2258 1200 meo
2293 1147 2515 1218 pacifici
2551 1147 2690 1213 sint,
2731 1170 2756 1196 »
2789 1148 2873 1202 uti
2907 1147 3122 1217 legitur
3153 1147 3305 1217 apud
3334 1145 3639 1200 Buluzium
3663 1147 3781 1216 (Ca-

2123 1237 2224 1306 pit.
2259 1252 2370 1306 reg.
2402 1239 2595 1291 Franc.
2630 1241 2670 1290 t.
2703 1237 2771 1300 Il,
2801 1252 2852 1306 p.
2909 1236 3030 1303 1M,
3074 1253 3138 1290 ac
3180 1251 3313 1290 cum
3345 1235 3461 1290 illis
3516 1236 3780 1307 apprime

2129 1331 2483 1397 congruunt,
2518 1343 2642 1397 qure
2666 1325 2857 1379 Gisela
2897 1342 3061 1380 soror
3097 1325 3154 1378 in
3187 1341 3366 1395 supra
3396 1324 3588 1380 citatis
3618 1323 3778 1380 char-

2127 1413 2202 1468 tis
2253 1415 2323 1468 de
2355 1413 2565 1470 ablatis
2610 1431 2964 1486 rursumque
3009 1414 3118 1470 sibi
3167 1412 3453 1468 restitutis
3506 1430 3539 1468 a
3577 1413 3778 1469 Carolo

2130 1503 2306 1557 fratre
2338 1505 2512 1559 rebus
2547 1510 2989 1559 commemorat.

2199 1593 2419 1647 Cuncta
2469 1593 2610 1656 haec,
2647 1594 2729 1648 uti
2763 1594 2931 1648 nobis
2961 1593 3164 1649 saltem
3191 1593 3457 1661 fvidetur,
3515 1593 3780 1648 sufficere

2129 1687 2378 1753 possunt
2432 1683 2501 1737 ad
2543 1683 2958 1738 vindicandam
3015 1683 3318 1754 scriptoris
3359 1684 3542 1739 nostri
3582 1684 3778 1749 fidem,

2129 1771 2174 1824 si
2227 1788 2410 1825 unum
2454 1772 2624 1826 modo
2657 1771 3004 1841 regicidium
3054 1772 3344 1840 dematur,
3378 1788 3444 1826 ac
3491 1781 3782 1826 commota

2136 1864 2336 1913 contra
2368 1877 2559 1931 regem
2602 1859 2838 1914 rebellio
2865 1859 3276 1914 substituatur.
3325 1859 3512 1914 Facile
3563 1861 3780 1931 quippe

2131 1946 2187 2000 in
2219 1964 2354 2002 vera
2381 1949 2675 2003 discessus
2707 1947 2941 2002 illorum
2977 1949 3218 2002 fratrum
3255 1964 3432 2002 causa
3466 1947 3778 2018 assignan.

2131 2038 2203 2092 da
2225 2037 2412 2110 decipi
2455 2037 2643 2109 potuit
2673 2037 2944 2108 scriptor,
2979 2037 3118 2108 quin
3170 2041 3364 2091 tamen
3405 2036 3649 2092 ﬁctitius
3703 2038 3780 2093 sit

2130 2127 2391 2197 ipsorum
2423 2125 2478 2180 in
2513 2126 2919 2180 Alemanniam
2956 2127 3260 2193 adventus,
3291 2125 3542 2196 huicque
3572 2144 3774 2200 super-

2131 2218 2354 2269 structa
2383 2213 2739 2286 genealogis,
2776 2218 2839 2268 ut
2861 2213 3096 2284 quidem
3130 2212 3255 2268 vult
3298 2214 3618 2270 Tenzelius.
3661 2218 3772 2271 Ad-

2130 2304 2304 2358 ducta
2361 2303 2566 2358 saltem
2629 2303 2934 2374 hucusque
2967 2306 3312 2373 argumenta
3359 2307 3678 2376 utrumque
3729 2307 3775 2362 si

2128 2409 2245 2447 non
2277 2397 2436 2447 extra
2465 2391 2725 2458 ,dubium
2772 2394 3017 2462 ponunt,
3053 2390 3278 2445 fabulas
3307 2395 3501 2447 tamen
3538 2410 3652 2448 non
3686 2412 3776 2448 sa-

2131 2482 2317 2553 piunt,
2344 2498 2699 2552 causamque
2723 2480 2900 2534 simul
2923 2478 3220 2535 declarant
3241 2497 3344 2535 cur
3365 2482 3538 2536 ambo
3572 2484 3777 2538 fratres

2125 2572 2185 2626 in
2217 2571 2620 2626 Alemanniam
2655 2569 3006 2634 devenerint,
3060 2586 3124 2624 ac
3167 2573 3398 2641 tempus
3441 2588 3556 2642 quo
3586 2571 3644 2625 in
3682 2589 3778 2643 ps-

2128 2661 2303 2715 triam
2355 2665 2599 2730 uterque
2639 2659 2715 2713 sit
2762 2662 3083 2724 revocatus,
3127 2659 3436 2728 impetrata
3476 2676 3686 2732 nempe
3745 2680 3776 2715 ει

2127 2749 2328 2805 Carolo
2349 2748 2520 2804 Calvo
2549 2765 2682 2820 rege
2713 2747 2985 2802 admissae
3036 2746 3368 2801 rebellionis
3416 2747 3602 2814 venia,
3639 2765 3772 2803 con.

2127 2837 2361 2893 ciliante
2394 2843 2527 2908 pote
2559 2835 2934 2907 potissimum
2966 2851 3168 2890 eorum
3202 2839 3364 2905 patre
3415 2835 3770 2901 Eberhardo,

2127 2927 2226 2997 qui
2252 2927 2402 2980 inter
2432 2926 2698 2995 ejusdem
2732 2924 2894 2996 pacis
2925 2927 3104 2978 testes
3127 2926 3362 2978 notatur
3383 2923 3536 2995 apud
3566 2925 3771 2980 Eccar-

2126 3015 2264 3069 dum
2297 3015 2516 3084 (Franc.
2555 3018 2654 3070 0r.
2681 3019 2722 3068 t.
2757 3013 2824 3079 II,
2858 3029 2914 3084 p.
2964 3013 3067 3066 476
3097 3028 3220 3084 seq.

2195 3105 2221 3170 ἓ
2253 3103 2375 3156 XII.
2411 3101 2600 3157 Altero
2634 3101 2814 3173 igitur
2845 3101 3114 3166 fratrum,
3145 3101 3416 3171 quisquis
3447 3100 3544 3156 ille
3574 3102 3767 3165 fuerit,

367 3187 582 3252 niente,
630 3188 856 3243 deserto
897 3189 1117 3258 Carolo,
1167 3190 1236 3245 ad
1272 3191 1466 3262 ipsum
1515 3192 1896 3260 transierunt,
1932 3193 2018 3258 uti
2047 3171 2088 3238 C
2129 3194 2278 3247 facta
2303 3207 2443 3263 pace
2474 3191 2532 3245 in
2566 3190 2812 3262 patriam
2864 3205 3108 3255 reverso,
3139 3189 3300 3244 solus
3330 3189 3388 3243 in
3426 3188 3766 3244 Alemannis

369 3275 442 3330 ad
483 3277 750 3331 eumdem
802 3295 1022 3332 annum
1081 3279 1340 3334 referunt
1389 3279 1642 3336 Annales
1676 3280 2011 3336 Fuldenses.

375 3362 725 3420 Conveniunt
777 3365 900 3420 haec
960 3366 1053 3431 iis,
1109 3385 1236 3438 quae
1286 3368 1460 3424 habet
1500 3369 1845 3438 Cbronicon,
1877 3370 1938 3437 (1.
1975 3388 2012 3438 ι,

384 3466 441 3505 n.
474 3452 550 3521 3,)
578 3455 804 3509 venisse
835 3470 968 3509 cum
1003 3455 1120 3510 illis
1152 3457 1307 3510 viros
1339 3457 1762 3524 nobilissimos,
1799 3460 2015 3530 quibus

374 3538 483 3611 ipsi
513 3543 725 3612 praedia
757 3545 828 3598 ab
859 3546 1135 3600 avunculo
1164 3562 1270 3602 suo
1303 3546 1360 3601 in
1393 3546 1738 3602 Alemannis
1779 3548 1888 3602 sibi
1913 3549 2016 3604 do-

369 3633 505 3684 nata
536 3630 754 3685 fuerint
785 3631 1034 3704 elargiti.
1059 3633 1427 3689 Avunculum
1447 3634 1602 3689 hunc
1635 3636 1816 3690 alium
1857 3636 2012 3692 haud

363 3716 548 3773 fuisse
580 3735 759 3789 quam
794 3721 1151 3777 Ludovicum
1175 3722 1609 3792 Germanicum,
1634 3725 1726 3778 cui
1750 3725 2016 3780 Aleman-

362 3807 463 3861 nis
494 3809 760 3878 parebat,
783 3811 909 3880 jam
941 3811 998 3864 in
1033 3811 1433 3883 superioribus
1473 3814 1868 3884 probavimus.

434 3897 574 3960 Quae
625 3913 758 3954 vero
792 3897 1096 3970 hucusque
1141 3900 1419 3967 diximus,
1467 3902 1798 3956 conﬁrmari
1851 3919 1918 3956 ex
1949 3919 2014 3957 eo

363 4000 601 4055 quoque
633 3984 926 4055 videntur,
963 3989 1114 4059 quod
1137 3989 1309 4058 juxta
1336 3989 1574 4044 eosdem
1603 3990 1856 4045 Annales
1880 3989 2013 4044 Ful-

364 4073 582 4128 denses
613 4090 686 4128 an
710 4075 1222 4140 858,Eberbardus
1241 4093 1454 4144 comes,
1473 4078 1627 4132 haud
1653 4079 1826 4133 dubie
1859 4079 2011 4135 279

363 4161 810 4232 Forojuliensis,
839 4179 1251 4235 germanorum
1272 4166 1483 4222 horum
1539 4167 1804 4222 exsulum
1831 4173 2012 4239 pater,

361 4250 584 4306 missus
635 4251 908 4307 Ludovici
946 4255 992 4307 II
1025 4253 1166 4326 imp.
1200 4271 1268 4308 ex
1319 4254 1481 4310 Italia
1530 4256 1602 4310 ad
1656 4256 2011 4312 Ludovicum

361 4340 778 4396 Germanicum
805 4341 1032 4396 Ulmam
1065 4343 1134 4396 ad
1179 4342 1536 4414 colloquium
1575 4345 1813 4399 venerit.
1851 4345 2013 4400 Unde

358 4427 472 4484 alia
500 4429 677 4484 nobis
708 4430 1044 4501 conjectura
1092 4433 1372 4498 nascitur,
1407 4432 1806 4488 Eberhardum
1852 4434 2009 4489 hunc

2126 3279 2431 3335 Udalricus
2454 3277 2754 3344 remansit,
2777 3277 3179 3347 omniumjam
3206 3277 3440 3348 utrique
3455 3293 3755 3349 germano-

2126 3386 2254 3423 rum
2316 3369 2469 3424 280
2515 3373 2686 3422 antea
2740 3369 2811 3422 ab
2843 3366 3130 3422 avunculo
3162 3367 3512 3421 donatorum
3553 3366 3610 3420 in
3638 3367 3767 3420 Ale-

2126 3459 2362 3513 mannis
2392 3458 2742 3528 praediorum
2767 3472 3089 3527 possessor.
3121 3453 3479 3525 Saltemjam
3513 3471 3608 3510 an.
3639 3456 3764 3517 867,

2124 3563 2226 3601 ceu
2277 3551 2537 3617 tempore
2593 3545 2912 3600 narrationi
2960 3544 3096 3599 huic
3127 3561 3405 3615 congruo,
3462 3543 3771 3600 Udalricus

2126 3635 2393 3690 Ludovici
2427 3634 2753 3690 Germanici
2779 3651 2959 3704 nepos
2992 3638 3047 3688 et
3076 3634 3282 3688 Comes
3315 3633 3372 3687 in
3405 3639 3768 3704 Argengewc

2123 3724 2395 3789 occurrit,
2429 3741 2495 3778 ac
2544 3724 2688 3778 forte
2747 3723 2921 3776 etiam
2998 3720 3058 3774 in
3125 3721 3400 3790 Linzgove
3450 3721 3763 3791 (Hsaoor'r,

2122 3817 2164 3866 t.
2195 3813 2262 3866 Il.
2301 3830 2355 3883 p.
2390 3813 2479 3882 48)
2523 3827 2676 3866 anno
2707 3811 2832 3874 879,
2866 3809 2962 3862 881
2999 3813 3055 3863 et
3093 3809 3218 3861 902.
3243 3810 3343 3873 Ac,
3379 3810 3441 3861 ut
3497 3824 3674 3878 supra
3707 3809 3762 3860 in

2124 3900 2460 3972 praefatione
2501 3915 2568 3952 ex
2594 3896 2860 3952 Tenzelio
2903 3895 3360 3960 observavimus,
3395 3894 3547 3949 idem
3580 3894 3764 3963 facile,

2123 3989 2214 4042 cui
2245 3986 2583 4057 Arnulphus
2616 3986 2757 4055 imp.
2791 3987 3010 4038 curtem
3044 3981 3476 4038 Lustenowain
3509 3982 3766 4054 proprie-

2120 4081 2298 4131 tatem
2318 4075 2498 4140 dedit,
2524 4079 2588 4128 ut
2610 4077 2840 4129 constat
2859 4089 2924 4126 ex
2937 4071 3139 4127 charta
3163 4089 3236 4126 an
3263 4072 3357 4126 891
3389 4071 3695 4143 (HsaGo'rr,
3724 4073 3764 4126 Ι.

2122 4183 2196 4228 c.,
2229 4181 2284 4236 p.
2318 4165 2431 4232 57,)
2475 4180 2602 4233 quae
2643 4161 2871 4234 integra
2918 4161 3094 4216 etiam
3143 4161 3358 4232 legitur
3401 4163 3460 4216 in
3504 4161 3764 4216 Scbardii

2122 4253 2505 4325 scriptoribus
2528 4255 2591 4322 (t.
2629 4253 2670 4318 Ι,
2707 4267 2760 4322 p.
2794 4251 2941 4321 534).
2977 4250 3067 4304 Nil
3101 4253 3295 4306 tamen
3333 4251 3470 4306 certi
3523 4250 3616 4305 hic
3647 4256 3765 4306 sta-

2120 4346 2282 4398 tuere
2327 4341 2476 4406 licet,
2533 4356 2665 4395 cum
2726 4343 2811 4395 tot
2867 4338 3137 4404 Udalrici,
3194 4339 3252 4394 in
3288 4339 3531 4395 diversis
3560 4339 3766 4395 vicinis

2120 4430 2476 4485 Alemannize
2536 4428 2723 4500 pagis,
2777 4427 3031 4482 maxime
3064 4426 3122 4481 in
3169 4427 3550 4498 Argengovia,
3603 4426 3763 4482 Linz-

359 4516 603 4587 perinde
628 4518 974 4590 acconjugis
998 4535 1117 4574 suae
1140 4536 1398 4575 sororem
1422 4520 1832 4593 Ilildegardem
1850 4523 2012 4593 prius
2043 4536 2089 4599 ι)
2119 4519 2307 4591 govia,
2341 4517 2630 4588 Turgovia
2682 4532 2748 4571 ac
2784 4516 2918 4571 dein
2960 4513 3240 4586 Brigantii
3283 4530 3515 4585 quoque
3564 4531 3763 4570 occur-

359 4621 392 4660 s
426 4605 701 4677 partibus
750 4605 1004 4662 Lotharii
1037 4607 1178 4679 imp.
1229 4608 1484 4674 stetisse,
1535 4625 1600 4664 ac
1643 4615 1947 4681 propterea
1977 4629 2011 4666 a

357 4693 558 4749 Carolo
590 4693 762 4750 Calvo
784 4695 1111 4751 ditionibus
1142 4696 1198 4750 in
1232 4713 1410 4768 regno
1440 4698 1568 4767 ejus
1599 4698 1726 4753 sitis
1765 4704 2006 4755 exutum

359 4781 416 4836 in
448 4782 682 4838 Italiam
726 4783 796 4838 ad
841 4783 1176 4840 Lotharium
1209 4785 1585 4850 concessisse,
1628 4803 1661 4840 a
1691 4803 1826 4858 quo,
1887 4788 2005 4842 sive

356 4870 482 4940 ejus
515 4871 661 4938 filio,
687 4871 968 4928 Ludovico
990 4873 1036 4927 II
1064 4873 1230 4944 imp.,
1259 4872 1675 4944 Forojuliensis
1693 4875 1810 4929 dux
1833 4876 2007 4930 fuerit

357 4959 751 5028 constitutus;
784 4976 963 5032 quam
994 4962 1178 5033 patris
1193 4961 1285 5017 sui
1303 4961 1706 5034 spoliationem
1731 4965 1872 5019 dum
1895 4963 2005 5018 ini-

358 5063 466 5117 que
497 5048 722 5103 ferrent
750 5049 865 5105 duo
898 5051 1026 5120 ejus
1061 5049 1186 5118 ﬁlii,
1221 5065 1354 5105 cum
1379 5049 1509 5106 aliis
1539 5052 1878 5122 proceribus
1910 5053 2008 5107 ad-

356 5149 560 5191 versus
621 5136 895 5193 Carolum
955 5137 1304 5193 rebellantes
1348 5139 1632 5195 Ludovico
1663 5140 2004 5197 Germanico

357 5225 642 5281 avunculo
674 5242 738 5282 se
768 5225 1138 5282 tradiderint.
1175 5227 1309 5290 Qua
1342 5231 1546 5298 postea
1584 5233 1916 5300 sequuntur
1946 5230 2004 5283 in

355 5311 640 5370 Chronico
661 5315 732 5370 de
776 5315 970 5370 furore
988 5314 1284 5370 Gallorum
1314 5316 1512 5370 sedato
1535 5316 1782 5388 istisque
1815 5318 2005 5372 fratri-

355 5400 463 5456 bus
487 5402 545 5456 in
579 5404 834 5474 patriam
869 5403 1170 5470 revocatis,
1204 5403 1275 5458 sd
1318 5421 1541 5457 annum
1571 5406 1676 5458 850
1706 5406 2007 5461 referenda

353 5503 817 5562 censemus,quo
837 5492 990 5562 apud
1021 5481 1388 5546 Conﬂuentes
1410 5507 1549 5562 pace
1571 5491 2005 5549 interCarolum

353 5582 408 5632 et
435 5579 781 5649 praedictum
835 5580 1185 5640 Ludovicum
1225 5579 1456 5634 firmata
1502 5579 1741 5636 Carolus
1798 5581 2007 5637 Calvus

2121 4612 2332 4675 rentes,
2365 4606 2611 4662 dubium
2647 4621 2878 4677 semper
2905 4603 3122 4658 faciant
3151 4619 3291 4657 num
3324 4601 3501 4656 iidem
3526 4603 3762 4659 fuerint.

2119 4715 2192 4752 an
2218 4713 2349 4751 vero
2381 4694 2619 4761 diversi,
2650 4693 2853 4749 eodem
2888 4691 3147 4758 nomine,
3179 4695 3242 4745 ut
3277 4691 3400 4745 fieri
3432 4689 3676 4758 solebat,
3705 4691 3761 4746 in

2117 4786 2264 4841 alias
2303 4799 2534 4856 quoque
2568 4780 2824 4836 familias
2857 4797 2958 4851 per
2999 4778 3376 4834 matrimonia
3425 4786 3761 4852 propagato.

2185 4876 2212 4940 §
2240 4873 2387 4927 XIII.
2413 4870 2766 4926 Hisinterim
2794 4868 3162 4923 eruditorum
3181 4867 3436 4922 examini
3461 4869 3762 4940 subjectis,

2113 4961 2215 5017 illa
2244 4961 2416 5016 modo
2448 4959 2769 5029 expendere
2785 4959 2953 5028 juvat
2982 4974 3132 5029 qua,
3167 4959 3238 5012 de
3268 4957 3378 5012 hac
3402 4957 3762 5030 Brigantiae-

2116 5067 2246 5106 rum
2281 5051 2562 5105 comitum
2596 5046 2958 5119 genealogis,
2992 5047 3244 5119 porroin
3267 5047 3550 5102 Chronico
3570 5051 3764 5101 nostro

2113 5140 2404 5195 habentur
2425 5136 3001 5209 prioribusapprime
3032 5141 3438 5192 consentanea.
3465 5135 3547 5188 Ita
3567 5137 3761 5188 autem

2115 5229 2152 5283 l.
2189 5230 2228 5283 I.
2248 5245 2303 5281 ιι.
2322 5227 2392 5280 36
2413 5225 2614 5280 habet:
2637 5248 2662 5274 ‹‹
2685 5225 2821 5280 Erat
2841 5225 3080 5296 quidam
3107 5239 3323 5291 comes,
3348 5221 3580 5276 nomine
3601 5219 3758 5274 Adil-

2116 5316 2402 5371 bardus...
2437 5315 2587 5369 beati
2619 5313 2724 5368 viri
2749 5313 3074 5368 Gebebardi
3095 5313 3263 5382 juxta
3291 5307 3481 5364 carnis
3519 5325 3763 5363 consan-

2113 5403 2460 5475 guinitatem
2493 5401 2881 5473 pr0pinquus,
2913 5413 3284 5470 nequaquam
3320 5400 3514 5450 tamen
3550 5395 3758 5451 Suevi-

2115 5509 2283 5563 gena,
2309 5492 2407 5546 sed
2442 5491 2715 5544 habitans
2749 5490 2803 5542 in
2838 5493 2992 5542 terra
3023 5486 3362 5556 longinqua,
3404 5485 3494 5539 cui
3526 5486 3661 5555 jure
3701 5485 3756 5539 in

2117 5580 2512 5635 haereditatem
2540 5582 2835 5634 cesserant
2857 5571 3068 5645 magna
3089 5577 3148 5628 et
3164 5573 3347 5627 multa
3370 5574 3582 5645 praedia
3604 5574 3660 5628 in
3695 5573 3759 5628 ll—
