4108 6192
336 284 456 350 287

1036 281 1432 350 APPENDIX‘
1475 285 1578 348 AD
1624 282 2086 348 CHBONICON'
2120 281 2538 346 HERMANNI
2583 281 3050 349 CONTRACTI.

3633 277 3752 345 288

334 423 550 495 rigove,
583 442 610 471 »
642 437 744 478 seu
775 419 968 493 potius
990 419 1267 493 Ilargove,
1287 438 1355 477 ex
1372 419 1588 493 quibus
1619 418 1977 490 Brigantinis
2007 424 2061 487 Α
2089 417 2270 473 chorn
2301 418 2481 484 dedit,
2517 419 2662 474 forte
2692 426 2748 475 et
2777 419 2980 489 filiam,
3025 421 3276 477 matrem
3315 418 3521 490 postea
3565 413 3748 489 hujus

338 511 604 586 cognatis
616 510 739 568 suis
751 510 1102 582 praediumin
1123 509 1768 566 Steinbach.Gebhardo
1783 512 1978 562 autem

337 602 608 674 episcopo
628 602 813 670 nepoti
821 599 1044 655 suoalia
1067 599 1232 670 plura
1249 597 1569 653 tradiderit.
1590 595 1982 660 Quisverohie

335 690 711 756 Adilhardus,
728 687 1181 754 seuAdalai-dus,
1205 686 1676 758 Brigantinorum
1703 685 1982 740 comitum

337 795 519 850 nepos
540 794 641 834 seu
659 775 1174 848 consanguineus?
1196 776 1394 846 Neque
1417 775 1573 830 enim
1597 775 1666 830 de
1685 773 1984 846 superiore

335 867 624 923 Adalardo
656 865 972 921 Eberhardi
1001 865 1120 919 filio
1143 880 1334 919 sermo
1367 863 1458 918 hic
1489 880 1617 918 esse
1649 867 1857 935 potest,
1891 867 1981 918 ut-

335 961 470 1029 pote
499 957 723 1026 integro
755 954 967 1009 seculo
1001 954 1308 1007 anteriore.
1333 953 1498 1008 Hunc
1531 953 1983 1025 deprehendisse

336 1045 506 1100 nobis
537 1044 807 1098 videntur
838 1042 897 1096 in
927 1041 1273 1097 Ekkehardo
1293 1041 1533 1096 Juniore
1557 1042 1626 1096 de
1650 1040 1894 1096 Casibus
1923 1045 1978 1094 S.

335 1132 503 1198 Galli,
527 1148 653 1202 cap.
690 1131 756 1184 lO
788 1130 1088 1200 (Gonnas'r.
1122 1132 1319 1200 Script.
1354 1134 1394 1183 t.
1433 1131 1471 1194 Ι,
1508 1147 1563 1200 p.
1606 1130 1693 1199 42)
1728 1129 1806 1183 ita
1839 1128 1978 1184 scri-

335 1221 507 1276 bente
542 1239 553 1275 :
580 1240 608 1269 ‹‹
638 1219 983 1274 Vodalricus
1011 1219 1248 1290 quidam
1282 1235 1476 1272 comes
1519 1219 1588 1271 de
1621 1217 1802 1271 Caroli
1849 1233 1980 1288 pro-

333 1309 497 1381 sapia
527 1307 1002 1379 Wendilgardam
1038 1306 1266 1361 Henrici
1300 1306 1452 1377 regis
1491 1307 1560 1361 de
1593 1305 1714 1360 ﬁlia
1757 1306 1980 1377 neptim

331 1414 570 1453 uxorem
599 1396 912 1466 accipiens,
935 1394 1340 1458 Adalhartum,
1361 1395 1462 1465 qui
1484 1393 1646 1448 Gallo
1671 1394 1979 1449 Altstetten

332 1489 466 1557 post
494 1483 754 1550 tradidit,
789 1485 859 1538 de
890 1500 956 1538 ea
978 1489 1034 1537 et
1055 1483 1236 1538 filiam
1263 1483 1604 1554 procreavit.
1639 1483 1742 1538 Hic
1776 1483 1978 1537 nuntio

332 1572 766 1639 Buochorn,ubi
792 1572 1094 1641 habitavit,
1118 1572 1654 1644 accepto,Hungros
1678 1571 1976 1638 Noricum,

331 1663 430 1718 ubi
453 1662 668 1734 praedia
690 1661 739 1716 ei
768 1665 950 1728 erant,
979 1661 1220 1728 irruerc,
1243 1661 1443 1716 hostes
1465 1677 1597 1715 cum
1616 1660 1843 1716 caeteris
1876 1677 1974 1732 ag-

331 1767 593 1825 gressus,
614 1750 801 1806 victus
823 1750 1135 1821 capitur,et
1152 1749 1207 1802 in
1228 1749 1585 1821 Hungariam
1607 1749 1868 1821 captivus
1892 1765 1977 1804 as-

331 1844 616 1911 portatur.
643 1858 670 1887 »
705 1838 900 1893 Refert
920 1837 1051 1892 dein
1073 1837 1428 1902 Udalricum,
1453 1842 1851 1909 postquatuor
1871 1855 1975 1892 an-

329 1945 436 1984 nos
467 1927 796 1998 captivitate
819 1926 1113 1994 reducem,
1139 1925 1388 1981 alterum
1421 1926 1612 1980 adhuc
1642 1926 1829 1980 ﬁlium
1853 1942 1978 1997 pro-

329 2033 561 2072 creasse
582 2015 874 2070 Burchard
886 2032 1006 2079 um,
1023 2019 1405 2086 cognomento
1431 2017 1451 2069 Ι
1459 2013 1784 2086 ngenitum,
1801 2030 1975 2086 quem

329 2105 462 2161 Otto
495 2105 704 2176 Iimp.,
735 2121 836 2159 ceu
870 2108 1139 2175 nepotem
1172 2120 1345 2158 suum
1371 2104 1524 2158 circa
1553 2121 1624 2158 an
1657 2103 1764 2158 959
1793 2103 1974 2158 abba-

328 2193 423 2250 tiae
454 2195 512 2249 S.
537 2192 685 2248 Galli
707 2191 1189 2261 adhucjuvenem
1227 2191 1563 2262 prmfecerit.
1590 2193 1671 2246 Ex
1689 2191 1976 2261 Hepidan-

329 2283 390 2337 ni
411 2281 736 2336 Annalibus
755 2281 899 2334 281
921 2280 991 2334 ad
1014 2297 1108 2334 an.
1135 2280 1258 2344 9l3,
1275 2284 1332 2333 et
1354 2280 1638 2351 excerptis
1659 2279 1973 2335 Annalium

327 2370 684 2425 Francorum
729 2368 918 2439 (supra
962 2384 1093 2439 pag.
1147 2369 1266 2438 109)
1303 2367 1610 2423 Udalricus
1645 2383 1840 2423 comes
1871 2367 1971 2423 illo

327 2473 481 2512 anno
504 2473 637 2512 cum
660 2455 1026 2528 Erchangero
1049 2460 1104 2511 et
1135 2455 1464 2522 Bertholdo,
1492 2456 1591 2528 qui
1617 2455 1970 2512 Alemannize

325 2545 606 2600 ducatum
637 2544 989 2609 invaserant,
1017 2544 1323 2616 Hungaros
1352 2545 1423 2600 ad
1458 2545 1682 2602 OEnum
1726 2545 1968 2600 ﬂuvium

324 2633 674 2706 proﬂigavit,
726 2637 859 2704 post
906 2632 1140 2704 aliquod
1172 2637 1403 2705 tempus
1433 2637 1626 2689 tamen
1667 2633 1819 2688 circa
1871 2651 1966 2688 an.

321 2722 430 2778 915
458 2723 512 2776 in
544 2722 726 2778 altera
742 2721 1183 2793 expeditionein
1215 2723 1611 2794 captivitatem
1635 2723 1706 2778 ab
1731 2721 1966 2777 illisab-

321 2815 596 2868 etractus.
629 2811 760 2866 Vid.
794 2809 982 2866 Calles
1012 2810 1217 2865 Annal.
1254 2809 1470 2866 Eccles.
1496 2811 1688 2866 Germ.
1725 2829 1763 2867 ι.
1799 2812 1872 2865 IV
1893 2812 1964 2865 ad

322 2916 543 2955 annum
571 2898 680 2954 917
704 2899 898 2965 et920,
934 2903 990 2953 et
1013 2899 1254 2954 Crusius
1295 2899 1502 2954 Annal.
1536 2917 1591 2971 p.
1627 2917 1685 2967 II,
1721 2900 1758 2955 l.
1797 2918 1878 2965 III,
1913 2916 1962 2954 c.

320 2989 374 3042 8.
392 2987 529 3041 Inde
546 3002 680 3040 vero
701 2991 1095 3057 postquatuor
1107 3005 1292 3043 annos
1309 2988 1593 3044 liberatus
1617 2989 1859 3043 domum
1883 3005 1966 3043 re-

321 3075 447 3144 diit,
471 3075 699 3130 vivente
739 3075 932 3130 adhuc
963 3075 1275 3132 Salomone
1307 3079 1381 3132 IlI
1415 3078 1688 3149 episcopo
1737 3080 1808 3132 ad
1851 3079 1964 3132 ini-

2091 505 2362 576 Udalrici,
2387 524 2420 561 a
2442 523 2557 578 qua
2577 513 2634 562 et
2655 524 2866 563 nomen
2896 513 2952 564 et
2984 508 3316 581 prosapiam
3339 504 3528 564 Caroli
3548 503 3746 578 Magni

2092 594 2372 650 hauserit.
2401 595 2607 652 Lusius
2631 596 2710 652 De
2742 598 2974 668 migrat.
3001 603 3158 670 gent.
3193 615 3250 670 p.
3284 596 3390 652 559
3421 594 3590 651 illum
3613 611 3747 650 cum

2092 684 2267 739 fratre
2311 683 2619 740 Adelberto
2669 686 3030 742 conditorem
3063 686 3239 743 castri
3271 685 3579 741 Buochorn
3611 682 3752 740 dicit

2091 775 2352 844 tempore
2384 773 2570 828 Caroli
2592 774 2808 846 Magni,
2835 776 2944 830 sub
2969 792 3084 847 quo
3109 774 3364 846 acceptis
3386 773 3545 845 agris
3569 772 3627 827 in
3645 776 3754 828 No-

2093 861 2208 918 rico
2231 863 2301 918 ab
2325 863 2551 918 Hunnis
2573 869 2781 936 captus
2805 864 2878 919 sit
2906 881 2918 931 ;
2953 869 3009 919 et
3029 869 3227 919 tamen
3250 861 3743 935 Wendelgardem

2093 952 2221 1021 ejus
2252 953 2562 1023 conjugem
2596 955 2728 1024 post
2757 951 3056 1025 integrum
3088 951 3366 1007 saeculum
3410 968 3504 1006 an.
3528 951 3635 1005 916
3665 967 3748 1006 re-

2091 1040 2316 1095 clusam
2349 1041 2502 1112 apud
2533 1041 2592 1096 S.
2629 1040 2861 1096 Gallum
2896 1040 3045 1095 fuise
3079 1039 3302 1095 scribit.
3337 1039 3446 1094 Ubi
3477 1055 3611 1094 vero
3650 1055 3748 1094 no-

2092 1130 2337 1184 tandum
2369 1133 2459 1183 est
2490 1129 2674 1184 Caroli
2703 1130 2898 1201 Magni
2925 1146 3136 1184 nomen
3157 1128 3357 1183 Carolo
3377 1132 3583 1183 Crasso
3600 1145 3745 1200 quo-

2091 1233 2204 1288 que
2237 1217 2485 1272 subinde
2518 1234 2551 1272 a
2582 1217 2970 1288 scriptoribus
3001 1233 3130 1272 esse
3150 1217 3458 1283 tributum,
3491 1231 3558 1272 eo
3585 1217 3740 1288 quod

2091 1306 2175 1360 uti
2206 1306 2365 1378 prior
2396 1311 2580 1361 totam
2631 1305 3032 1361 monarchiam
3079 1304 3414 1360 Francicam
3464 1321 3581 1359 una
3609 1321 3744 1360 cum

2089 1394 2336 1465 imperio
2352 1394 2514 1450 solus
2546 1395 2827 1461 tenuerit;
2854 1394 3008 1466 quod
3035 1394 3241 1465 probat
3257 1392 3556 1448 Mabillon.
3589 1392 3746 1449 Dere

2089 1481 2331 1552 diplom.
2366 1483 2405 1538 1.
2439 1500 2494 1549 ν,
2533 1499 2587 1554 ρ.
2623 1483 2748 1538 408.
2795 1483 2916 1546 Quo
2965 1499 3144 1537 sensu
3175 1487 3232 1537 et
3266 1481 3470 1538 Lazius
3501 1481 3540 1536 l.
3575 1498 3625 1538 c.
3660 1481 3746 1538 in-

2088 1571 2270 1644 telligi
2296 1572 2488 1637 debet,
2512 1572 2782 1643 quamvis
2811 1571 2900 1627 vel
2931 1571 3016 1627 sic
3043 1587 3205 1626 error
3222 1570 3450 1640 subsit;
3484 1570 3740 1627 Udalrici

2087 1660 2392 1731 captivitas
2404 1661 2560 1716 enim
2579 1676 2692 1715 non
2720 1660 2828 1716 sub
2851 1659 3055 1715 Carolo
3083 1659 3314 1728 Crasso,
3339 1661 3440 1716 sed
3463 1661 3573 1715 sub
3593 1659 3740 1715 Con-

2087 1749 2224 1804 rado
2258 1749 2277 1803 I
2308 1749 2571 1821 contigit.
2611 1752 2672 1802 In
2704 1765 2770 1803 eo
2801 1748 2991 1819 ;etiam
3041 1747 3265 1802 fallitur
3304 1748 3459 1819 quod
3510 1747 3743 1804 Henrici

2085 1837 2346 1908 Aucupis
2377 1836 2558 1891 filiam
2611 1836 3054 1909 Wendelgardae
3105 1840 3354 1891 matrem
3403 1835 3745 1909 Hedwigem

2085 1925 2402 1980 Burchardi
2441 1925 2798 1980 Alemannis:
2832 1924 2998 1980 ducis
3033 1927 3346 1997 conjugem
3397 1924 3573 1990 dicat,
3609 1941 3736 1997 quae

2085 2019 2282 2069 tamen
2314 2013 2579 2084 improlis
2610 2013 2885 2079 decessit,
2916 2030 3021 2069 nec
3053 2013 3282 2068 Henrici
3314 2013 3574 2085 Aucupis
3597 2013 3738 2084 ﬁlia,

2084 2103 2184 2158 sed
2215 2103 2343 2173 ejus
2383 2119 2451 2158 ex
2483 2102 2600 2157 ﬁlio
2632 2103 2877 2158 Henrico
2899 2103 3150 2158 Bavariae
3181 2103 3329 2157 duce
3378 2101 3569 2174 neptis
3601 2103 3737 2171 fuit,

2083 2193 2254 2260 cujus
2280 2190 2496 2261 pariter
2526 2207 2706 2261 nepos
2730 2190 2946 2245 dicitur
2966 2191 3020 2244 S.
3055 2190 3402 2246 Gebhardus
3432 2188 3585 2244 infra
3615 2190 3654 2244 l.
3692 2209 3734 2257 ι,

2082 2297 2119 2333 n
2149 2279 2238 2334 39.
2275 2277 2713 2350 Wendelgardae
2746 2284 2995 2334 matrem
3027 2279 3186 2334 haud
3239 2279 3506 2335 nominat
3554 2279 3741 2335 Ekke-

2081 2366 2326 2430 bardus,
2353 2368 2452 2423 sed
2477 2367 2660 2422 ﬁliam
2691 2371 2921 2422 tantum
2949 2367 3091 2423 dicit
3112 2367 3344 2423 Henrici
3374 2367 3548 2440 regis,
3585 2365 3741 2423 scili-

2079 2459 2168 2511 cet
2188 2457 2468 2528 Aucupis,
2495 2455 2659 2525 illam
2690 2461 2884 2512 tamen
2907 2457 3251 2529 Hedwigem
3269 2473 3374 2512 seu
3397 2456 3736 2530 Hatwigem

2079 2550 2241 2600 vocat
2281 2546 2524 2602 Crusius
2555 2544 2785 2617 (Annal,
2819 2563 2875 2617 p.
2909 2563 2972 2612 ιι,
3004 2544 3042 2598 l.
3078 2563 3162 2613 n1,
3199 2561 3247 2601 c.
3281 2545 3334 2614 8,
3360 2545 3449 2612 42,
3497 2549 3556 2600 et
3585 2543 3622 2600 l.
3657 2562 3739 2613 ιν,

2075 2651 2123 2688 c.
2152 2634 2206 2702 3,
2237 2634 2292 2705 9)
2328 2633 2568 2705 aliique,
2612 2633 2903 2704 quamvis
2949 2633 3187 2690 aliunde
3218 2638 3444 2690 certum
3487 2633 3566 2689 sit
3608 2650 3742 2689 eam

2077 2721 2340 2795 Hugonis
2371 2722 2569 2795 magni
2594 2722 2844 2777 Francize
2871 2722 3038 2777 ducis
3056 2739 3318 2790 uxorem,
3348 2723 3610 2796 Hugonis
3629 2739 3739 2778 au-

2077 2815 2195 2866 tem
2244 2810 2439 2882 Capeti
2472 2811 2624 2883 regis
2649 2815 2900 2866 matrem
2931 2810 3223 2868 existisse.

2147 2900 2346 2969 282§
2377 2900 2521 2954 XIV.
2548 2902 2903 2971 Quocunque
2931 2917 3066 2957 vero
3098 2901 3334 2956 nomine
3354 2900 3596 2971 venerit,
3614 2900 3740 2958 ﬁlia

2072 2993 2227 3044 certe
2258 2989 2366 3043 fuit
2391 2989 2623 3044 Henrici
2655 2990 2934 3061 Aucupis,
2958 2989 3126 3059 cujus
3149 2994 3338 3046 mater
3357 2994 3482 3046 erat
3497 2990 3738 3047 Hedwi-

2072 3076 2162 3148 gis
2192 3093 2294 3132 seu
2318 3077 2604 3148 Hatwigis
2633 3082 2816 3148 nupta
2843 3077 3269 3134 Ottoniillustri
3293 3079 3552 3136 Saxoniaa
3574 3080 3733 3136 duci.

319 3164 470 3221 tium
502 3164 640 3219 anni
660 3164 767 3218 920
783 3163 1092 3231 defuncto;
1129 3166 1228 3237 qui
1253 3166 1304 3220 ei
1326 3166 1802 3238 Wendelgartam
1831 3183 1963 3222 con-
1995 3167 2038 3233 C
2079 3167 2205 3220 Haec
2237 3169 2433 3221 autem
2465 3165 2586 3219 ﬁlia
2615 3171 2739 3221 erat
2757 3183 2933 3237 supra
2954 3167 3259 3223 memorati
3285 3167 3602 3223 Eberhardi
3623 3167 3736 3223 Fo-

307 3255 536 3325 jugem,
570 3256 792 3308 interea
832 3251 1102 3320 velatam,
1138 3254 1394 3308 reddidit
1435 3256 1492 3308 in
1530 3255 1962 3311 Constantiensi

317 3341 538 3413 synodo
569 3342 797 3412 (Concil.
838 3345 1020 3396 Germ.
1057 3347 1096 3396 t.
1131 3343 1199 3410 ΙΙ,
1233 3361 1287 3414 ρ.
1323 3345 1449 3414 591)
1482 3343 1638 3398 circa
1681 3361 1774 3398 an.
1837 3344 1960 3400 919.

318 3429 422 3484 Hic
443 3445 612 3500 porro
635 3427 939 3484 Udalricus
961 3447 994 3485 a
1020 3431 1364 3502 cognomine
1393 3432 1730 3503 Brigantino
1753 3433 1964 3488 comite

316 3517 489 3588 plane
520 3516 788 3572 diversus
807 3521 916 3585 est,
941 3519 1022 3572 uti
1056 3523 1114 3574 et
1137 3524 1468 3592 temporum
1492 3521 1636 3577 ratio
1661 3525 1719 3577 et
1749 3522 1963 3577 diversi

317 3606 622 3678 utriusque
642 3605 746 3660 filii
768 3607 1192 3664 demonstrant.
1204 3609 1384 3664 Filius
1400 3615 1595 3665 autem
1621 3609 1800 3665 fuisse
1814 3611 1942 3665 vide
1954 3641 1967 3653 ο

313 3699 413 3751 tur
442 3695 618 3751 unius
649 3711 718 3750 ex
740 3694 858 3751 illis
876 3695 1028 3751 veris
1061 3695 1467 3766 nobilissimis,
1495 3697 1596 3769 qui
1615 3702 1761 3753 teste
1792 3699 1965 3754 chro-

315 3782 446 3839 nico
478 3789 679 3840 nostro
713 3801 846 3840 cum
871 3785 1211 3856 Brigantino
1234 3786 1290 3839 in
1307 3784 1712 3841 Alemanniam
1736 3786 1965 3858 profugi

312 3877 615 3941 venerunt,
649 3873 864 3945 quibus
893 3873 1019 3945 ipse
1052 3874 1206 3928 dona
1237 3873 1482 3947 largitus
1512 3879 1622 3940 est,
1673 3891 1738 3930 ac
1787 3874 1963 3930 etiam

314 3961 701 4034 perconjugia
722 3962 1005 4018 afﬁnitate
1027 3963 1397 4034 conjunctus,
1413 3979 1662 4034 quorum
1686 3965 1788 4018 uni
1813 3965 1962 4019 Buo-

2073 3253 2412 3325 rojuliensis
2441 3253 2608 3309 ducis
2649 3271 2716 3309 ex
2735 3253 2928 3311 Gisela
2962 3255 3228 3312 Ludovici
3271 3257 3352 3328 pii
3385 3255 3542 3325 lilia;
3577 3257 3736 3314 unde

2073 3347 2129 3399 et
2158 3342 2276 3398 filio
2326 3343 2455 3414 ejus
2506 3342 2772 3412 Henrico,
2818 3343 3261 3417 Carolingorum
3319 3349 3630 3401 stemmate
3670 3344 3732 3401 in

2067 3431 2379 3488 Germania
2407 3431 2717 3500 exstincto,
2751 3433 2844 3501 ius
2889 3433 3187 3504 quoddam
3221 3433 3280 3489 in
3314 3433 3424 3489 hoc
3475 3450 3726 3507 regnum

2075 3525 2361 3576 annatum
2403 3524 2509 3576 est.
2562 3520 2626 3575 In
2656 3523 3008 3577 testamento
3045 3522 3232 3580 Patris
3281 3522 3372 3579 sui
3402 3522 3726 3579 Eberhardi

2073 3608 2341 3666 Helwick
2371 3612 2628 3676 vocatur,
2659 3626 2823 3664 soror
2843 3609 3143 3680 Adalardi,
3165 3629 3266 3667 seu
3302 3611 3580 3678 Udalrici,
3613 3611 3735 3668 Bri-

2074 3698 2450 3769 gantinorum
2482 3697 2774 3771 parentis:
2810 3714 2916 3754 nec
2948 3716 3063 3756 non
3101 3701 3358 3756 Judithaa
3405 3700 3547 3757 avia
3577 3700 3727 3757 Con-

2074 3787 2200 3842 radi
2232 3789 2254 3842 Ι
2288 3786 2461 3859 regis,
2495 3787 2580 3842 uti
2631 3787 2837 3858 probat
2890 3788 3106 3844 Eccard
3158 3792 3374 3864 (Franc.
3419 3789 3513 3846 0r.
3563 3791 3634 3857 ΙΙ,
3668 3807 3727 3863 p.

2071 3876 2210 3943 824;
2252 3877 2357 3931 Vel.
2397 3892 2643 3931 manum.
2683 3880 2961 3947 quatern.,
3010 3895 3072 3950 p,
3111 3879 3237 3950 40);
3276 3879 3432 3935 unde
3473 3885 3729 3950 sequens

2078 3964 2289 4035 prodit.

1558 4088 1890 4152 SYSTEMA
1945 4095 2499 4154 GENEALOGICUM

1827 4211 1876 4250 Β.
1923 4211 2211 4250 GEBHARDI

1434 4291 1519 4346 Ea:
1545 4292 1797 4347 chronica
1826 4292 2224 4349 Petershusano
2257 4296 2311 4348 et
2339 4293 2593 4350 Eccardo.

1554 4415 1955 4474 LUDOVICUS
1986 4417 2126 4474 Pius
2154 4418 2488 4491 imperator.

598 4510 970 4583 Eberhardus
999 4511 1116 4566 dux
1149 4512 1587 4583 Forojuliensis.
1623 4514 1706 4569 Ux
1730 4513 1946 4578 Gisela,

524 4581 874 4649 Adalardus,
909 4600 1014 4638 seu
1046 4581 1354 4642 Udalricus
1381 4586 1402 4638 Ι

595 4658 799 4710 Comes
821 4654 1104 4727 Brigantii

1587 4779 1886 4837 Conradus

1615 4869 1832 4909 comes.

598 4777 712 4832 Uzo
744 4793 941 4833 comes
976 4796 1123 4834 uxor

670 4848 989 4922 Dietburga

1527 4977 1823 5033 Conradus
1845 4978 1962 5033 dux

1587 5054 1789 5120 postea
1811 5066 1908 5105 rex

527 4969 1001 5045 S._Gehebardus
1022 4990 1112 5045 ep.
1140 4975 1270 5030 frat.

599 5041 907 5100 Udalricus
940 5045 1008 5101 Ill
1045 5041 1240 5103 comes

1760 4585 2005 4642 Juditba
2036 4603 2180 4642 uxor

1637 4655 1994 4714 Werinharii
2025 4658 2257 4714 comitis

2610 4587 2917 4656 Heilwich,
2952 4604 3056 4645 seu
3079 4588 3360 4645 Hedwicb
3395 4605 3491 4646 ux.

2686 4659 2912 4715 Ottonis
2943 4660 3113 4716 ducis
3153 4660 3438 4717 Saxonize.

2526 4782 2809 4839 Henricus
2853 4785 3080 4855 Auceps

2529 4855 2856 4911 Germaniae
2887 4872 3005 4911 rex.
3078 4928 3084 4934 Ι

2675 4983 2807 5061 0_tto
2839 4980 2860 5036 I

2700 5068 2845 5123 imp.

2196 4977 2481 5052 Henricus
2675 4983 2807 5052 Otto
2839 4980 2860 5036 Ι
3042 4979 3369 5052 Hedwigis.

2184 5049 2302 5105 dux
2326 5049 2461 5106 Bav.

2979 5173 3416 5231 Wendelzarda

2057 5173 2359 5245 Hedwigis
2380 5173 2547 5230 ducis

2986 5263 3082 5302 ux.
3117 5245 3396 5303 Udalrioi.

2056 5244 2346 5301 Buchardi
2377 5263 2542 5303 uxor.

2837 5371 3166 5429 Adalardus
3211 5387 3409 5428 comes

2911 5445 2971 5500 in
3013 5442 3341 5502 Buochorn.
