  <div class='ocr_page' id='page_1' title='image "/cluster/home/n/w/nwhite01/storage/ocr_20150623/143/hvd.32044054760038/152.png"; bbox 0 0 4152 6186; ppageno 0'>
   <div class='ocr_carea' id='block_1_1' title="bbox 343 371 462 433">
    <p class='ocr_par' dir='ltr' id='par_1_1' title="bbox 343 371 462 433">
     <span class='ocr_line' id='line_1_1' title="bbox 343 371 462 433; baseline 0.017 -2"><span class='ocrx_word' id='word_1_1' title='bbox 343 371 462 433; x_wconf 75' lang='grc'>289</span> 
     </span>
    </p>
   </div>
   <div class='ocr_carea' id='block_1_2' title="bbox 1055 374 2932 445">
    <p class='ocr_par' dir='ltr' id='par_1_2' title="bbox 1055 374 2932 445">
     <span class='ocr_line' id='line_1_2' title="bbox 1055 374 2932 445; baseline 0.004 -9"><span class='ocrx_word' id='word_1_2' title='bbox 1055 417 1060 422; x_wconf 91' lang='grc'><strong><em>-</em></strong></span> <span class='ocrx_word' id='word_1_3' title='bbox 1160 374 1608 439; x_wconf 82' lang='lat' dir='ltr'>CHRONICUN</span> <span class='ocrx_word' id='word_1_4' title='bbox 1653 377 2372 442; x_wconf 82' lang='lat' dir='ltr'>PETERSHUSANUM.</span> <span class='ocrx_word' id='word_1_5' title='bbox 2403 413 2482 428; x_wconf 88' lang='lat'>—-</span> <span class='ocrx_word' id='word_1_6' title='bbox 2517 382 2932 445; x_wconf 80' lang='lat' dir='ltr'>PROOEMIA.</span> 
     </span>
    </p>
   </div>
   <div class='ocr_carea' id='block_1_3' title="bbox 3627 397 3746 457">
    <p class='ocr_par' dir='ltr' id='par_1_3' title="bbox 3627 397 3746 457">
     <span class='ocr_line' id='line_1_3' title="bbox 3627 397 3746 457; baseline -0.017 0"><span class='ocrx_word' id='word_1_7' title='bbox 3627 397 3746 457; x_wconf 84' lang='grc'>290</span> 
     </span>
    </p>
   </div>
   <div class='ocr_carea' id='block_1_4' title="bbox 411 505 3749 595">
    <p class='ocr_par' dir='ltr' id='par_1_4' title="bbox 411 505 3749 595">
     <span class='ocr_line' id='line_1_4' title="bbox 411 505 3749 595; baseline 0.006 -35"><span class='ocrx_word' id='word_1_8' title='bbox 411 505 708 595; x_wconf 81' lang='lat' dir='ltr'>Quantum</span> <span class='ocrx_word' id='word_1_9' title='bbox 721 506 791 563; x_wconf 89' lang='lat' dir='ltr'>ad</span> <span class='ocrx_word' id='word_1_10' title='bbox 804 507 1143 580; x_wconf 84' lang='lat' dir='ltr'>Hedwigem</span> <span class='ocrx_word' id='word_1_11' title='bbox 1161 507 1388 564; x_wconf 85' lang='lat' dir='ltr'>Ottonis</span> <span class='ocrx_word' id='word_1_12' title='bbox 1406 511 1670 565; x_wconf 82' lang='lat' dir='ltr'>Saxoniae</span> <span class='ocrx_word' id='word_1_13' title='bbox 1683 513 1996 584; x_wconf 86' lang='lat' dir='ltr'>eonjugem</span> <span class='ocrx_word' id='word_1_14' title='bbox 2024 512 2078 578; x_wconf 82' lang='grc' dir='ltr'><strong>Α</strong></span> <span class='ocrx_word' id='word_1_15' title='bbox 2108 511 2315 568; x_wconf 83' lang='lat' dir='ltr'>saltem</span> <span class='ocrx_word' id='word_1_16' title='bbox 2347 530 2450 586; x_wconf 91' lang='lat' dir='ltr'>per</span> <span class='ocrx_word' id='word_1_17' title='bbox 2481 519 2704 571; x_wconf 82' lang='lat' dir='ltr'>aetatem</span> <span class='ocrx_word' id='word_1_18' title='bbox 2735 516 2974 573; x_wconf 90' lang='lat' dir='ltr'>minime</span> <span class='ocrx_word' id='word_1_19' title='bbox 3004 518 3284 590; x_wconf 79' lang='lat' dir='ltr'>implicat,</span> <span class='ocrx_word' id='word_1_20' title='bbox 3317 525 3422 579; x_wconf 91' lang='lat' dir='ltr'>etsi</span> <span class='ocrx_word' id='word_1_21' title='bbox 3439 525 3562 595; x_wconf 88' lang='lat' dir='ltr'>jam</span> <span class='ocrx_word' id='word_1_22' title='bbox 3595 530 3749 587; x_wconf 81' lang='lat' dir='ltr'>circa</span> 
     </span>
    </p>
   </div>
   <div class='ocr_carea' id='block_1_5' title="bbox 344 593 1992 669">
    <p class='ocr_par' dir='ltr' id='par_1_5' title="bbox 344 593 1992 669">
     <span class='ocr_line' id='line_1_5' title="bbox 344 593 1992 669; baseline 0.004 -21"><span class='ocrx_word' id='word_1_23' title='bbox 344 593 402 649; x_wconf 90' lang='lat' dir='ltr'>in</span> <span class='ocrx_word' id='word_1_24' title='bbox 422 593 658 652; x_wconf 88' lang='lat' dir='ltr'>diversa</span> <span class='ocrx_word' id='word_1_25' title='bbox 687 597 908 653; x_wconf 88' lang='lat' dir='ltr'>abeunt</span> <span class='ocrx_word' id='word_1_26' title='bbox 936 598 1284 669; x_wconf 82' lang='lat' dir='ltr'>scriptores!</span> <span class='ocrx_word' id='word_1_27' title='bbox 1312 599 1626 656; x_wconf 88' lang='lat' dir='ltr'>Hubnerus</span> <span class='ocrx_word' id='word_1_28' title='bbox 1659 601 1718 655; x_wconf 91' lang='lat' dir='ltr'>in</span> <span class='ocrx_word' id='word_1_29' title='bbox 1758 602 1992 657; x_wconf 89' lang='lat' dir='ltr'>Geneal.</span> 
     </span>
    </p>
   </div>
   <div class='ocr_carea' id='block_1_6' title="bbox 343 684 1997 759">
    <p class='ocr_par' dir='ltr' id='par_1_6' title="bbox 343 684 1997 759">
     <span class='ocr_line' id='line_1_6' title="bbox 343 684 1997 759; baseline 0.003 -18"><span class='ocrx_word' id='word_1_30' title='bbox 343 700 470 741; x_wconf 84' lang='lat' dir='ltr'>eam</span> <span class='ocrx_word' id='word_1_31' title='bbox 501 700 618 740; x_wconf 91' lang='lat' dir='ltr'>non</span> <span class='ocrx_word' id='word_1_32' title='bbox 649 684 857 742; x_wconf 76' lang='lat' dir='ltr'>Giselae</span> <span class='ocrx_word' id='word_1_33' title='bbox 890 685 1128 756; x_wconf 81' lang='lat' dir='ltr'>sororis,</span> <span class='ocrx_word' id='word_1_34' title='bbox 1149 687 1252 742; x_wconf 91' lang='lat' dir='ltr'>sed</span> <span class='ocrx_word' id='word_1_35' title='bbox 1283 687 1473 759; x_wconf 86' lang='lat' dir='ltr'>ipsius</span> <span class='ocrx_word' id='word_1_36' title='bbox 1533 689 1800 745; x_wconf 87' lang='lat' dir='ltr'>Ludovici</span> <span class='ocrx_word' id='word_1_37' title='bbox 1859 691 1997 746; x_wconf 88' lang='lat' dir='ltr'>Ger-</span> 
     </span>
    </p>
   </div>
   <div class='ocr_carea' id='block_1_7' title="bbox 345 773 1994 851">
    <p class='ocr_par' dir='ltr' id='par_1_7' title="bbox 345 773 1994 851">
     <span class='ocr_line' id='line_1_7' title="bbox 345 773 1994 851; baseline 0.003 -23"><span class='ocrx_word' id='word_1_38' title='bbox 345 773 561 830; x_wconf 90' lang='lat' dir='ltr'>manici</span> <span class='ocrx_word' id='word_1_39' title='bbox 583 773 766 830; x_wconf 88' lang='lat' dir='ltr'>ﬁliam</span> <span class='ocrx_word' id='word_1_40' title='bbox 799 777 1026 844; x_wconf 79' lang='lat' dir='ltr'>statuit,</span> <span class='ocrx_word' id='word_1_41' title='bbox 1060 793 1240 848; x_wconf 90' lang='lat' dir='ltr'>quam</span> <span class='ocrx_word' id='word_1_42' title='bbox 1269 791 1404 832; x_wconf 91' lang='lat' dir='ltr'>vero</span> <span class='ocrx_word' id='word_1_43' title='bbox 1436 777 1660 850; x_wconf 82' lang='lat' dir='ltr'>antiqui</span> <span class='ocrx_word' id='word_1_44' title='bbox 1703 780 1994 851; x_wconf 88' lang='lat' dir='ltr'>ignorant.</span> 
     </span>
    </p>
   </div>
   <div class='ocr_carea' id='block_1_8' title="bbox 344 861 1998 940">
    <p class='ocr_par' dir='ltr' id='par_1_8' title="bbox 344 861 1998 940">
     <span class='ocr_line' id='line_1_8' title="bbox 344 861 1998 940; baseline 0.004 -23"><span class='ocrx_word' id='word_1_45' title='bbox 344 861 407 918; x_wconf 91' lang='lat' dir='ltr'>In</span> <span class='ocrx_word' id='word_1_46' title='bbox 436 862 576 918; x_wconf 82' lang='lat' dir='ltr'>l’Art</span> <span class='ocrx_word' id='word_1_47' title='bbox 602 863 668 919; x_wconf 83' lang='lat' dir='ltr'>de</span> <span class='ocrx_word' id='word_1_48' title='bbox 689 865 912 935; x_wconf 78' lang='lat' dir='ltr'>vériﬁer</span> <span class='ocrx_word' id='word_1_49' title='bbox 942 866 1016 921; x_wconf 71' lang='lat' dir='ltr'>les</span> <span class='ocrx_word' id='word_1_50' title='bbox 1059 865 1208 922; x_wconf 78' lang='lat' dir='ltr'>dates</span> <span class='ocrx_word' id='word_1_51' title='bbox 1229 865 1476 939; x_wconf 87' lang='lat' dir='ltr'>Hedwig</span> <span class='ocrx_word' id='word_1_52' title='bbox 1536 867 1658 922; x_wconf 88' lang='lat' dir='ltr'>ﬁlia</span> <span class='ocrx_word' id='word_1_53' title='bbox 1707 869 1998 940; x_wconf 86' lang='lat' dir='ltr'>Arnulphi</span> 
     </span>
    </p>
   </div>
   <div class='ocr_carea' id='block_1_9' title="bbox 344 949 1997 1027">
    <p class='ocr_par' dir='ltr' id='par_1_9' title="bbox 344 949 1997 1027">
     <span class='ocr_line' id='line_1_9' title="bbox 344 949 1997 1027; baseline 0.005 -22"><span class='ocrx_word' id='word_1_54' title='bbox 344 949 486 1022; x_wconf 88' lang='lat' dir='ltr'>imp.</span> <span class='ocrx_word' id='word_1_55' title='bbox 519 950 756 1020; x_wconf 89' lang='lat' dir='ltr'>dicitur,</span> <span class='ocrx_word' id='word_1_56' title='bbox 779 969 813 1009; x_wconf 88' lang='lat' dir='ltr'>a</span> <span class='ocrx_word' id='word_1_57' title='bbox 832 953 1100 1009; x_wconf 88' lang='lat' dir='ltr'>Tenzelio</span> <span class='ocrx_word' id='word_1_58' title='bbox 1124 954 1439 1027; x_wconf 87' lang='lat' dir='ltr'>Luitgarda</span> <span class='ocrx_word' id='word_1_59' title='bbox 1454 957 1997 1014; x_wconf 88' lang='lat' dir='ltr'>nominata.Verum</span> 
     </span>
    </p>
   </div>
   <div class='ocr_carea' id='block_1_10' title="bbox 346 1039 2000 1118">
    <p class='ocr_par' dir='ltr' id='par_1_10' title="bbox 346 1039 2000 1118">
     <span class='ocr_line' id='line_1_10' title="bbox 346 1039 2000 1118; baseline 0.004 -22"><span class='ocrx_word' id='word_1_60' title='bbox 346 1039 808 1113; x_wconf 83' lang='lat' dir='ltr'>Eccard(Franc.</span> <span class='ocrx_word' id='word_1_61' title='bbox 842 1043 934 1098; x_wconf 88' lang='lat' dir='ltr'>0r.</span> <span class='ocrx_word' id='word_1_62' title='bbox 961 1046 1004 1099; x_wconf 91' lang='lat' dir='ltr'>t.</span> <span class='ocrx_word' id='word_1_63' title='bbox 1039 1043 1107 1110; x_wconf 91' lang='lat' dir='ltr'>II,</span> <span class='ocrx_word' id='word_1_64' title='bbox 1143 1060 1200 1116; x_wconf 93' lang='lat' dir='ltr'>p.</span> <span class='ocrx_word' id='word_1_65' title='bbox 1231 1043 1356 1113; x_wconf 85' lang='lat'>609)</span> <span class='ocrx_word' id='word_1_66' title='bbox 1405 1043 1609 1100; x_wconf 89' lang='lat' dir='ltr'>multis</span> <span class='ocrx_word' id='word_1_67' title='bbox 1656 1047 1865 1118; x_wconf 80' lang='lat' dir='ltr'>probat</span> <span class='ocrx_word' id='word_1_68' title='bbox 1908 1047 2000 1101; x_wconf 91' lang='lat' dir='ltr'>0t-</span> 
     </span>
    </p>
   </div>
   <div class='ocr_carea' id='block_1_11' title="bbox 345 1128 1998 1204">
    <p class='ocr_par' dir='ltr' id='par_1_11' title="bbox 345 1128 1998 1204">
     <span class='ocr_line' id='line_1_11' title="bbox 345 1128 1998 1204; baseline 0.004 -20"><span class='ocrx_word' id='word_1_69' title='bbox 345 1128 502 1184; x_wconf 83' lang='lat' dir='ltr'>tonis</span> <span class='ocrx_word' id='word_1_70' title='bbox 523 1130 835 1202; x_wconf 85' lang='lat' dir='ltr'>conjugem</span> <span class='ocrx_word' id='word_1_71' title='bbox 859 1131 1041 1187; x_wconf 89' lang='lat' dir='ltr'>ﬁliam</span> <span class='ocrx_word' id='word_1_72' title='bbox 1064 1132 1247 1188; x_wconf 85' lang='lat' dir='ltr'>fuisse</span> <span class='ocrx_word' id='word_1_73' title='bbox 1271 1131 1476 1188; x_wconf 71' lang='lat' dir='ltr'>Giselze</span> <span class='ocrx_word' id='word_1_74' title='bbox 1499 1137 1555 1189; x_wconf 91' lang='lat' dir='ltr'>et</span> <span class='ocrx_word' id='word_1_75' title='bbox 1577 1134 1998 1204; x_wconf 90' lang='lat' dir='ltr'>Everardi,ma-</span> 
     </span>
    </p>
   </div>
   <div class='ocr_carea' id='block_1_12' title="bbox 345 1217 2000 1280">
    <p class='ocr_par' dir='ltr' id='par_1_12' title="bbox 345 1217 2000 1280">
     <span class='ocr_line' id='line_1_12' title="bbox 345 1217 2000 1280; baseline 0.005 -9"><span class='ocrx_word' id='word_1_76' title='bbox 345 1217 500 1273; x_wconf 80' lang='lat' dir='ltr'>xime</span> <span class='ocrx_word' id='word_1_77' title='bbox 536 1234 607 1275; x_wconf 81' lang='lat' dir='ltr'>ex</span> <span class='ocrx_word' id='word_1_78' title='bbox 635 1219 768 1274; x_wconf 82' lang='lat' dir='ltr'>Vita</span> <span class='ocrx_word' id='word_1_79' title='bbox 798 1219 1182 1275; x_wconf 74' lang='lat' dir='ltr'>Hathumodae</span> <span class='ocrx_word' id='word_1_80' title='bbox 1215 1221 1372 1278; x_wconf 76' lang='lat'><strong>288</strong></span> <span class='ocrx_word' id='word_1_81' title='bbox 1416 1221 1723 1279; x_wconf 78' lang='lat' dir='ltr'>abbatissae</span> <span class='ocrx_word' id='word_1_82' title='bbox 1783 1223 2000 1280; x_wconf 82' lang='lat' dir='ltr'>sororis</span> 
     </span>
    </p>
   </div>
   <div class='ocr_carea' id='block_1_13' title="bbox 345 1307 2000 1383">
    <p class='ocr_par' dir='ltr' id='par_1_13' title="bbox 345 1307 2000 1383">
     <span class='ocr_line' id='line_1_13' title="bbox 345 1307 2000 1383; baseline 0.003 -22"><span class='ocrx_word' id='word_1_83' title='bbox 345 1307 615 1377; x_wconf 79' lang='lat' dir='ltr'>ejusdem</span> <span class='ocrx_word' id='word_1_84' title='bbox 637 1307 866 1364; x_wconf 90' lang='lat' dir='ltr'>Ottonis</span> <span class='ocrx_word' id='word_1_85' title='bbox 885 1309 1076 1380; x_wconf 91' lang='lat' dir='ltr'>ducis,</span> <span class='ocrx_word' id='word_1_86' title='bbox 1098 1309 1199 1380; x_wconf 90' lang='lat' dir='ltr'>qui</span> <span class='ocrx_word' id='word_1_87' title='bbox 1219 1308 1436 1364; x_wconf 91' lang='lat' dir='ltr'>ibidem</span> <span class='ocrx_word' id='word_1_88' title='bbox 1462 1326 1692 1379; x_wconf 83' lang='lat' dir='ltr'>regnum</span> <span class='ocrx_word' id='word_1_89' title='bbox 1710 1317 1924 1383; x_wconf 78' lang='lat' dir='ltr'>neptem</span> <span class='ocrx_word' id='word_1_90' title='bbox 1940 1311 2000 1366; x_wconf 92' lang='lat' dir='ltr'>in</span> 
     </span>
    </p>
   </div>
   <div class='ocr_carea' id='block_1_14' title="bbox 344 1396 2000 1472">
    <p class='ocr_par' dir='ltr' id='par_1_14' title="bbox 344 1396 2000 1472">
     <span class='ocr_line' id='line_1_14' title="bbox 344 1396 2000 1472; baseline 0.004 -22"><span class='ocrx_word' id='word_1_91' title='bbox 344 1396 720 1452; x_wconf 88' lang='lat' dir='ltr'>matrimonio</span> <span class='ocrx_word' id='word_1_92' title='bbox 746 1397 1025 1454; x_wconf 90' lang='lat' dir='ltr'>habuisse</span> <span class='ocrx_word' id='word_1_93' title='bbox 1059 1398 1304 1469; x_wconf 80' lang='lat' dir='ltr'>legitur;</span> <span class='ocrx_word' id='word_1_94' title='bbox 1331 1415 1470 1472; x_wconf 87' lang='lat' dir='ltr'>ergo</span> <span class='ocrx_word' id='word_1_95' title='bbox 1509 1418 1622 1456; x_wconf 91' lang='lat' dir='ltr'>non</span> <span class='ocrx_word' id='word_1_96' title='bbox 1684 1399 1886 1457; x_wconf 84' lang='lat' dir='ltr'>ﬁliam.</span> <span class='ocrx_word' id='word_1_97' title='bbox 1937 1403 2000 1457; x_wconf 91' lang='lat' dir='ltr'>In</span> 
     </span>
    </p>
   </div>
   <div class='ocr_carea' id='block_1_15' title="bbox 342 1484 2004 1558">
    <p class='ocr_par' dir='ltr' id='par_1_15' title="bbox 342 1484 2004 1558">
     <span class='ocr_line' id='line_1_15' title="bbox 342 1484 2004 1558; baseline 0.003 -16"><span class='ocrx_word' id='word_1_98' title='bbox 342 1484 684 1558; x_wconf 83' lang='lat' dir='ltr'>Neerologio</span> <span class='ocrx_word' id='word_1_99' title='bbox 713 1484 987 1543; x_wconf 87' lang='lat' dir='ltr'>Fuldensi</span> <span class='ocrx_word' id='word_1_100' title='bbox 1023 1504 1117 1542; x_wconf 90' lang='lat' dir='ltr'>an.</span> <span class='ocrx_word' id='word_1_101' title='bbox 1146 1488 1250 1542; x_wconf 89' lang='lat'>903</span> <span class='ocrx_word' id='word_1_102' title='bbox 1278 1488 1496 1544; x_wconf 90' lang='lat' dir='ltr'>obiisse</span> <span class='ocrx_word' id='word_1_103' title='bbox 1528 1493 1763 1546; x_wconf 91' lang='lat' dir='ltr'>notatur</span> <span class='ocrx_word' id='word_1_104' title='bbox 1817 1491 2004 1546; x_wconf 87' lang='lat' dir='ltr'>Hada-</span> 
     </span>
    </p>
   </div>
   <div class='ocr_carea' id='block_1_16' title="bbox 345 1575 1999 1649">
    <p class='ocr_par' dir='ltr' id='par_1_16' title="bbox 345 1575 1999 1649">
     <span class='ocr_line' id='line_1_16' title="bbox 345 1575 1999 1649; baseline 0.001 -17"><span class='ocrx_word' id='word_1_105' title='bbox 345 1575 503 1649; x_wconf 80' lang='lat' dir='ltr'>vviga</span> <span class='ocrx_word' id='word_1_106' title='bbox 534 1575 860 1643; x_wconf 87' lang='lat' dir='ltr'>comitissa,</span> <span class='ocrx_word' id='word_1_107' title='bbox 891 1593 1067 1648; x_wconf 85' lang='lat' dir='ltr'>quam</span> <span class='ocrx_word' id='word_1_108' title='bbox 1100 1577 1365 1632; x_wconf 89' lang='lat' dir='ltr'>eamdem</span> <span class='ocrx_word' id='word_1_109' title='bbox 1398 1578 1583 1633; x_wconf 88' lang='lat' dir='ltr'>fuisse</span> <span class='ocrx_word' id='word_1_110' title='bbox 1625 1579 1999 1634; x_wconf 86' lang='lat' dir='ltr'>arbitramur.</span> 
     </span>
    </p>
   </div>
   <div class='ocr_carea' id='block_1_17' title="bbox 343 1665 2003 1737">
    <p class='ocr_par' dir='ltr' id='par_1_17' title="bbox 343 1665 2003 1737">
     <span class='ocr_line' id='line_1_17' title="bbox 343 1665 2003 1737; baseline 0.002 -16"><span class='ocrx_word' id='word_1_111' title='bbox 343 1667 484 1736; x_wconf 87' lang='lat' dir='ltr'>Ejus</span> <span class='ocrx_word' id='word_1_112' title='bbox 515 1665 700 1721; x_wconf 86' lang='lat' dir='ltr'>altera</span> <span class='ocrx_word' id='word_1_113' title='bbox 730 1682 896 1729; x_wconf 73' lang='lat' dir='ltr'>soror</span> <span class='ocrx_word' id='word_1_114' title='bbox 923 1670 1063 1720; x_wconf 91' lang='lat' dir='ltr'>natu</span> <span class='ocrx_word' id='word_1_115' title='bbox 1098 1667 1286 1736; x_wconf 84' lang='lat' dir='ltr'>major</span> <span class='ocrx_word' id='word_1_116' title='bbox 1317 1665 1374 1720; x_wconf 91' lang='lat' dir='ltr'>in</span> <span class='ocrx_word' id='word_1_117' title='bbox 1405 1667 1594 1737; x_wconf 88' lang='lat' dir='ltr'>patris</span> <span class='ocrx_word' id='word_1_118' title='bbox 1650 1672 2003 1725; x_wconf 86' lang='lat' dir='ltr'>testamento</span> 
     </span>
    </p>
   </div>
   <div class='ocr_carea' id='block_1_18' title="bbox 346 1754 2004 1828">
    <p class='ocr_par' dir='ltr' id='par_1_18' title="bbox 346 1754 2004 1828">
     <span class='ocr_line' id='line_1_18' title="bbox 346 1754 2004 1828; baseline 0.002 -18"><span class='ocrx_word' id='word_1_119' title='bbox 346 1759 586 1810; x_wconf 86' lang='lat' dir='ltr'>notatur</span> <span class='ocrx_word' id='word_1_120' title='bbox 613 1754 858 1810; x_wconf 85' lang='lat' dir='ltr'>Juditha</span> <span class='ocrx_word' id='word_1_121' title='bbox 888 1754 1140 1810; x_wconf 85' lang='lat' dir='ltr'>Conradi</span> <span class='ocrx_word' id='word_1_122' title='bbox 1173 1756 1194 1810; x_wconf 94' lang='grc' dir='ltr'>Ι</span> <span class='ocrx_word' id='word_1_123' title='bbox 1218 1756 1370 1828; x_wconf 90' lang='lat' dir='ltr'>regis</span> <span class='ocrx_word' id='word_1_124' title='bbox 1392 1756 1538 1822; x_wconf 90' lang='lat' dir='ltr'>avia,</span> <span class='ocrx_word' id='word_1_125' title='bbox 1572 1761 1637 1812; x_wconf 92' lang='lat' dir='ltr'>ut</span> <span class='ocrx_word' id='word_1_126' title='bbox 1655 1758 1782 1812; x_wconf 88' lang='lat' dir='ltr'>vult</span> <span class='ocrx_word' id='word_1_127' title='bbox 1803 1759 2004 1814; x_wconf 86' lang='lat' dir='ltr'>Eccar-</span> 
     </span>
    </p>
   </div>
   <div class='ocr_carea' id='block_1_19' title="bbox 2107 602 3746 687">
    <p class='ocr_par' dir='ltr' id='par_1_19' title="bbox 2107 602 3746 687">
     <span class='ocr_line' id='line_1_19' title="bbox 2107 602 3746 687; baseline 0.012 -31"><span class='ocrx_word' id='word_1_128' title='bbox 2107 618 2200 656; x_wconf 89' lang='lat' dir='ltr'>an.</span> <span class='ocrx_word' id='word_1_129' title='bbox 2231 602 2338 656; x_wconf 82' lang='lat'>913</span> <span class='ocrx_word' id='word_1_130' title='bbox 2363 607 2536 659; x_wconf 89' lang='lat' dir='ltr'>natus</span> <span class='ocrx_word' id='word_1_131' title='bbox 2569 605 2760 661; x_wconf 87' lang='lat' dir='ltr'>fuerit.</span> <span class='ocrx_word' id='word_1_132' title='bbox 2793 606 2989 662; x_wconf 88' lang='lat' dir='ltr'>Alium</span> <span class='ocrx_word' id='word_1_133' title='bbox 3022 613 3218 664; x_wconf 88' lang='lat' dir='ltr'>autem</span> <span class='ocrx_word' id='word_1_134' title='bbox 3252 610 3621 687; x_wconf 88' lang='lat' dir='ltr'>investiganti</span> <span class='ocrx_word' id='word_1_135' title='bbox 3655 620 3746 676; x_wconf 91' lang='lat' dir='ltr'>lu-</span> 
     </span>
    </p>
   </div>
   <div class='ocr_carea' id='block_1_20' title="bbox 2106 690 2930 762">
    <p class='ocr_par' dir='ltr' id='par_1_20' title="bbox 2106 690 2930 762">
     <span class='ocr_line' id='line_1_20' title="bbox 2106 690 2930 762; baseline 0.006 -16"><span class='ocrx_word' id='word_1_136' title='bbox 2106 690 2250 746; x_wconf 88' lang='lat' dir='ltr'>bens</span> <span class='ocrx_word' id='word_1_137' title='bbox 2280 692 2602 762; x_wconf 86' lang='lat' dir='ltr'>acquiesco.</span> <span class='ocrx_word' id='word_1_138' title='bbox 2906 712 2930 723; x_wconf 66' lang='grc' dir='ltr'><strong>ο</strong></span> 
     </span>
    </p>
   </div>
   <div class='ocr_carea' id='block_1_21' title="bbox 2178 780 3746 854">
    <p class='ocr_par' dir='ltr' id='par_1_21' title="bbox 2178 780 3746 854">
     <span class='ocr_line' id='line_1_21' title="bbox 2178 780 3746 854; baseline 0.013 -21"><span class='ocrx_word' id='word_1_139' title='bbox 2178 783 2205 847; x_wconf 85' lang='lat'><strong>§</strong></span> <span class='ocrx_word' id='word_1_140' title='bbox 2238 780 2351 835; x_wconf 90' lang='lat' dir='ltr'>XV.</span> <span class='ocrx_word' id='word_1_141' title='bbox 2377 781 2608 838; x_wconf 85' lang='lat' dir='ltr'>Diutius</span> <span class='ocrx_word' id='word_1_142' title='bbox 2647 784 2929 840; x_wconf 87' lang='lat' dir='ltr'>hactenus</span> <span class='ocrx_word' id='word_1_143' title='bbox 2967 786 3026 840; x_wconf 90' lang='lat' dir='ltr'>in</span> <span class='ocrx_word' id='word_1_144' title='bbox 3057 786 3405 846; x_wconf 89' lang='lat' dir='ltr'>illustrando</span> <span class='ocrx_word' id='word_1_145' title='bbox 3461 793 3746 854; x_wconf 81' lang='lat' dir='ltr'>Chronico</span> 
     </span>
    </p>
   </div>
   <div class='ocr_carea' id='block_1_22' title="bbox 2109 869 3750 954">
    <p class='ocr_par' dir='ltr' id='par_1_22' title="bbox 2109 869 3750 954">
     <span class='ocr_line' id='line_1_22' title="bbox 2109 869 3750 954; baseline 0.013 -33"><span class='ocrx_word' id='word_1_146' title='bbox 2109 871 2305 922; x_wconf 90' lang='lat' dir='ltr'>nostro</span> <span class='ocrx_word' id='word_1_147' title='bbox 2319 869 2389 924; x_wconf 92' lang='lat' dir='ltr'>de</span> <span class='ocrx_word' id='word_1_148' title='bbox 2413 870 2600 940; x_wconf 89' lang='lat' dir='ltr'>prima</span> <span class='ocrx_word' id='word_1_149' title='bbox 2621 871 3096 944; x_wconf 87' lang='lat' dir='ltr'>Briguntinorum</span> <span class='ocrx_word' id='word_1_150' title='bbox 3121 877 3401 934; x_wconf 88' lang='lat' dir='ltr'>comitum</span> <span class='ocrx_word' id='word_1_151' title='bbox 3424 883 3647 954; x_wconf 81' lang='lat' dir='ltr'>origine</span> <span class='ocrx_word' id='word_1_152' title='bbox 3671 885 3750 942; x_wconf 89' lang='lat' dir='ltr'>la-</span> 
     </span>
    </p>
   </div>
   <div class='ocr_carea' id='block_1_23' title="bbox 2107 955 3747 1038">
    <p class='ocr_par' dir='ltr' id='par_1_23' title="bbox 2107 955 3747 1038">
     <span class='ocr_line' id='line_1_23' title="bbox 2107 955 3747 1038; baseline 0.012 -28"><span class='ocrx_word' id='word_1_153' title='bbox 2107 955 2611 1029; x_wconf 88' lang='lat' dir='ltr'>boravimus,quin</span> <span class='ocrx_word' id='word_1_154' title='bbox 2634 964 2830 1014; x_wconf 89' lang='lat' dir='ltr'>tamen</span> <span class='ocrx_word' id='word_1_155' title='bbox 2854 961 3084 1017; x_wconf 91' lang='lat' dir='ltr'>illorum</span> <span class='ocrx_word' id='word_1_156' title='bbox 3118 981 3244 1035; x_wconf 77' lang='lat' dir='ltr'>quae</span> <span class='ocrx_word' id='word_1_157' title='bbox 3277 969 3630 1038; x_wconf 84' lang='lat' dir='ltr'>protulimus</span> <span class='ocrx_word' id='word_1_158' title='bbox 3651 992 3747 1030; x_wconf 89' lang='lat' dir='ltr'>va-</span> 
     </span>
    </p>
   </div>
   <div class='ocr_carea' id='block_1_24' title="bbox 2109 1045 3750 1127">
    <p class='ocr_par' dir='ltr' id='par_1_24' title="bbox 2109 1045 3750 1127">
     <span class='ocr_line' id='line_1_24' title="bbox 2109 1045 3750 1127; baseline 0.013 -29"><span class='ocrx_word' id='word_1_159' title='bbox 2109 1045 2210 1099; x_wconf 88' lang='lat' dir='ltr'>des</span> <span class='ocrx_word' id='word_1_160' title='bbox 2241 1061 2346 1100; x_wconf 92' lang='lat' dir='ltr'>nos</span> <span class='ocrx_word' id='word_1_161' title='bbox 2380 1052 2744 1117; x_wconf 64' lang='lat' dir='ltr'>praestemus.</span> <span class='ocrx_word' id='word_1_162' title='bbox 2781 1050 2923 1104; x_wconf 83' lang='lat' dir='ltr'>Rem</span> <span class='ocrx_word' id='word_1_163' title='bbox 2956 1052 3210 1108; x_wconf 90' lang='lat' dir='ltr'>adducta</span> <span class='ocrx_word' id='word_1_164' title='bbox 3231 1065 3577 1127; x_wconf 87' lang='lat' dir='ltr'>argumenta</span> <span class='ocrx_word' id='word_1_165' title='bbox 3600 1064 3750 1119; x_wconf 89' lang='lat' dir='ltr'>deei-</span> 
     </span>
    </p>
   </div>
   <div class='ocr_carea' id='block_1_25' title="bbox 2109 1133 3754 1208">
    <p class='ocr_par' dir='ltr' id='par_1_25' title="bbox 2109 1133 3754 1208">
     <span class='ocr_line' id='line_1_25' title="bbox 2109 1133 3754 1208; baseline 0.013 -21"><span class='ocrx_word' id='word_1_166' title='bbox 2109 1133 2268 1198; x_wconf 88' lang='lat' dir='ltr'>dant,</span> <span class='ocrx_word' id='word_1_167' title='bbox 2303 1151 2428 1204; x_wconf 76' lang='lat' dir='ltr'>quze</span> <span class='ocrx_word' id='word_1_168' title='bbox 2461 1136 2624 1191; x_wconf 90' lang='lat' dir='ltr'>novis</span> <span class='ocrx_word' id='word_1_169' title='bbox 2655 1137 2774 1192; x_wconf 86' lang='lat' dir='ltr'>fors</span> <span class='ocrx_word' id='word_1_170' title='bbox 2796 1140 3188 1208; x_wconf 89' lang='lat' dir='ltr'>producendis</span> <span class='ocrx_word' id='word_1_171' title='bbox 3236 1142 3602 1205; x_wconf 86' lang='lat' dir='ltr'>documentis</span> <span class='ocrx_word' id='word_1_172' title='bbox 3651 1158 3754 1208; x_wconf 88' lang='lat' dir='ltr'>aut</span> 
     </span>
    </p>
   </div>
   <div class='ocr_carea' id='block_1_26' title="bbox 2110 1221 3753 1297">
    <p class='ocr_par' dir='ltr' id='par_1_26' title="bbox 2110 1221 3753 1297">
     <span class='ocr_line' id='line_1_26' title="bbox 2110 1221 3753 1297; baseline 0.012 -21"><span class='ocrx_word' id='word_1_173' title='bbox 2110 1221 2388 1287; x_wconf 84' lang='lat' dir='ltr'>refellere,</span> <span class='ocrx_word' id='word_1_174' title='bbox 2421 1228 2522 1280; x_wconf 90' lang='lat' dir='ltr'>aut</span> <span class='ocrx_word' id='word_1_175' title='bbox 2553 1227 2832 1297; x_wconf 82' lang='lat' dir='ltr'>majorem</span> <span class='ocrx_word' id='word_1_176' title='bbox 2859 1227 2916 1282; x_wconf 92' lang='lat' dir='ltr'>in</span> <span class='ocrx_word' id='word_1_177' title='bbox 2947 1227 3135 1284; x_wconf 89' lang='lat' dir='ltr'>lucem</span> <span class='ocrx_word' id='word_1_178' title='bbox 3177 1232 3462 1290; x_wconf 88' lang='lat' dir='ltr'>deducere</span> <span class='ocrx_word' id='word_1_179' title='bbox 3505 1240 3753 1297; x_wconf 89' lang='lat' dir='ltr'>eruditis</span> 
     </span>
    </p>
   </div>
   <div class='ocr_carea' id='block_1_27' title="bbox 2111 1312 3754 1401">
    <p class='ocr_par' dir='ltr' id='par_1_27' title="bbox 2111 1312 3754 1401">
     <span class='ocr_line' id='line_1_27' title="bbox 2111 1312 3754 1401; baseline 0.012 -36"><span class='ocrx_word' id='word_1_180' title='bbox 2111 1312 2313 1367; x_wconf 90' lang='lat' dir='ltr'>eodem</span> <span class='ocrx_word' id='word_1_181' title='bbox 2349 1315 2520 1369; x_wconf 88' lang='lat' dir='ltr'>modo</span> <span class='ocrx_word' id='word_1_182' title='bbox 2550 1314 2796 1371; x_wconf 90' lang='lat' dir='ltr'>liberum</span> <span class='ocrx_word' id='word_1_183' title='bbox 2829 1320 2972 1382; x_wconf 89' lang='lat' dir='ltr'>esto,</span> <span class='ocrx_word' id='word_1_184' title='bbox 3005 1335 3121 1388; x_wconf 92' lang='lat' dir='ltr'>quo</span> <span class='ocrx_word' id='word_1_185' title='bbox 3139 1337 3312 1377; x_wconf 88' lang='lat' dir='ltr'>sensa</span> <span class='ocrx_word' id='word_1_186' title='bbox 3342 1329 3538 1381; x_wconf 89' lang='lat' dir='ltr'>nostra</span> <span class='ocrx_word' id='word_1_187' title='bbox 3560 1332 3618 1383; x_wconf 92' lang='lat' dir='ltr'>et</span> <span class='ocrx_word' id='word_1_188' title='bbox 3636 1330 3754 1401; x_wconf 85' lang='lat' dir='ltr'>opi-</span> 
     </span>
    </p>
   </div>
   <div class='ocr_carea' id='block_1_28' title="bbox 2111 1401 3753 1486">
    <p class='ocr_par' dir='ltr' id='par_1_28' title="bbox 2111 1401 3753 1486">
     <span class='ocr_line' id='line_1_28' title="bbox 2111 1401 3753 1486; baseline 0.012 -32"><span class='ocrx_word' id='word_1_189' title='bbox 2111 1401 2316 1456; x_wconf 83' lang='lat' dir='ltr'>niones</span> <span class='ocrx_word' id='word_1_190' title='bbox 2332 1403 2455 1458; x_wconf 89' lang='lat' dir='ltr'>sine</span> <span class='ocrx_word' id='word_1_191' title='bbox 2469 1404 2778 1474; x_wconf 84' lang='lat' dir='ltr'>cujusdam</span> <span class='ocrx_word' id='word_1_192' title='bbox 2798 1407 3132 1476; x_wconf 77' lang='lat' dir='ltr'>praejudicio</span> <span class='ocrx_word' id='word_1_193' title='bbox 3148 1409 3322 1465; x_wconf 89' lang='lat' dir='ltr'>unius</span> <span class='ocrx_word' id='word_1_194' title='bbox 3340 1411 3753 1486; x_wconf 68' lang='lat' dir='ltr'>investigandae</span> 
     </span>
    </p>
   </div>
   <div class='ocr_carea' id='block_1_29' title="bbox 2111 1489 3756 1575">
    <p class='ocr_par' dir='ltr' id='par_1_29' title="bbox 2111 1489 3756 1575">
     <span class='ocr_line' id='line_1_29' title="bbox 2111 1489 3756 1575; baseline 0.012 -32"><span class='ocrx_word' id='word_1_195' title='bbox 2111 1489 2368 1544; x_wconf 65' lang='lat' dir='ltr'>historiae</span> <span class='ocrx_word' id='word_1_196' title='bbox 2402 1492 2594 1546; x_wconf 89' lang='lat' dir='ltr'>studio</span> <span class='ocrx_word' id='word_1_197' title='bbox 2627 1492 2741 1547; x_wconf 80' lang='lat' dir='ltr'>illis</span> <span class='ocrx_word' id='word_1_198' title='bbox 2793 1495 3192 1565; x_wconf 87' lang='lat' dir='ltr'>proponimus,</span> <span class='ocrx_word' id='word_1_199' title='bbox 3254 1498 3396 1568; x_wconf 91' lang='lat' dir='ltr'>quin</span> <span class='ocrx_word' id='word_1_200' title='bbox 3454 1503 3756 1575; x_wconf 85' lang='lat' dir='ltr'>scriptoris</span> 
     </span>
    </p>
   </div>
   <div class='ocr_carea' id='block_1_30' title="bbox 2113 1580 3756 1658">
    <p class='ocr_par' dir='ltr' id='par_1_30' title="bbox 2113 1580 3756 1658">
     <span class='ocr_line' id='line_1_30' title="bbox 2113 1580 3756 1658; baseline 0.01 -25"><span class='ocrx_word' id='word_1_201' title='bbox 2113 1580 2296 1633; x_wconf 87' lang='lat' dir='ltr'>nostri</span> <span class='ocrx_word' id='word_1_202' title='bbox 2335 1582 2730 1636; x_wconf 89' lang='lat' dir='ltr'>narrationem</span> <span class='ocrx_word' id='word_1_203' title='bbox 2792 1582 3008 1653; x_wconf 90' lang='lat' dir='ltr'>ubique</span> <span class='ocrx_word' id='word_1_204' title='bbox 3057 1589 3114 1639; x_wconf 91' lang='lat' dir='ltr'>et</span> <span class='ocrx_word' id='word_1_205' title='bbox 3165 1587 3452 1658; x_wconf 69' lang='lat' dir='ltr'>praecipue</span> <span class='ocrx_word' id='word_1_206' title='bbox 3511 1607 3644 1647; x_wconf 85' lang='lat' dir='ltr'>mox</span> <span class='ocrx_word' id='word_1_207' title='bbox 3696 1594 3756 1650; x_wconf 88' lang='lat' dir='ltr'>in</span> 
     </span>
    </p>
   </div>
   <div class='ocr_carea' id='block_1_31' title="bbox 2112 1668 3760 1748">
    <p class='ocr_par' dir='ltr' id='par_1_31' title="bbox 2112 1668 3760 1748">
     <span class='ocr_line' id='line_1_31' title="bbox 2112 1668 3760 1748; baseline 0.011 -27"><span class='ocrx_word' id='word_1_208' title='bbox 2112 1669 2345 1722; x_wconf 82' lang='lat' dir='ltr'>exordio</span> <span class='ocrx_word' id='word_1_209' title='bbox 2375 1668 2760 1725; x_wconf 89' lang='lat' dir='ltr'>vindicemus.</span> <span class='ocrx_word' id='word_1_210' title='bbox 2799 1671 2857 1724; x_wconf 92' lang='lat' dir='ltr'>ld</span> <span class='ocrx_word' id='word_1_211' title='bbox 2917 1671 3124 1728; x_wconf 87' lang='lat' dir='ltr'>saltem</span> <span class='ocrx_word' id='word_1_212' title='bbox 3185 1675 3355 1731; x_wconf 89' lang='lat' dir='ltr'>nobis</span> <span class='ocrx_word' id='word_1_213' title='bbox 3410 1682 3760 1748; x_wconf 87' lang='lat' dir='ltr'>persuadere</span> 
     </span>
    </p>
   </div>
   <div class='ocr_carea' id='block_1_32' title="bbox 2113 1755 3762 1833">
    <p class='ocr_par' dir='ltr' id='par_1_32' title="bbox 2113 1755 3762 1833">
     <span class='ocr_line' id='line_1_32' title="bbox 2113 1755 3762 1833; baseline 0.01 -23"><span class='ocrx_word' id='word_1_214' title='bbox 2113 1755 2269 1810; x_wconf 88' lang='lat' dir='ltr'>haud</span> <span class='ocrx_word' id='word_1_215' title='bbox 2303 1757 2620 1826; x_wconf 87' lang='lat' dir='ltr'>possimus,</span> <span class='ocrx_word' id='word_1_216' title='bbox 2654 1756 2822 1812; x_wconf 90' lang='lat' dir='ltr'>illum</span> <span class='ocrx_word' id='word_1_217' title='bbox 2874 1765 2975 1813; x_wconf 85' lang='lat' dir='ltr'>aut</span> <span class='ocrx_word' id='word_1_218' title='bbox 3021 1777 3089 1814; x_wconf 83' lang='lat' dir='ltr'>ex</span> <span class='ocrx_word' id='word_1_219' title='bbox 3137 1761 3487 1833; x_wconf 85' lang='lat' dir='ltr'>ignorantia,</span> <span class='ocrx_word' id='word_1_220' title='bbox 3546 1775 3648 1824; x_wconf 89' lang='lat' dir='ltr'>aut</span> <span class='ocrx_word' id='word_1_221' title='bbox 3695 1776 3762 1827; x_wconf 87' lang='lat' dir='ltr'>ut</span> 
     </span>
    </p>
   </div>
   <div class='ocr_carea' id='block_1_33' title="bbox 347 1842 3761 1947">
    <p class='ocr_par' dir='ltr' id='par_1_33' title="bbox 347 1842 3761 1947">
     <span class='ocr_line' id='line_1_33' title="bbox 347 1842 3761 1947; baseline 0.005 -49"><span class='ocrx_word' id='word_1_222' title='bbox 347 1842 460 1898; x_wconf 87' lang='lat' dir='ltr'>dus</span> <span class='ocrx_word' id='word_1_223' title='bbox 486 1842 548 1913; x_wconf 82' lang='grc' dir='ltr'>(ι.</span> <span class='ocrx_word' id='word_1_224' title='bbox 582 1859 654 1911; x_wconf 86' lang='lat' dir='ltr'>c.,</span> <span class='ocrx_word' id='word_1_225' title='bbox 678 1859 736 1915; x_wconf 93' lang='lat' dir='ltr'>p.</span> <span class='ocrx_word' id='word_1_226' title='bbox 769 1843 916 1914; x_wconf 83' lang='grc'>824),</span> <span class='ocrx_word' id='word_1_227' title='bbox 953 1844 1107 1899; x_wconf 92' lang='lat' dir='ltr'>unde</span> <span class='ocrx_word' id='word_1_228' title='bbox 1129 1843 1223 1899; x_wconf 92' lang='lat' dir='ltr'>hic</span> <span class='ocrx_word' id='word_1_229' title='bbox 1246 1844 1422 1900; x_wconf 90' lang='lat' dir='ltr'>etiam</span> <span class='ocrx_word' id='word_1_230' title='bbox 1453 1861 1559 1900; x_wconf 90' lang='lat' dir='ltr'>ceu</span> <span class='ocrx_word' id='word_1_231' title='bbox 1585 1845 1883 1917; x_wconf 89' lang='lat' dir='ltr'>proximus</span> <span class='ocrx_word' id='word_1_232' title='bbox 1911 1847 2006 1902; x_wconf 86' lang='lat' dir='ltr'>Ca-</span> <span class='ocrx_word' id='word_1_233' title='bbox 2036 1883 2083 1947; x_wconf 82' lang='grc' dir='ltr'><strong>Β</strong></span> <span class='ocrx_word' id='word_1_234' title='bbox 2115 1843 2345 1898; x_wconf 78' lang='lat' dir='ltr'>familiae</span> <span class='ocrx_word' id='word_1_235' title='bbox 2371 1848 2536 1947; x_wconf 48' lang='lat' dir='ltr'>aetate</span> <span class='ocrx_word' id='word_1_236' title='bbox 2566 1862 2672 1900; x_wconf 90' lang='lat' dir='ltr'>sua</span> <span class='ocrx_word' id='word_1_237' title='bbox 2710 1846 2900 1900; x_wconf 91' lang='lat' dir='ltr'>adhuc</span> <span class='ocrx_word' id='word_1_238' title='bbox 2933 1847 3159 1903; x_wconf 86' lang='lat' dir='ltr'>ﬂorenti</span> <span class='ocrx_word' id='word_1_239' title='bbox 3210 1851 3565 1922; x_wconf 88' lang='lat' dir='ltr'>adularetur,</span> <span class='ocrx_word' id='word_1_240' title='bbox 3619 1859 3761 1915; x_wconf 72' lang='lat' dir='ltr'>talia</span> 
     </span>
    </p>
   </div>
   <div class='ocr_carea' id='block_1_34' title="bbox 345 1930 1998 2006">
    <p class='ocr_par' dir='ltr' id='par_1_34' title="bbox 345 1930 1998 2006">
     <span class='ocr_line' id='line_1_34' title="bbox 345 1930 1998 2006; baseline 0.003 -21"><span class='ocrx_word' id='word_1_241' title='bbox 345 1930 642 2004; x_wconf 66' lang='lat' dir='ltr'>rolingicaa</span> <span class='ocrx_word' id='word_1_242' title='bbox 673 1931 906 1987; x_wconf 84' lang='lat' dir='ltr'>familiae</span> <span class='ocrx_word' id='word_1_243' title='bbox 928 1937 1177 2004; x_wconf 86' lang='lat' dir='ltr'>agnatus</span> <span class='ocrx_word' id='word_1_244' title='bbox 1212 1932 1536 1989; x_wconf 78' lang='lat' dir='ltr'>Germaniae</span> <span class='ocrx_word' id='word_1_245' title='bbox 1572 1951 1816 2006; x_wconf 86' lang='lat' dir='ltr'>regnum</span> <span class='ocrx_word' id='word_1_246' title='bbox 1849 1935 1998 1990; x_wconf 86' lang='lat' dir='ltr'>obti-</span> 
     </span>
    </p>
   </div>
   <div class='ocr_carea' id='block_1_35' title="bbox 347 2020 2003 2095">
    <p class='ocr_par' dir='ltr' id='par_1_35' title="bbox 347 2020 2003 2095">
     <span class='ocr_line' id='line_1_35' title="bbox 347 2020 2003 2095; baseline 0.003 -20"><span class='ocrx_word' id='word_1_247' title='bbox 347 2021 498 2075; x_wconf 89' lang='lat' dir='ltr'>nuit.</span> <span class='ocrx_word' id='word_1_248' title='bbox 521 2020 776 2076; x_wconf 88' lang='lat' dir='ltr'>Tertiam</span> <span class='ocrx_word' id='word_1_249' title='bbox 791 2020 952 2076; x_wconf 90' lang='lat' dir='ltr'>illius</span> <span class='ocrx_word' id='word_1_250' title='bbox 971 2037 1234 2076; x_wconf 89' lang='lat' dir='ltr'>sororem</span> <span class='ocrx_word' id='word_1_251' title='bbox 1269 2021 1674 2095; x_wconf 89' lang='lat' dir='ltr'>Ingiltrudem,</span> <span class='ocrx_word' id='word_1_252' title='bbox 1710 2023 1767 2077; x_wconf 91' lang='lat' dir='ltr'>in</span> <span class='ocrx_word' id='word_1_253' title='bbox 1800 2025 2003 2079; x_wconf 90' lang='lat' dir='ltr'>eodem</span> 
     </span>
    </p>
   </div>
   <div class='ocr_carea' id='block_1_36' title="bbox 348 2110 2002 2182">
    <p class='ocr_par' dir='ltr' id='par_1_36' title="bbox 348 2110 2002 2182">
     <span class='ocr_line' id='line_1_36' title="bbox 348 2110 2002 2182; baseline 0.002 -17"><span class='ocrx_word' id='word_1_254' title='bbox 348 2112 700 2165; x_wconf 86' lang='lat' dir='ltr'>testamento</span> <span class='ocrx_word' id='word_1_255' title='bbox 731 2113 1144 2176; x_wconf 85' lang='lat' dir='ltr'>memoratam,</span> <span class='ocrx_word' id='word_1_256' title='bbox 1171 2127 1241 2164; x_wconf 84' lang='lat' dir='ltr'>ex</span> <span class='ocrx_word' id='word_1_257' title='bbox 1273 2110 1478 2166; x_wconf 89' lang='lat' dir='ltr'>matris</span> <span class='ocrx_word' id='word_1_258' title='bbox 1528 2112 1730 2168; x_wconf 63' lang='lat' dir='ltr'>Giselee</span> <span class='ocrx_word' id='word_1_259' title='bbox 1781 2112 2002 2182; x_wconf 89' lang='lat' dir='ltr'>charta,</span> 
     </span>
    </p>
   </div>
   <div class='ocr_carea' id='block_1_37' title="bbox 351 2197 2002 2264">
    <p class='ocr_par' dir='ltr' id='par_1_37' title="bbox 351 2197 2002 2264">
     <span class='ocr_line' id='line_1_37' title="bbox 351 2197 2002 2264; baseline 0.002 -12"><span class='ocrx_word' id='word_1_260' title='bbox 351 2213 443 2252; x_wconf 84' lang='lat' dir='ltr'>an.</span> <span class='ocrx_word' id='word_1_261' title='bbox 477 2198 606 2264; x_wconf 89' lang='grc'>870,</span> <span class='ocrx_word' id='word_1_262' title='bbox 638 2197 949 2253; x_wconf 89' lang='lat' dir='ltr'>monialem</span> <span class='ocrx_word' id='word_1_263' title='bbox 986 2197 1167 2254; x_wconf 89' lang='lat' dir='ltr'>fuisse</span> <span class='ocrx_word' id='word_1_264' title='bbox 1188 2198 1246 2252; x_wconf 93' lang='lat' dir='ltr'>in</span> <span class='ocrx_word' id='word_1_265' title='bbox 1279 2199 1482 2254; x_wconf 91' lang='lat' dir='ltr'>eodem</span> <span class='ocrx_word' id='word_1_266' title='bbox 1515 2199 1840 2256; x_wconf 85' lang='lat' dir='ltr'>Cisoniensi</span> <span class='ocrx_word' id='word_1_267' title='bbox 1881 2217 2002 2256; x_wconf 92' lang='lat' dir='ltr'>mo-</span> 
     </span>
    </p>
   </div>
   <div class='ocr_carea' id='block_1_38' title="bbox 354 2285 2006 2360">
    <p class='ocr_par' dir='ltr' id='par_1_38' title="bbox 354 2285 2006 2360">
     <span class='ocr_line' id='line_1_38' title="bbox 354 2285 2006 2360; baseline 0.003 -20"><span class='ocrx_word' id='word_1_268' title='bbox 354 2285 919 2342; x_wconf 42' lang='lat' dir='ltr'>nasterioexistima‘t</span> <span class='ocrx_word' id='word_1_269' title='bbox 939 2287 1230 2342; x_wconf 89' lang='lat' dir='ltr'>Eccardus</span> <span class='ocrx_word' id='word_1_270' title='bbox 1252 2288 1310 2359; x_wconf 85' lang='grc' dir='ltr'>(ι.</span> <span class='ocrx_word' id='word_1_271' title='bbox 1339 2305 1411 2358; x_wconf 85' lang='lat' dir='ltr'>c.,</span> <span class='ocrx_word' id='word_1_272' title='bbox 1436 2307 1470 2360; x_wconf 90' lang='lat' dir='ltr'>p</span> <span class='ocrx_word' id='word_1_273' title='bbox 1499 2290 1625 2357; x_wconf 83' lang='lat'>610)</span> <span class='ocrx_word' id='word_1_274' title='bbox 1653 2307 1665 2356; x_wconf 90' lang='lat'><strong>;</strong></span> <span class='ocrx_word' id='word_1_275' title='bbox 1701 2290 1853 2360; x_wconf 92' lang='lat' dir='ltr'>quod</span> <span class='ocrx_word' id='word_1_276' title='bbox 1872 2306 2006 2345; x_wconf 91' lang='lat' dir='ltr'>vero</span> 
     </span>
    </p>
   </div>
   <div class='ocr_carea' id='block_1_39' title="bbox 355 2375 2004 2450">
    <p class='ocr_par' dir='ltr' id='par_1_39' title="bbox 355 2375 2004 2450">
     <span class='ocr_line' id='line_1_39' title="bbox 355 2375 2004 2450; baseline 0.002 -20"><span class='ocrx_word' id='word_1_277' title='bbox 355 2375 585 2430; x_wconf 87' lang='lat' dir='ltr'>admitti</span> <span class='ocrx_word' id='word_1_278' title='bbox 621 2376 844 2447; x_wconf 90' lang='lat' dir='ltr'>nequit,</span> <span class='ocrx_word' id='word_1_279' title='bbox 878 2391 1011 2431; x_wconf 89' lang='lat' dir='ltr'>eum</span> <span class='ocrx_word' id='word_1_280' title='bbox 1036 2381 1262 2447; x_wconf 90' lang='lat' dir='ltr'>supra§</span> <span class='ocrx_word' id='word_1_281' title='bbox 1294 2377 1356 2430; x_wconf 93' lang='grc'>10</span> <span class='ocrx_word' id='word_1_282' title='bbox 1379 2393 1446 2431; x_wconf 81' lang='lat' dir='ltr'>ex</span> <span class='ocrx_word' id='word_1_283' title='bbox 1487 2376 1807 2432; x_wconf 88' lang='lat' dir='ltr'>Flodoardo</span> <span class='ocrx_word' id='word_1_284' title='bbox 1829 2395 2004 2450; x_wconf 90' lang='lat' dir='ltr'>appa-</span> 
     </span>
    </p>
   </div>
   <div class='ocr_carea' id='block_1_40' title="bbox 355 2463 2006 2537">
    <p class='ocr_par' dir='ltr' id='par_1_40' title="bbox 355 2463 2006 2537">
     <span class='ocr_line' id='line_1_40' title="bbox 355 2463 2006 2537; baseline 0.002 -19"><span class='ocrx_word' id='word_1_285' title='bbox 355 2469 480 2518; x_wconf 87' lang='lat' dir='ltr'>reat</span> <span class='ocrx_word' id='word_1_286' title='bbox 511 2463 856 2518; x_wconf 87' lang='lat' dir='ltr'>Hucholdus</span> <span class='ocrx_word' id='word_1_287' title='bbox 888 2465 1084 2519; x_wconf 88' lang='lat' dir='ltr'>nescio</span> <span class='ocrx_word' id='word_1_288' title='bbox 1111 2465 1210 2535; x_wconf 89' lang='lat' dir='ltr'>qui</span> <span class='ocrx_word' id='word_1_289' title='bbox 1232 2467 1436 2520; x_wconf 75' lang='lat' dir='ltr'>sororis</span> <span class='ocrx_word' id='word_1_290' title='bbox 1457 2465 1746 2537; x_wconf 84' lang='lat' dir='ltr'>Rodulpbi</span> <span class='ocrx_word' id='word_1_291' title='bbox 1779 2467 2006 2522; x_wconf 88' lang='lat' dir='ltr'>abbatis</span> 
     </span>
    </p>
   </div>
   <div class='ocr_carea' id='block_1_41' title="bbox 355 2551 2008 2625">
    <p class='ocr_par' dir='ltr' id='par_1_41' title="bbox 355 2551 2008 2625">
     <span class='ocr_line' id='line_1_41' title="bbox 355 2551 2008 2625; baseline 0.001 -18"><span class='ocrx_word' id='word_1_292' title='bbox 355 2551 716 2608; x_wconf 87' lang='lat' dir='ltr'>Cisomensis</span> <span class='ocrx_word' id='word_1_293' title='bbox 736 2555 993 2608; x_wconf 79' lang='lat' dir='ltr'>maritus.</span> <span class='ocrx_word' id='word_1_294' title='bbox 1019 2554 1161 2608; x_wconf 87' lang='lat' dir='ltr'>Cum</span> <span class='ocrx_word' id='word_1_295' title='bbox 1194 2553 1374 2625; x_wconf 87' lang='lat' dir='ltr'>igitur</span> <span class='ocrx_word' id='word_1_296' title='bbox 1395 2553 1681 2625; x_wconf 61' lang='lat' dir='ltr'>praedictae</span> <span class='ocrx_word' id='word_1_297' title='bbox 1713 2555 1841 2609; x_wconf 66' lang='lat' dir='ltr'>duae</span> <span class='ocrx_word' id='word_1_298' title='bbox 1855 2556 2008 2625; x_wconf 88' lang='lat' dir='ltr'>ejus-</span> 
     </span>
    </p>
   </div>
   <div class='ocr_carea' id='block_1_42' title="bbox 355 2641 2004 2707">
    <p class='ocr_par' dir='ltr' id='par_1_42' title="bbox 355 2641 2004 2707">
     <span class='ocr_line' id='line_1_42' title="bbox 355 2641 2004 2707; baseline 0.001 -11"><span class='ocrx_word' id='word_1_299' title='bbox 355 2641 488 2696; x_wconf 91' lang='lat' dir='ltr'>dem</span> <span class='ocrx_word' id='word_1_300' title='bbox 520 2657 770 2707; x_wconf 88' lang='lat' dir='ltr'>sorores,</span> <span class='ocrx_word' id='word_1_301' title='bbox 803 2658 906 2697; x_wconf 91' lang='lat' dir='ltr'>seu</span> <span class='ocrx_word' id='word_1_302' title='bbox 937 2641 1142 2697; x_wconf 84' lang='lat' dir='ltr'>Giselae</span> <span class='ocrx_word' id='word_1_303' title='bbox 1177 2641 1305 2696; x_wconf 86' lang='lat' dir='ltr'>ﬁliae</span> <span class='ocrx_word' id='word_1_304' title='bbox 1338 2642 1483 2697; x_wconf 89' lang='lat' dir='ltr'>alios</span> <span class='ocrx_word' id='word_1_305' title='bbox 1515 2642 1826 2698; x_wconf 86' lang='lat' dir='ltr'>habuerint</span> <span class='ocrx_word' id='word_1_306' title='bbox 1882 2661 2004 2698; x_wconf 90' lang='lat' dir='ltr'>ma-</span> 
     </span>
    </p>
   </div>
   <div class='ocr_carea' id='block_1_43' title="bbox 355 2729 2010 2804">
    <p class='ocr_par' dir='ltr' id='par_1_43' title="bbox 355 2729 2010 2804">
     <span class='ocr_line' id='line_1_43' title="bbox 355 2729 2010 2804; baseline 0.002 -20"><span class='ocrx_word' id='word_1_307' title='bbox 355 2731 524 2798; x_wconf 87' lang='lat' dir='ltr'>ritos,</span> <span class='ocrx_word' id='word_1_308' title='bbox 551 2729 903 2784; x_wconf 88' lang='lat' dir='ltr'>alterutrum</span> <span class='ocrx_word' id='word_1_309' title='bbox 935 2731 1334 2802; x_wconf 88' lang='lat' dir='ltr'>consequitur,</span> <span class='ocrx_word' id='word_1_310' title='bbox 1368 2730 1455 2786; x_wconf 88' lang='lat' dir='ltr'>vel</span> <span class='ocrx_word' id='word_1_311' title='bbox 1476 2731 1865 2804; x_wconf 83' lang='lat' dir='ltr'>Ingeltrudem</span> <span class='ocrx_word' id='word_1_312' title='bbox 1900 2737 2010 2787; x_wconf 89' lang='lat' dir='ltr'>ter-</span> 
     </span>
    </p>
   </div>
   <div class='ocr_carea' id='block_1_44' title="bbox 356 2819 2010 2891">
    <p class='ocr_par' dir='ltr' id='par_1_44' title="bbox 356 2819 2010 2891">
     <span class='ocr_line' id='line_1_44' title="bbox 356 2819 2010 2891; baseline 0.001 -17"><span class='ocrx_word' id='word_1_313' title='bbox 356 2820 498 2874; x_wconf 86' lang='lat' dir='ltr'>tiam</span> <span class='ocrx_word' id='word_1_314' title='bbox 531 2819 782 2874; x_wconf 90' lang='lat' dir='ltr'>istarum</span> <span class='ocrx_word' id='word_1_315' title='bbox 815 2836 1076 2876; x_wconf 84' lang='lat' dir='ltr'>sororem</span> <span class='ocrx_word' id='word_1_316' title='bbox 1105 2819 1423 2875; x_wconf 90' lang='lat' dir='ltr'>monialem</span> <span class='ocrx_word' id='word_1_317' title='bbox 1451 2820 1610 2875; x_wconf 89' lang='lat' dir='ltr'>haud</span> <span class='ocrx_word' id='word_1_318' title='bbox 1645 2821 1848 2891; x_wconf 88' lang='lat' dir='ltr'>fuisse,</span> <span class='ocrx_word' id='word_1_319' title='bbox 1907 2826 2010 2876; x_wconf 91' lang='lat' dir='ltr'>aut</span> 
     </span>
    </p>
   </div>
   <div class='ocr_carea' id='block_1_45' title="bbox 353 2908 2006 2980">
    <p class='ocr_par' dir='ltr' id='par_1_45' title="bbox 353 2908 2006 2980">
     <span class='ocr_line' id='line_1_45' title="bbox 353 2908 2006 2980; baseline 0.002 -18"><span class='ocrx_word' id='word_1_320' title='bbox 353 2912 628 2980; x_wconf 85' lang='lat' dir='ltr'>quartam</span> <span class='ocrx_word' id='word_1_321' title='bbox 662 2908 723 2962; x_wconf 91' lang='lat' dir='ltr'>in</span> <span class='ocrx_word' id='word_1_322' title='bbox 755 2912 1106 2964; x_wconf 89' lang='lat' dir='ltr'>testamento</span> <span class='ocrx_word' id='word_1_323' title='bbox 1127 2909 1406 2964; x_wconf 87' lang='lat' dir='ltr'>omissam</span> <span class='ocrx_word' id='word_1_324' title='bbox 1430 2909 1623 2965; x_wconf 89' lang='lat' dir='ltr'>adhuc</span> <span class='ocrx_word' id='word_1_325' title='bbox 1645 2927 1772 2966; x_wconf 90' lang='lat' dir='ltr'>esse</span> <span class='ocrx_word' id='word_1_326' title='bbox 1793 2911 2006 2965; x_wconf 85' lang='lat' dir='ltr'>admit-</span> 
     </span>
    </p>
   </div>
   <div class='ocr_carea' id='block_1_46' title="bbox 355 2997 2010 3070">
    <p class='ocr_par' dir='ltr' id='par_1_46' title="bbox 355 2997 2010 3070">
     <span class='ocr_line' id='line_1_46' title="bbox 355 2997 2010 3070; baseline 0.001 -18"><span class='ocrx_word' id='word_1_327' title='bbox 355 2997 621 3065; x_wconf 86' lang='lat' dir='ltr'>tendam,</span> <span class='ocrx_word' id='word_1_328' title='bbox 653 2997 739 3050; x_wconf 87' lang='lat' dir='ltr'>uti</span> <span class='ocrx_word' id='word_1_329' title='bbox 772 3013 951 3068; x_wconf 89' lang='lat' dir='ltr'>supra</span> <span class='ocrx_word' id='word_1_330' title='bbox 1009 2998 1058 3070; x_wconf 62' lang='grc' dir='ltr'>(ξ</span> <span class='ocrx_word' id='word_1_331' title='bbox 1090 2999 1176 3068; x_wconf 91' lang='grc'>11)</span> <span class='ocrx_word' id='word_1_332' title='bbox 1217 2999 1288 3053; x_wconf 91' lang='lat' dir='ltr'>de</span> <span class='ocrx_word' id='word_1_333' title='bbox 1335 2998 1539 3070; x_wconf 90' lang='lat' dir='ltr'>quinto</span> <span class='ocrx_word' id='word_1_334' title='bbox 1596 2999 1785 3054; x_wconf 88' lang='lat' dir='ltr'>adhuc</span> <span class='ocrx_word' id='word_1_335' title='bbox 1836 3001 2010 3054; x_wconf 82' lang='lat' dir='ltr'>fratre</span> 
     </span>
    </p>
   </div>
   <div class='ocr_carea' id='block_1_47' title="bbox 357 3085 1224 3156">
    <p class='ocr_par' dir='ltr' id='par_1_47' title="bbox 357 3085 1224 3156">
     <span class='ocr_line' id='line_1_47' title="bbox 357 3085 1224 3156; baseline 0 -15"><span class='ocrx_word' id='word_1_336' title='bbox 357 3085 628 3141; x_wconf 88' lang='lat' dir='ltr'>Udalrico</span> <span class='ocrx_word' id='word_1_337' title='bbox 657 3085 964 3156; x_wconf 89' lang='lat' dir='ltr'>conjectati</span> <span class='ocrx_word' id='word_1_338' title='bbox 997 3103 1224 3142; x_wconf 90' lang='lat' dir='ltr'>sumus.</span> 
     </span>
    </p>
   </div>
   <div class='ocr_carea' id='block_1_48' title="bbox 427 3174 2011 3248">
    <p class='ocr_par' dir='ltr' id='par_1_48' title="bbox 427 3174 2011 3248">
     <span class='ocr_line' id='line_1_48' title="bbox 427 3174 2011 3248; baseline 0.003 -19"><span class='ocrx_word' id='word_1_339' title='bbox 427 3179 509 3229; x_wconf 73' lang='lat' dir='ltr'>Ex</span> <span class='ocrx_word' id='word_1_340' title='bbox 533 3174 839 3246; x_wconf 66' lang='lat' dir='ltr'>prmmisso</span> <span class='ocrx_word' id='word_1_341' title='bbox 870 3178 1066 3230; x_wconf 89' lang='lat' dir='ltr'>autem</span> <span class='ocrx_word' id='word_1_342' title='bbox 1102 3179 1415 3231; x_wconf 87' lang='lat' dir='ltr'>stemmate</span> <span class='ocrx_word' id='word_1_343' title='bbox 1438 3180 1586 3247; x_wconf 86' lang='lat' dir='ltr'>patel</span> <span class='ocrx_word' id='word_1_344' title='bbox 1623 3193 1739 3248; x_wconf 82' lang='lat' dir='ltr'>qua</span> <span class='ocrx_word' id='word_1_345' title='bbox 1790 3177 2011 3233; x_wconf 86' lang='lat' dir='ltr'>ratione</span> 
     </span>
    </p>
   </div>
   <div class='ocr_carea' id='block_1_49' title="bbox 2115 1931 3757 2014">
    <p class='ocr_par' dir='ltr' id='par_1_49' title="bbox 2115 1931 3757 2014">
     <span class='ocr_line' id='line_1_49' title="bbox 2115 1931 3757 2014; baseline 0.01 -29"><span class='ocrx_word' id='word_1_346' title='bbox 2115 1932 2336 2002; x_wconf 88' lang='lat' dir='ltr'>absque</span> <span class='ocrx_word' id='word_1_347' title='bbox 2367 1931 2745 1987; x_wconf 87' lang='lat' dir='ltr'>fundamento</span> <span class='ocrx_word' id='word_1_348' title='bbox 2776 1939 2832 1988; x_wconf 90' lang='lat' dir='ltr'>et</span> <span class='ocrx_word' id='word_1_349' title='bbox 2860 1950 2927 1988; x_wconf 82' lang='lat' dir='ltr'>ex</span> <span class='ocrx_word' id='word_1_350' title='bbox 2967 1936 3201 1992; x_wconf 89' lang='lat' dir='ltr'>cerebro</span> <span class='ocrx_word' id='word_1_351' title='bbox 3248 1941 3579 2014; x_wconf 87' lang='lat' dir='ltr'>conﬁngere</span> <span class='ocrx_word' id='word_1_352' title='bbox 3637 1947 3757 2002; x_wconf 86' lang='lat' dir='ltr'>sive</span> 
     </span>
    </p>
   </div>
   <div class='ocr_carea' id='block_1_50' title="bbox 2113 2019 3754 2104">
    <p class='ocr_par' dir='ltr' id='par_1_50' title="bbox 2113 2019 3754 2104">
     <span class='ocr_line' id='line_1_50' title="bbox 2113 2019 3754 2104; baseline 0.009 -29"><span class='ocrx_word' id='word_1_353' title='bbox 2113 2019 2368 2076; x_wconf 90' lang='lat' dir='ltr'>voluisse</span> <span class='ocrx_word' id='word_1_354' title='bbox 2390 2021 2508 2075; x_wconf 90' lang='lat' dir='ltr'>sive</span> <span class='ocrx_word' id='word_1_355' title='bbox 2528 2022 2806 2092; x_wconf 90' lang='lat' dir='ltr'>potuisse,</span> <span class='ocrx_word' id='word_1_356' title='bbox 2842 2021 2982 2094; x_wconf 89' lang='lat' dir='ltr'>quin</span> <span class='ocrx_word' id='word_1_357' title='bbox 3015 2024 3284 2081; x_wconf 82' lang='lat' dir='ltr'>falsitatis</span> <span class='ocrx_word' id='word_1_358' title='bbox 3316 2029 3585 2086; x_wconf 66' lang='lat' dir='ltr'>admissae</span> <span class='ocrx_word' id='word_1_359' title='bbox 3633 2033 3754 2104; x_wconf 87' lang='lat' dir='ltr'>pia-</span> 
     </span>
    </p>
   </div>
   <div class='ocr_carea' id='block_1_51' title="bbox 2115 2109 3756 2184">
    <p class='ocr_par' dir='ltr' id='par_1_51' title="bbox 2115 2109 3756 2184">
     <span class='ocr_line' id='line_1_51' title="bbox 2115 2109 3756 2184; baseline 0.009 -21"><span class='ocrx_word' id='word_1_360' title='bbox 2115 2109 2246 2164; x_wconf 91' lang='lat' dir='ltr'>culo</span> <span class='ocrx_word' id='word_1_361' title='bbox 2277 2125 2338 2164; x_wconf 91' lang='lat' dir='ltr'>se</span> <span class='ocrx_word' id='word_1_362' title='bbox 2359 2114 2677 2180; x_wconf 84' lang='lat' dir='ltr'>exponeret</span> <span class='ocrx_word' id='word_1_363' title='bbox 2697 2127 2762 2166; x_wconf 92' lang='lat' dir='ltr'>eo</span> <span class='ocrx_word' id='word_1_364' title='bbox 2785 2115 3047 2183; x_wconf 87' lang='lat' dir='ltr'>tempore</span> <span class='ocrx_word' id='word_1_365' title='bbox 3069 2130 3184 2184; x_wconf 90' lang='lat' dir='ltr'>quo</span> <span class='ocrx_word' id='word_1_366' title='bbox 3207 2116 3409 2172; x_wconf 89' lang='lat' dir='ltr'>eadem</span> <span class='ocrx_word' id='word_1_367' title='bbox 3444 2120 3667 2177; x_wconf 82' lang='lat' dir='ltr'>familia</span> <span class='ocrx_word' id='word_1_368' title='bbox 3697 2123 3756 2178; x_wconf 93' lang='lat' dir='ltr'>in</span> 
     </span>
    </p>
   </div>
   <div class='ocr_carea' id='block_1_52' title="bbox 2116 2199 3757 2282">
    <p class='ocr_par' dir='ltr' id='par_1_52' title="bbox 2116 2199 3757 2282">
     <span class='ocr_line' id='line_1_52' title="bbox 2116 2199 3757 2282; baseline 0.01 -31"><span class='ocrx_word' id='word_1_369' title='bbox 2116 2199 2314 2270; x_wconf 91' lang='lat' dir='ltr'>plures</span> <span class='ocrx_word' id='word_1_370' title='bbox 2348 2215 2541 2254; x_wconf 83' lang='lat' dir='ltr'>ramos</span> <span class='ocrx_word' id='word_1_371' title='bbox 2573 2199 2758 2255; x_wconf 87' lang='lat' dir='ltr'>divisa</span> <span class='ocrx_word' id='word_1_372' title='bbox 2788 2200 3126 2256; x_wconf 86' lang='lat' dir='ltr'>adhucdum</span> <span class='ocrx_word' id='word_1_373' title='bbox 3185 2203 3433 2276; x_wconf 85' lang='lat' dir='ltr'>vigebat,</span> <span class='ocrx_word' id='word_1_374' title='bbox 3495 2209 3757 2282; x_wconf 87' lang='lat' dir='ltr'>adeoque</span> 
     </span>
    </p>
   </div>
   <div class='ocr_carea' id='block_1_53' title="bbox 2116 2286 3761 2364">
    <p class='ocr_par' dir='ltr' id='par_1_53' title="bbox 2116 2286 3761 2364">
     <span class='ocr_line' id='line_1_53' title="bbox 2116 2286 3761 2364; baseline 0.009 -23"><span class='ocrx_word' id='word_1_375' title='bbox 2116 2286 2324 2342; x_wconf 86' lang='lat' dir='ltr'>melius</span> <span class='ocrx_word' id='word_1_376' title='bbox 2340 2304 2515 2359; x_wconf 87' lang='lat' dir='ltr'>quam</span> <span class='ocrx_word' id='word_1_377' title='bbox 2535 2305 2691 2343; x_wconf 89' lang='lat' dir='ltr'>nunc</span> <span class='ocrx_word' id='word_1_378' title='bbox 2713 2289 2784 2343; x_wconf 93' lang='lat' dir='ltr'>de</span> <span class='ocrx_word' id='word_1_379' title='bbox 2814 2305 2948 2343; x_wconf 86' lang='lat' dir='ltr'>vera</span> <span class='ocrx_word' id='word_1_380' title='bbox 2970 2290 3098 2360; x_wconf 83' lang='lat' dir='ltr'>ejus</span> <span class='ocrx_word' id='word_1_381' title='bbox 3130 2292 3350 2364; x_wconf 83' lang='lat' dir='ltr'>origine</span> <span class='ocrx_word' id='word_1_382' title='bbox 3381 2300 3645 2353; x_wconf 89' lang='lat' dir='ltr'>constare</span> <span class='ocrx_word' id='word_1_383' title='bbox 3668 2300 3761 2355; x_wconf 88' lang='lat' dir='ltr'>de-</span> 
     </span>
    </p>
   </div>
   <div class='ocr_carea' id='block_1_54' title="bbox 2070 2375 3760 2447">
    <p class='ocr_par' dir='ltr' id='par_1_54' title="bbox 2070 2375 3760 2447">
     <span class='ocr_line' id='line_1_54' title="bbox 2070 2375 3760 2447; baseline 0.009 -19"><span class='ocrx_word' id='word_1_384' title='bbox 2070 2376 2260 2429; x_wconf 54' lang='lat' dir='ltr'>«buit.</span> <span class='ocrx_word' id='word_1_385' title='bbox 2287 2375 2761 2447; x_wconf 88' lang='lat' dir='ltr'>Brigantinorum</span> <span class='ocrx_word' id='word_1_386' title='bbox 2796 2377 3000 2433; x_wconf 89' lang='lat' dir='ltr'>saltem</span> <span class='ocrx_word' id='word_1_387' title='bbox 3034 2380 3315 2436; x_wconf 88' lang='lat' dir='ltr'>comitum</span> <span class='ocrx_word' id='word_1_388' title='bbox 3351 2399 3483 2438; x_wconf 90' lang='lat' dir='ltr'>cum</span> <span class='ocrx_word' id='word_1_389' title='bbox 3502 2387 3760 2444; x_wconf 84' lang='lat' dir='ltr'>Carolin-</span> 
     </span>
    </p>
   </div>
   <div class='ocr_carea' id='block_1_55' title="bbox 2116 2463 3756 2538">
    <p class='ocr_par' dir='ltr' id='par_1_55' title="bbox 2116 2463 3756 2538">
     <span class='ocr_line' id='line_1_55' title="bbox 2116 2463 3756 2538; baseline 0.009 -22"><span class='ocrx_word' id='word_1_390' title='bbox 2116 2463 2261 2536; x_wconf 88' lang='lat' dir='ltr'>gicis</span> <span class='ocrx_word' id='word_1_391' title='bbox 2281 2463 2514 2535; x_wconf 89' lang='lat' dir='ltr'>regibus</span> <span class='ocrx_word' id='word_1_392' title='bbox 2529 2467 2836 2537; x_wconf 88' lang='lat' dir='ltr'>sanguinis</span> <span class='ocrx_word' id='word_1_393' title='bbox 2853 2467 3350 2538; x_wconf 88' lang='lat' dir='ltr'>propinquitatem</span> <span class='ocrx_word' id='word_1_394' title='bbox 3381 2475 3542 2527; x_wconf 85' lang='lat' dir='ltr'>extra</span> <span class='ocrx_word' id='word_1_395' title='bbox 3587 2475 3756 2530; x_wconf 91' lang='lat' dir='ltr'>dubi-</span> 
     </span>
    </p>
   </div>
   <div class='ocr_carea' id='block_1_56' title="bbox 2119 2554 3761 2634">
    <p class='ocr_par' dir='ltr' id='par_1_56' title="bbox 2119 2554 3761 2634">
     <span class='ocr_line' id='line_1_56' title="bbox 2119 2554 3761 2634; baseline 0.008 -26"><span class='ocrx_word' id='word_1_396' title='bbox 2119 2570 2215 2608; x_wconf 90' lang='lat' dir='ltr'>um</span> <span class='ocrx_word' id='word_1_397' title='bbox 2233 2554 2394 2624; x_wconf 89' lang='lat' dir='ltr'>ponit</span> <span class='ocrx_word' id='word_1_398' title='bbox 2415 2570 2564 2625; x_wconf 68' lang='lat' dir='ltr'>saepe</span> <span class='ocrx_word' id='word_1_399' title='bbox 2587 2554 2832 2609; x_wconf 85' lang='lat' dir='ltr'>citatum</span> <span class='ocrx_word' id='word_1_400' title='bbox 2865 2557 3131 2611; x_wconf 80' lang='lat' dir='ltr'>Ludovici</span> <span class='ocrx_word' id='word_1_401' title='bbox 3156 2557 3483 2616; x_wconf 87' lang='lat' dir='ltr'>Germanici</span> <span class='ocrx_word' id='word_1_402' title='bbox 3502 2563 3761 2634; x_wconf 87' lang='lat' dir='ltr'>diploma</span> 
     </span>
    </p>
   </div>
   <div class='ocr_carea' id='block_1_57' title="bbox 2118 2643 3761 2718">
    <p class='ocr_par' dir='ltr' id='par_1_57' title="bbox 2118 2643 3761 2718">
     <span class='ocr_line' id='line_1_57' title="bbox 2118 2643 3761 2718; baseline 0.008 -22"><span class='ocrx_word' id='word_1_403' title='bbox 2118 2643 2255 2697; x_wconf 91' lang='lat' dir='ltr'>anni</span> <span class='ocrx_word' id='word_1_404' title='bbox 2284 2643 2409 2706; x_wconf 86' lang='lat'>867,</span> <span class='ocrx_word' id='word_1_405' title='bbox 2442 2659 2557 2713; x_wconf 93' lang='lat' dir='ltr'>quo</span> <span class='ocrx_word' id='word_1_406' title='bbox 2591 2643 2923 2699; x_wconf 89' lang='lat' dir='ltr'>Udalricum</span> <span class='ocrx_word' id='word_1_407' title='bbox 2948 2644 3182 2700; x_wconf 89' lang='lat' dir='ltr'>illarum</span> <span class='ocrx_word' id='word_1_408' title='bbox 3204 2649 3457 2718; x_wconf 90' lang='lat' dir='ltr'>partium</span> <span class='ocrx_word' id='word_1_409' title='bbox 3488 2654 3761 2710; x_wconf 90' lang='lat' dir='ltr'>comitem</span> 
     </span>
    </p>
   </div>
   <div class='ocr_carea' id='block_1_58' title="bbox 2117 2732 3763 2804">
    <p class='ocr_par' dir='ltr' id='par_1_58' title="bbox 2117 2732 3763 2804">
     <span class='ocr_line' id='line_1_58' title="bbox 2117 2732 3763 2804; baseline 0.006 -18"><span class='ocrx_word' id='word_1_410' title='bbox 2117 2741 2359 2803; x_wconf 75' lang='lat' dir='ltr'>nepotem</span> <span class='ocrx_word' id='word_1_411' title='bbox 2386 2749 2546 2786; x_wconf 79' lang='lat' dir='ltr'>suum</span> <span class='ocrx_word' id='word_1_412' title='bbox 2569 2732 3075 2804; x_wconf 87' lang='lat' dir='ltr'>compellat,cujus</span> <span class='ocrx_word' id='word_1_413' title='bbox 3102 2735 3339 2804; x_wconf 89' lang='lat' dir='ltr'>quidem</span> <span class='ocrx_word' id='word_1_414' title='bbox 3373 2738 3655 2794; x_wconf 88' lang='lat' dir='ltr'>rationem</span> <span class='ocrx_word' id='word_1_415' title='bbox 3678 2742 3763 2796; x_wconf 87' lang='lat' dir='ltr'>in-</span> 
     </span>
    </p>
   </div>
   <div class='ocr_carea' id='block_1_59' title="bbox 2116 2819 3764 2900">
    <p class='ocr_par' dir='ltr' id='par_1_59' title="bbox 2116 2819 3764 2900">
     <span class='ocr_line' id='line_1_59' title="bbox 2116 2819 3764 2900; baseline 0.007 -26"><span class='ocrx_word' id='word_1_416' title='bbox 2116 2821 2400 2892; x_wconf 85' lang='lat' dir='ltr'>vestigare</span> <span class='ocrx_word' id='word_1_417' title='bbox 2431 2819 2734 2892; x_wconf 89' lang='lat' dir='ltr'>hucusque</span> <span class='ocrx_word' id='word_1_418' title='bbox 2759 2820 2975 2891; x_wconf 88' lang='lat' dir='ltr'>duplici</span> <span class='ocrx_word' id='word_1_419' title='bbox 3009 2821 3099 2876; x_wconf 89' lang='lat' dir='ltr'>via</span> <span class='ocrx_word' id='word_1_420' title='bbox 3145 2825 3520 2881; x_wconf 85' lang='lat' dir='ltr'>tentavimus.</span> <span class='ocrx_word' id='word_1_421' title='bbox 3566 2828 3764 2900; x_wconf 88' lang='lat' dir='ltr'>Neque</span> 
     </span>
    </p>
   </div>
   <div class='ocr_carea' id='block_1_60' title="bbox 2117 2907 3764 2987">
    <p class='ocr_par' dir='ltr' id='par_1_60' title="bbox 2117 2907 3764 2987">
     <span class='ocr_line' id='line_1_60' title="bbox 2117 2907 3764 2987; baseline 0.006 -23"><span class='ocrx_word' id='word_1_422' title='bbox 2117 2926 2250 2964; x_wconf 90' lang='lat' dir='ltr'>vero</span> <span class='ocrx_word' id='word_1_423' title='bbox 2281 2913 2533 2964; x_wconf 88' lang='lat' dir='ltr'>stemma</span> <span class='ocrx_word' id='word_1_424' title='bbox 2564 2909 2721 2963; x_wconf 88' lang='lat' dir='ltr'>istud</span> <span class='ocrx_word' id='word_1_425' title='bbox 2754 2907 2891 2963; x_wconf 90' lang='lat' dir='ltr'>olim</span> <span class='ocrx_word' id='word_1_426' title='bbox 2925 2915 3044 2964; x_wconf 85' lang='lat' dir='ltr'>tam</span> <span class='ocrx_word' id='word_1_427' title='bbox 3079 2910 3301 2967; x_wconf 88' lang='lat' dir='ltr'>celebre</span> <span class='ocrx_word' id='word_1_428' title='bbox 3332 2913 3574 2987; x_wconf 65' lang='lat' dir='ltr'>aliaeque</span> <span class='ocrx_word' id='word_1_429' title='bbox 3628 2917 3764 2974; x_wconf 90' lang='lat' dir='ltr'>inde</span> 
     </span>
    </p>
   </div>
   <div class='ocr_carea' id='block_1_61' title="bbox 2119 2997 3764 3070">
    <p class='ocr_par' dir='ltr' id='par_1_61' title="bbox 2119 2997 3764 3070">
     <span class='ocr_line' id='line_1_61' title="bbox 2119 2997 3764 3070; baseline 0.007 -17"><span class='ocrx_word' id='word_1_430' title='bbox 2119 2999 2536 3054; x_wconf 87' lang='lat' dir='ltr'>descendentes</span> <span class='ocrx_word' id='word_1_431' title='bbox 2561 2997 2774 3052; x_wconf 84' lang='lat' dir='ltr'>discuti</span> <span class='ocrx_word' id='word_1_432' title='bbox 2793 2998 2936 3052; x_wconf 89' lang='lat' dir='ltr'>satis</span> <span class='ocrx_word' id='word_1_433' title='bbox 2966 3004 3266 3070; x_wconf 86' lang='lat' dir='ltr'>poterunt,</span> <span class='ocrx_word' id='word_1_434' title='bbox 3301 3003 3555 3060; x_wconf 82' lang='lat' dir='ltr'>maxime</span> <span class='ocrx_word' id='word_1_435' title='bbox 3579 3006 3652 3062; x_wconf 91' lang='lat' dir='ltr'>ob</span> <span class='ocrx_word' id='word_1_436' title='bbox 3679 3011 3764 3064; x_wconf 92' lang='lat' dir='ltr'>tot</span> 
     </span>
    </p>
   </div>
   <div class='ocr_carea' id='block_1_62' title="bbox 2121 3084 3758 3158">
    <p class='ocr_par' dir='ltr' id='par_1_62' title="bbox 2121 3084 3758 3158">
     <span class='ocr_line' id='line_1_62' title="bbox 2121 3084 3758 3158; baseline 0.005 -17"><span class='ocrx_word' id='word_1_437' title='bbox 2121 3086 2497 3158; x_wconf 88' lang='lat' dir='ltr'>cognomines</span> <span class='ocrx_word' id='word_1_438' title='bbox 2515 3084 2839 3156; x_wconf 87' lang='lat' dir='ltr'>Udalricos,</span> <span class='ocrx_word' id='word_1_439' title='bbox 2864 3088 3018 3158; x_wconf 92' lang='lat' dir='ltr'>quod</span> <span class='ocrx_word' id='word_1_440' title='bbox 3042 3105 3254 3144; x_wconf 89' lang='lat' dir='ltr'>nomen</span> <span class='ocrx_word' id='word_1_441' title='bbox 3279 3106 3345 3144; x_wconf 89' lang='lat' dir='ltr'>ex</span> <span class='ocrx_word' id='word_1_442' title='bbox 3369 3109 3486 3148; x_wconf 90' lang='lat' dir='ltr'>una</span> <span class='ocrx_word' id='word_1_443' title='bbox 3509 3093 3566 3147; x_wconf 93' lang='lat' dir='ltr'>in</span> <span class='ocrx_word' id='word_1_444' title='bbox 3583 3094 3758 3150; x_wconf 90' lang='lat' dir='ltr'>aliam</span> 
     </span>
    </p>
   </div>
   <div class='ocr_carea' id='block_1_63' title="bbox 2123 3175 3758 3250">
    <p class='ocr_par' dir='ltr' id='par_1_63' title="bbox 2123 3175 3758 3250">
     <span class='ocr_line' id='line_1_63' title="bbox 2123 3175 3758 3250; baseline 0.005 -20"><span class='ocrx_word' id='word_1_445' title='bbox 2123 3175 2404 3230; x_wconf 84' lang='lat' dir='ltr'>familiam</span> <span class='ocrx_word' id='word_1_446' title='bbox 2439 3175 2510 3229; x_wconf 91' lang='lat' dir='ltr'>ob</span> <span class='ocrx_word' id='word_1_447' title='bbox 2533 3179 2856 3229; x_wconf 83' lang='lat' dir='ltr'>contractas</span> <span class='ocrx_word' id='word_1_448' title='bbox 2879 3177 3194 3233; x_wconf 88' lang='lat' dir='ltr'>afﬁnitates</span> <span class='ocrx_word' id='word_1_449' title='bbox 3217 3178 3454 3235; x_wconf 82' lang='lat' dir='ltr'>ﬂuxisse</span> <span class='ocrx_word' id='word_1_450' title='bbox 3511 3183 3758 3250; x_wconf 90' lang='lat' dir='ltr'>videtur,</span> 
     </span>
    </p>
   </div>
   <div class='ocr_carea' id='block_1_64' title="bbox 357 3252 3761 3337">
    <p class='ocr_par' dir='ltr' id='par_1_64' title="bbox 357 3252 3761 3337">
     <span class='ocr_line' id='line_1_64' title="bbox 357 3252 3761 3337; baseline 0.002 -19"><span class='ocrx_word' id='word_1_451' title='bbox 357 3264 420 3318; x_wconf 82' lang='lat' dir='ltr'>S.</span> <span class='ocrx_word' id='word_1_452' title='bbox 453 3263 801 3318; x_wconf 88' lang='lat' dir='ltr'>Gebhardus</span> <span class='ocrx_word' id='word_1_453' title='bbox 824 3264 881 3318; x_wconf 91' lang='lat' dir='ltr'>in</span> <span class='ocrx_word' id='word_1_454' title='bbox 907 3263 1190 3321; x_wconf 89' lang='lat' dir='ltr'>Chronico</span> <span class='ocrx_word' id='word_1_455' title='bbox 1216 3270 1413 3320; x_wconf 89' lang='lat' dir='ltr'>nostro</span> <span class='ocrx_word' id='word_1_456' title='bbox 1431 3283 1612 3337; x_wconf 84' lang='lat' dir='ltr'>nepos</span> <span class='ocrx_word' id='word_1_457' title='bbox 1633 3266 1860 3321; x_wconf 83' lang='lat' dir='ltr'>dicatur</span> <span class='ocrx_word' id='word_1_458' title='bbox 1890 3272 2007 3322; x_wconf 88' lang='lat' dir='ltr'>tam</span> <span class='ocrx_word' id='word_1_459' title='bbox 2042 3252 2083 3317; x_wconf 87' lang='lat' dir='ltr'><strong><em>C</em></strong></span> <span class='ocrx_word' id='word_1_460' title='bbox 2123 3265 2303 3320; x_wconf 91' lang='lat' dir='ltr'>donec</span> <span class='ocrx_word' id='word_1_461' title='bbox 2328 3263 2582 3335; x_wconf 89' lang='lat' dir='ltr'>genuina</span> <span class='ocrx_word' id='word_1_462' title='bbox 2612 3263 2846 3317; x_wconf 88' lang='lat' dir='ltr'>interim</span> <span class='ocrx_word' id='word_1_463' title='bbox 2870 3265 3241 3334; x_wconf 82' lang='lat' dir='ltr'>producenda</span> <span class='ocrx_word' id='word_1_464' title='bbox 3271 3268 3620 3325; x_wconf 88' lang='lat' dir='ltr'>documenta</span> <span class='ocrx_word' id='word_1_465' title='bbox 3639 3287 3761 3327; x_wconf 89' lang='lat' dir='ltr'>rem</span> 
     </span>
    </p>
   </div>
   <div class='ocr_carea' id='block_1_65' title="bbox 367 3351 2013 3424">
    <p class='ocr_par' dir='ltr' id='par_1_65' title="bbox 367 3351 2013 3424">
     <span class='ocr_line' id='line_1_65' title="bbox 367 3351 2013 3424; baseline 0.003 -19"><span class='ocrx_word' id='word_1_466' title='bbox 367 3351 657 3423; x_wconf 75' lang='lat' dir='ltr'>Bedwigis</span> <span class='ocrx_word' id='word_1_467' title='bbox 690 3352 963 3420; x_wconf 72' lang='lat' dir='ltr'>ducissaa,</span> <span class='ocrx_word' id='word_1_468' title='bbox 998 3370 1174 3424; x_wconf 86' lang='lat' dir='ltr'>quam</span> <span class='ocrx_word' id='word_1_469' title='bbox 1220 3354 1487 3409; x_wconf 89' lang='lat' dir='ltr'>Adalardi</span> <span class='ocrx_word' id='word_1_470' title='bbox 1547 3355 2013 3411; x_wconf 88' lang='lat' dir='ltr'>Buochronensis</span> 
     </span>
    </p>
   </div>
   <div class='ocr_carea' id='block_1_66' title="bbox 373 3439 2014 3517">
    <p class='ocr_par' dir='ltr' id='par_1_66' title="bbox 373 3439 2014 3517">
     <span class='ocr_line' id='line_1_66' title="bbox 373 3439 2014 3517; baseline 0.003 -23"><span class='ocrx_word' id='word_1_471' title='bbox 373 3439 618 3509; x_wconf 84' lang='lat' dir='ltr'>comitis,</span> <span class='ocrx_word' id='word_1_472' title='bbox 649 3442 1163 3513; x_wconf 89' lang='lat' dir='ltr'>consanguinitate</span> <span class='ocrx_word' id='word_1_473' title='bbox 1195 3447 1445 3508; x_wconf 90' lang='lat' dir='ltr'>tantum,</span> <span class='ocrx_word' id='word_1_474' title='bbox 1473 3461 1587 3499; x_wconf 88' lang='lat' dir='ltr'>non</span> <span class='ocrx_word' id='word_1_475' title='bbox 1609 3444 1782 3499; x_wconf 86' lang='lat' dir='ltr'>etiam</span> <span class='ocrx_word' id='word_1_476' title='bbox 1816 3445 2014 3517; x_wconf 86' lang='lat' dir='ltr'>gradi-</span> 
     </span>
    </p>
   </div>
   <div class='ocr_carea' id='block_1_67' title="bbox 374 3528 2014 3605">
    <p class='ocr_par' dir='ltr' id='par_1_67' title="bbox 374 3528 2014 3605">
     <span class='ocr_line' id='line_1_67' title="bbox 374 3528 2014 3605; baseline 0.004 -22"><span class='ocrx_word' id='word_1_477' title='bbox 374 3528 480 3584; x_wconf 89' lang='lat' dir='ltr'>bus</span> <span class='ocrx_word' id='word_1_478' title='bbox 491 3529 868 3602; x_wconf 87' lang='lat' dir='ltr'>computatis.</span> <span class='ocrx_word' id='word_1_479' title='bbox 885 3530 1161 3593; x_wconf 88' lang='lat' dir='ltr'>Quamvis</span> <span class='ocrx_word' id='word_1_480' title='bbox 1175 3532 1330 3586; x_wconf 91' lang='lat' dir='ltr'>enim</span> <span class='ocrx_word' id='word_1_481' title='bbox 1351 3532 1408 3586; x_wconf 90' lang='lat' dir='ltr'>in</span> <span class='ocrx_word' id='word_1_482' title='bbox 1424 3533 1644 3588; x_wconf 88' lang='lat' dir='ltr'>chartis</span> <span class='ocrx_word' id='word_1_483' title='bbox 1675 3539 1733 3588; x_wconf 92' lang='lat' dir='ltr'>et</span> <span class='ocrx_word' id='word_1_484' title='bbox 1749 3533 2014 3605; x_wconf 85' lang='lat' dir='ltr'>maxime</span> 
     </span>
    </p>
   </div>
   <div class='ocr_carea' id='block_1_68' title="bbox 369 3617 2018 3692">
    <p class='ocr_par' dir='ltr' id='par_1_68' title="bbox 369 3617 2018 3692">
     <span class='ocr_line' id='line_1_68' title="bbox 369 3617 2018 3692; baseline 0.003 -20"><span class='ocrx_word' id='word_1_485' title='bbox 369 3617 788 3690; x_wconf 88' lang='lat' dir='ltr'>diplomatibus</span> <span class='ocrx_word' id='word_1_486' title='bbox 810 3618 908 3673; x_wconf 89' lang='lat' dir='ltr'>illa</span> <span class='ocrx_word' id='word_1_487' title='bbox 927 3621 1216 3691; x_wconf 87' lang='lat' dir='ltr'>graduum</span> <span class='ocrx_word' id='word_1_488' title='bbox 1231 3620 1526 3676; x_wconf 83' lang='lat' dir='ltr'>distinctio</span> <span class='ocrx_word' id='word_1_489' title='bbox 1544 3620 1890 3692; x_wconf 89' lang='lat' dir='ltr'>plerumque</span> <span class='ocrx_word' id='word_1_490' title='bbox 1910 3622 2018 3677; x_wconf 88' lang='lat' dir='ltr'>sal-</span> 
     </span>
    </p>
   </div>
   <div class='ocr_carea' id='block_1_69' title="bbox 360 3707 2014 3776">
    <p class='ocr_par' dir='ltr' id='par_1_69' title="bbox 360 3707 2014 3776">
     <span class='ocr_line' id='line_1_69' title="bbox 360 3707 2014 3776; baseline 0.002 -14"><span class='ocrx_word' id='word_1_491' title='bbox 360 3711 479 3762; x_wconf 84' lang='lat' dir='ltr'>tem</span> <span class='ocrx_word' id='word_1_492' title='bbox 503 3707 679 3763; x_wconf 86' lang='lat' dir='ltr'>fuerit</span> <span class='ocrx_word' id='word_1_493' title='bbox 697 3708 1021 3776; x_wconf 90' lang='lat' dir='ltr'>observata,</span> <span class='ocrx_word' id='word_1_494' title='bbox 1043 3708 1155 3763; x_wconf 90' lang='lat' dir='ltr'>alia</span> <span class='ocrx_word' id='word_1_495' title='bbox 1178 3714 1373 3764; x_wconf 91' lang='lat' dir='ltr'>tamen</span> <span class='ocrx_word' id='word_1_496' title='bbox 1397 3709 1804 3765; x_wconf 91' lang='lat' dir='ltr'>chronicorum</span> <span class='ocrx_word' id='word_1_497' title='bbox 1823 3711 2014 3765; x_wconf 89' lang='lat' dir='ltr'>medio</span> 
     </span>
    </p>
   </div>
   <div class='ocr_carea' id='block_1_70' title="bbox 361 3796 2013 3869">
    <p class='ocr_par' dir='ltr' id='par_1_70' title="bbox 361 3796 2013 3869">
     <span class='ocr_line' id='line_1_70' title="bbox 361 3796 2013 3869; baseline 0.002 -19"><span class='ocrx_word' id='word_1_498' title='bbox 361 3813 476 3852; x_wconf 83' lang='lat' dir='ltr'>aevo</span> <span class='ocrx_word' id='word_1_499' title='bbox 506 3797 657 3852; x_wconf 86' lang='lat' dir='ltr'>ratio</span> <span class='ocrx_word' id='word_1_500' title='bbox 691 3796 820 3867; x_wconf 86' lang='lat' dir='ltr'>fuit,</span> <span class='ocrx_word' id='word_1_501' title='bbox 843 3813 1090 3868; x_wconf 85' lang='lat' dir='ltr'>puornm</span> <span class='ocrx_word' id='word_1_502' title='bbox 1121 3798 1436 3869; x_wconf 82' lang='lat' dir='ltr'>scriptores</span> <span class='ocrx_word' id='word_1_503' title='bbox 1477 3815 1636 3854; x_wconf 89' lang='lat' dir='ltr'>more</span> <span class='ocrx_word' id='word_1_504' title='bbox 1694 3799 2013 3854; x_wconf 89' lang='lat' dir='ltr'>etiamnum</span> 
     </span>
    </p>
   </div>
   <div class='ocr_carea' id='block_1_71' title="bbox 361 3885 2013 3958">
    <p class='ocr_par' dir='ltr' id='par_1_71' title="bbox 361 3885 2013 3958">
     <span class='ocr_line' id='line_1_71' title="bbox 361 3885 2013 3958; baseline 0.001 -18"><span class='ocrx_word' id='word_1_505' title='bbox 361 3885 582 3941; x_wconf 87' lang='lat' dir='ltr'>usitato</span> <span class='ocrx_word' id='word_1_506' title='bbox 613 3901 820 3940; x_wconf 90' lang='lat' dir='ltr'>omnes</span> <span class='ocrx_word' id='word_1_507' title='bbox 850 3885 980 3941; x_wconf 91' lang='lat' dir='ltr'>illos</span> <span class='ocrx_word' id='word_1_508' title='bbox 1005 3890 1227 3957; x_wconf 80' lang='lat' dir='ltr'>nepotes</span> <span class='ocrx_word' id='word_1_509' title='bbox 1249 3887 1540 3958; x_wconf 90' lang='lat' dir='ltr'>appellare</span> <span class='ocrx_word' id='word_1_510' title='bbox 1570 3893 2013 3955; x_wconf 90' lang='lat' dir='ltr'>consueverunt,</span> 
     </span>
    </p>
   </div>
   <div class='ocr_carea' id='block_1_72' title="bbox 363 3974 2020 4048">
    <p class='ocr_par' dir='ltr' id='par_1_72' title="bbox 363 3974 2020 4048">
     <span class='ocr_line' id='line_1_72' title="bbox 363 3974 2020 4048; baseline 0.002 -19"><span class='ocrx_word' id='word_1_511' title='bbox 363 3974 462 4046; x_wconf 91' lang='lat' dir='ltr'>qui</span> <span class='ocrx_word' id='word_1_512' title='bbox 478 3974 690 4047; x_wconf 83' lang='lat' dir='ltr'>quovis</span> <span class='ocrx_word' id='word_1_513' title='bbox 703 3975 873 4030; x_wconf 92' lang='lat' dir='ltr'>modo</span> <span class='ocrx_word' id='word_1_514' title='bbox 889 3976 1302 4048; x_wconf 85' lang='lat' dir='ltr'>consanguinei</span> <span class='ocrx_word' id='word_1_515' title='bbox 1319 3979 1419 4030; x_wconf 89' lang='lat' dir='ltr'>aut</span> <span class='ocrx_word' id='word_1_516' title='bbox 1435 3977 1528 4031; x_wconf 84' lang='lat' dir='ltr'>afﬁ</span> <span class='ocrx_word' id='word_1_517' title='bbox 1540 3994 1639 4032; x_wconf 89' lang='lat' dir='ltr'>nes</span> <span class='ocrx_word' id='word_1_518' title='bbox 1653 3977 1828 4032; x_wconf 89' lang='lat' dir='ltr'>etiam</span> <span class='ocrx_word' id='word_1_519' title='bbox 1852 3981 2020 4033; x_wconf 90' lang='lat' dir='ltr'>erant</span> 
     </span>
    </p>
   </div>
   <div class='ocr_carea' id='block_1_73' title="bbox 363 4063 2018 4137">
    <p class='ocr_par' dir='ltr' id='par_1_73' title="bbox 363 4063 2018 4137">
     <span class='ocr_line' id='line_1_73' title="bbox 363 4063 2018 4137; baseline 0.002 -19"><span class='ocrx_word' id='word_1_520' title='bbox 363 4079 430 4118; x_wconf 78' lang='lat' dir='ltr'>ex</span> <span class='ocrx_word' id='word_1_521' title='bbox 459 4065 669 4119; x_wconf 87' lang='lat' dir='ltr'>eadem</span> <span class='ocrx_word' id='word_1_522' title='bbox 703 4063 884 4137; x_wconf 84' lang='lat' dir='ltr'>stirpe</span> <span class='ocrx_word' id='word_1_523' title='bbox 933 4065 1373 4120; x_wconf 86' lang='lat' dir='ltr'>descendentes.</span> <span class='ocrx_word' id='word_1_524' title='bbox 1417 4065 1623 4121; x_wconf 89' lang='lat' dir='ltr'>Utrum</span> <span class='ocrx_word' id='word_1_525' title='bbox 1676 4083 1808 4122; x_wconf 90' lang='lat' dir='ltr'>vero</span> <span class='ocrx_word' id='word_1_526' title='bbox 1866 4066 2018 4121; x_wconf 89' lang='lat' dir='ltr'>inter</span> 
     </span>
    </p>
   </div>
   <div class='ocr_carea' id='block_1_74' title="bbox 354 4151 2012 4226">
    <p class='ocr_par' dir='ltr' id='par_1_74' title="bbox 354 4151 2012 4226">
     <span class='ocr_line' id='line_1_74' title="bbox 354 4151 2012 4226; baseline 0.001 -18"><span class='ocrx_word' id='word_1_527' title='bbox 354 4151 743 4208; x_wconf 83' lang='lat' dir='ltr'>Udalricuml</span> <span class='ocrx_word' id='word_1_528' title='bbox 776 4154 1183 4226; x_wconf 86' lang='lat' dir='ltr'>Brigantinum</span> <span class='ocrx_word' id='word_1_529' title='bbox 1215 4159 1272 4210; x_wconf 91' lang='lat' dir='ltr'>et</span> <span class='ocrx_word' id='word_1_530' title='bbox 1316 4155 1568 4210; x_wconf 89' lang='lat' dir='ltr'>Uzonem</span> <span class='ocrx_word' id='word_1_531' title='bbox 1602 4157 1660 4211; x_wconf 91' lang='lat' dir='ltr'>S.</span> <span class='ocrx_word' id='word_1_532' title='bbox 1721 4155 2012 4212; x_wconf 90' lang='lat' dir='ltr'>Gebhardi</span> 
     </span>
    </p>
   </div>
   <div class='ocr_carea' id='block_1_75' title="bbox 351 4240 2011 4314">
    <p class='ocr_par' dir='ltr' id='par_1_75' title="bbox 351 4240 2011 4314">
     <span class='ocr_line' id='line_1_75' title="bbox 351 4240 2011 4314; baseline 0.002 -19"><span class='ocrx_word' id='word_1_533' title='bbox 351 4245 576 4314; x_wconf 88' lang='lat' dir='ltr'>patrem</span> <span class='ocrx_word' id='word_1_534' title='bbox 616 4240 733 4296; x_wconf 89' lang='lat' dir='ltr'>alia</span> <span class='ocrx_word' id='word_1_535' title='bbox 764 4242 954 4296; x_wconf 89' lang='lat' dir='ltr'>adhuc</span> <span class='ocrx_word' id='word_1_536' title='bbox 986 4244 1282 4314; x_wconf 81' lang='lat' dir='ltr'>generatio</span> <span class='ocrx_word' id='word_1_537' title='bbox 1336 4243 1412 4298; x_wconf 90' lang='lat' dir='ltr'>sit</span> <span class='ocrx_word' id='word_1_538' title='bbox 1467 4243 1797 4311; x_wconf 89' lang='lat' dir='ltr'>inserenda,</span> <span class='ocrx_word' id='word_1_539' title='bbox 1860 4260 2011 4313; x_wconf 84' lang='lat' dir='ltr'>mox,</span> 
     </span>
    </p>
   </div>
   <div class='ocr_carea' id='block_1_76' title="bbox 353 4331 945 4398">
    <p class='ocr_par' dir='ltr' id='par_1_76' title="bbox 353 4331 945 4398">
     <span class='ocr_line' id='line_1_76' title="bbox 353 4331 945 4398; baseline 0.005 -14"><span class='ocrx_word' id='word_1_540' title='bbox 353 4332 380 4398; x_wconf 83' lang='lat'><strong>§</strong></span> <span class='ocrx_word' id='word_1_541' title='bbox 409 4333 500 4396; x_wconf 87' lang='grc'>16,</span> <span class='ocrx_word' id='word_1_542' title='bbox 531 4331 945 4388; x_wconf 88' lang='lat' dir='ltr'>discutiemus.</span> 
     </span>
    </p>
   </div>
   <div class='ocr_carea' id='block_1_77' title="bbox 420 4419 2012 4479">
    <p class='ocr_par' dir='ltr' id='par_1_77' title="bbox 420 4419 2012 4479">
     <span class='ocr_line' id='line_1_77' title="bbox 420 4419 2012 4479; baseline 0.003 -5"><span class='ocrx_word' id='word_1_543' title='bbox 420 4421 535 4475; x_wconf 86' lang='lat' dir='ltr'>Sed</span> <span class='ocrx_word' id='word_1_544' title='bbox 569 4419 730 4474; x_wconf 83' lang='lat' dir='ltr'>aliud</span> <span class='ocrx_word' id='word_1_545' title='bbox 754 4420 949 4476; x_wconf 88' lang='lat' dir='ltr'>adhuc</span> <span class='ocrx_word' id='word_1_546' title='bbox 981 4421 1232 4477; x_wconf 80' lang='lat' dir='ltr'>dubium</span> <span class='ocrx_word' id='word_1_547' title='bbox 1265 4438 1333 4477; x_wconf 82' lang='lat' dir='ltr'>ex</span> <span class='ocrx_word' id='word_1_548' title='bbox 1363 4422 1653 4478; x_wconf 88' lang='lat' dir='ltr'>Chronico</span> <span class='ocrx_word' id='word_1_549' title='bbox 1685 4426 1884 4479; x_wconf 89' lang='lat' dir='ltr'>nostro</span> <span class='ocrx_word' id='word_1_550' title='bbox 1914 4441 2012 4479; x_wconf 92' lang='lat' dir='ltr'>su-</span> 
     </span>
    </p>
   </div>
   <div class='ocr_carea' id='block_1_78' title="bbox 354 4509 2013 4580">
    <p class='ocr_par' dir='ltr' id='par_1_78' title="bbox 354 4509 2013 4580">
     <span class='ocr_line' id='line_1_78' title="bbox 354 4509 2013 4580; baseline 0.002 -16"><span class='ocrx_word' id='word_1_551' title='bbox 354 4515 571 4580; x_wconf 88' lang='lat' dir='ltr'>perest,</span> <span class='ocrx_word' id='word_1_552' title='bbox 608 4510 763 4580; x_wconf 91' lang='lat' dir='ltr'>quod</span> <span class='ocrx_word' id='word_1_553' title='bbox 795 4509 1106 4566; x_wconf 90' lang='lat' dir='ltr'>Udalricus</span> <span class='ocrx_word' id='word_1_554' title='bbox 1166 4528 1363 4567; x_wconf 90' lang='lat' dir='ltr'>comes</span> <span class='ocrx_word' id='word_1_555' title='bbox 1417 4512 1475 4566; x_wconf 92' lang='lat' dir='ltr'>in</span> <span class='ocrx_word' id='word_1_556' title='bbox 1526 4513 1851 4578; x_wconf 80' lang='lat' dir='ltr'>Buochorn,</span> <span class='ocrx_word' id='word_1_557' title='bbox 1911 4513 2013 4568; x_wconf 91' lang='lat' dir='ltr'>ubi</span> 
     </span>
    </p>
   </div>
   <div class='ocr_carea' id='block_1_79' title="bbox 347 4599 2009 4673">
    <p class='ocr_par' dir='ltr' id='par_1_79' title="bbox 347 4599 2009 4673">
     <span class='ocr_line' id='line_1_79' title="bbox 347 4599 2009 4673; baseline 0.003 -21"><span class='ocrx_word' id='word_1_558' title='bbox 347 4599 559 4653; x_wconf 83' lang='lat' dir='ltr'>sedem</span> <span class='ocrx_word' id='word_1_559' title='bbox 592 4615 764 4653; x_wconf 87' lang='lat' dir='ltr'>suam</span> <span class='ocrx_word' id='word_1_560' title='bbox 796 4599 971 4654; x_wconf 90' lang='lat' dir='ltr'>etiam</span> <span class='ocrx_word' id='word_1_561' title='bbox 1002 4599 1227 4667; x_wconf 89' lang='lat' dir='ltr'>habuit,</span> <span class='ocrx_word' id='word_1_562' title='bbox 1271 4617 1386 4655; x_wconf 91' lang='lat' dir='ltr'>non</span> <span class='ocrx_word' id='word_1_563' title='bbox 1427 4601 1749 4673; x_wconf 80' lang='lat' dir='ltr'>Suevigena</span> <span class='ocrx_word' id='word_1_564' title='bbox 1808 4601 2009 4668; x_wconf 84' lang='lat' dir='ltr'>fuisse,</span> 
     </span>
    </p>
   </div>
   <div class='ocr_carea' id='block_1_80' title="bbox 358 4687 2014 4763">
    <p class='ocr_par' dir='ltr' id='par_1_80' title="bbox 358 4687 2014 4763">
     <span class='ocr_line' id='line_1_80' title="bbox 358 4687 2014 4763; baseline 0.004 -23"><span class='ocrx_word' id='word_1_565' title='bbox 358 4688 457 4741; x_wconf 87' lang='lat' dir='ltr'>sed</span> <span class='ocrx_word' id='word_1_566' title='bbox 489 4687 550 4741; x_wconf 89' lang='lat' dir='ltr'>in</span> <span class='ocrx_word' id='word_1_567' title='bbox 583 4693 742 4743; x_wconf 88' lang='lat' dir='ltr'>terra</span> <span class='ocrx_word' id='word_1_568' title='bbox 768 4689 1071 4762; x_wconf 79' lang='lat' dir='ltr'>longinqua</span> <span class='ocrx_word' id='word_1_569' title='bbox 1103 4689 1400 4745; x_wconf 88' lang='lat' dir='ltr'>habitasse</span> <span class='ocrx_word' id='word_1_570' title='bbox 1430 4690 1687 4758; x_wconf 86' lang='lat' dir='ltr'>dicatur;</span> <span class='ocrx_word' id='word_1_571' title='bbox 1722 4692 2014 4763; x_wconf 89' lang='lat' dir='ltr'>quomodo</span> 
     </span>
    </p>
   </div>
   <div class='ocr_carea' id='block_1_81' title="bbox 359 4776 2012 4847">
    <p class='ocr_par' dir='ltr' id='par_1_81' title="bbox 359 4776 2012 4847">
     <span class='ocr_line' id='line_1_81' title="bbox 359 4776 2012 4847; baseline 0.002 -18"><span class='ocrx_word' id='word_1_572' title='bbox 359 4776 516 4830; x_wconf 87' lang='lat' dir='ltr'>enim</span> <span class='ocrx_word' id='word_1_573' title='bbox 543 4793 658 4831; x_wconf 90' lang='lat' dir='ltr'>non</span> <span class='ocrx_word' id='word_1_574' title='bbox 682 4776 1007 4847; x_wconf 88' lang='lat' dir='ltr'>Suevigena</span> <span class='ocrx_word' id='word_1_575' title='bbox 1027 4777 1216 4841; x_wconf 90' lang='lat' dir='ltr'>fuerit,</span> <span class='ocrx_word' id='word_1_576' title='bbox 1238 4776 1336 4847; x_wconf 88' lang='lat' dir='ltr'>qui</span> <span class='ocrx_word' id='word_1_577' title='bbox 1369 4776 1424 4830; x_wconf 93' lang='lat' dir='ltr'>in</span> <span class='ocrx_word' id='word_1_578' title='bbox 1457 4777 1762 4832; x_wconf 89' lang='lat' dir='ltr'>Buochorn</span> <span class='ocrx_word' id='word_1_579' title='bbox 1787 4778 2012 4833; x_wconf 89' lang='lat' dir='ltr'>habita-</span> 
     </span>
    </p>
   </div>
   <div class='ocr_carea' id='block_1_82' title="bbox 359 4863 2014 4938">
    <p class='ocr_par' dir='ltr' id='par_1_82' title="bbox 359 4863 2014 4938">
     <span class='ocr_line' id='line_1_82' title="bbox 359 4863 2014 4938; baseline 0.002 -21"><span class='ocrx_word' id='word_1_580' title='bbox 359 4863 579 4920; x_wconf 82' lang='lat' dir='ltr'>tionem</span> <span class='ocrx_word' id='word_1_581' title='bbox 601 4865 810 4920; x_wconf 83' lang='lat' dir='ltr'>habuit</span> <span class='ocrx_word' id='word_1_582' title='bbox 842 4869 864 4920; x_wconf 82' lang='lat'><strong><em>?</em></strong></span> <span class='ocrx_word' id='word_1_583' title='bbox 893 4865 1057 4928; x_wconf 88' lang='lat' dir='ltr'>Quod</span> <span class='ocrx_word' id='word_1_584' title='bbox 1079 4866 1315 4937; x_wconf 88' lang='lat' dir='ltr'>quidem</span> <span class='ocrx_word' id='word_1_585' title='bbox 1351 4865 1520 4920; x_wconf 88' lang='lat' dir='ltr'>aliter</span> <span class='ocrx_word' id='word_1_586' title='bbox 1552 4865 1695 4920; x_wconf 88' lang='lat' dir='ltr'>solvi</span> <span class='ocrx_word' id='word_1_587' title='bbox 1728 4866 1884 4921; x_wconf 90' lang='lat' dir='ltr'>haud</span> <span class='ocrx_word' id='word_1_588' title='bbox 1910 4884 2014 4938; x_wconf 90' lang='lat' dir='ltr'>po-</span> 
     </span>
    </p>
   </div>
   <div class='ocr_carea' id='block_1_83' title="bbox 360 4954 2012 5026">
    <p class='ocr_par' dir='ltr' id='par_1_83' title="bbox 360 4954 2012 5026">
     <span class='ocr_line' id='line_1_83' title="bbox 360 4954 2012 5026; baseline 0.003 -21"><span class='ocrx_word' id='word_1_589' title='bbox 360 4957 469 5009; x_wconf 83' lang='lat' dir='ltr'>test</span> <span class='ocrx_word' id='word_1_590' title='bbox 499 4971 682 5026; x_wconf 88' lang='lat' dir='ltr'>quam</span> <span class='ocrx_word' id='word_1_591' title='bbox 715 4954 764 5009; x_wconf 89' lang='lat' dir='ltr'>si</span> <span class='ocrx_word' id='word_1_592' title='bbox 797 4954 1065 5010; x_wconf 87' lang='lat' dir='ltr'>dicamus</span> <span class='ocrx_word' id='word_1_593' title='bbox 1097 4954 1255 5008; x_wconf 87' lang='lat' dir='ltr'>hunc</span> <span class='ocrx_word' id='word_1_594' title='bbox 1284 4955 1536 5010; x_wconf 89' lang='lat' dir='ltr'>Suevum</span> <span class='ocrx_word' id='word_1_595' title='bbox 1571 4954 1794 5026; x_wconf 83' lang='lat' dir='ltr'>origine</span> <span class='ocrx_word' id='word_1_596' title='bbox 1856 4955 2012 5010; x_wconf 90' lang='lat' dir='ltr'>haud</span> 
     </span>
    </p>
   </div>
   <div class='ocr_carea' id='block_1_84' title="bbox 366 5041 2017 5116">
    <p class='ocr_par' dir='ltr' id='par_1_84' title="bbox 366 5041 2017 5116">
     <span class='ocr_line' id='line_1_84' title="bbox 366 5041 2017 5116; baseline 0.004 -21"><span class='ocrx_word' id='word_1_597' title='bbox 366 5041 571 5110; x_wconf 80' lang='lat' dir='ltr'>fuisse,</span> <span class='ocrx_word' id='word_1_598' title='bbox 601 5043 706 5099; x_wconf 87' lang='lat' dir='ltr'>sed</span> <span class='ocrx_word' id='word_1_599' title='bbox 739 5059 874 5098; x_wconf 89' lang='lat' dir='ltr'>cum</span> <span class='ocrx_word' id='word_1_600' title='bbox 904 5044 1243 5116; x_wconf 84' lang='lat' dir='ltr'>Brigantino</span> <span class='ocrx_word' id='word_1_601' title='bbox 1275 5043 1332 5098; x_wconf 90' lang='lat' dir='ltr'>in</span> <span class='ocrx_word' id='word_1_602' title='bbox 1365 5043 1472 5098; x_wconf 87' lang='lat' dir='ltr'>has</span> <span class='ocrx_word' id='word_1_603' title='bbox 1498 5047 1682 5099; x_wconf 87' lang='lat' dir='ltr'>terras</span> <span class='ocrx_word' id='word_1_604' title='bbox 1713 5045 2017 5101; x_wconf 81' lang='lat' dir='ltr'>advenisse</span> 
     </span>
    </p>
   </div>
   <div class='ocr_carea' id='block_1_85' title="bbox 366 5131 2018 5206">
    <p class='ocr_par' dir='ltr' id='par_1_85' title="bbox 366 5131 2018 5206">
     <span class='ocr_line' id='line_1_85' title="bbox 366 5131 2018 5206; baseline 0.002 -20"><span class='ocrx_word' id='word_1_605' title='bbox 366 5145 433 5185; x_wconf 78' lang='lat' dir='ltr'>ex</span> <span class='ocrx_word' id='word_1_606' title='bbox 447 5135 604 5187; x_wconf 89' lang='lat' dir='ltr'>terra</span> <span class='ocrx_word' id='word_1_607' title='bbox 625 5131 968 5204; x_wconf 90' lang='lat' dir='ltr'>longinqua,</span> <span class='ocrx_word' id='word_1_608' title='bbox 993 5131 1091 5186; x_wconf 89' lang='lat' dir='ltr'>ubi</span> <span class='ocrx_word' id='word_1_609' title='bbox 1110 5133 1274 5204; x_wconf 90' lang='lat' dir='ltr'>prius</span> <span class='ocrx_word' id='word_1_610' title='bbox 1321 5131 1702 5202; x_wconf 87' lang='lat' dir='ltr'>habitaverat,</span> <span class='ocrx_word' id='word_1_611' title='bbox 1734 5132 2018 5206; x_wconf 90' lang='lat' dir='ltr'>illumque</span> 
     </span>
    </p>
   </div>
   <div class='ocr_carea' id='block_1_86' title="bbox 363 5219 2015 5294">
    <p class='ocr_par' dir='ltr' id='par_1_86' title="bbox 363 5219 2015 5294">
     <span class='ocr_line' id='line_1_86' title="bbox 363 5219 2015 5294; baseline 0.002 -20"><span class='ocrx_word' id='word_1_612' title='bbox 363 5219 515 5276; x_wconf 87' lang='lat' dir='ltr'>haud</span> <span class='ocrx_word' id='word_1_613' title='bbox 552 5238 786 5294; x_wconf 90' lang='lat' dir='ltr'>semper</span> <span class='ocrx_word' id='word_1_614' title='bbox 811 5222 871 5276; x_wconf 90' lang='lat' dir='ltr'>in</span> <span class='ocrx_word' id='word_1_615' title='bbox 906 5221 1235 5288; x_wconf 88' lang='lat' dir='ltr'>Buochorn,</span> <span class='ocrx_word' id='word_1_616' title='bbox 1271 5221 1368 5276; x_wconf 90' lang='lat' dir='ltr'>ubi</span> <span class='ocrx_word' id='word_1_617' title='bbox 1402 5223 1598 5278; x_wconf 87' lang='lat' dir='ltr'>sedem</span> <span class='ocrx_word' id='word_1_618' title='bbox 1634 5223 2015 5290; x_wconf 89' lang='lat' dir='ltr'>habebat,sed</span> 
     </span>
    </p>
   </div>
   <div class='ocr_carea' id='block_1_87' title="bbox 364 5308 2016 5384">
    <p class='ocr_par' dir='ltr' id='par_1_87' title="bbox 364 5308 2016 5384">
     <span class='ocr_line' id='line_1_87' title="bbox 364 5308 2016 5384; baseline 0.003 -22"><span class='ocrx_word' id='word_1_619' title='bbox 364 5308 484 5363; x_wconf 90' lang='lat' dir='ltr'>etin</span> <span class='ocrx_word' id='word_1_620' title='bbox 502 5310 715 5365; x_wconf 89' lang='lat' dir='ltr'>Norico</span> <span class='ocrx_word' id='word_1_621' title='bbox 739 5310 1048 5376; x_wconf 86' lang='lat' dir='ltr'>resedisse,</span> <span class='ocrx_word' id='word_1_622' title='bbox 1066 5309 1146 5365; x_wconf 90' lang='lat' dir='ltr'>ibi</span> <span class='ocrx_word' id='word_1_623' title='bbox 1173 5311 1349 5366; x_wconf 89' lang='lat' dir='ltr'>etiam</span> <span class='ocrx_word' id='word_1_624' title='bbox 1373 5311 1594 5366; x_wconf 90' lang='lat' dir='ltr'>ditatus</span> <span class='ocrx_word' id='word_1_625' title='bbox 1619 5312 1872 5383; x_wconf 82' lang='lat' dir='ltr'>praediis,</span> <span class='ocrx_word' id='word_1_626' title='bbox 1890 5329 2016 5384; x_wconf 73' lang='lat' dir='ltr'>qua:</span> 
     </span>
    </p>
   </div>
   <div class='ocr_carea' id='block_1_88' title="bbox 365 5399 2018 5472">
    <p class='ocr_par' dir='ltr' id='par_1_88' title="bbox 365 5399 2018 5472">
     <span class='ocr_line' id='line_1_88' title="bbox 365 5399 2018 5472; baseline 0.004 -21"><span class='ocrx_word' id='word_1_627' title='bbox 365 5405 566 5454; x_wconf 85' lang='lat' dir='ltr'>contra</span> <span class='ocrx_word' id='word_1_628' title='bbox 587 5399 898 5471; x_wconf 86' lang='lat' dir='ltr'>Hungaros</span> <span class='ocrx_word' id='word_1_629' title='bbox 918 5399 1125 5455; x_wconf 85' lang='lat' dir='ltr'>iterato</span> <span class='ocrx_word' id='word_1_630' title='bbox 1147 5400 1496 5455; x_wconf 86' lang='lat' dir='ltr'>defensurus</span> <span class='ocrx_word' id='word_1_631' title='bbox 1514 5405 1719 5472; x_wconf 89' lang='lat' dir='ltr'>captus</span> <span class='ocrx_word' id='word_1_632' title='bbox 1732 5405 1823 5456; x_wconf 86' lang='lat' dir='ltr'>est</span> <span class='ocrx_word' id='word_1_633' title='bbox 1842 5419 1853 5456; x_wconf 91' lang='lat'>:</span> <span class='ocrx_word' id='word_1_634' title='bbox 1874 5402 2018 5458; x_wconf 88' lang='lat' dir='ltr'>forte</span> 
     </span>
    </p>
   </div>
   <div class='ocr_carea' id='block_1_89' title="bbox 365 5487 2019 5563">
    <p class='ocr_par' dir='ltr' id='par_1_89' title="bbox 365 5487 2019 5563">
     <span class='ocr_line' id='line_1_89' title="bbox 365 5487 2019 5563; baseline 0.003 -22"><span class='ocrx_word' id='word_1_635' title='bbox 365 5493 499 5543; x_wconf 88' lang='lat' dir='ltr'>nato</span> <span class='ocrx_word' id='word_1_636' title='bbox 520 5487 739 5543; x_wconf 88' lang='lat' dir='ltr'>ibidem</span> <span class='ocrx_word' id='word_1_637' title='bbox 773 5487 950 5544; x_wconf 90' lang='lat' dir='ltr'>etiam</span> <span class='ocrx_word' id='word_1_638' title='bbox 967 5488 1085 5544; x_wconf 92' lang='lat' dir='ltr'>ﬁlio</span> <span class='ocrx_word' id='word_1_639' title='bbox 1119 5489 1430 5557; x_wconf 82' lang='lat' dir='ltr'>Adalardo,</span> <span class='ocrx_word' id='word_1_640' title='bbox 1458 5490 1555 5560; x_wconf 90' lang='lat' dir='ltr'>qui</span> <span class='ocrx_word' id='word_1_641' title='bbox 1575 5494 1773 5561; x_wconf 88' lang='lat' dir='ltr'>postea</span> <span class='ocrx_word' id='word_1_642' title='bbox 1789 5491 2019 5563; x_wconf 86' lang='lat' dir='ltr'>Brigan-</span> 
     </span>
    </p>
   </div>
   <div class='ocr_carea' id='block_1_90' title="bbox 363 5577 2017 5652">
    <p class='ocr_par' dir='ltr' id='par_1_90' title="bbox 363 5577 2017 5652">
     <span class='ocr_line' id='line_1_90' title="bbox 363 5577 2017 5652; baseline 0.002 -20"><span class='ocrx_word' id='word_1_643' title='bbox 363 5577 504 5634; x_wconf 87' lang='lat' dir='ltr'>tiuis</span> <span class='ocrx_word' id='word_1_644' title='bbox 533 5577 802 5651; x_wconf 86' lang='lat' dir='ltr'>cognatis</span> <span class='ocrx_word' id='word_1_645' title='bbox 835 5578 961 5634; x_wconf 91' lang='lat' dir='ltr'>suis</span> <span class='ocrx_word' id='word_1_646' title='bbox 992 5577 1146 5634; x_wconf 89' lang='lat' dir='ltr'>bona</span> <span class='ocrx_word' id='word_1_647' title='bbox 1173 5596 1282 5634; x_wconf 88' lang='lat' dir='ltr'>sua</span> <span class='ocrx_word' id='word_1_648' title='bbox 1312 5579 1369 5633; x_wconf 93' lang='lat' dir='ltr'>in</span> <span class='ocrx_word' id='word_1_649' title='bbox 1404 5577 1662 5652; x_wconf 87' lang='lat' dir='ltr'>Hargove</span> <span class='ocrx_word' id='word_1_650' title='bbox 1709 5580 2017 5649; x_wconf 89' lang='lat' dir='ltr'>concessit,</span> 
     </span>
    </p>
   </div>
   <div class='ocr_carea' id='block_1_91' title="bbox 363 5666 2017 5746">
    <p class='ocr_par' dir='ltr' id='par_1_91' title="bbox 363 5666 2017 5746">
     <span class='ocr_line' id='line_1_91' title="bbox 363 5666 2017 5746; baseline -0.001 -17"><span class='ocrx_word' id='word_1_651' title='bbox 363 5667 707 5730; x_wconf 77' lang='lat' dir='ltr'>Gebebardo</span> <span class='ocrx_word' id='word_1_652' title='bbox 738 5667 1006 5729; x_wconf 80' lang='lat' dir='ltr'>fortassis</span> <span class='ocrx_word' id='word_1_653' title='bbox 1039 5666 1192 5728; x_wconf 69' lang='lat'>284</span> <span class='ocrx_word' id='word_1_654' title='bbox 1223 5668 1474 5728; x_wconf 85' lang='lat' dir='ltr'>necdum</span> <span class='ocrx_word' id='word_1_655' title='bbox 1515 5667 1827 5746; x_wconf 85' lang='lat' dir='ltr'>episcopo;</span> <span class='ocrx_word' id='word_1_656' title='bbox 1861 5670 2017 5746; x_wconf 88' lang='lat' dir='ltr'>quod</span> 
     </span>
    </p>
   </div>
   <div class='ocr_carea' id='block_1_92' title="bbox 2124 3352 3765 3431">
    <p class='ocr_par' dir='ltr' id='par_1_92' title="bbox 2124 3352 3765 3431">
     <span class='ocr_line' id='line_1_92' title="bbox 2124 3352 3765 3431; baseline 0.004 -23"><span class='ocrx_word' id='word_1_657' title='bbox 2124 3354 2182 3408; x_wconf 90' lang='lat' dir='ltr'>in</span> <span class='ocrx_word' id='word_1_658' title='bbox 2211 3353 2472 3425; x_wconf 88' lang='lat' dir='ltr'>apricum</span> <span class='ocrx_word' id='word_1_659' title='bbox 2489 3352 2779 3407; x_wconf 90' lang='lat' dir='ltr'>deducant</span> <span class='ocrx_word' id='word_1_660' title='bbox 2804 3370 2815 3419; x_wconf 89' lang='lat'><strong>;</strong></span> <span class='ocrx_word' id='word_1_661' title='bbox 2846 3354 3000 3424; x_wconf 91' lang='lat' dir='ltr'>quod</span> <span class='ocrx_word' id='word_1_662' title='bbox 3021 3359 3213 3409; x_wconf 87' lang='lat' dir='ltr'>autem</span> <span class='ocrx_word' id='word_1_663' title='bbox 3229 3360 3427 3428; x_wconf 89' lang='lat' dir='ltr'>optare</span> <span class='ocrx_word' id='word_1_664' title='bbox 3445 3374 3623 3429; x_wconf 89' lang='lat' dir='ltr'>quam</span> <span class='ocrx_word' id='word_1_665' title='bbox 3637 3374 3765 3431; x_wconf 88' lang='lat' dir='ltr'>spe-</span> 
     </span>
    </p>
   </div>
   <div class='ocr_carea' id='block_1_93' title="bbox 2125 3441 3766 3506">
    <p class='ocr_par' dir='ltr' id='par_1_93' title="bbox 2125 3441 3766 3506">
     <span class='ocr_line' id='line_1_93' title="bbox 2125 3441 3766 3506; baseline 0.004 -8"><span class='ocrx_word' id='word_1_666' title='bbox 2125 3459 2250 3498; x_wconf 88' lang='lat' dir='ltr'>rare</span> <span class='ocrx_word' id='word_1_667' title='bbox 2265 3441 2491 3496; x_wconf 88' lang='lat' dir='ltr'>facilius</span> <span class='ocrx_word' id='word_1_668' title='bbox 2504 3444 2610 3506; x_wconf 89' lang='lat' dir='ltr'>est,</span> <span class='ocrx_word' id='word_1_669' title='bbox 2631 3457 2764 3496; x_wconf 90' lang='lat' dir='ltr'>cum</span> <span class='ocrx_word' id='word_1_670' title='bbox 2780 3442 2990 3497; x_wconf 89' lang='lat' dir='ltr'>veteris</span> <span class='ocrx_word' id='word_1_671' title='bbox 3009 3442 3360 3499; x_wconf 67' lang='lat' dir='ltr'>Alemannis:</span> <span class='ocrx_word' id='word_1_672' title='bbox 3393 3447 3609 3503; x_wconf 89' lang='lat' dir='ltr'>scrinia</span> <span class='ocrx_word' id='word_1_673' title='bbox 3631 3447 3766 3504; x_wconf 84' lang='lat' dir='ltr'>hinc</span> 
     </span>
    </p>
   </div>
   <div class='ocr_carea' id='block_1_94' title="bbox 2125 3530 3767 3605">
    <p class='ocr_par' dir='ltr' id='par_1_94' title="bbox 2125 3530 3767 3605">
     <span class='ocr_line' id='line_1_94' title="bbox 2125 3530 3767 3605; baseline 0.004 -19"><span class='ocrx_word' id='word_1_674' title='bbox 2125 3532 2259 3586; x_wconf 90' lang='lat' dir='ltr'>inde</span> <span class='ocrx_word' id='word_1_675' title='bbox 2290 3530 2535 3585; x_wconf 82' lang='lat' dir='ltr'>nimium</span> <span class='ocrx_word' id='word_1_676' title='bbox 2570 3531 2763 3585; x_wconf 89' lang='lat' dir='ltr'>adhuc</span> <span class='ocrx_word' id='word_1_677' title='bbox 2785 3530 2902 3585; x_wconf 92' lang='lat' dir='ltr'>sint</span> <span class='ocrx_word' id='word_1_678' title='bbox 2932 3532 3250 3594; x_wconf 89' lang='lat' dir='ltr'>obserrata.</span> <span class='ocrx_word' id='word_1_679' title='bbox 3285 3535 3495 3605; x_wconf 89' lang='lat' dir='ltr'>partim</span> <span class='ocrx_word' id='word_1_680' title='bbox 3521 3537 3767 3593; x_wconf 87' lang='lat' dir='ltr'>funestis</span> 
     </span>
    </p>
   </div>
   <div class='ocr_carea' id='block_1_95' title="bbox 2123 3620 3765 3697">
    <p class='ocr_par' dir='ltr' id='par_1_95' title="bbox 2123 3620 3765 3697">
     <span class='ocr_line' id='line_1_95' title="bbox 2123 3620 3765 3697; baseline 0.003 -20"><span class='ocrx_word' id='word_1_681' title='bbox 2123 3620 2409 3677; x_wconf 89' lang='lat' dir='ltr'>bellorum</span> <span class='ocrx_word' id='word_1_682' title='bbox 2431 3625 2489 3675; x_wconf 90' lang='lat' dir='ltr'>et</span> <span class='ocrx_word' id='word_1_683' title='bbox 2512 3620 3201 3676; x_wconf 89' lang='lat' dir='ltr'>motuumintestinorum</span> <span class='ocrx_word' id='word_1_684' title='bbox 3225 3624 3459 3680; x_wconf 91' lang='lat' dir='ltr'>casibus</span> <span class='ocrx_word' id='word_1_685' title='bbox 3491 3626 3765 3697; x_wconf 82' lang='lat' dir='ltr'>expilata,</span> 
     </span>
    </p>
   </div>
   <div class='ocr_carea' id='block_1_96' title="bbox 2125 3709 2770 3782">
    <p class='ocr_par' dir='ltr' id='par_1_96' title="bbox 2125 3709 2770 3782">
     <span class='ocr_line' id='line_1_96' title="bbox 2125 3709 2770 3782; baseline -0.005 -16"><span class='ocrx_word' id='word_1_686' title='bbox 2125 3710 2366 3782; x_wconf 82' lang='lat' dir='ltr'>disjeeia</span> <span class='ocrx_word' id='word_1_687' title='bbox 2395 3713 2452 3764; x_wconf 91' lang='lat' dir='ltr'>et</span> <span class='ocrx_word' id='word_1_688' title='bbox 2473 3709 2770 3764; x_wconf 82' lang='lat' dir='ltr'>distracta.</span> 
     </span>
    </p>
   </div>
   <div class='ocr_carea' id='block_1_97' title="bbox 2197 3797 3759 3869">
    <p class='ocr_par' dir='ltr' id='par_1_97' title="bbox 2197 3797 3759 3869">
     <span class='ocr_line' id='line_1_97' title="bbox 2197 3797 3759 3869; baseline 0.002 -15"><span class='ocrx_word' id='word_1_689' title='bbox 2197 3803 2223 3868; x_wconf 86' lang='lat'>§</span> <span class='ocrx_word' id='word_1_690' title='bbox 2251 3799 2392 3854; x_wconf 89' lang='lat' dir='ltr'>XVI.</span> <span class='ocrx_word' id='word_1_691' title='bbox 2421 3822 2447 3848; x_wconf 88' lang='grc'>‹‹</span> <span class='ocrx_word' id='word_1_692' title='bbox 2483 3801 2560 3854; x_wconf 83' lang='lat' dir='ltr'><strong>Ex</strong></span> <span class='ocrx_word' id='word_1_693' title='bbox 2591 3799 2768 3867; x_wconf 85' lang='lat' dir='ltr'>hujus</span> <span class='ocrx_word' id='word_1_694' title='bbox 2800 3821 2824 3844; x_wconf 85' lang='grc'><strong>››</strong></span> <span class='ocrx_word' id='word_1_695' title='bbox 2857 3797 3052 3868; x_wconf 86' lang='lat' dir='ltr'>itaque</span> <span class='ocrx_word' id='word_1_696' title='bbox 3085 3798 3336 3854; x_wconf 87' lang='lat' dir='ltr'>Udalrici</span> <span class='ocrx_word' id='word_1_697' title='bbox 3392 3823 3417 3848; x_wconf 89' lang='grc'><strong><em>‹‹</em></strong></span> <span class='ocrx_word' id='word_1_698' title='bbox 3454 3801 3698 3869; x_wconf 88' lang='lat' dir='ltr'>semine,</span> <span class='ocrx_word' id='word_1_699' title='bbox 3736 3826 3759 3856; x_wconf 77' lang='grc' dir='ltr'><strong><em>ι</em></strong></span> 
     </span>
    </p>
   </div>
   <div class='ocr_carea' id='block_1_98' title="bbox 2125 3886 3768 3960">
    <p class='ocr_par' dir='ltr' id='par_1_98' title="bbox 2125 3886 3768 3960">
     <span class='ocr_line' id='line_1_98' title="bbox 2125 3886 3768 3960; baseline 0.001 -16"><span class='ocrx_word' id='word_1_700' title='bbox 2125 3893 2190 3945; x_wconf 89' lang='lat' dir='ltr'>ut</span> <span class='ocrx_word' id='word_1_701' title='bbox 2220 3889 2408 3960; x_wconf 85' lang='lat' dir='ltr'>pergit</span> <span class='ocrx_word' id='word_1_702' title='bbox 2437 3886 2780 3952; x_wconf 87' lang='lat' dir='ltr'>Chronicon,</span> <span class='ocrx_word' id='word_1_703' title='bbox 2815 3909 2841 3934; x_wconf 89' lang='grc'><strong><em>‹‹</em></strong></span> <span class='ocrx_word' id='word_1_704' title='bbox 2877 3893 3048 3940; x_wconf 87' lang='lat' dir='ltr'>natus</span> <span class='ocrx_word' id='word_1_705' title='bbox 3079 3891 3167 3940; x_wconf 88' lang='lat' dir='ltr'>est</span> <span class='ocrx_word' id='word_1_706' title='bbox 3196 3887 3340 3941; x_wconf 94' lang='lat' dir='ltr'>Uzzo</span> <span class='ocrx_word' id='word_1_707' title='bbox 3373 3888 3504 3960; x_wconf 89' lang='lat' dir='ltr'>pius</span> <span class='ocrx_word' id='word_1_708' title='bbox 3525 3895 3584 3944; x_wconf 89' lang='lat' dir='ltr'>et</span> <span class='ocrx_word' id='word_1_709' title='bbox 3602 3906 3768 3946; x_wconf 91' lang='lat' dir='ltr'>vene-</span> 
     </span>
    </p>
   </div>
   <div class='ocr_carea' id='block_1_99' title="bbox 2123 3974 3767 4048">
    <p class='ocr_par' dir='ltr' id='par_1_99' title="bbox 2123 3974 3767 4048">
     <span class='ocr_line' id='line_1_99' title="bbox 2123 3974 3767 4048; baseline 0.001 -15"><span class='ocrx_word' id='word_1_710' title='bbox 2123 3977 2327 4033; x_wconf 88' lang='lat' dir='ltr'>rabilis</span> <span class='ocrx_word' id='word_1_711' title='bbox 2353 3992 2566 4042; x_wconf 90' lang='lat' dir='ltr'>comes,</span> <span class='ocrx_word' id='word_1_712' title='bbox 2602 3975 2700 4046; x_wconf 89' lang='lat' dir='ltr'>qui</span> <span class='ocrx_word' id='word_1_713' title='bbox 2735 3974 3201 4046; x_wconf 83' lang='lat' dir='ltr'>habitabatapud</span> <span class='ocrx_word' id='word_1_714' title='bbox 3226 3976 3610 4048; x_wconf 79' lang='lat' dir='ltr'>Brigantiam,</span> <span class='ocrx_word' id='word_1_715' title='bbox 3641 3978 3767 4036; x_wconf 89' lang='lat' dir='ltr'>loco</span> 
     </span>
    </p>
   </div>
   <div class='ocr_carea' id='block_1_100' title="bbox 2126 4063 3770 4138">
    <p class='ocr_par' dir='ltr' id='par_1_100' title="bbox 2126 4063 3770 4138">
     <span class='ocr_line' id='line_1_100' title="bbox 2126 4063 3770 4138; baseline 0.001 -17"><span class='ocrx_word' id='word_1_716' title='bbox 2126 4067 2225 4138; x_wconf 91' lang='lat' dir='ltr'>qui</span> <span class='ocrx_word' id='word_1_717' title='bbox 2248 4065 2438 4120; x_wconf 89' lang='lat' dir='ltr'>adhuc</span> <span class='ocrx_word' id='word_1_718' title='bbox 2469 4063 2669 4118; x_wconf 88' lang='lat' dir='ltr'>ruinas</span> <span class='ocrx_word' id='word_1_719' title='bbox 2710 4063 2962 4134; x_wconf 68' lang='lat' dir='ltr'>antiqua:</span> <span class='ocrx_word' id='word_1_720' title='bbox 2986 4063 3364 4120; x_wconf 87' lang='lat' dir='ltr'>habitationis</span> <span class='ocrx_word' id='word_1_721' title='bbox 3396 4066 3590 4121; x_wconf 89' lang='lat' dir='ltr'>habet.</span> <span class='ocrx_word' id='word_1_722' title='bbox 3626 4068 3770 4123; x_wconf 66' lang='grc' dir='ltr'><strong>»Λῦ-</strong></span> 
     </span>
    </p>
   </div>
   <div class='ocr_carea' id='block_1_101' title="bbox 2125 4152 3772 4228">
    <p class='ocr_par' dir='ltr' id='par_1_101' title="bbox 2125 4152 3772 4228">
     <span class='ocr_line' id='line_1_101' title="bbox 2125 4152 3772 4228; baseline 0.002 -19"><span class='ocrx_word' id='word_1_723' title='bbox 2125 4155 2260 4209; x_wconf 90' lang='lat' dir='ltr'>hinc</span> <span class='ocrx_word' id='word_1_724' title='bbox 2289 4153 2658 4209; x_wconf 87' lang='lat' dir='ltr'>etiamintrat</span> <span class='ocrx_word' id='word_1_725' title='bbox 2691 4153 3014 4207; x_wconf 86' lang='lat' dir='ltr'>secundum</span> <span class='ocrx_word' id='word_1_726' title='bbox 3031 4152 3380 4224; x_wconf 69' lang='lat' dir='ltr'>genealogis:</span> <span class='ocrx_word' id='word_1_727' title='bbox 3393 4154 3572 4225; x_wconf 88' lang='lat' dir='ltr'>hujus</span> <span class='ocrx_word' id='word_1_728' title='bbox 3593 4160 3772 4228; x_wconf 81' lang='lat' dir='ltr'>syste-</span> 
     </span>
    </p>
   </div>
   <div class='ocr_carea' id='block_1_102' title="bbox 2125 4241 3769 4316">
    <p class='ocr_par' dir='ltr' id='par_1_102' title="bbox 2125 4241 3769 4316">
     <span class='ocr_line' id='line_1_102' title="bbox 2125 4241 3769 4316; baseline 0 -16"><span class='ocrx_word' id='word_1_729' title='bbox 2125 4261 2222 4300; x_wconf 90' lang='lat' dir='ltr'>ma</span> <span class='ocrx_word' id='word_1_730' title='bbox 2238 4243 2484 4316; x_wconf 77' lang='lat' dir='ltr'>supra,§</span> <span class='ocrx_word' id='word_1_731' title='bbox 2505 4241 2962 4313; x_wconf 89' lang='lat' dir='ltr'>3,propositum,</span> <span class='ocrx_word' id='word_1_732' title='bbox 2996 4258 3063 4297; x_wconf 81' lang='lat' dir='ltr'>ex</span> <span class='ocrx_word' id='word_1_733' title='bbox 3092 4259 3207 4313; x_wconf 92' lang='lat' dir='ltr'>quo</span> <span class='ocrx_word' id='word_1_734' title='bbox 3238 4247 3432 4298; x_wconf 88' lang='lat' dir='ltr'>tamen</span> <span class='ocrx_word' id='word_1_735' title='bbox 3467 4243 3769 4301; x_wconf 89' lang='lat' dir='ltr'>Udalricus</span> 
     </span>
    </p>
   </div>
   <div class='ocr_carea' id='block_1_103' title="bbox 2123 4331 3769 4402">
    <p class='ocr_par' dir='ltr' id='par_1_103' title="bbox 2123 4331 3769 4402">
     <span class='ocr_line' id='line_1_103' title="bbox 2123 4331 3769 4402; baseline 0.001 -13"><span class='ocrx_word' id='word_1_736' title='bbox 2123 4334 2219 4389; x_wconf 88' lang='lat' dir='ltr'>hic</span> <span class='ocrx_word' id='word_1_737' title='bbox 2252 4351 2346 4389; x_wconf 89' lang='lat' dir='ltr'>an.</span> <span class='ocrx_word' id='word_1_738' title='bbox 2389 4332 2494 4386; x_wconf 87' lang='grc'>867</span> <span class='ocrx_word' id='word_1_739' title='bbox 2526 4347 2594 4386; x_wconf 85' lang='lat' dir='ltr'>ex</span> <span class='ocrx_word' id='word_1_740' title='bbox 2624 4331 2742 4386; x_wconf 90' lang='lat' dir='ltr'>ﬁlio</span> <span class='ocrx_word' id='word_1_741' title='bbox 2766 4348 2944 4402; x_wconf 89' lang='lat' dir='ltr'>nepos</span> <span class='ocrx_word' id='word_1_742' title='bbox 2976 4335 3204 4386; x_wconf 89' lang='lat' dir='ltr'>tantum</span> <span class='ocrx_word' id='word_1_743' title='bbox 3234 4332 3441 4388; x_wconf 89' lang='lat' dir='ltr'>fuisset</span> <span class='ocrx_word' id='word_1_744' title='bbox 3472 4333 3769 4390; x_wconf 90' lang='lat' dir='ltr'>UdalriciI</span> 
     </span>
    </p>
   </div>
   <div class='ocr_carea' id='block_1_104' title="bbox 2121 4420 3766 4494">
    <p class='ocr_par' dir='ltr' id='par_1_104' title="bbox 2121 4420 3766 4494">
     <span class='ocr_line' id='line_1_104' title="bbox 2121 4420 3766 4494; baseline -0.001 -16"><span class='ocrx_word' id='word_1_745' title='bbox 2121 4421 2492 4494; x_wconf 72' lang='lat' dir='ltr'>Argengovize</span> <span class='ocrx_word' id='word_1_746' title='bbox 2521 4438 2614 4475; x_wconf 90' lang='lat' dir='ltr'>an.</span> <span class='ocrx_word' id='word_1_747' title='bbox 2649 4421 2753 4474; x_wconf 86' lang='lat'>802</span> <span class='ocrx_word' id='word_1_748' title='bbox 2774 4420 3005 4476; x_wconf 86' lang='lat' dir='ltr'>comitis</span> <span class='ocrx_word' id='word_1_749' title='bbox 3045 4420 3196 4476; x_wconf 73' lang='lat'><strong>285</strong></span> <span class='ocrx_word' id='word_1_750' title='bbox 3229 4425 3286 4475; x_wconf 89' lang='lat' dir='ltr'>et</span> <span class='ocrx_word' id='word_1_751' title='bbox 3327 4421 3522 4476; x_wconf 86' lang='lat' dir='ltr'>fratris</span> <span class='ocrx_word' id='word_1_752' title='bbox 3573 4421 3766 4478; x_wconf 86' lang='lat' dir='ltr'>Hilde-</span> 
     </span>
    </p>
   </div>
   <div class='ocr_carea' id='block_1_105' title="bbox 2123 4509 3769 4584">
    <p class='ocr_par' dir='ltr' id='par_1_105' title="bbox 2123 4509 3769 4584">
     <span class='ocr_line' id='line_1_105' title="bbox 2123 4509 3769 4584; baseline -0.001 -17"><span class='ocrx_word' id='word_1_753' title='bbox 2123 4512 2320 4584; x_wconf 88' lang='lat' dir='ltr'>gardis</span> <span class='ocrx_word' id='word_1_754' title='bbox 2351 4509 2764 4582; x_wconf 71' lang='lat' dir='ltr'>reginaz,juvia</span> <span class='ocrx_word' id='word_1_755' title='bbox 2797 4514 3051 4565; x_wconf 85' lang='lat' dir='ltr'>stemma</span> <span class='ocrx_word' id='word_1_756' title='bbox 3084 4509 3300 4563; x_wconf 90' lang='lat' dir='ltr'>ibidem</span> <span class='ocrx_word' id='word_1_757' title='bbox 3333 4509 3769 4565; x_wconf 85' lang='lat' dir='ltr'>exhibitum.Ex</span> 
     </span>
    </p>
   </div>
   <div class='ocr_carea' id='block_1_106' title="bbox 2043 4595 3766 4686">
    <p class='ocr_par' dir='ltr' id='par_1_106' title="bbox 2043 4595 3766 4686">
     <span class='ocr_line' id='line_1_106' title="bbox 2043 4595 3766 4686; baseline 0 -31"><span class='ocrx_word' id='word_1_758' title='bbox 2043 4622 2090 4686; x_wconf 83' lang='lat' dir='ltr'><strong>D</strong></span> <span class='ocrx_word' id='word_1_759' title='bbox 2123 4600 2390 4656; x_wconf 88' lang='lat' dir='ltr'>Chronici</span> <span class='ocrx_word' id='word_1_760' title='bbox 2417 4616 2587 4671; x_wconf 89' lang='lat' dir='ltr'>porro</span> <span class='ocrx_word' id='word_1_761' title='bbox 2620 4597 2802 4653; x_wconf 87' lang='lat' dir='ltr'>nostri</span> <span class='ocrx_word' id='word_1_762' title='bbox 2834 4596 3164 4651; x_wconf 86' lang='lat' dir='ltr'>narratione</span> <span class='ocrx_word' id='word_1_763' title='bbox 3195 4595 3534 4668; x_wconf 89' lang='lat' dir='ltr'>ambiguum</span> <span class='ocrx_word' id='word_1_764' title='bbox 3567 4598 3766 4664; x_wconf 86' lang='lat' dir='ltr'>si,fue-</span> 
     </span>
    </p>
   </div>
   <div class='ocr_carea' id='block_1_107' title="bbox 2126 4685 3771 4756">
    <p class='ocr_par' dir='ltr' id='par_1_107' title="bbox 2126 4685 3771 4756">
     <span class='ocr_line' id='line_1_107' title="bbox 2126 4685 3771 4756; baseline -0.002 -11"><span class='ocrx_word' id='word_1_765' title='bbox 2126 4693 2262 4744; x_wconf 90' lang='lat' dir='ltr'>runt</span> <span class='ocrx_word' id='word_1_766' title='bbox 2287 4687 2593 4744; x_wconf 84' lang='lat' dir='ltr'>Udalricus</span> <span class='ocrx_word' id='word_1_767' title='bbox 2625 4687 2732 4742; x_wconf 91' lang='lat' dir='ltr'>iste</span> <span class='ocrx_word' id='word_1_768' title='bbox 2755 4685 3053 4756; x_wconf 84' lang='lat' dir='ltr'>proximus</span> <span class='ocrx_word' id='word_1_769' title='bbox 3083 4687 3252 4756; x_wconf 90' lang='lat' dir='ltr'>pater</span> <span class='ocrx_word' id='word_1_770' title='bbox 3283 4685 3514 4752; x_wconf 90' lang='lat' dir='ltr'>Uzonis,</span> <span class='ocrx_word' id='word_1_771' title='bbox 3579 4703 3651 4741; x_wconf 86' lang='lat' dir='ltr'>an</span> <span class='ocrx_word' id='word_1_772' title='bbox 3701 4702 3771 4742; x_wconf 86' lang='lat' dir='ltr'>ex</span> 
     </span>
    </p>
   </div>
   <div class='ocr_carea' id='block_1_108' title="bbox 2128 4773 3768 4848">
    <p class='ocr_par' dir='ltr' id='par_1_108' title="bbox 2128 4773 3768 4848">
     <span class='ocr_line' id='line_1_108' title="bbox 2128 4773 3768 4848; baseline -0.001 -14"><span class='ocrx_word' id='word_1_773' title='bbox 2128 4779 2245 4834; x_wconf 86' lang='lat' dir='ltr'>ﬁlio</span> <span class='ocrx_word' id='word_1_774' title='bbox 2274 4795 2415 4833; x_wconf 89' lang='lat' dir='ltr'>avus</span> <span class='ocrx_word' id='word_1_775' title='bbox 2432 4780 2663 4832; x_wconf 87' lang='lat' dir='ltr'>tantum</span> <span class='ocrx_word' id='word_1_776' title='bbox 2682 4793 2694 4843; x_wconf 92' lang='lat'>;</span> <span class='ocrx_word' id='word_1_777' title='bbox 2714 4779 2961 4846; x_wconf 88' lang='lat' dir='ltr'>utroque</span> <span class='ocrx_word' id='word_1_778' title='bbox 2982 4774 3136 4829; x_wconf 87' lang='lat' dir='ltr'>enim</span> <span class='ocrx_word' id='word_1_779' title='bbox 3155 4773 3325 4830; x_wconf 89' lang='lat' dir='ltr'>modo</span> <span class='ocrx_word' id='word_1_780' title='bbox 3357 4774 3604 4848; x_wconf 87' lang='lat' dir='ltr'>intelligi</span> <span class='ocrx_word' id='word_1_781' title='bbox 3635 4792 3768 4848; x_wconf 91' lang='lat' dir='ltr'>pos-</span> 
     </span>
    </p>
   </div>
   <div class='ocr_carea' id='block_1_109' title="bbox 2129 4863 3771 4937">
    <p class='ocr_par' dir='ltr' id='par_1_109' title="bbox 2129 4863 3771 4937">
     <span class='ocr_line' id='line_1_109' title="bbox 2129 4863 3771 4937; baseline -0.001 -14"><span class='ocrx_word' id='word_1_782' title='bbox 2129 4871 2266 4923; x_wconf 89' lang='lat' dir='ltr'>sunt</span> <span class='ocrx_word' id='word_1_783' title='bbox 2295 4865 2547 4921; x_wconf 86' lang='lat' dir='ltr'>Annales</span> <span class='ocrx_word' id='word_1_784' title='bbox 2580 4863 2781 4918; x_wconf 85' lang='lat' dir='ltr'>nostri.</span> <span class='ocrx_word' id='word_1_785' title='bbox 2819 4863 2907 4916; x_wconf 80' lang='lat' dir='ltr'>Nil</span> <span class='ocrx_word' id='word_1_786' title='bbox 2930 4879 3061 4917; x_wconf 90' lang='lat' dir='ltr'>vero</span> <span class='ocrx_word' id='word_1_787' title='bbox 3084 4863 3316 4919; x_wconf 86' lang='lat' dir='ltr'>obstare</span> <span class='ocrx_word' id='word_1_788' title='bbox 3347 4863 3576 4920; x_wconf 89' lang='lat' dir='ltr'>videtur</span> <span class='ocrx_word' id='word_1_789' title='bbox 3625 4866 3771 4937; x_wconf 90' lang='lat' dir='ltr'>quin</span> 
     </span>
    </p>
   </div>
   <div class='ocr_carea' id='block_1_110' title="bbox 2127 4950 3771 5025">
    <p class='ocr_par' dir='ltr' id='par_1_110' title="bbox 2127 4950 3771 5025">
     <span class='ocr_line' id='line_1_110' title="bbox 2127 4950 3771 5025; baseline -0.002 -13"><span class='ocrx_word' id='word_1_790' title='bbox 2127 4957 2239 5012; x_wconf 91' lang='lat' dir='ltr'>Uzo</span> <span class='ocrx_word' id='word_1_791' title='bbox 2265 4954 2419 5009; x_wconf 87' lang='lat' dir='ltr'>ﬁlius</span> <span class='ocrx_word' id='word_1_792' title='bbox 2454 4953 2626 5007; x_wconf 88' lang='lat' dir='ltr'>fuerit</span> <span class='ocrx_word' id='word_1_793' title='bbox 2657 4950 2843 5022; x_wconf 89' lang='lat' dir='ltr'>ipsius</span> <span class='ocrx_word' id='word_1_794' title='bbox 2877 4951 3124 5007; x_wconf 91' lang='lat' dir='ltr'>Udalrici</span> <span class='ocrx_word' id='word_1_795' title='bbox 3156 4953 3389 5008; x_wconf 88' lang='lat' dir='ltr'>comitis</span> <span class='ocrx_word' id='word_1_796' title='bbox 3446 4953 3504 5008; x_wconf 90' lang='lat' dir='ltr'>in</span> <span class='ocrx_word' id='word_1_797' title='bbox 3554 4960 3771 5025; x_wconf 81' lang='lat' dir='ltr'>Argen-</span> 
     </span>
    </p>
   </div>
   <div class='ocr_carea' id='block_1_111' title="bbox 2127 5040 3766 5117">
    <p class='ocr_par' dir='ltr' id='par_1_111' title="bbox 2127 5040 3766 5117">
     <span class='ocr_line' id='line_1_111' title="bbox 2127 5040 3766 5117; baseline -0.002 -18"><span class='ocrx_word' id='word_1_798' title='bbox 2127 5061 2291 5117; x_wconf 84' lang='lat' dir='ltr'>gewe</span> <span class='ocrx_word' id='word_1_799' title='bbox 2323 5061 2416 5098; x_wconf 86' lang='lat' dir='ltr'>an.</span> <span class='ocrx_word' id='word_1_800' title='bbox 2436 5044 2539 5096; x_wconf 87' lang='grc'>867</span> <span class='ocrx_word' id='word_1_801' title='bbox 2568 5041 2624 5094; x_wconf 92' lang='lat' dir='ltr'>in</span> <span class='ocrx_word' id='word_1_802' title='bbox 2659 5040 2931 5095; x_wconf 87' lang='lat' dir='ltr'>Ludovici</span> <span class='ocrx_word' id='word_1_803' title='bbox 2963 5042 3290 5097; x_wconf 80' lang='lat' dir='ltr'>Germanici</span> <span class='ocrx_word' id='word_1_804' title='bbox 3323 5042 3640 5114; x_wconf 88' lang='lat' dir='ltr'>diplomate</span> <span class='ocrx_word' id='word_1_805' title='bbox 3664 5059 3766 5096; x_wconf 91' lang='lat' dir='ltr'>no-</span> 
     </span>
    </p>
   </div>
   <div class='ocr_carea' id='block_1_112' title="bbox 2125 5129 3768 5189">
    <p class='ocr_par' dir='ltr' id='par_1_112' title="bbox 2125 5129 3768 5189">
     <span class='ocr_line' id='line_1_112' title="bbox 2125 5129 3768 5189; baseline -0.003 -1"><span class='ocrx_word' id='word_1_806' title='bbox 2125 5133 2231 5189; x_wconf 88' lang='lat' dir='ltr'>tati</span> <span class='ocrx_word' id='word_1_807' title='bbox 2258 5151 2268 5188; x_wconf 95' lang='lat'>:</span> <span class='ocrx_word' id='word_1_808' title='bbox 2295 5132 2546 5186; x_wconf 86' lang='lat' dir='ltr'>maxime</span> <span class='ocrx_word' id='word_1_809' title='bbox 2570 5131 2618 5186; x_wconf 90' lang='lat' dir='ltr'>si</span> <span class='ocrx_word' id='word_1_810' title='bbox 2644 5131 2797 5184; x_wconf 88' lang='lat' dir='ltr'>idem</span> <span class='ocrx_word' id='word_1_811' title='bbox 2820 5131 3137 5186; x_wconf 84' lang='lat' dir='ltr'>fueritcum</span> <span class='ocrx_word' id='word_1_812' title='bbox 3168 5131 3436 5187; x_wconf 89' lang='lat' dir='ltr'>Udalrico</span> <span class='ocrx_word' id='word_1_813' title='bbox 3469 5130 3678 5185; x_wconf 79' lang='lat' dir='ltr'>comite</span> <span class='ocrx_word' id='word_1_814' title='bbox 3707 5129 3768 5184; x_wconf 91' lang='lat' dir='ltr'>in</span> 
     </span>
    </p>
   </div>
   <div class='ocr_carea' id='block_1_113' title="bbox 2131 5217 3770 5293">
    <p class='ocr_par' dir='ltr' id='par_1_113' title="bbox 2131 5217 3770 5293">
     <span class='ocr_line' id='line_1_113' title="bbox 2131 5217 3770 5293; baseline -0.002 -17"><span class='ocrx_word' id='word_1_815' title='bbox 2131 5223 2452 5293; x_wconf 79' lang='lat' dir='ltr'>Linzgewe,</span> <span class='ocrx_word' id='word_1_816' title='bbox 2487 5221 2586 5290; x_wconf 91' lang='lat' dir='ltr'>qui</span> <span class='ocrx_word' id='word_1_817' title='bbox 2612 5237 2799 5290; x_wconf 90' lang='lat' dir='ltr'>usque</span> <span class='ocrx_word' id='word_1_818' title='bbox 2831 5221 2901 5276; x_wconf 89' lang='lat' dir='ltr'>ad</span> <span class='ocrx_word' id='word_1_819' title='bbox 2934 5238 3026 5275; x_wconf 89' lang='lat' dir='ltr'>an.</span> <span class='ocrx_word' id='word_1_820' title='bbox 3062 5222 3167 5276; x_wconf 84' lang='lat'><strong>922</strong></span> <span class='ocrx_word' id='word_1_821' title='bbox 3196 5219 3445 5275; x_wconf 88' lang='lat' dir='ltr'>occurrit</span> <span class='ocrx_word' id='word_1_822' title='bbox 3466 5219 3520 5272; x_wconf 91' lang='lat' dir='ltr'>in</span> <span class='ocrx_word' id='word_1_823' title='bbox 3551 5217 3770 5274; x_wconf 80' lang='lat' dir='ltr'>chartis</span> 
     </span>
    </p>
   </div>
   <div class='ocr_carea' id='block_1_114' title="bbox 2128 5307 3773 5383">
    <p class='ocr_par' dir='ltr' id='par_1_114' title="bbox 2128 5307 3773 5383">
     <span class='ocr_line' id='line_1_114' title="bbox 2128 5307 3773 5383; baseline -0.003 -15"><span class='ocrx_word' id='word_1_824' title='bbox 2128 5311 2280 5383; x_wconf 89' lang='lat' dir='ltr'>apud</span> <span class='ocrx_word' id='word_1_825' title='bbox 2317 5309 2690 5380; x_wconf 83' lang='lat' dir='ltr'>P.Herrgott.</span> <span class='ocrx_word' id='word_1_826' title='bbox 2721 5309 3012 5365; x_wconf 89' lang='lat' dir='ltr'>Posterius</span> <span class='ocrx_word' id='word_1_827' title='bbox 3073 5308 3180 5364; x_wconf 90' lang='lat' dir='ltr'>hoc</span> <span class='ocrx_word' id='word_1_828' title='bbox 3234 5307 3476 5364; x_wconf 88' lang='lat' dir='ltr'>suadere</span> <span class='ocrx_word' id='word_1_829' title='bbox 3533 5309 3773 5378; x_wconf 85' lang='lat' dir='ltr'>possent</span> 
     </span>
    </p>
   </div>
   <div class='ocr_carea' id='block_1_115' title="bbox 2127 5395 3768 5470">
    <p class='ocr_par' dir='ltr' id='par_1_115' title="bbox 2127 5395 3768 5470">
     <span class='ocr_line' id='line_1_115' title="bbox 2127 5395 3768 5470; baseline -0.002 -14"><span class='ocrx_word' id='word_1_830' title='bbox 2127 5402 2280 5456; x_wconf 88' lang='lat' dir='ltr'>bona</span> <span class='ocrx_word' id='word_1_831' title='bbox 2303 5400 2453 5454; x_wconf 90' lang='lat' dir='ltr'>infra</span> <span class='ocrx_word' id='word_1_832' title='bbox 2474 5397 2512 5452; x_wconf 89' lang='grc' dir='ltr'><strong>Ι.</strong></span> <span class='ocrx_word' id='word_1_833' title='bbox 2535 5415 2554 5452; x_wconf 85' lang='lat'>1</span> <span class='ocrx_word' id='word_1_834' title='bbox 2575 5403 3069 5470; x_wconf 75' lang='lat' dir='ltr'>enumerata,quzn</span> <span class='ocrx_word' id='word_1_835' title='bbox 3091 5395 3434 5453; x_wconf 86' lang='lat' dir='ltr'>Gebhardus</span> <span class='ocrx_word' id='word_1_836' title='bbox 3466 5413 3532 5452; x_wconf 88' lang='lat' dir='ltr'>ex</span> <span class='ocrx_word' id='word_1_837' title='bbox 3561 5411 3768 5470; x_wconf 55' lang='lat' dir='ltr'>parem.</span> 
     </span>
    </p>
   </div>
   <div class='ocr_carea' id='block_1_116' title="bbox 2126 5485 3772 5561">
    <p class='ocr_par' dir='ltr' id='par_1_116' title="bbox 2126 5485 3772 5561">
     <span class='ocr_line' id='line_1_116' title="bbox 2126 5485 3772 5561; baseline 0 -17"><span class='ocrx_word' id='word_1_838' title='bbox 2126 5494 2251 5544; x_wconf 91' lang='lat' dir='ltr'>tum</span> <span class='ocrx_word' id='word_1_839' title='bbox 2281 5486 2652 5544; x_wconf 87' lang='lat' dir='ltr'>successione</span> <span class='ocrx_word' id='word_1_840' title='bbox 2673 5486 2876 5541; x_wconf 88' lang='lat' dir='ltr'>habuit</span> <span class='ocrx_word' id='word_1_841' title='bbox 2897 5485 3173 5558; x_wconf 89' lang='lat' dir='ltr'>pleraque</span> <span class='ocrx_word' id='word_1_842' title='bbox 3205 5486 3262 5540; x_wconf 91' lang='lat' dir='ltr'>in</span> <span class='ocrx_word' id='word_1_843' title='bbox 3285 5501 3432 5558; x_wconf 86' lang='lat' dir='ltr'>pago</span> <span class='ocrx_word' id='word_1_844' title='bbox 3465 5485 3772 5561; x_wconf 83' lang='lat' dir='ltr'>Linzgowe</span> 
     </span>
    </p>
   </div>
   <div class='ocr_carea' id='block_1_117' title="bbox 2129 5575 3770 5653">
    <p class='ocr_par' dir='ltr' id='par_1_117' title="bbox 2129 5575 3770 5653">
     <span class='ocr_line' id='line_1_117' title="bbox 2129 5575 3770 5653; baseline 0.001 -19"><span class='ocrx_word' id='word_1_845' title='bbox 2129 5579 2242 5634; x_wconf 88' lang='lat' dir='ltr'>sita</span> <span class='ocrx_word' id='word_1_846' title='bbox 2273 5597 2286 5648; x_wconf 92' lang='lat'><strong>;</strong></span> <span class='ocrx_word' id='word_1_847' title='bbox 2322 5577 2492 5651; x_wconf 85' lang='lat' dir='ltr'>cujus</span> <span class='ocrx_word' id='word_1_848' title='bbox 2517 5577 2656 5632; x_wconf 89' lang='lat' dir='ltr'>adeo</span> <span class='ocrx_word' id='word_1_849' title='bbox 2682 5575 2923 5632; x_wconf 88' lang='lat' dir='ltr'>comites</span> <span class='ocrx_word' id='word_1_850' title='bbox 2953 5575 3134 5630; x_wconf 87' lang='lat' dir='ltr'>fuisse</span> <span class='ocrx_word' id='word_1_851' title='bbox 3164 5575 3438 5633; x_wconf 88' lang='lat' dir='ltr'>videntur</span> <span class='ocrx_word' id='word_1_852' title='bbox 3460 5577 3589 5650; x_wconf 87' lang='lat' dir='ltr'>ejus</span> <span class='ocrx_word' id='word_1_853' title='bbox 3637 5592 3770 5653; x_wconf 86' lang='lat' dir='ltr'>pro-</span> 
     </span>
    </p>
   </div>
   <div class='ocr_carea' id='block_1_118' title="bbox 2128 5663 3768 5748">
    <p class='ocr_par' dir='ltr' id='par_1_118' title="bbox 2128 5663 3768 5748">
     <span class='ocr_line' id='line_1_118' title="bbox 2128 5663 3768 5748; baseline 0 -22"><span class='ocrx_word' id='word_1_854' title='bbox 2128 5667 2442 5748; x_wconf 75' lang='lat' dir='ltr'>genitores,</span> <span class='ocrx_word' id='word_1_855' title='bbox 2476 5664 2654 5724; x_wconf 89' lang='lat' dir='ltr'>simul</span> <span class='ocrx_word' id='word_1_856' title='bbox 2686 5669 2744 5724; x_wconf 89' lang='lat' dir='ltr'>et</span> <span class='ocrx_word' id='word_1_857' title='bbox 2764 5663 3085 5739; x_wconf 72' lang='lat' dir='ltr'>adiacentis</span> <span class='ocrx_word' id='word_1_858' title='bbox 3113 5666 3492 5744; x_wconf 77' lang='lat' dir='ltr'>Argengewe,</span> <span class='ocrx_word' id='word_1_859' title='bbox 3545 5667 3604 5728; x_wconf 91' lang='lat' dir='ltr'>in</span> <span class='ocrx_word' id='word_1_860' title='bbox 3652 5682 3768 5746; x_wconf 72' lang='lat' dir='ltr'>qun</span> 
     </span>
    </p>
   </div>
  </div>
