4152 6186
350 348 460 406 291

1040 342 1433 403 APPENDIX
1477 343 1579 402 AD
1625 339 2072 401 CIIHONICON
2121 340 2539 402 HERMANNI
2585 339 3056 404 CONTRACTI.

3631 342 3750 406 292

347 479 499 536 idem
527 479 638 534 Uzo
669 478 725 532 S.
757 475 1043 530 Gebhardi
1071 480 1234 547 pater
1263 475 1300 528 1.
1335 493 1372 540 1,
1401 493 1455 529 n.
1483 476 1535 529 6.
1563 473 1990 544 Lindaugiense
2025 475 2073 538 Α
2103 490 2168 528 ac
2199 473 2469 529 districtu
2503 475 2844 530 Mosskirch.
2897 477 3119 532 Noatur
3149 475 3410 548 pagellus
3449 475 3750 531 Goldines-

348 567 768 623 monasterium
801 566 926 620 suis
955 581 1023 619 ex
1055 564 1285 636 praediis
1316 563 1586 618 nobiliter
1609 563 1828 617 ditasse
1850 561 1992 616 dici-

345 661 462 722 tur,
496 656 709 711 ibidem
734 656 908 710 etiam
930 652 1279 719 tumulatus,
1309 653 1464 722 quod
1490 650 1694 706 nullibi
1726 649 1869 705 alias
1901 665 1994 705 me

345 744 558 817 legisse
583 743 841 799 memini.
865 742 967 796 Illa
988 747 1180 795 autem
1207 740 1344 794 dicti
1373 739 1848 794 ccrnobiidotatio
1863 755 1992 793 con-

345 833 634 905 signanda
662 832 892 888 videtur
913 834 1042 900 post
1073 845 1165 882 an.
1202 828 1330 892 948,
1352 827 1649 897 quojuxta
1707 832 1988 881 Herman-

344 939 484 977 nuni
505 916 1560 990 Lindaugiaincendioconsumptaest
1574 916 1643 968 ab
1661 919 1988 969 [Iermanno

343 1007 696 1064 Alemannis:
711 1008 855 1060 duce
881 1005 999 1071 ;eui
1019 1004 1389 1058 restituenda}
1407 1003 1620 1074 praedia
1639 1020 1746 1057 sua
1767 1003 1986 1073 impen-

343 1097 640 1161 deritUzo,
665 1093 1027 1165 sepulturam
1047 1108 1216 1146 suam
1247 1091 1325 1146 ibi
1360 1095 1566 1146 nactus
1593 1095 1982 1164 postmortem

340 1203 518 1258 quam
551 1185 707 1239 haud
733 1182 914 1237 multo
946 1180 1302 1252 postobiisse
1324 1179 1542 1245 debuit,
1565 1197 1696 1234 cum
1720 1181 1847 1251 ejus
1880 1179 1982 1233 ﬁlii

337 1275 376 1329 1.
407 1292 455 1330 c.
489 1270 1034 1340 n.7defunctisjam
1059 1268 1398 1340 parentibus
1420 1267 1814 1322 haereditatem
1836 1267 1984 1321 inter

339 1381 401 1420 se
432 1361 751 1426 diviserint,
786 1376 850 1413 ac
864 1357 1070 1413 saltem
1095 1357 1219 1427 jam
1237 1373 1386 1412 anno
1408 1357 1512 1410 958
1531 1356 1980 1411 Gebhardusbo-

337 1469 545 1508 norum
579 1465 815 1505 suorum
843 1446 1167 1501 dominium
1195 1445 1614 1516 propriumque
1635 1446 1977 1500 advocatum

335 1539 622 1597 habuerit.
660 1537 759 1592 Illo
790 1539 941 1590 certe
965 1551 1114 1589 anno
1145 1537 1246 1587 aut
1275 1537 1553 1604 sequente
1579 1537 1848 1588 mortuus
1893 1539 1980 1588 est

335 1629 630 1685 Alawicus
661 1624 968 1697 Augiensis
1001 1623 1203 1686 abbas,
1233 1638 1482 1693 quocum
1527 1638 1592 1676 ex
1625 1639 1678 1676 η.
1717 1624 1775 1675 11
1841 1639 1975 1676 con-

335 1718 630 1775 cambium
655 1715 788 1768 iniit
808 1712 1074 1767 Gebhard
1086 1727 1172 1764 us.
1197 1711 1381 1778 Hujus
1401 1711 1575 1763 frater
1588 1711 1783 1764 senior
1805 1710 1975 1765 Udal-

334 1807 489 1862 ricus
522 1822 615 1860 an.
647 1804 754 1857 955
773 1799 967 1872 praelia
982 1799 1135 1870 apud
1165 1801 1488 1869 Augustam
1521 1803 1722 1896 contra
1748 1799 1977 1896 Ilunga-
2009 1833 2054 1896 Β

334 1911 429 1951 ros
447 1897 607 1964 gesto
639 1888 919 1954 interfuit,
943 1888 1096 1940 unde
1115 1887 1182 1940 de
1214 1891 1378 1940 aetate
1403 1886 1585 1956 patris
1617 1887 1743 1956 ejus
1769 1887 1974 1943 Uzonis

325 1984 594 2055 judicare
620 1980 772 2033 licet.
805 1976 970 2032 Hunc
997 1974 1194 2029 Lazius
1226 1973 1530 2039 Ethonem,
1564 1976 1804 2030 Crusius
1842 1992 1975 2033 vero

331 2071 619 2128 Uthonem
653 2067 937 2134 nominat,
971 2081 1039 2118 ex
1068 2079 1369 2134 perperam
1417 2063 1636 2119 scilicet
1680 2063 1826 2119 lecto
1876 2070 1976 2120 aut

331 2159 619 2215 intellecto
633 2155 842 2213 Uzonis
856 2154 1090 2208 nomine
1120 2156 1215 2206 :ut
1247 2157 1397 2207 recte
1418 2151 1970 2221 Tenzeliusjudicat,

333 2266 400 2304 ex
431 2249 600 2317 cujus
631 2245 805 2300 etiam
831 2248 1021 2296 mente
1053 2241 1187 2307 Uzo,
1211 2241 1360 2297 Uozo
1387 2245 1443 2296 et
1478 2245 1636 2295 Huzo
1682 2258 1814 2296 cum
1871 2260 1944 2297 no

333 2336 489 2392 mine
520 2331 786 2388 Udalrico
819 2345 1141 2401 synonyma
1163 2335 1318 2383 sunt.
1351 2329 1495 2384 Uzor
1526 2329 1703 2399 hujus
1765 2330 1972 2386 Uzonis

331 2441 428 2480 seu
465 2426 649 2477 mater
680 2421 737 2475 S.
766 2417 1052 2474 Gebhardi
1079 2417 1398 2487 Dictburga
1427 2417 1794 2473 nobilissima
1842 2419 1969 2489 qui-

331 2515 462 2569 dem
495 2513 552 2566 in
577 2508 858 2564 Chronico
877 2506 1108 2570 dicitur,
1135 2506 1275 2576 quin
1303 2505 1466 2559 ullibi
1501 2506 1629 2574 ejus
1667 2523 1852 2577 genus
1882 2523 1972 2560 ex-

331 2603 636 2676 primatur,
671 2598 824 2668 quod
857 2596 999 2650 forte
1040 2595 1112 2649 ob
1152 2594 1559 2665 cognominem
1612 2595 1669 2648 S.
1720 2595 1967 2650 Udalrici

331 2687 674 2763 Augustiani
705 2683 959 2757 episcopi
989 2689 1233 2737 matrem
1257 2682 1315 2736 in
1333 2682 1541 2737 Suevia
1563 2689 1619 2736 et
1651 2682 1969 2754 Dilingensi

328 2779 570 2846 familia,
614 2782 714 2832 aut
734 2774 906 2828 etiam
932 2774 988 2826 in
1020 2771 1361 2825 Alemannia
1390 2787 1491 2826 seu
1516 2772 1972 2842 'I‘urgoviaquzs-

329 2870 575 2926 rendam
607 2869 715 2920 est.
749 2863 895 2926 Quid
929 2860 978 2915 si
1035 2859 1324 2915 Adelberti
1373 2860 1618 2916 senioris
1676 2862 1968 2932 'I‘urgoviae

329 2955 560 3012 comitis
591 2952 712 3008 filia
745 2949 996 3005 fuisset?

398 3050 431 3117 ᾗ
460 3043 627 3100 XVII.
664 3038 1121 3106 Quatuorfuisse
1155 3036 1363 3092 Uzonis
1398 3036 1546 3093 ﬁlios
1579 3037 1966 3094 solusilerum

327 3140 526 3192 noster
563 3129 856 3188 annalista
914 3127 1126 3199 prodit,
1178 3127 1318 3180 dum
1379 3127 1702 3181 econtrario
1768 3128 1968 3183 Laziua

331 3224 636 3295 ceterique
658 3218 890 3276 nonnisi
915 3217 1152 3272 unicum
1185 3215 1555 3271 Gebhardum
1606 3217 1814 3271 Ethoni
1865 3235 1965 3272 seu

327 3313 505 3372 Uzoni
539 3312 724 3366 filium
747 3309 1038 3371 tribuunt,
1061 3305 1326 3359 Udalrico
1351 3311 1544 3360 autem
1581 3306 1965 3378 primogenito

328 3402 560 3476 penitus
581 3400 798 3454 omisso
829 3393 1366 3449 Lantfridun1280
1397 3410 1465 3446 ex
1488 3393 1726 3464 Hugone
1761 3394 1966 3449 Uzonis

327 3509 430 3548 seu
461 3487 702 3546 Ethonis
754 3485 928 3539 fratre
975 3485 1340 3552 procreatum
1405 3485 1691 3546 statuunt,
1742 3488 1964 3552 patrem

328 3576 848 3652 Marquardizquae
879 3569 1077 3625 omnia
1136 3568 1312 3623 etiam
1364 3569 1668 3624 Tenzclius
1701 3573 1779 3638 (p.
1839 3572 1965 3641 27d)

327 3687 428 3726 seu
473 3665 675 3723 fictitia
730 3661 934 3732 rejicit,
987 3662 1303 3728 nostroque
1362 3656 1626 3728 scriptori
1689 3659 1965 3713 standum

325 3758 635 3816 existimat.
669 3751 918 3808 Omnino
949 3749 1100 3804 enim
1131 3744 1434 3803 Gebhardo
1467 3745 1674 3801 fratres
1705 3745 1968 3818 assignat

327 3849 456 3920 ipsa
485 3846 611 3916 ejus
637 3840 970 3897 donationis
1001 3837 1202 3892 charta
1232 3834 1269 3888 l.
1306 3852 1344 3900 ι,
1379 3852 1434 3888 u.
1469 3834 1522 3900 9,
1557 3835 1838 3905 quajuris
1875 3835 1962 3889 sui

324 3934 763 4007 proprietatem,
798 3944 972 3998 quam
1005 3928 1310 3997 parentum
1345 3923 1713 3979 successione
1731 3923 1787 3977 in
1820 3941 1966 3996 pago

325 4021 604 4091 Linzgove
621 4014 1065 4078 etalibihabuit,
1093 4029 1224 4066 cum
1249 4028 1535 4066 consensu
1570 4011 1812 4066 fratrum
1834 4030 1965 4067 suo-

323 4123 455 4164 rum
469 4107 538 4160 ad
555 4103 861 4159 Ecclesiam
884 4100 1386 4156 Constantiensem
1403 4101 1656 4155 tradidit.
1669 4105 1741 4154 De
1757 4102 1969 4171 primo-

2102 563 2350 618 buntare
2385 563 2441 616 in
2466 563 2745 618 comitatu
2773 564 3024 619 Udalrici
3047 564 3274 622 comitis
3333 566 3389 620 in
3433 563 3751 636 diplomate

2102 651 2375 706 Ludovici
2407 650 2735 707 Germanici
2755 671 2847 707 an.
2882 654 2987 707 854
3024 655 3176 725 apud
3210 659 3270 708 P.
3299 654 3571 725 Herrgott
3591 654 3747 721 n.56,

2099 742 2255 795 unde
2272 757 2486 812 pagum
2513 740 2668 794 hunc
2700 756 2767 795 ex
2791 746 3032 812 paterna
3052 743 3262 797 Uzonis
3290 747 3347 798 et
3369 743 3459 797 avi
3499 741 3749 798 Udalrici

2098 827 2434 884 haereditate
2463 828 2786 884 obtinuisse
2810 830 3039 885 videtur
3068 830 3455 902 Marquardus
3480 846 3492 884 :
3524 830 3595 885 de
3625 846 3742 902 quo

2096 916 2264 987 plura
2299 916 2550 988 reperire
2582 917 2736 972 haud
2782 916 2965 984 licuit,
2990 919 3157 987 cujus
3201 923 3431 989 tempus
3483 934 3588 973 seu
3641 934 3743 971 an-

2095 1021 2208 1060 nus
2239 1005 2346 1060 996
2376 1007 2594 1077 optime
2613 1006 2883 1061 convenit
2903 1023 3036 1061 cum
3057 1007 3152 1062 illo
3175 1005 3529 1063 S.Gebhardi
3547 1005 3743 1061 fratris

2095 1094 2182 1148 sui
2219 1111 2310 1148 an.
2340 1095 2446 1148 995
2468 1094 2746 1148 defuncti.
2779 1099 2854 1150 Ex
2899 1096 3024 1168 ipso
3067 1100 3261 1150 autem
3312 1095 3420 1150 hoc
3461 1095 3742 1150 comitatu

2092 1199 2219 1250 suo,
2253 1182 2430 1237 simul
2463 1186 2796 1253 ettempore
2817 1182 3080 1240 diversus
3111 1200 3240 1240 esse
3297 1183 3582 1239 evincitur
3646 1183 3741 1238 hic

2090 1270 2478 1342 Marquardus
2510 1289 2543 1326 a
2569 1273 2933 1343 cognomine,
2969 1273 3066 1344 qui
3097 1289 3198 1328 ceu
3250 1288 3444 1327 comes
3507 1271 3739 1327 Rhaetiaa

2090 1359 2386 1414 Curiensis
2436 1364 2672 1414 notatur
2714 1359 2771 1414 in
2833 1361 3150 1431 diplomate
3194 1361 3437 1418 Conradi
3481 1361 3529 1416 Il
3591 1361 3735 1433 imp.

2088 1465 2191 1518 pro
2223 1450 2574 1504 monasterio
2598 1449 2931 1504 Fabariensi
2967 1467 3059 1504 an.
3088 1452 3225 1506 1032
3253 1451 3407 1522 apud
3467 1450 3738 1505 eumdem

2086 1536 2148 1591 P.
2183 1537 2454 1608 Herrgott
2485 1555 2540 1591 n.
2578 1539 2698 1592 171.
2730 1537 3008 1592 Ultimum
3033 1539 3185 1594 hunc
3221 1539 3494 1593 Luitfridi
3543 1537 3738 1594 fratris

2087 1626 2145 1680 S.
2181 1626 2470 1680 Gebhardi
2497 1625 2679 1680 ﬁlium
2696 1626 2901 1681 statuit
2924 1627 3378 1697 Lazius,etforte
3410 1628 3567 1683 haud
3594 1628 3737 1683 adeo

2087 1730 2424 1785 perperam:
2459 1714 2726 1784 quamvis
2775 1714 2930 1769 enim
2962 1717 3210 1787 scriptor
3243 1721 3440 1771 noster
3493 1717 3736 1772 unicum

2085 1801 2258 1856 istius
2290 1802 2555 1856 Luitfridi
2592 1801 2774 1856 filium
2797 1800 3176 1857 Adelbertum
3200 1803 3736 1873 commemoret,nil

2087 1894 2280 1944 tamen
2316 1890 2508 1944 obstat
2539 1889 2855 1960 quominus
2888 1889 3035 1946 alios
3067 1892 3254 1946 adhuc
3285 1891 3502 1947 habere
3533 1897 3740 1963 potue-

2084 1979 2177 2032 rit.
2212 1978 2359 2041 Quin
2377 1995 2443 2032 ex
2481 1978 2640 2032 Lazio
2670 1978 3019 2034 Adelbertus
3046 1980 3154 2035 iste
3186 1996 3287 2034 seu
3320 1980 3724 2051 Albertus,qui

2084 2066 2142 2120 in
2174 2065 2380 2138 Apulia
2411 2066 2705 2134 occubuit,
2732 2082 2846 2120 non
2885 2067 3144 2122 Luitfridi
3205 2067 3381 2135 filius,
3439 2069 3541 2123 sed
3605 2068 3723 2123 filio

2083 2155 2434 2224 Marquardo
2450 2171 2626 2225 nepos
2645 2153 2948 2209 fuisset.Et
2964 2171 3096 2210 vero
3111 2161 3369 2226 spectata
3397 2160 3728 2227 temporum

2082 2242 2558 2297 rationedifficile
2606 2243 2923 2297 admodum
2983 2249 3071 2298 est
3122 2243 3499 2299 Adelbertum
3549 2245 3729 2299 istum

2081 2330 2267 2384 filium
2299 2332 2486 2386 dicere
2519 2331 2811 2396 Luitfridi,
2837 2333 3006 2399 cujus
3039 2331 3216 2386 frater
3241 2332 3550 2387 Udalricus
3600 2333 3728 2403 jam

2082 2436 2175 2474 an.
2207 2421 2314 2473 955
2331 2420 2600 2474 militiam
2624 2421 2998 2490 sequebatur.
3026 2421 3168 2475 287
3207 2422 3328 2485 Quo
3357 2420 3539 2491 igitur
3558 2421 3729 2475 modo

2079 2507 2425 2563 Adelbertus
2457 2511 2584 2578 ejus
2607 2526 2674 2562 ex
2698 2509 2872 2563 fratre
2896 2525 3074 2579 nepos
3097 2508 3289 2564 adhuc
3302 2508 3728 2580 expeditionem

2083 2601 2201 2651 tam
2234 2601 2519 2651 remotam
2541 2597 2839 2668 suscipere
2873 2598 3064 2667 potuit
3094 2603 3226 2668 post
3256 2598 3551 2669 integrum
3613 2599 3730 2653 fere

2082 2684 2381 2749 saeculum,
2417 2684 2636 2739 scilicet
2675 2702 2768 2739 an.
2831 2687 2984 2751 1053,
3035 2702 3149 2756 quo
3205 2686 3530 2742 infaustum
3585 2685 3728 2742 illud

2080 2775 2286 2828 Leonis
2321 2773 2391 2827 IX
2423 2771 2641 2828 bellum
2695 2777 2894 2828 contra
2946 2773 3342 2830 Nortmannos
3395 2779 3544 2830 teste
3592 2775 3732 2830 Her-

2080 2879 2294 2916 manno
2319 2866 2658 2933 susceptum
2689 2867 2800 2929 est,
2833 2851 2892 2916 in
2924 2879 3038 2933 quo
3072 2864 3276 2934 Optimi
3309 2881 3376 2919 ex
3413 2864 3616 2920 Suavis
3674 2869 3733 2920 et

2079 2951 2302 3006 Noricis
2333 2968 2426 3004 xxv
2460 2949 2582 3005 Kal.
2608 2949 2749 3005 Julii
2784 2951 3148 3006 occubuere?
3178 2953 3463 3008 Caaterum
3505 2954 3575 3008 de
3623 2953 3731 3009 hoc

2081 3043 2424 3110 argumento
2447 3038 2712 3092 videatur
2735 3055 2971 3110 quoque
2999 3056 3152 3112 saepe
3175 3040 3387 3096 citatus
3401 3041 3730 3107 Tenzelius,

2082 3145 2136 3199 p.
2165 3129 2290 3190 284,
2324 3126 2421 3182 ubi
2457 3127 2628 3181 fidem
2663 3143 2866 3182 rursus
2893 3127 3068 3182 habet
3115 3129 3333 3184 nostris
3380 3130 3728 3198 Annalibus,

2000 3191 2041 3255 C
2080 3191 2219 3271 dum
2257 3215 2573 3270 stabilitam
2608 3216 2822 3270 ibidem
2857 3216 3123 3271 Luitfridi
3179 3217 3582 3290 genealogiam
3626 3191 3730 3274 ad;

2075 3305 2506 3376 optat.Utrique
2519 3305 2754 3359 demum
2771 3305 2906 3359 huic
2919 3309 3074 3376 Marq
3085 3307 3261 3362 uardo
3294 3308 3500 3362 tertius
3521 3325 3588 3362 ex
3603 3307 3730 3362 Bri-

2076 3393 2334 3466 gantinis
2367 3393 2770 3447 accensendus
2802 3394 3053 3458 videtur,
3086 3395 3158 3449 de
3181 3411 3296 3467 quo
3329 3396 3726 3462 Burckardus,

2077 3483 2148 3537 de
2175 3499 2290 3537 cas.
2315 3486 2370 3534 S.
2393 3481 2703 3548 Galli,c.7,
2735 3482 2793 3535 in
2811 3481 3086 3537 Udalrico
3111 3485 3180 3538 IIl
3216 3484 3272 3539 S.
3307 3484 3455 3540 Galli
3515 3485 3728 3541 abbate

2077 3573 2156 3625 ita
2188 3570 2389 3624 scribit
2420 3570 2719 3639 (Goanasr,
2748 3576 2787 3623 t.
2825 3572 2868 3632 I,
2904 3589 2960 3642 p.
2995 3572 3124 3643 72):
3161 3599 3186 3621 α
3238 3577 3575 3630 Commotus
3625 3576 3728 3631 ab-

2077 3659 2248 3713 bas...
2283 3657 2579 3728 quoddam
2605 3656 2748 3712 satis
2780 3657 3079 3712 munitum
3128 3658 3435 3715 castellum
3486 3666 3725 3726 nomine

2077 3745 2400 3802 Marchtorf
2423 3761 2555 3798 cum
2587 3745 2799 3800 comite
2831 3745 3106 3802 Ottone...
3133 3749 3483 3821 expugnavit
3504 3757 3561 3807 et
3589 3772 3723 3813 suc-

2077 3835 2269 3892 cendit
2297 3851 2309 3888 :
2342 3832 2706 3902 Brigantium
2725 3834 3026 3905 oppidum,
3070 3836 3419 3908 Marquardo
3478 3841 3720 3900 nobilis-

2077 3926 2226 3980 simo
2241 3923 2560 3977 Sucvorum
2576 3926 2764 3993 capto,
2783 3923 3107 3979 combussit
3131 3951 3144 3992 ς
3165 3948 3184 3973 ι
3213 3927 3368 3997 quod
3391 3929 3459 3984 ad
3477 3931 3722 3988 an.lO79

2076 4014 2164 4069 vel
2188 4029 2286 4083 seq
2299 4015 2527 4066 uentem
2552 4011 2817 4081 pertinet.
2850 4014 2959 4066 Iste
2979 4018 3176 4069 autem
3195 4014 3580 4087 Marquardus
3599 4019 3722 4076 Bri-

2079 4103 2355 4176 gantinus
2389 4116 2581 4154 comes
2613 4100 2684 4153 ad
2720 4100 2970 4157 Udalrici
2992 4102 3186 4158 fratris
3219 4103 3275 4158 S.
3311 4105 3604 4163 Gebhardi
3629 4126 3730 4182 po-

324 4195 521 4271 genito
546 4192 758 4249 Uzonis
791 4190 908 4243 filio
935 4187 1201 4243 Udalrico
1235 4192 1439 4257 praeter
1470 4205 1725 4260 pugnam
1768 4192 1970 4261 Augu-
2079 4198 2268 4247 steros
2287 4188 2373 4244 vel
2396 4193 2637 4259 nepotes
2653 4189 2942 4259 pertinere
2962 4195 3169 4262 potest.
3187 4193 3265 4248 Ex
3280 4192 3387 4248 hoc
3406 4195 3730 4254 Burchardi

327 4291 581 4354 stanam,
604 4281 692 4337 cui
728 4297 822 4335 an.
855 4279 960 4334 855
997 4276 1281 4342 interfuit,
1325 4275 1406 4330 nil
1468 4277 1624 4331 aliud
1687 4283 1973 4334 memorat
2079 4280 2422 4336 testimonio
2455 4277 2585 4331 Otto
2618 4293 2812 4332 comes
2845 4278 3217 4350 Brigantinus
3248 4283 3557 4352 eruitur,in
3581 4285 3732 4342 schi-

328 4374 610 4447 scriptor:
646 4369 798 4443 patri
828 4372 1024 4422 tamen
1057 4365 1114 4418 in
1139 4365 1417 4420 comitatu
1441 4366 1796 4422 successisse
1817 4369 1970 4423 vide-
2084 4372 2272 4424 smate
2301 4365 2592 4438 pontificis
2611 4367 2875 4436 partibus
2898 4367 3194 4437 addictus;
3219 4387 3387 4426 secus
3409 4372 3562 4428 enim
3577 4373 3732 4431 hanc

320 4469 437 4533 tur,
472 4478 628 4526 cum,
659 4459 742 4515 uti
771 4457 1057 4521 videmus,
1112 4453 1258 4509 alter
1302 4471 1403 4509 seu
1467 4455 1855 4526 Marguardus
1912 4457 1969 4510 in
2083 4457 2309 4512 cladem
2336 4455 2488 4509 haud
2522 4453 2758 4509 tulisset
2789 4455 2861 4509 ab
2914 4454 3177 4511 Udalrico
3223 4458 3434 4514 abbate
3488 4461 3732 4520 Caesaris

321 4545 1032 4625 pagoGoldinisbundere,
1069 4542 1386 4597 Luitl'ridus
1418 4561 1548 4598 vero
1607 4544 1663 4597 in
1709 4545 1966 4600 Winter-
2005 4547 2047 4608 D
2081 4549 2330 4602 fautore.
2366 4545 2445 4598 Ex
2476 4543 2760 4598 Bernoldo
2795 4549 2990 4598 tamen
3014 4545 3269 4601 auctiora
3300 4547 3493 4619 (infra,
3553 4555 3594 4606 t.
3657 4553 3728 4620 II,

319 4641 460 4696 thur
489 4638 729 4694 comites
752 4635 983 4690 fuerint.
1005 4639 1084 4687 Ac
1110 4633 1252 4687 forte
1285 4633 1332 4686 is
1361 4632 1484 4703 ipse
1513 4640 1601 4688 est
1635 4633 1971 4689 Vodalricus

321 4745 537 4794 comes,
571 4743 743 4798 quem
785 4741 937 4779 anno
967 4722 1072 4776 978
1136 4721 1372 4789 obiisse,
1407 4721 1610 4776 scribit
1669 4723 1967 4794 Hepidan-

321 4834 433 4872 nus
461 4817 520 4870 in
552 4815 676 4870 suis
707 4812 1054 4867 Annalibus.
1536 4857 1541 4863 .

390 4907 417 4973 §
448 4903 640 4958 XVIII.
678 4903 1062 4970 Marquardus
1095 4899 1288 4969 itaque
1319 4897 1463 4952 alter
1494 4898 1702 4954 Uzonis
1725 4899 1880 4954 [ilius
1905 4901 1962 4953 in

320 4992 577 5052 amicitia
597 4989 826 5046 Ottonis
859 4987 1224 5059 imperatoris
1248 4987 1565 5057 plurimum
1590 4989 1961 5059 potuit.0tto-

319 5100 453 5139 nem
478 5081 570 5137 hic
597 5079 832 5136 tertium
878 5075 1133 5130 nominis
1164 5075 1336 5130 istius
1359 5076 1639 5148 intelligo,
1675 5077 1961 5148 Briganti-

317 5187 527 5228 norum
560 5187 628 5226 ex
657 5184 834 5240 supra
865 5165 1120 5221 exhibito
1153 5169 1462 5235 systemate
1481 5171 1815 5236 cognatum,
1860 5165 1957 5236 qui

317 5259 652 5332 Marquardi
683 5254 910 5310 comitis
941 5254 1267 5308 interventu
1301 5253 1338 5307 S
1371 5252 1675 5310 Gebhardo
1731 5272 1800 5308 an
1856 5255 1962 5308 993

320 5349 582 5421 quaedam
609 5346 821 5417 praedia
843 5345 1077 5398 donavit
1096 5344 1148 5394 in
1190 5360 1333 5412 pago
1357 5343 1956 5409 (iulilmurslinmimi,

318 5437 417 5510 qui
452 5436 510 5490 in
545 5433 899 5506 diplomatel
937 5451 970 5485 ι.
1003 5450 1060 5485 n.
1085 5434 1153 5484 26
1181 5432 1493 5485 comitatus
1517 5432 1846 5500 Marquardi
1881 5432 1959 5486 di-

317 5526 488 5582 citur.
514 5522 804 5580 Besselius
817 5522 873 5576 in
889 5520 1167 5576 Chronico
1183 5519 1559 5574 Gottwicensi
1574 5518 1608 5572 h
1621 5535 1729 5572 unc
1742 5535 1958 5592 pagum

315 5617 542 5703 partem
565 5611 699 5691 pagi
721 5609 984 5685 Hegovie
1005 5612 1194 5684 vocat,
1222 5607 1284 5666 in
1340 5607 1554 5666 ducatu
1603 5605 1957 5698 Alemannis

2088 4635 2156 4689 ad
2185 4651 2278 4689 an.
2314 4633 2474 4702 4077)
2506 4630 2752 4686 ominari
2777 4630 2909 4686 licet
2935 4632 3200 4688 Ottoncm
3229 4634 3384 4690 hunc
3402 4637 3555 4694 dicto
3577 4656 3731 4696 anno

2084 4723 2277 4779 adhuc
2309 4720 2577 4775 Heinrico
2602 4720 2717 4791 regi
2753 4720 3227 4790 adhaasisse,cum
3252 4723 3730 4801 Ottoniepiscopo

2078 4809 2520 4867 Constantiensi
2539 4809 2866 4865 schismaco
2886 4809 3227 4868 Constantia
3270 4815 3514 4888 profugo
3533 4819 3728 4889 perfu-

2076 4901 2235 4973 gium
2265 4900 2321 4953 in
2348 4904 2538 4953 castro
2571 4915 2675 4953 suo
2706 4899 2927 4954 dederit
2953 4918 2964 4954 :
2987 4917 3324 4973 quanquam
3348 4904 3504 4960 brevi
3527 4911 3732 4976 postea

2074 4989 2146 5043 ob
2181 4992 2400 5043 metum
2435 4986 2728 5058 Itudolpbi
2761 4988 3118 5044 anticaesaris
3150 4991 3322 5045 aliam
3357 4998 3610 5049 mentem
3633 4994 3730 5050 in-

2075 5078 2289 5132 duerit.
2319 5077 2496 5147 Cujus
2519 5076 2651 5130 dein
2675 5077 2920 5149 vestigia
2943 5095 3174 5149 quoque
3197 5081 3728 5151 pressitUdalricus

2076 5167 2201 5236 ejus
2233 5165 2409 5231 filius,
2439 5169 2503 5218 ut
2533 5163 2705 5227 intra,
2740 5165 2868 5236 §23
2899 5171 2957 5219 et
2987 5167 3075 5233 24,
3111 5167 3458 5226 videbimus.

2204 5253 2339 5307 XIX.
2377 5252 2550 5306 Porro
2583 5251 2811 5322 egregie
2843 5253 2912 5306 de
2943 5251 3185 5310 historia
3220 5258 3434 5314 meruit
3475 5260 3728 5333 scriptor

2074 5346 2288 5404 noster,
2307 5341 2444 5394 dum
2466 5339 2947 5395 Vilodurensium
2971 5344 3248 5399 comitum
3272 5345 3327 5400 in
3351 5346 3729 5404 Winterthur

2073 5431 2355 5502 originem
2394 5429 2614 5498 pandit,
2650 5429 2931 5485 hactenus
2955 5433 3097 5487 satis
3129 5435 3728 5508 obscuram,propter-

2071 5536 2200 5575 eaa
2231 5515 2557 5586 Fuesslino,
2609 5523 2650 5572 t.
2710 5518 2804 5586 1V,
2855 5537 2911 5592 p.
2965 5522 3064 5575 186
3115 5538 3238 5596 seq.
3297 5524 3493 5581 debita
3548 5523 3726 5586 laude

2070 5610 2386 5687 mactatus.
2423 5605 2562 5668 Inde
2619 5606 2777 5668 enim
2813 5608 3097 5670 discimus
3137 5610 3376 5674 celebre
3423 5611 3563 5698 olim
3609 5614 3726 5701 bgq
