4152 6186
275 341 394 401 293

1095 342 1543 404 CHRONICON
1591 343 2311 408 PETERSHUSANUM.
2350 381 2425 390 —
2461 347 2874 409 PROOEMIA.

3571 355 3689 416 294

276 474 584 547 Turgoviaa
617 476 875 530 castrum
904 489 1038 530 cum
1070 474 1196 529 suis
1221 475 1582 546 appendiciis
1613 477 1790 547 injus
1812 477 1930 532 Bri-
1959 480 2014 544 Α
2043 477 2334 534 indicasse
2364 483 2698 546 contentus,
2751 481 2850 552 qui
2883 499 2988 536 suo
3037 487 3298 553 tempore
3347 485 3686 540 comitatum

279 563 658 638 gantinorum
677 563 957 619 comitum
977 563 1356 630 concessisse,
1377 568 1550 634 atque
1565 565 1625 618 in
1645 566 1931 621 bonorum

281 653 568 708 divisione
593 651 882 707 Luitfrido
903 652 963 708 S.
989 652 1277 708 Gebhardi
1306 653 1465 707 fratri
1489 653 1768 726 obtigisse
1793 672 1804 709 :
1830 655 1928 725 qui

281 741 508 814 primus
539 741 682 796 adeo
714 756 909 796 comes
951 741 1023 796 de
1065 740 1409 795 Vinterthur
1461 758 1590 796 stec.
1622 760 1658 796 x
1687 743 1930 813 exstitit,

282 830 435 885 unde
464 828 603 884 dein
629 829 1025 900 Kiburgenses
1057 844 1289 900 quoque
1312 829 1668 900 prodierunt.
1703 831 1931 886 'I‘estem

283 918 456 974 etiam
469 917 652 987 hujus
669 917 750 972 rei
766 916 1054 972 habemus
1068 916 1517 986 Hartmannum,
1534 919 1588 971 in
1607 923 1646 971 A
1659 918 1934 974 nnalibus

287 1006 499 1078 Eremi)
522 1007 622 1077 qui
655 1006 725 1060 de
763 1005 1117 1072 Hermanno,
1159 1006 1230 1060 ab
1271 1023 1365 1060 an.
1412 1006 1546 1060 1053
1579 1024 1764 1078 usque
1798 1007 1936 1062 1065

284 1096 495 1152 abbate
536 1095 919 1161 Einsidlensi,
947 1112 1014 1150 ex
1037 1094 1432 1150 monumentis
1455 1096 1792 1152 domesticis
1814 1097 1935 1151 haec

283 1185 460 1240 refert
484 1200 498 1239 :
522 1207 549 1232 ‹‹
577 1185 713 1239 Erat
735 1199 802 1239 ex
823 1183 1139 1238 comitibus
1165 1183 1561 1250 Vitoduranis,
1587 1185 1686 1257 qui
1721 1186 1934 1240 Kibur-

283 1289 422 1346 gum
459 1273 635 1328 etiam
667 1272 996 1339 condidere,
1027 1276 1085 1326 et
1116 1272 1508 1344 Kiburgenses
1541 1273 1611 1327 ab
1658 1291 1724 1328 eo
1759 1275 1935 1329 deno-

285 1363 492 1418 minati
527 1366 686 1418 sunt.
721 1361 936 1417 Habuit
967 1362 1177 1416 fratres
1210 1360 1585 1427 Luitfridum,
1620 1362 1718 1434 qui
1742 1363 1935 1435 ipsum

287 1451 440 1509 288
475 1455 660 1506 morte
708 1454 1105 1522 praecesserat,
1151 1455 1206 1504 et
1255 1449 1630 1506 Adelbertum
1679 1456 1803 1506 tum
1838 1468 1936 1506 co-

287 1540 564 1596 mitatum
625 1537 1158 1595 administrantem.
1216 1560 1244 1587 »
1289 1538 1396 1604 Qui
1447 1556 1514 1594 ex
1561 1540 1938 1596 Vitoduranis

288 1631 518 1702 primus
550 1629 726 1685 fuerit
755 1628 930 1684 castri
954 1628 1336 1699 Kiburgensis
1358 1628 1640 1696 conditor,
1667 1631 1936 1699 equidem

290 1735 401 1774 non
436 1720 705 1784 constat;
755 1717 899 1772 forte
930 1721 1124 1770 tamen
1157 1715 1312 1770 haud
1360 1716 1609 1771 multum
1639 1717 1939 1782 aberrarit,

290 1807 388 1880 qui
422 1807 483 1861 id
518 1806 754 1862 cuidam
786 1804 1040 1860 filiorum
1076 1804 1347 1860 Luitfridi
1379 1805 1551 1876 primi
1600 1805 1938 1861 Vitodurani

291 1895 526 1952 comitis
563 1894 926 1966 ascripserit,
959 1898 1060 1948 aut
1091 1892 1200 1964 ipsi
1229 1896 1407 1948 etiam
1441 1894 1746 1958 Luitfrido,
1784 1917 1810 1944 ‹‹
1842 1895 1939 1966 qui

291 1983 460 2056 plura
493 1982 723 2056 peculia
751 1980 1143 2056 congregavit.
1181 2003 1208 2030 »
1232 1980 1511 2051 Displicet
1531 1982 1637 2037 boc
1658 1983 1942 2055 Stumpﬁo

289 2073 346 2128 in
403 2072 691 2127 Chronico
721 2072 783 2143 (1.
817 2089 872 2140 v,
919 2087 968 2127 c.
1022 2071 1112 2142 30)
1170 2069 1439 2142 aliisque,
1503 2071 1598 2143 qui
1659 2072 1940 2144 originem

291 2160 469 2217 castri
501 2166 555 2216 et
587 2158 869 2214 comitum
901 2159 970 2215 de
1003 2158 1228 2230 Kiburg
1249 2159 1375 2228 jam
1409 2160 1478 2214 ad
1529 2160 1806 2215 saiculum
1840 2178 1941 2216 no-

295 2267 430 2304 num
468 2249 750 2305 referunt.
778 2250 912 2314 Quae
932 2264 1064 2303 vero
1100 2246 1318 2302 nullius
1350 2248 1631 2302 momenti
1655 2264 1782 2304 esse
1813 2266 1942 2305 sus-

293 2339 437 2393 tinet
471 2337 534 2392 P.
571 2336 814 2408 Hergott
861 2336 1101 2407 (Geneal.
1156 2335 1382 2402 ama,
1433 2339 1477 2405 t,
1527 2337 1570 2403 Ι,
1620 2337 1658 2391 1.
1712 2355 1750 2404 1,
1783 2353 1831 2391 c.
1864 2337 1942 2409 9,)

293 2443 426 2483 cum
463 2442 681 2481 nomen
713 2425 1040 2496 Kiburgum
1071 2425 1163 2479 vix
1195 2441 1258 2479 ac
1304 2440 1376 2479 ne
1421 2425 1513 2478 vix
1544 2425 1780 2496 quidem
1813 2430 1946 2482 ante

294 2516 531 2570 initium
554 2531 639 2569 xu
661 2513 858 2570 saeculi
892 2513 954 2568 in
975 2513 1408 2584 antiquioribus
1439 2515 1838 2570 monumentis
1859 2532 1948 2570 oc-

294 2609 514 2661 currat.
538 2604 658 2660 Hoc
680 2608 876 2660 tamen
899 2604 970 2659 de
993 2603 1508 2659 chartisduntaxat
1529 2603 1749 2658 dictum
1771 2609 1906 2674 puto
1929 2623 1940 2660 :

287 2696 409 2762 jam
435 2692 600 2748 enim
626 2693 696 2746 ad
726 2709 822 2746 an.
847 2694 986 2746 1720
1011 2691 1379 2746 Hermannus
1399 2692 1743 2747 Contractus
1765 2693 1947 2766 Cuyn-

294 2784 443 2854 burg
464 2784 733 2836 castrum
757 2779 1118 2836 Werenharii
1149 2779 1380 2834 comitis
1396 2797 1429 2834 a
1445 2779 1705 2835 Conrado
1729 2781 1777 2837 Il
1803 2783 1942 2854 imp.

295 2873 538 2942 captum
571 2868 800 2933 scribit,
835 2883 1009 2939 quem
1058 2866 1496 2922 Werinharium
1546 2868 1617 2923 ad
1668 2886 1760 2923 an.
1808 2871 1949 2926 4030

296 2963 473 3030 caput
517 2955 858 3013 rebellionis
918 2961 1120 3012 contra
1166 2957 1450 3011 Caesarem
1509 2957 1781 3029 appellat,
1834 2977 1948 3030 quo

296 3049 471 3103 etiam
508 3063 665 3102 anno
697 3047 756 3101 in
786 3045 982 3118 praelio
1012 3046 1166 3102 circa
1195 3045 1402 3101 silvam
1425 3051 1687 3102 nostram
1712 3048 1947 3104 Martia-

299 3153 434 3192 nam
460 3152 598 3191 eum
625 3137 869 3190 Ernesto
892 3135 1246 3191 Alamanniae
1269 3137 1413 3190 duce
1454 3137 1742 3192 occubuit.
1777 3138 1853 3194 Dc
1883 3155 1948 3195 eo

303 3225 706 3296 Hepidannus,
745 3225 896 3280 facta
928 3241 1028 3295 pro
1061 3240 1221 3278 more
1263 3223 1534 3279 sexennio
1579 3232 1946 3299 praeverteris,
1981 3211 2022 3277 Ο
2061 3223 2257 3295 gensis
2299 3223 2610 3276 comitatus
2661 3222 2946 3278 hazredem
2999 3246 3025 3272 ‹‹

310 3314 384 3368 ad
416 3330 511 3368 an.
545 3314 678 3368 1033
709 3313 832 3368 haec
864 3313 1064 3368 habet:
1101 3336 1127 3361 ‹‹
1161 3315 1448 3379 Castrum,
1473 3315 1628 3385 quod
1659 3315 1948 3372 Cbiburch

321 3401 554 3468 dicitur,
591 3402 773 3456 tribus
804 3401 1109 3456 mensibus
1139 3402 1468 3469 obsessum,
1507 3403 1844 3461 Werinhero
1867 3423 1957 3461 co-

317 3489 458 3544 mite
489 3489 700 3546 frustra
728 3491 830 3545 diu
862 3494 1243 3562 repugnante,
1280 3491 1518 3545 tandem
1559 3492 1631 3546 ab
1670 3492 1796 3564 ipso
1823 3511 1954 3567 rege

312 3576 571 3648 capitur;
607 3600 636 3627 »
669 3578 930 3650 itemque
973 3578 1041 3632 ad
1091 3595 1310 3634 annum
1360 3580 1498 3634 1036
1545 3581 1952 3638 Werinherum

306 3666 575 3722 comitem
610 3666 858 3722 militem
891 3667 1113 3723 Ernesti
1144 3667 1310 3723 ducis
1339 3685 1468 3723 cum
1504 3669 1629 3740 ipso
1670 3670 1727 3725 in
1759 3671 1953 3743 przelio

301 3755 585 3811 cecidisse
633 3755 860 3811 scribit.
892 3756 1279 3812 Wernherum
1304 3757 1485 3812 istum
1512 3758 1749 3831 Kiburgi
1780 3762 1954 3816 comi-

297 3848 435 3912 tem,
461 3860 530 3899 ac
553 3845 704 3899 forte
726 3844 902 3900 etiam
931 3845 1313 3912 conditorem,
1339 3846 1491 3901 inter
1511 3848 1777 3902 Luitfridi
1803 3849 1953 3907 ﬁlios

294 3933 672 3988 referendum
692 3933 1341 4001 censemus,acfratrem
1356 3935 1745 4009 Marquardi(§
1762 3941 1954 4012 prasc.)

294 4020 397 4092 qui
419 4021 612 4078 eidem
643 4022 701 4076 in
724 4023 1002 4078 comitatu
1044 4024 1412 4079 successerit.
1455 4023 1620 4079 Hunc
1661 4026 1953 4084 Adelberti

285 4109 345 4165 in
378 4109 600 4182 Apulia
619 4111 753 4166 cessi
781 4115 1001 4180 patrem
1025 4111 1167 4166 dicit
1201 4111 1424 4181 Lazius,
1452 4117 1507 4168 et
1543 4113 1659 4169 fors
1683 4115 1952 4172 Luitfridi

287 4215 532 4272 quoque
553 4199 1020 4272 junioris,atque
1035 4200 1349 4258 Hermanni
1366 4202 1595 4258 abbatis
1607 4204 1952 4276 Eremitani,

284 4289 371 4344 uti
399 4305 540 4344 mox
569 4305 637 4343 ex
660 4292 1022 4344 Hartmanno
1047 4289 1398 4346 notavimus.
1429 4291 1685 4347 Suadere
1707 4291 1761 4346 id
1796 4293 1952 4350 vide-

279 4381 380 4433 tur
415 4378 651 4448 adjecta
681 4377 762 4432 ibi
813 4379 1032 4434 mentio
1083 4379 1378 4434 Adalberti
1428 4388 1556 4436 tunc
1604 4384 1952 4439 comitatum

279 4466 794 4534 administrantis,
825 4484 1032 4537 nempe
1063 4485 1116 4523 a.
1152 4469 1310 4538 1053,
1363 4485 1477 4539 quo
1525 4470 1709 4525 abbas
1760 4471 1952 4527 factus

2041 567 2492 624 administrabat
2517 586 2528 622 ε
2558 572 2726 638 cujus
2759 572 2933 625 etiam
2959 569 3214 642 reliquos
3259 571 3462 627 fratres
3485 574 3689 644 tacuit,

2042 672 2174 710 cum
2206 655 2303 711 isti
2336 658 2406 712 ad
2439 659 2834 731 genealogiam
2870 659 3026 715 haud
3056 660 3461 732 pertinuerint,
3510 679 3685 733 quam

2042 745 2314 817 deinceps
2347 747 2736 817 prosequitur.

2115 833 2266 888 289
2298 833 2464 904 XX.
2501 835 2839 891 Adalbertus
2867 837 3065 908 igitur,
3091 854 3191 892 seu
3218 837 3510 893 Albertus.
3537 838 3692 892 Luit-

2043 921 2173 975 fridi
2200 922 2372 992 primi
2396 923 2738 978 Vitodurani
2765 926 2997 979 comitis
3021 926 3139 980 sive
3167 923 3344 992 filius,
3388 927 3506 982 sive
3528 944 3690 983 vero-

2045 1009 2296 1065 similius
2362 1029 2561 1082 nepos,
2629 1013 2873 1067 ultimus
2923 1014 3097 1068 simul
3147 1014 3253 1069 fuit
3301 1016 3580 1071 comitum
3630 1016 3691 1071 in

2044 1098 2416 1154 Winterthur
2469 1105 2525 1155 et
2572 1102 2796 1173 Kiburg
2844 1119 2911 1157 ex
2962 1103 3433 1174 Brigantinorum
3483 1106 3688 1177 stirpe,

2045 1187 2280 1242 nonnisi
2313 1187 2430 1242 ﬁlia
2463 1188 2778 1245 Adelheide
2800 1189 3016 1246 relicta.
3043 1192 3200 1246 Hanc
3222 1193 3511 1247 Adalberti
3545 1194 3693 1248 ami-

2046 1279 2166 1332 tam
2201 1276 2333 1330 facit.
2364 1277 2590 1341 Lazius,
2625 1295 2879 1333 sororem
2908 1279 3126 1334 scilicet
3151 1281 3482 1352 Marquardi
3510 1283 3692 1352 patris

2050 1364 2226 1429 illius,
2262 1365 2520 1436 adeoque
2551 1367 2688 1421 dicti
2724 1367 2989 1421 Luitfridi
3039 1368 3238 1435 filiam,
3275 1369 3464 1440 qualis
3495 1375 3692 1426 tamen

2048 1458 2377 1525 temporum
2413 1459 2671 1525 spectata
2716 1456 2938 1511 ratione
2987 1456 3166 1512 fuisse
3220 1457 3442 1529 nequit.
3493 1460 3696 1515 Nescio

2049 1557 2188 1596 sane
2218 1558 2287 1595 an
2323 1559 2436 1597 non
2471 1543 2561 1597 hic
2597 1550 2796 1599 nostro
2831 1545 3111 1616 scriptore
3134 1547 3329 1618 aliqua
3351 1547 3544 1602 subsit
3566 1564 3694 1619 per-

2051 1647 2326 1684 sonarum
2360 1632 2643 1697 confusio,
2681 1637 2742 1685 ut
2772 1648 2839 1685 ex
2878 1633 3107 1687 duobus
3158 1634 3546 1706 Marquardis,
3583 1653 3697 1692 uno

2053 1733 2260 1788 nempe
2295 1718 2489 1784 fratre,
2519 1718 2699 1773 altero
2726 1720 2840 1774 ﬁlio
2869 1721 3149 1786 Luitfridi,
3175 1724 3328 1792 quod
3347 1725 3473 1793 jam
3522 1742 3700 1797 supra

2054 1805 2332 1876 suspicati
2383 1823 2613 1870 sumus,
2664 1808 2903 1862 unicum
2950 1813 3179 1863 tantum
3238 1812 3454 1878 fecerit,
3515 1814 3595 1867 uti
3644 1819 3701 1869 et

2055 1911 2234 1949 unum
2261 1895 2546 1949 duntaxat
2571 1895 2917 1950 Luitfridum
2945 1913 3010 1950 ex
3034 1898 3285 1962 duobus,
3307 1903 3470 1970 patre
3491 1917 3698 1972 nempe

2052 1999 2152 2038 ceu
2179 1982 2424 2048 seniore,
2450 1988 2505 2038 et
2529 1982 2647 2038 tilio
2671 2000 2774 2038 seu
2809 1984 3094 2039 Luitfrido
3121 1985 3375 2056 juniore,
3403 1988 3699 2044 Adalberti

2052 2075 2108 2125 et
2130 2071 2443 2126 Hermanni
2469 2072 2696 2126 abbatis
2713 2072 2904 2139 fratre,
2923 2089 3069 2144 quos
3084 2091 3260 2144 supra
3289 2075 3698 2146 produximus,

2053 2159 2358 2230 Utcunque
2407 2175 2540 2214 vero
2597 2160 2692 2227 sit,
2745 2166 2898 2216 recte
2943 2163 3181 2217 omnino
3232 2163 3396 2218 addit
3445 2164 3696 2220 Lazius:

2054 2269 2081 2298 «
2131 2247 2505 2302 Adelheidem
2555 2253 2798 2320 nuptam
2852 2250 3033 2305 fuisse
3081 2251 3442 2306 Hartmanno
3497 2253 3696 2308 comiti

2052 2336 2397 2408 Dilingensi,
2418 2337 2508 2391 cui
2537 2354 2638 2408 pro
2661 2338 2792 2392 dote
2811 2338 3180 2393 Winterthur
3202 2344 3258 2394 et
3276 2340 3698 2412 Kiburgensem

2053 2425 2394 2480 comitatum
2415 2424 2643 2492 attulit;
2672 2443 2806 2480 nam
2830 2432 3001 2481 antea
3022 2427 3490 2498 Brigantinorum
3517 2430 3699 2485 comi-

2053 2519 2178 2569 tum
2213 2515 2262 2569 is
2293 2514 2480 2569 fuerit.
2516 2537 2535 2562 ιι
2585 2515 2768 2586 Igitur
2798 2515 3053 2586 primum
3087 2533 3189 2586 per
3236 2517 3345 2572 hoc
3398 2519 3700 2574 matrimo-

2055 2604 2218 2658 nium
2244 2619 2374 2658 saec.
2396 2621 2448 2658 x1
2475 2605 2714 2659 comites
2728 2605 3096 2676 Dilingenses
3111 2605 3288 2661 simul
3305 2607 3478 2662 etiam
3497 2608 3702 2664 Kibur-

2055 2708 2264 2764 genses
2304 2691 2487 2747 eil‘ecti
2532 2697 2692 2759 sunt,
2715 2709 2886 2747 secus
2907 2709 2972 2748 ac
2997 2694 3214 2763 passim
3241 2694 3298 2747 in
3323 2696 3696 2768 genealogico

2057 2781 2336 2836 comitum
2370 2780 2616 2835 istorum
2651 2785 2960 2836 stemmate
3003 2782 3326 2837 asseritur:
3368 2783 3425 2837 in
3459 2800 3574 2854 quo
3607 2784 3693 2839 in-

2058 2885 2234 2940 super
2253 2872 2337 2923 tot
2357 2867 2850 2923 Hartmannorum
2877 2868 3091 2923 mentio
3114 2870 3378 2925 eamdem
3403 2872 3693 2929 confusio-

2059 2973 2190 3012 nem
2215 2957 2429 3012 invexit
2451 2956 2682 3028 qualem
2707 2957 2766 3011 in
2804 2957 3140 3029 Brigantino
3177 2974 3244 3012 ex
3284 2963 3369 3014 tot
3409 2959 3696 3018 Udalricis

2059 3062 2237 3116 supra
2268 3045 2566 3116 conquesti
2601 3063 2830 3100 sumus.

2129 3133 2926 3206 §XXI.Adelheidemitaque
2961 3133 3304 3190 Vitodurani
3348 3153 3453 3193 seu
3497 3138 3703 3193 Kibur-

3063 3239 3258 3280 comes
3307 3224 3704 3282 Hartmannus

2061 3312 2256 3367 senior
2287 3311 2356 3365 de
2380 3310 2702 3382 Dilingensi
2733 3312 2791 3365 in
2827 3311 3269 3367 matrimodium
3297 3315 3540 3386 accepit,
3575 3332 3702 3386 qua;

2063 3401 2113 3456 ei
2144 3401 2370 3472 peperit
2392 3400 3121 3470 Hartmannumjuniorem
3137 3401 3705 3475 etAdilbertum,qui

2063 3489 2251 3545 adhuc
2273 3493 2558 3559 snperest,
2582 3489 2827 3544 ettotius
2845 3489 3179 3560 patrimonii
3197 3495 3254 3546 et
3274 3491 3655 3550 matrimonii.
3681 3515 3703 3542 ι

2065 3593 2166 3633 seu
2209 3576 2501 3649 Dilingani
2551 3585 2605 3632 et
2649 3576 3030 3649 Kiburgensis
3077 3579 3411 3648 comitatus,
3460 3604 3486 3630 «
3521 3581 3707 3638 haeres

2063 3668 2302 3723 effectus
2331 3670 2418 3721 est
2445 3683 2458 3732 ;
2497 3669 2553 3721 et
2583 3665 2941 3733 Udalricum,
2969 3667 3069 3738 qui
3101 3669 3256 3738 apud
3305 3669 3704 3725 Constantiam

2064 3756 2372 3829 episcopus
2397 3756 2587 3810 factus
2610 3758 2716 3820 est,
2748 3760 2812 3809 ut
2845 3755 3017 3809 habet
3057 3755 3404 3822 Chronicon,
3430 3757 3466 3811 1.
3493 3775 3530 3825 ι,
3558 3775 3614 3811 n.
3649 3761 3701 3812 8.

2063 3845 2120 3900 Si
2155 3844 2310 3900 edita
2337 3843 2619 3898 hactenus
2663 3842 3112 3914 Kiburgensium
3164 3860 3266 3899 seu
3319 3844 3703 3916 Dilingesium

2063 3934 2342 3991 comitum
2366 3935 2676 3987 stemmate
2694 3932 3084 3998 attendamus,
3099 3933 3288 3987 varios
3310 3933 3707 3990 Hartmannos

2061 4025 2291 4079 senioris
2314 4020 2400 4075 vel
2423 4021 2668 4091 ⁸ᾱυηίονίδ
2700 4019 2934 4074 nomine
2983 4021 3290 4076 adnotatos
3340 4023 3663 4094 reperimus
3689 4040 3702 4080 :

2064 4111 2216 4185 quod
2245 4110 2481 4181 quidem
2512 4107 2680 4162 unice
2711 4108 3094 4180 scriptoribus
3114 4110 3492 4167 tribuendum
3515 4111 3708 4168 existi-

2063 4216 2319 4266 mamus,
2355 4197 2454 4268 qui
2489 4196 2652 4252 nulla
2690 4196 2889 4252 habita
2918 4197 2990 4252 ad
3021 4199 3411 4269 praecedentes
3441 4201 3707 4271 ejusdem

2063 4288 2319 4343 nominis
2350 4291 2619 4342 seniorem
2650 4286 2815 4341 illum
2848 4287 3065 4353 dixere,
3116 4289 3216 4359 qui
3247 4305 3374 4357 suo,
3420 4305 3535 4361 quo
3563 4289 3705 4345 scri-

2063 4380 2324 4450 pserunt,
2349 4379 2630 4446 tempore,
2653 4375 2812 4447 prior
2834 4374 3052 4442 floruit,
3078 4377 3482 4448 cognominem
3509 4382 3705 4433 autem

2063 4468 2247 4521 ﬁlium
2307 4470 2409 4519 aut
2465 4481 2858 4520 successorem
2927 4465 3202 4532 iuniorem
3259 4465 3703 4536 compellarunt,

275 4555 671 4611 Hermannus
701 4573 772 4611 xv
802 4555 926 4611 Kal.
961 4556 1129 4610 Mart.
1162 4557 1512 4612 Adalbertus
1552 4563 1746 4613 autem
1787 4559 1942 4615 brevi
1976 4577 2020 4642 D
2062 4555 2300 4626 antiquo
2334 4553 2559 4609 scilicet
2582 4570 2741 4608 more
2763 4570 2864 4625 pro
2887 4558 3218 4625 temporum
3245 4557 3301 4608 et
3321 4569 3702 4642 personarum

271 4651 494 4716 postea
515 4661 613 4698 xxv
634 4643 899 4699 Kal.Jul.
924 4646 980 4700 in
1006 4644 1218 4716 Apulia
1239 4646 1529 4701 occubuit.
1555 4647 1660 4701 Vix
1683 4649 1837 4702 enim
1871 4649 1941 4705 de
1981 4640 2006 4642 ψ
2052 4649 2338 4716 respectu,
2419 4643 2504 4698 uti
2567 4643 2694 4713 jam
2762 4643 2832 4696 de
2888 4641 3130 4712 Pippino
3185 4643 3345 4697 290
3395 4640 3703 4697 Heristallo

269 4733 386 4790 alio
423 4732 754 4788 Adalberto
786 4733 1148 4789 Vitodurano
1199 4752 1297 4790 seu
1347 4735 1692 4807 Kiburgensi
1740 4737 1947 4792 comite

268 4820 394 4879 haec
437 4822 630 4894 accipi
677 4828 960 4894 possunt;
1014 4840 1146 4878 nam
1181 4824 1282 4894 qui
1323 4825 1396 4879 ab
1427 4824 1719 4880 unnalista
1747 4829 1946 4881 nostro

269 4915 658 4968 memoratur
686 4910 1059 4979 Adalbertus,
1091 4913 1304 4984 prioris
1351 4930 1419 4968 ex
1466 4912 1584 4968 ﬁlia
1633 4913 1947 4969 Adelheide

272 5015 490 5072 nepos,
529 5006 586 5055 et
629 4999 808 5055 totius
843 5001 1177 5070 patrimonii
1228 5001 1433 5067 haeres,
1477 5019 1630 5057 anno
1671 5004 1803 5057 1065
1833 5020 1947 5074 quo

273 5090 428 5144 obiit
459 5093 844 5144 Hermannus
874 5089 1077 5155 abbas,
1114 5089 1351 5144 vixdum
1379 5094 1552 5146 natus
1582 5107 1708 5146 esse
1733 5091 1946 5162 potuit,

276 5181 509 5249 utpote,
548 5177 745 5232 adhuc
777 5177 934 5232 circa
965 5195 1058 5232 an.
1102 5179 1256 5245 1439,
1305 5195 1421 5250 quo
1462 5179 1696 5250 scripsit
1723 5185 1944 5247 auctor,

271 5271 612 5337 superstes.
649 5266 776 5329 Qua
805 5265 1042 5332 quidem
1067 5268 1290 5322 ratione
1310 5267 1611 5323 tolleretur
1631 5267 1948 5324 difﬁcultas

274 5357 518 5426 §praac.
558 5361 737 5423 mota,
791 5355 838 5410 si
889 5355 1046 5425 prior
1091 5355 1442 5412 Adalbertus
1489 5357 1753 5412 Luitfridi
1789 5357 1948 5412 filius

273 5445 542 5511 dicatur,
565 5445 648 5497 uti
679 5443 856 5498 habet
881 5447 1076 5499 noster
1099 5443 1600 5518 cbronographus,
1630 5447 1728 5517 qui
1750 5451 1947 5501 tamen

274 5549 468 5589 unam
517 5531 959 5605 generationem
997 5533 1263 5588 Luitfridi
1308 5534 1555 5591 senioris
1596 5536 1948 5609 przeteriisse

279 5622 550 5692 videtur,
580 5621 825 5681 omissis
855 5621 1017 5682 illius
1046 5621 1202 5696 ﬁliis,
1254 5628 1520 5698 nepotem
1567 5625 1950 5690 Adalbertum

2056 4733 2509 4797 observavimus,
2544 4731 2644 4802 qui
2677 4731 2847 4785 modo
2877 4732 3079 4798 sem'Or,
3103 4731 3276 4786 modo
3296 4731 3491 4801 jum'or
3511 4730 3706 4786 dictus

2056 4827 2160 4878 est.
2193 4823 2283 4878 Sic
2314 4826 2370 4877 et
2398 4821 2491 4876 hic
2524 4820 2766 4875 Crusius
2800 4820 3047 4889 (Annal.,
3100 4836 3156 4891 p.
3213 4836 3273 4890 ιι,
3323 4819 3360 4874 1.
3414 4837 3497 4888 m,
3531 4837 3579 4876 c.
3615 4819 3704 4893 11)

2056 4914 2482 4968 Hartmannum
2515 4908 2801 4963 seniorem
2836 4907 3098 4963 nominat
3144 4909 3337 4964 ﬁlium
3390 4909 3704 4980 Richwini,

2056 5004 2226 5072 cujus
2251 5006 2411 5072 pater
2431 5003 2555 5054 erat
2593 4997 2967 5053 Theobaldus
3001 4998 3058 5052 S.
3100 4997 3349 5053 Udalrici
3379 4998 3703 5072 Augustani

2057 5089 2323 5162 praesulis
2355 5090 2530 5143 frater
2552 5088 2674 5158 jam
2718 5104 2810 5142 an.
2858 5089 2966 5142 955
3015 5088 3073 5142 in
3120 5087 3316 5160 praelio
3362 5091 3703 5159 Augustano

2057 5180 2311 5235 occisus:
2348 5178 2480 5248 quis
2501 5193 2633 5232 vero
2666 5177 3094 5232 Hartmannum
3126 5178 3289 5233 illum
3336 5177 3508 5232 istius
3538 5173 3703 5228 Adel-

2057 5268 2246 5325 heidis
2270 5266 2420 5320 ultra
2443 5265 2753 5320 dimidium
2779 5265 3056 5321 saeculum
3072 5265 3409 5337 posterioris
3424 5262 3700 5318 maritum

2059 5357 2257 5413 dicat?
2303 5355 2557 5426 Longius
2617 5354 2809 5408 adhuc
2858 5356 3094 5411 aberrat
3141 5351 3422 5408 Pistorius
3455 5351 3697 5424 (ScripL,

2055 5449 2098 5502 t.
2135 5445 2229 5510 Ill,
2263 5462 2319 5516 p.
2354 5445 2502 5515 740),
2537 5444 2635 5514 qui
2681 5444 3109 5498 Hartmannum
3143 5441 3429 5496 seniorem
3461 5441 3700 5497 omnino

2057 5535 2114 5590 S.
2150 5533 2401 5589 Udalrici
2438 5532 2672 5588 fratrem
2705 5532 2868 5602 dicit,
2901 5532 2992 5586 cui
3037 5533 3221 5604 nupta
3268 5529 3344 5584 sit
3383 5529 3702 5586 Adelheida

2060 5623 2186 5683 ﬁlia
2210 5621 2528 5697 Adalberti,
2562 5621 2752 5696 neptis
2784 5619 3092 5691 Luitfridi;
3137 5619 3237 5694 qui
3266 5617 3418 5682 alius
3446 5619 3701 5696 profecto
