  <div class='ocr_page' id='page_1' title='image "/cluster/home/n/w/nwhite01/storage/ocr_20150623/143/hvd.32044054760038/156.png"; bbox 0 0 4152 6186; ppageno 0'>
   <div class='ocr_carea' id='block_1_1' title="bbox 263 308 381 368">
    <p class='ocr_par' dir='ltr' id='par_1_1' title="bbox 263 308 381 368">
     <span class='ocr_line' id='line_1_1' title="bbox 263 308 381 368; baseline 0 0"><span class='ocrx_word' id='word_1_1' title='bbox 263 308 381 368; x_wconf 81' lang='lat'><strong>297</strong></span> 
     </span>
    </p>
   </div>
   <div class='ocr_carea' id='block_1_2' title="bbox 1078 315 2848 384">
    <p class='ocr_par' dir='ltr' id='par_1_2' title="bbox 1078 315 2848 384">
     <span class='ocr_line' id='line_1_2' title="bbox 1078 315 2848 384; baseline 0.003 -8"><span class='ocrx_word' id='word_1_2' title='bbox 1078 315 1525 378; x_wconf 81' lang='lat' dir='ltr'><strong>CHRONICON</strong></span> <span class='ocrx_word' id='word_1_3' title='bbox 1573 316 2285 384; x_wconf 81' lang='lat' dir='ltr'><strong>PETERSHUSANUM.</strong></span> <span class='ocrx_word' id='word_1_4' title='bbox 2324 355 2398 363; x_wconf 87' lang='lat'><strong>—</strong></span> <span class='ocrx_word' id='word_1_5' title='bbox 2434 320 2848 384; x_wconf 80' lang='lat' dir='ltr'><strong>PROOEMIA.</strong></span> 
     </span>
    </p>
   </div>
   <div class='ocr_carea' id='block_1_3' title="bbox 3543 329 3661 390">
    <p class='ocr_par' dir='ltr' id='par_1_3' title="bbox 3543 329 3661 390">
     <span class='ocr_line' id='line_1_3' title="bbox 3543 329 3661 390; baseline 0.034 -4"><span class='ocrx_word' id='word_1_6' title='bbox 3543 329 3661 390; x_wconf 74' lang='lat'>298</span> 
     </span>
    </p>
   </div>
   <div class='ocr_carea' id='block_1_4' title="bbox 264 439 3670 528">
    <p class='ocr_par' dir='ltr' id='par_1_4' title="bbox 264 439 3670 528">
     <span class='ocr_line' id='line_1_4' title="bbox 264 439 3670 528; baseline 0.006 -32"><span class='ocrx_word' id='word_1_7' title='bbox 264 461 293 490; x_wconf 85' lang='grc'><strong>‹‹</strong></span> <span class='ocrx_word' id='word_1_8' title='bbox 322 439 454 497; x_wconf 83' lang='lat' dir='ltr'><strong>Dux</strong></span> <span class='ocrx_word' id='word_1_9' title='bbox 486 442 673 499; x_wconf 84' lang='lat' dir='ltr'><strong>Welfo</strong></span> <span class='ocrx_word' id='word_1_10' title='bbox 702 448 760 499; x_wconf 82' lang='lat' dir='ltr'><strong>et</strong></span> <span class='ocrx_word' id='word_1_11' title='bbox 788 461 983 503; x_wconf 91' lang='lat' dir='ltr'><strong>comes</strong></span> <span class='ocrx_word' id='word_1_12' title='bbox 1026 447 1335 505; x_wconf 89' lang='lat' dir='ltr'><strong>Udalrious</strong></span> <span class='ocrx_word' id='word_1_13' title='bbox 1385 450 1455 506; x_wconf 88' lang='lat' dir='ltr'>de</span> <span class='ocrx_word' id='word_1_14' title='bbox 1500 450 1821 525; x_wconf 85' lang='lat' dir='ltr'><strong>Brigantia,</strong></span> <span class='ocrx_word' id='word_1_15' title='bbox 1856 455 1915 509; x_wconf 81' lang='lat' dir='ltr'><strong>et</strong></span> <span class='ocrx_word' id='word_1_16' title='bbox 1941 453 1999 521; x_wconf 77' lang='grc' dir='ltr'><strong>Α</strong></span> <span class='ocrx_word' id='word_1_17' title='bbox 2026 456 2287 527; x_wconf 86' lang='lat' dir='ltr'><strong>tempore</strong></span> <span class='ocrx_word' id='word_1_18' title='bbox 2319 472 2419 512; x_wconf 91' lang='lat' dir='ltr'><strong>seu</strong></span> <span class='ocrx_word' id='word_1_19' title='bbox 2466 473 2518 512; x_wconf 91' lang='lat' dir='ltr'><strong>a.</strong></span> <span class='ocrx_word' id='word_1_20' title='bbox 2569 456 2711 511; x_wconf 79' lang='grc'>4102</span> <span class='ocrx_word' id='word_1_21' title='bbox 2757 459 3023 528; x_wconf 87' lang='lat' dir='ltr'><strong>nepotem</strong></span> <span class='ocrx_word' id='word_1_22' title='bbox 3067 456 3194 528; x_wconf 90' lang='lat' dir='ltr'><strong>jam</strong></span> <span class='ocrx_word' id='word_1_23' title='bbox 3243 457 3670 516; x_wconf 74' lang='lat' dir='ltr'><strong>adolescentem</strong></span> 
     </span>
    </p>
   </div>
   <div class='ocr_carea' id='block_1_5' title="bbox 266 529 1918 615">
    <p class='ocr_par' dir='ltr' id='par_1_5' title="bbox 266 529 1918 615">
     <span class='ocr_line' id='line_1_5' title="bbox 266 529 1918 615; baseline 0.007 -31"><span class='ocrx_word' id='word_1_24' title='bbox 266 529 361 584; x_wconf 86' lang='lat' dir='ltr'>alii</span> <span class='ocrx_word' id='word_1_25' title='bbox 393 531 778 604; x_wconf 91' lang='lat' dir='ltr'><strong>quamplures</strong></span> <span class='ocrx_word' id='word_1_26' title='bbox 810 536 1169 592; x_wconf 73' lang='lat' dir='ltr'><strong>omnimodis</strong></span> <span class='ocrx_word' id='word_1_27' title='bbox 1219 554 1281 594; x_wconf 86' lang='lat' dir='ltr'><strong>se</strong></span> <span class='ocrx_word' id='word_1_28' title='bbox 1332 538 1579 615; x_wconf 77' lang='lat' dir='ltr'><strong>invicem</strong></span> <span class='ocrx_word' id='word_1_29' title='bbox 1628 539 1918 597; x_wconf 82' lang='lat' dir='ltr'>incendiis</span> 
     </span>
    </p>
   </div>
   <div class='ocr_carea' id='block_1_6' title="bbox 264 619 1919 695">
    <p class='ocr_par' dir='ltr' id='par_1_6' title="bbox 264 619 1919 695">
     <span class='ocr_line' id='line_1_6' title="bbox 264 619 1919 695; baseline 0.007 -20"><span class='ocrx_word' id='word_1_30' title='bbox 264 619 565 677; x_wconf 83' lang='lat' dir='ltr'><strong>devastare</strong></span> <span class='ocrx_word' id='word_1_31' title='bbox 611 623 873 695; x_wconf 76' lang='lat' dir='ltr'><strong>aggressi</strong></span> <span class='ocrx_word' id='word_1_32' title='bbox 926 628 1083 680; x_wconf 90' lang='lat' dir='ltr'><strong>sunt.</strong></span> <span class='ocrx_word' id='word_1_33' title='bbox 1136 648 1167 675; x_wconf 88' lang='lat'>»</span> <span class='ocrx_word' id='word_1_34' title='bbox 1216 627 1468 684; x_wconf 79' lang='lat' dir='ltr'><strong>Causam</strong></span> <span class='ocrx_word' id='word_1_35' title='bbox 1521 628 1750 685; x_wconf 88' lang='lat' dir='ltr'><strong>dissidii</strong></span> <span class='ocrx_word' id='word_1_36' title='bbox 1803 646 1919 686; x_wconf 88' lang='lat' dir='ltr'>non</span> 
     </span>
    </p>
   </div>
   <div class='ocr_carea' id='block_1_7' title="bbox 263 707 1919 790">
    <p class='ocr_par' dir='ltr' id='par_1_7' title="bbox 263 707 1919 790">
     <span class='ocr_line' id='line_1_7' title="bbox 263 707 1919 790; baseline 0.007 -28"><span class='ocrx_word' id='word_1_37' title='bbox 263 707 475 779; x_wconf 81' lang='lat' dir='ltr'><strong>prodit,</strong></span> <span class='ocrx_word' id='word_1_38' title='bbox 504 708 642 765; x_wconf 90' lang='lat' dir='ltr'><strong>inde</strong></span> <span class='ocrx_word' id='word_1_39' title='bbox 674 712 820 767; x_wconf 85' lang='lat' dir='ltr'><strong>forte</strong></span> <span class='ocrx_word' id='word_1_40' title='bbox 852 714 1006 769; x_wconf 82' lang='lat' dir='ltr'><strong>enati</strong></span> <span class='ocrx_word' id='word_1_41' title='bbox 1055 716 1210 787; x_wconf 90' lang='lat' dir='ltr'><strong>quod</strong></span> <span class='ocrx_word' id='word_1_42' title='bbox 1251 717 1379 787; x_wconf 90' lang='lat' dir='ltr'><strong>jam</strong></span> <span class='ocrx_word' id='word_1_43' title='bbox 1427 720 1555 772; x_wconf 88' lang='lat' dir='ltr'><strong>tum</strong></span> <span class='ocrx_word' id='word_1_44' title='bbox 1613 718 1673 772; x_wconf 91' lang='lat' dir='ltr'>in</span> <span class='ocrx_word' id='word_1_45' title='bbox 1724 721 1919 790; x_wconf 88' lang='lat' dir='ltr'><strong>partes</strong></span> 
     </span>
    </p>
   </div>
   <div class='ocr_carea' id='block_1_8' title="bbox 263 796 1917 871">
    <p class='ocr_par' dir='ltr' id='par_1_8' title="bbox 263 796 1917 871">
     <span class='ocr_line' id='line_1_8' title="bbox 263 796 1917 871; baseline 0.005 -19"><span class='ocrx_word' id='word_1_46' title='bbox 263 796 505 854; x_wconf 65' lang='lat' dir='ltr'><strong>Cesaris</strong></span> <span class='ocrx_word' id='word_1_47' title='bbox 537 798 847 857; x_wconf 81' lang='lat' dir='ltr'><strong>inclinaret</strong></span> <span class='ocrx_word' id='word_1_48' title='bbox 875 802 1083 871; x_wconf 85' lang='lat' dir='ltr'><strong>Welfo,</strong></span> <span class='ocrx_word' id='word_1_49' title='bbox 1118 804 1203 859; x_wconf 88' lang='lat' dir='ltr'><strong>uti</strong></span> <span class='ocrx_word' id='word_1_50' title='bbox 1238 805 1310 860; x_wconf 92' lang='lat' dir='ltr'><strong>de</strong></span> <span class='ocrx_word' id='word_1_51' title='bbox 1340 822 1405 861; x_wconf 92' lang='lat' dir='ltr'><strong>eo</strong></span> <span class='ocrx_word' id='word_1_52' title='bbox 1452 806 1627 862; x_wconf 81' lang='lat' dir='ltr'><strong>refert</strong></span> <span class='ocrx_word' id='word_1_53' title='bbox 1658 805 1917 863; x_wconf 89' lang='lat' dir='ltr'><strong>Berthol-</strong></span> 
     </span>
    </p>
   </div>
   <div class='ocr_carea' id='block_1_9' title="bbox 262 886 1917 965">
    <p class='ocr_par' dir='ltr' id='par_1_9' title="bbox 262 886 1917 965">
     <span class='ocr_line' id='line_1_9' title="bbox 262 886 1917 965; baseline 0.005 -24"><span class='ocrx_word' id='word_1_54' title='bbox 262 886 370 942; x_wconf 90' lang='lat' dir='ltr'><strong>dus</strong></span> <span class='ocrx_word' id='word_1_55' title='bbox 401 904 497 942; x_wconf 90' lang='lat' dir='ltr'><strong>an.</strong></span> <span class='ocrx_word' id='word_1_56' title='bbox 532 888 694 955; x_wconf 85' lang='lat'>1095,</span> <span class='ocrx_word' id='word_1_57' title='bbox 727 905 761 944; x_wconf 89' lang='lat' dir='ltr'><strong>a</strong></span> <span class='ocrx_word' id='word_1_58' title='bbox 782 889 1003 961; x_wconf 86' lang='lat' dir='ltr'><strong>quibus</strong></span> <span class='ocrx_word' id='word_1_59' title='bbox 1027 891 1385 948; x_wconf 84' lang='lat' dir='ltr'><strong>abhorrebat</strong></span> <span class='ocrx_word' id='word_1_60' title='bbox 1414 892 1742 961; x_wconf 91' lang='lat' dir='ltr'><strong>Udalricus,</strong></span> <span class='ocrx_word' id='word_1_61' title='bbox 1772 910 1917 965; x_wconf 91' lang='lat' dir='ltr'><strong>pon-</strong></span> 
     </span>
    </p>
   </div>
   <div class='ocr_carea' id='block_1_10' title="bbox 260 974 1914 1054">
    <p class='ocr_par' dir='ltr' id='par_1_10' title="bbox 260 974 1914 1054">
     <span class='ocr_line' id='line_1_10' title="bbox 260 974 1914 1054; baseline 0.005 -25"><span class='ocrx_word' id='word_1_62' title='bbox 260 974 401 1030; x_wconf 90' lang='lat' dir='ltr'><strong>tiﬁci</strong></span> <span class='ocrx_word' id='word_1_63' title='bbox 433 975 727 1032; x_wconf 85' lang='lat' dir='ltr'><strong>addictus.</strong></span> <span class='ocrx_word' id='word_1_64' title='bbox 758 977 946 1033; x_wconf 84' lang='lat' dir='ltr'><strong>Aliam</strong></span> <span class='ocrx_word' id='word_1_65' title='bbox 996 980 1165 1035; x_wconf 74' lang='lat' dir='ltr'><strong>affert</strong></span> <span class='ocrx_word' id='word_1_66' title='bbox 1210 985 1273 1035; x_wconf 89' lang='lat' dir='ltr'><strong>P.</strong></span> <span class='ocrx_word' id='word_1_67' title='bbox 1328 981 1475 1037; x_wconf 90' lang='lat' dir='ltr'>Hess</span> <span class='ocrx_word' id='word_1_68' title='bbox 1523 984 1687 1050; x_wconf 83' lang='lat' dir='ltr'><strong>(Man.</strong></span> <span class='ocrx_word' id='word_1_69' title='bbox 1738 982 1914 1054; x_wconf 81' lang='lat' dir='ltr'><strong>Guelf.</strong></span> 
     </span>
    </p>
   </div>
   <div class='ocr_carea' id='block_1_11' title="bbox 260 1064 1914 1143">
    <p class='ocr_par' dir='ltr' id='par_1_11' title="bbox 260 1064 1914 1143">
     <span class='ocr_line' id='line_1_11' title="bbox 260 1064 1914 1143; baseline 0.005 -25"><span class='ocrx_word' id='word_1_70' title='bbox 260 1080 316 1135; x_wconf 91' lang='lat' dir='ltr'><strong>p.</strong></span> <span class='ocrx_word' id='word_1_71' title='bbox 352 1064 501 1135; x_wconf 86' lang='lat'>159).</span> <span class='ocrx_word' id='word_1_72' title='bbox 527 1066 684 1136; x_wconf 91' lang='lat' dir='ltr'><strong>quod</strong></span> <span class='ocrx_word' id='word_1_73' title='bbox 706 1065 835 1121; x_wconf 87' lang='lat' dir='ltr'><strong>Otto</strong></span> <span class='ocrx_word' id='word_1_74' title='bbox 858 1066 1104 1124; x_wconf 88' lang='lat' dir='ltr'><strong>ultimus</strong></span> <span class='ocrx_word' id='word_1_75' title='bbox 1129 1085 1325 1125; x_wconf 85' lang='lat' dir='ltr'><strong>comes</strong></span> <span class='ocrx_word' id='word_1_76' title='bbox 1361 1070 1421 1125; x_wconf 92' lang='lat' dir='ltr'><strong>in</strong></span> <span class='ocrx_word' id='word_1_77' title='bbox 1446 1130 1449 1143; x_wconf 44' lang='grc' dir='ltr'>ι</span> <span class='ocrx_word' id='word_1_78' title='bbox 1470 1070 1773 1127; x_wconf 90' lang='lat' dir='ltr'><strong>Buochord</strong></span> <span class='ocrx_word' id='word_1_79' title='bbox 1800 1073 1914 1127; x_wconf 70' lang='lat' dir='ltr'><strong>lia:-</strong></span> 
     </span>
    </p>
   </div>
   <div class='ocr_carea' id='block_1_12' title="bbox 258 1152 1916 1225">
    <p class='ocr_par' dir='ltr' id='par_1_12' title="bbox 258 1152 1916 1225">
     <span class='ocr_line' id='line_1_12' title="bbox 258 1152 1916 1225; baseline 0.005 -17"><span class='ocrx_word' id='word_1_80' title='bbox 258 1152 574 1208; x_wconf 87' lang='lat' dir='ltr'><strong>reditatem</strong></span> <span class='ocrx_word' id='word_1_81' title='bbox 604 1170 774 1209; x_wconf 89' lang='lat' dir='ltr'><strong>suam</strong></span> <span class='ocrx_word' id='word_1_82' title='bbox 807 1156 1049 1211; x_wconf 89' lang='lat' dir='ltr'><strong>cesserit</strong></span> <span class='ocrx_word' id='word_1_83' title='bbox 1081 1156 1351 1225; x_wconf 80' lang='lat' dir='ltr'><strong>Welfoni,</strong></span> <span class='ocrx_word' id='word_1_84' title='bbox 1396 1159 1479 1215; x_wconf 92' lang='lat' dir='ltr'>uti</span> <span class='ocrx_word' id='word_1_85' title='bbox 1532 1168 1727 1216; x_wconf 87' lang='lat' dir='ltr'><strong>narrat</strong></span> <span class='ocrx_word' id='word_1_86' title='bbox 1776 1177 1916 1216; x_wconf 88' lang='lat' dir='ltr'><strong>ano-</strong></span> 
     </span>
    </p>
   </div>
   <div class='ocr_carea' id='block_1_13' title="bbox 259 1242 1915 1321">
    <p class='ocr_par' dir='ltr' id='par_1_13' title="bbox 259 1242 1915 1321">
     <span class='ocr_line' id='line_1_13' title="bbox 259 1242 1915 1321; baseline 0.007 -25"><span class='ocrx_word' id='word_1_87' title='bbox 259 1258 474 1314; x_wconf 78' lang='lat' dir='ltr'><strong>nymus</strong></span> <span class='ocrx_word' id='word_1_88' title='bbox 502 1242 976 1317; x_wconf 85' lang='lat' dir='ltr'><strong>Weingartensis</strong></span> <span class='ocrx_word' id='word_1_89' title='bbox 1009 1262 1058 1301; x_wconf 93' lang='lat' dir='ltr'><strong>c.</strong></span> <span class='ocrx_word' id='word_1_90' title='bbox 1090 1247 1143 1301; x_wconf 90' lang='lat'><strong>8.</strong></span> <span class='ocrx_word' id='word_1_91' title='bbox 1178 1245 1206 1319; x_wconf 65' lang='grc' dir='ltr'><strong>ἕ</strong></span> <span class='ocrx_word' id='word_1_92' title='bbox 1235 1247 1268 1301; x_wconf 89' lang='lat'>3</span> <span class='ocrx_word' id='word_1_93' title='bbox 1298 1247 1481 1319; x_wconf 66' lang='lat' dir='ltr'><strong>(11nd,,</strong></span> <span class='ocrx_word' id='word_1_94' title='bbox 1513 1250 1706 1320; x_wconf 72' lang='lat' dir='ltr'><strong>p.18),</strong></span> <span class='ocrx_word' id='word_1_95' title='bbox 1736 1264 1915 1321; x_wconf 85' lang='lat' dir='ltr'><strong>quam</strong></span> 
     </span>
    </p>
   </div>
   <div class='ocr_carea' id='block_1_14' title="bbox 258 1330 1916 1409">
    <p class='ocr_par' dir='ltr' id='par_1_14' title="bbox 258 1330 1916 1409">
     <span class='ocr_line' id='line_1_14' title="bbox 258 1330 1916 1409; baseline 0.005 -25"><span class='ocrx_word' id='word_1_96' title='bbox 258 1333 457 1385; x_wconf 85' lang='lat' dir='ltr'><strong>tamen</strong></span> <span class='ocrx_word' id='word_1_97' title='bbox 500 1330 614 1386; x_wconf 87' lang='lat' dir='ltr'>sibi</span> <span class='ocrx_word' id='word_1_98' title='bbox 664 1332 860 1403; x_wconf 83' lang='lat' dir='ltr'>potius</span> <span class='ocrx_word' id='word_1_99' title='bbox 901 1334 1038 1403; x_wconf 86' lang='lat' dir='ltr'><strong>jure</strong></span> <span class='ocrx_word' id='word_1_100' title='bbox 1086 1334 1543 1407; x_wconf 83' lang='lat' dir='ltr'><strong>prapinquitatis</strong></span> <span class='ocrx_word' id='word_1_101' title='bbox 1589 1341 1916 1409; x_wconf 86' lang='lat' dir='ltr'><strong>competere</strong></span> 
     </span>
    </p>
   </div>
   <div class='ocr_carea' id='block_1_15' title="bbox 259 1418 1916 1496">
    <p class='ocr_par' dir='ltr' id='par_1_15' title="bbox 259 1418 1916 1496">
     <span class='ocr_line' id='line_1_15' title="bbox 259 1418 1916 1496; baseline 0.005 -23"><span class='ocrx_word' id='word_1_102' title='bbox 259 1418 614 1475; x_wconf 79' lang='lat' dir='ltr'><strong>existimarit</strong></span> <span class='ocrx_word' id='word_1_103' title='bbox 635 1419 942 1478; x_wconf 89' lang='lat' dir='ltr'><strong>Udalricus</strong></span> <span class='ocrx_word' id='word_1_104' title='bbox 963 1423 1362 1496; x_wconf 85' lang='lat' dir='ltr'><strong>Brigantmus.</strong></span> <span class='ocrx_word' id='word_1_105' title='bbox 1392 1425 1595 1481; x_wconf 85' lang='lat' dir='ltr'><strong>Utrum</strong></span> <span class='ocrx_word' id='word_1_106' title='bbox 1609 1430 1805 1481; x_wconf 90' lang='lat' dir='ltr'><strong>autem</strong></span> <span class='ocrx_word' id='word_1_107' title='bbox 1821 1425 1916 1483; x_wconf 89' lang='lat' dir='ltr'><strong>hic</strong></span> 
     </span>
    </p>
   </div>
   <div class='ocr_carea' id='block_1_16' title="bbox 261 1506 1916 1593">
    <p class='ocr_par' dir='ltr' id='par_1_16' title="bbox 261 1506 1916 1593">
     <span class='ocr_line' id='line_1_16' title="bbox 261 1506 1916 1593; baseline 0.006 -32"><span class='ocrx_word' id='word_1_108' title='bbox 261 1506 515 1563; x_wconf 90' lang='lat' dir='ltr'><strong>Udalrici</strong></span> <span class='ocrx_word' id='word_1_109' title='bbox 550 1508 799 1565; x_wconf 89' lang='lat' dir='ltr'><strong>senioris</strong></span> <span class='ocrx_word' id='word_1_110' title='bbox 829 1509 1009 1579; x_wconf 87' lang='lat' dir='ltr'>ﬁlius,</span> <span class='ocrx_word' id='word_1_111' title='bbox 1052 1516 1154 1567; x_wconf 89' lang='lat' dir='ltr'><strong>aut</strong></span> <span class='ocrx_word' id='word_1_112' title='bbox 1200 1514 1389 1585; x_wconf 90' lang='lat' dir='ltr'><strong>magis</strong></span> <span class='ocrx_word' id='word_1_113' title='bbox 1436 1530 1506 1570; x_wconf 86' lang='lat' dir='ltr'><strong>ex</strong></span> <span class='ocrx_word' id='word_1_114' title='bbox 1555 1514 1764 1593; x_wconf 76' lang='lat' dir='ltr'><strong>Ottone</strong></span> <span class='ocrx_word' id='word_1_115' title='bbox 1793 1514 1916 1571; x_wconf 90' lang='lat' dir='ltr'>ﬁlio</span> 
     </span>
    </p>
   </div>
   <div class='ocr_carea' id='block_1_17' title="bbox 260 1596 1915 1677">
    <p class='ocr_par' dir='ltr' id='par_1_17' title="bbox 260 1596 1915 1677">
     <span class='ocr_line' id='line_1_17' title="bbox 260 1596 1915 1677; baseline 0.005 -26"><span class='ocrx_word' id='word_1_116' title='bbox 260 1613 439 1669; x_wconf 85' lang='lat' dir='ltr'>nepos</span> <span class='ocrx_word' id='word_1_117' title='bbox 463 1596 748 1652; x_wconf 91' lang='lat' dir='ltr'><strong>dicendus</strong></span> <span class='ocrx_word' id='word_1_118' title='bbox 769 1598 868 1664; x_wconf 85' lang='lat' dir='ltr'>sit,</span> <span class='ocrx_word' id='word_1_119' title='bbox 891 1599 974 1654; x_wconf 90' lang='lat' dir='ltr'><strong>uti</strong></span> <span class='ocrx_word' id='word_1_120' title='bbox 999 1599 1059 1655; x_wconf 93' lang='lat' dir='ltr'>in</span> <span class='ocrx_word' id='word_1_121' title='bbox 1082 1601 1348 1673; x_wconf 85' lang='lat' dir='ltr'><strong>sequenti</strong></span> <span class='ocrx_word' id='word_1_122' title='bbox 1382 1602 1681 1658; x_wconf 84' lang='lat' dir='ltr'><strong>schemate</strong></span> <span class='ocrx_word' id='word_1_123' title='bbox 1703 1618 1915 1677; x_wconf 87' lang='lat' dir='ltr'><strong>genea-</strong></span> 
     </span>
    </p>
   </div>
   <div class='ocr_carea' id='block_1_18' title="bbox 258 1685 1915 1763">
    <p class='ocr_par' dir='ltr' id='par_1_18' title="bbox 258 1685 1915 1763">
     <span class='ocr_line' id='line_1_18' title="bbox 258 1685 1915 1763; baseline 0.006 -25"><span class='ocrx_word' id='word_1_124' title='bbox 258 1685 443 1757; x_wconf 89' lang='lat' dir='ltr'><strong>logico</strong></span> <span class='ocrx_word' id='word_1_125' title='bbox 475 1686 689 1742; x_wconf 88' lang='lat' dir='ltr'><strong>merito</strong></span> <span class='ocrx_word' id='word_1_126' title='bbox 718 1686 1110 1760; x_wconf 85' lang='lat' dir='ltr'><strong>suspicamur,</strong></span> <span class='ocrx_word' id='word_1_127' title='bbox 1163 1689 1297 1746; x_wconf 91' lang='lat' dir='ltr'><strong>aliis</strong></span> <span class='ocrx_word' id='word_1_128' title='bbox 1344 1690 1795 1763; x_wconf 89' lang='lat' dir='ltr'><strong>disquirendum</strong></span> <span class='ocrx_word' id='word_1_129' title='bbox 1828 1706 1915 1748; x_wconf 86' lang='lat' dir='ltr'><strong>re-</strong></span> 
     </span>
    </p>
   </div>
   <div class='ocr_carea' id='block_1_19' title="bbox 268 1773 618 1846">
    <p class='ocr_par' dir='ltr' id='par_1_19' title="bbox 268 1773 618 1846">
     <span class='ocr_line' id='line_1_19' title="bbox 268 1773 618 1846; baseline 0.006 -18"><span class='ocrx_word' id='word_1_130' title='bbox 268 1773 618 1846; x_wconf 89' lang='lat' dir='ltr'>linquimus.</span> 
     </span>
    </p>
   </div>
   <div class='ocr_carea' id='block_1_20' title="bbox 323 1863 1912 1943">
    <p class='ocr_par' dir='ltr' id='par_1_20' title="bbox 323 1863 1912 1943">
     <span class='ocr_line' id='line_1_20' title="bbox 323 1863 1912 1943; baseline 0.003 -23"><span class='ocrx_word' id='word_1_131' title='bbox 323 1864 482 1920; x_wconf 70' lang='lat'>298</span> <span class='ocrx_word' id='word_1_132' title='bbox 512 1863 545 1937; x_wconf 84' lang='lat'>§</span> <span class='ocrx_word' id='word_1_133' title='bbox 574 1864 764 1919; x_wconf 82' lang='lat' dir='ltr'><strong>XXIV.</strong></span> <span class='ocrx_word' id='word_1_134' title='bbox 808 1865 1143 1922; x_wconf 88' lang='lat' dir='ltr'><strong>Udalricum</strong></span> <span class='ocrx_word' id='word_1_135' title='bbox 1188 1867 1247 1923; x_wconf 93' lang='lat' dir='ltr'><strong>in</strong></span> <span class='ocrx_word' id='word_1_136' title='bbox 1319 1869 1509 1941; x_wconf 86' lang='lat' dir='ltr'>Augia</span> <span class='ocrx_word' id='word_1_137' title='bbox 1571 1869 1912 1943; x_wconf 86' lang='lat' dir='ltr'><strong>Brigantina</strong></span> 
     </span>
    </p>
   </div>
   <div class='ocr_carea' id='block_1_21' title="bbox 261 1954 1909 2028">
    <p class='ocr_par' dir='ltr' id='par_1_21' title="bbox 261 1954 1909 2028">
     <span class='ocr_line' id='line_1_21' title="bbox 261 1954 1909 2028; baseline 0.005 -21"><span class='ocrx_word' id='word_1_138' title='bbox 261 1954 503 2024; x_wconf 87' lang='lat' dir='ltr'><strong>majore,</strong></span> <span class='ocrx_word' id='word_1_139' title='bbox 537 1970 643 2009; x_wconf 90' lang='lat' dir='ltr'><strong>seu</strong></span> <span class='ocrx_word' id='word_1_140' title='bbox 676 1954 960 2020; x_wconf 85' lang='lat' dir='ltr'><strong>Mererau,</strong></span> <span class='ocrx_word' id='word_1_141' title='bbox 986 1955 1088 2010; x_wconf 92' lang='lat' dir='ltr'><strong>ubi</strong></span> <span class='ocrx_word' id='word_1_142' title='bbox 1122 1955 1388 2028; x_wconf 86' lang='lat' dir='ltr'><strong>sepultus</strong></span> <span class='ocrx_word' id='word_1_143' title='bbox 1419 1961 1528 2025; x_wconf 89' lang='lat' dir='ltr'><strong>est,</strong></span> <span class='ocrx_word' id='word_1_144' title='bbox 1570 1958 1746 2014; x_wconf 88' lang='lat' dir='ltr'><strong>vitam</strong></span> <span class='ocrx_word' id='word_1_145' title='bbox 1782 1974 1909 2015; x_wconf 89' lang='lat' dir='ltr'><strong>mo-</strong></span> 
     </span>
    </p>
   </div>
   <div class='ocr_carea' id='block_1_22' title="bbox 260 2042 1909 2119">
    <p class='ocr_par' dir='ltr' id='par_1_22' title="bbox 260 2042 1909 2119">
     <span class='ocr_line' id='line_1_22' title="bbox 260 2042 1909 2119; baseline 0.004 -23"><span class='ocrx_word' id='word_1_146' title='bbox 260 2042 543 2097; x_wconf 85' lang='lat' dir='ltr'><strong>nasticam</strong></span> <span class='ocrx_word' id='word_1_147' title='bbox 580 2042 936 2110; x_wconf 86' lang='lat' dir='ltr'>instituisse,</span> <span class='ocrx_word' id='word_1_148' title='bbox 968 2061 1101 2099; x_wconf 87' lang='lat' dir='ltr'><strong>cum</strong></span> <span class='ocrx_word' id='word_1_149' title='bbox 1137 2045 1450 2102; x_wconf 87' lang='lat' dir='ltr'><strong>Bcrtholdo</strong></span> <span class='ocrx_word' id='word_1_150' title='bbox 1497 2046 1713 2119; x_wconf 90' lang='lat' dir='ltr'><strong>pariter</strong></span> <span class='ocrx_word' id='word_1_151' title='bbox 1743 2048 1909 2103; x_wconf 89' lang='lat' dir='ltr'><strong>chro-</strong></span> 
     </span>
    </p>
   </div>
   <div class='ocr_carea' id='block_1_23' title="bbox 261 2130 1908 2208">
    <p class='ocr_par' dir='ltr' id='par_1_23' title="bbox 261 2130 1908 2208">
     <span class='ocr_line' id='line_1_23' title="bbox 261 2130 1908 2208; baseline 0.003 -23"><span class='ocrx_word' id='word_1_152' title='bbox 261 2130 602 2205; x_wconf 88' lang='lat' dir='ltr'><strong>nograpbus</strong></span> <span class='ocrx_word' id='word_1_153' title='bbox 632 2136 831 2187; x_wconf 89' lang='lat' dir='ltr'><strong>noster</strong></span> <span class='ocrx_word' id='word_1_154' title='bbox 859 2136 1131 2200; x_wconf 86' lang='lat' dir='ltr'><strong>testatur,</strong></span> <span class='ocrx_word' id='word_1_155' title='bbox 1162 2133 1200 2189; x_wconf 93' lang='lat' dir='ltr'><strong>l.</strong></span> <span class='ocrx_word' id='word_1_156' title='bbox 1236 2152 1321 2204; x_wconf 88' lang='lat'>111,</span> <span class='ocrx_word' id='word_1_157' title='bbox 1350 2133 1469 2207; x_wconf 87' lang='lat'>§19</span> <span class='ocrx_word' id='word_1_158' title='bbox 1491 2152 1638 2208; x_wconf 88' lang='lat' dir='ltr'><strong>seq.,</strong></span> <span class='ocrx_word' id='word_1_159' title='bbox 1663 2152 1767 2191; x_wconf 92' lang='lat' dir='ltr'><strong>nec</strong></span> <span class='ocrx_word' id='word_1_160' title='bbox 1794 2153 1908 2190; x_wconf 92' lang='lat' dir='ltr'><strong>non</strong></span> 
     </span>
    </p>
   </div>
   <div class='ocr_carea' id='block_1_24' title="bbox 258 2219 1910 2293">
    <p class='ocr_par' dir='ltr' id='par_1_24' title="bbox 258 2219 1910 2293">
     <span class='ocr_line' id='line_1_24' title="bbox 258 2219 1910 2293; baseline 0.002 -18"><span class='ocrx_word' id='word_1_161' title='bbox 258 2220 580 2277; x_wconf 88' lang='lat' dir='ltr'><strong>Bruschius</strong></span> <span class='ocrx_word' id='word_1_162' title='bbox 600 2219 818 2293; x_wconf 83' lang='lat' dir='ltr'>aliique</span> <span class='ocrx_word' id='word_1_163' title='bbox 839 2238 973 2277; x_wconf 93' lang='lat' dir='ltr'><strong>eum</strong></span> <span class='ocrx_word' id='word_1_164' title='bbox 996 2222 1200 2288; x_wconf 74' lang='lat' dir='ltr'><strong>secuti,</strong></span> <span class='ocrx_word' id='word_1_165' title='bbox 1233 2228 1299 2278; x_wconf 90' lang='lat' dir='ltr'><strong>ut</strong></span> <span class='ocrx_word' id='word_1_166' title='bbox 1338 2228 1532 2281; x_wconf 90' lang='lat' dir='ltr'><strong>tamen</strong></span> <span class='ocrx_word' id='word_1_167' title='bbox 1573 2224 1694 2279; x_wconf 66' lang='lat' dir='ltr'><strong>haec</strong></span> <span class='ocrx_word' id='word_1_168' title='bbox 1719 2225 1790 2280; x_wconf 88' lang='lat' dir='ltr'><strong>de</strong></span> <span class='ocrx_word' id='word_1_169' title='bbox 1821 2241 1910 2279; x_wconf 89' lang='lat' dir='ltr'><strong>se-</strong></span> 
     </span>
    </p>
   </div>
   <div class='ocr_carea' id='block_1_25' title="bbox 260 2309 1909 2384">
    <p class='ocr_par' dir='ltr' id='par_1_25' title="bbox 260 2309 1909 2384">
     <span class='ocr_line' id='line_1_25' title="bbox 260 2309 1909 2384; baseline 0.002 -20"><span class='ocrx_word' id='word_1_170' title='bbox 260 2310 453 2365; x_wconf 88' lang='lat' dir='ltr'><strong>cunda</strong></span> <span class='ocrx_word' id='word_1_171' title='bbox 501 2309 867 2380; x_wconf 88' lang='lat' dir='ltr'><strong>fundatione,</strong></span> <span class='ocrx_word' id='word_1_172' title='bbox 918 2327 1018 2366; x_wconf 89' lang='lat' dir='ltr'><strong>seu</strong></span> <span class='ocrx_word' id='word_1_173' title='bbox 1070 2312 1272 2383; x_wconf 83' lang='lat' dir='ltr'><strong>primae</strong></span> <span class='ocrx_word' id='word_1_174' title='bbox 1320 2313 1550 2384; x_wconf 88' lang='lat' dir='ltr'><strong>pridem</strong></span> <span class='ocrx_word' id='word_1_175' title='bbox 1588 2314 1714 2383; x_wconf 85' lang='lat' dir='ltr'><strong>jam</strong></span> <span class='ocrx_word' id='word_1_176' title='bbox 1748 2313 1909 2368; x_wconf 58' lang='lat' dir='ltr'><strong>facta</strong></span> 
     </span>
    </p>
   </div>
   <div class='ocr_carea' id='block_1_26' title="bbox 259 2398 1908 2473">
    <p class='ocr_par' dir='ltr' id='par_1_26' title="bbox 259 2398 1908 2473">
     <span class='ocr_line' id='line_1_26' title="bbox 259 2398 1908 2473; baseline 0.001 -19"><span class='ocrx_word' id='word_1_177' title='bbox 259 2398 687 2454; x_wconf 86' lang='lat' dir='ltr'><strong>restauratione</strong></span> <span class='ocrx_word' id='word_1_178' title='bbox 736 2399 953 2455; x_wconf 91' lang='lat' dir='ltr'><strong>rectius</strong></span> <span class='ocrx_word' id='word_1_179' title='bbox 998 2399 1345 2473; x_wconf 85' lang='lat' dir='ltr'><strong>intelligant.</strong></span> <span class='ocrx_word' id='word_1_180' title='bbox 1410 2402 1698 2458; x_wconf 88' lang='lat' dir='ltr'><strong>Aberrant</strong></span> <span class='ocrx_word' id='word_1_181' title='bbox 1753 2417 1908 2471; x_wconf 86' lang='lat' dir='ltr'><strong>vero,</strong></span> 
     </span>
    </p>
   </div>
   <div class='ocr_carea' id='block_1_27' title="bbox 256 2484 1913 2562">
    <p class='ocr_par' dir='ltr' id='par_1_27' title="bbox 256 2484 1913 2562">
     <span class='ocr_line' id='line_1_27' title="bbox 256 2484 1913 2562; baseline 0.002 -21"><span class='ocrx_word' id='word_1_182' title='bbox 256 2487 392 2541; x_wconf 87' lang='lat' dir='ltr'><strong>dum</strong></span> <span class='ocrx_word' id='word_1_183' title='bbox 412 2484 476 2541; x_wconf 89' lang='lat' dir='ltr'>id</span> <span class='ocrx_word' id='word_1_184' title='bbox 506 2486 579 2541; x_wconf 90' lang='lat' dir='ltr'><strong>ad</strong></span> <span class='ocrx_word' id='word_1_185' title='bbox 605 2503 825 2542; x_wconf 88' lang='lat' dir='ltr'><strong>annum</strong></span> <span class='ocrx_word' id='word_1_186' title='bbox 854 2488 993 2542; x_wconf 90' lang='lat'>1098</span> <span class='ocrx_word' id='word_1_187' title='bbox 1013 2490 1385 2562; x_wconf 86' lang='lat' dir='ltr'>consignant,</span> <span class='ocrx_word' id='word_1_188' title='bbox 1411 2490 1667 2561; x_wconf 87' lang='lat' dir='ltr'><strong>quojam</strong></span> <span class='ocrx_word' id='word_1_189' title='bbox 1690 2488 1913 2545; x_wconf 87' lang='lat' dir='ltr'><strong>obierat</strong></span> 
     </span>
    </p>
   </div>
   <div class='ocr_carea' id='block_1_28' title="bbox 256 2574 1913 2649">
    <p class='ocr_par' dir='ltr' id='par_1_28' title="bbox 256 2574 1913 2649">
     <span class='ocr_line' id='line_1_28' title="bbox 256 2574 1913 2649; baseline 0 -19"><span class='ocrx_word' id='word_1_190' title='bbox 256 2574 588 2642; x_wconf 87' lang='lat' dir='ltr'><strong>Udalricus,</strong></span> <span class='ocrx_word' id='word_1_191' title='bbox 610 2591 784 2647; x_wconf 89' lang='lat' dir='ltr'><strong>quem</strong></span> <span class='ocrx_word' id='word_1_192' title='bbox 797 2575 1103 2649; x_wconf 77' lang='lat' dir='ltr'><strong>Brigantiae</strong></span> <span class='ocrx_word' id='word_1_193' title='bbox 1121 2577 1298 2633; x_wconf 91' lang='lat' dir='ltr'>simul</span> <span class='ocrx_word' id='word_1_194' title='bbox 1312 2582 1368 2632; x_wconf 90' lang='lat' dir='ltr'><strong>et</strong></span> <span class='ocrx_word' id='word_1_195' title='bbox 1382 2578 1715 2633; x_wconf 71' lang='lat' dir='ltr'><strong>Rhastorum</strong></span> <span class='ocrx_word' id='word_1_196' title='bbox 1735 2577 1913 2633; x_wconf 91' lang='lat' dir='ltr'><strong>comi-</strong></span> 
     </span>
    </p>
   </div>
   <div class='ocr_carea' id='block_1_29' title="bbox 255 2665 1910 2737">
    <p class='ocr_par' dir='ltr' id='par_1_29' title="bbox 255 2665 1910 2737">
     <span class='ocr_line' id='line_1_29' title="bbox 255 2665 1910 2737; baseline 0.001 -17"><span class='ocrx_word' id='word_1_197' title='bbox 255 2670 363 2720; x_wconf 82' lang='lat' dir='ltr'><strong>tem</strong></span> <span class='ocrx_word' id='word_1_198' title='bbox 380 2670 681 2730; x_wconf 81' lang='lat' dir='ltr'><strong>statuunt,</strong></span> <span class='ocrx_word' id='word_1_199' title='bbox 702 2666 853 2737; x_wconf 89' lang='lat' dir='ltr'><strong>quod</strong></span> <span class='ocrx_word' id='word_1_200' title='bbox 870 2666 1000 2736; x_wconf 88' lang='lat' dir='ltr'><strong>ejus</strong></span> <span class='ocrx_word' id='word_1_201' title='bbox 1012 2666 1323 2722; x_wconf 91' lang='lat' dir='ltr'><strong>comitatus</strong></span> <span class='ocrx_word' id='word_1_202' title='bbox 1343 2666 1400 2721; x_wconf 92' lang='lat' dir='ltr'><strong>in</strong></span> <span class='ocrx_word' id='word_1_203' title='bbox 1421 2665 1704 2721; x_wconf 72' lang='lat' dir='ltr'><strong>Rbmtiam</strong></span> <span class='ocrx_word' id='word_1_204' title='bbox 1722 2681 1910 2736; x_wconf 91' lang='lat' dir='ltr'><strong>usque</strong></span> 
     </span>
    </p>
   </div>
   <div class='ocr_carea' id='block_1_30' title="bbox 257 2752 1909 2826">
    <p class='ocr_par' dir='ltr' id='par_1_30' title="bbox 257 2752 1909 2826">
     <span class='ocr_line' id='line_1_30' title="bbox 257 2752 1909 2826; baseline 0.001 -18"><span class='ocrx_word' id='word_1_205' title='bbox 257 2770 378 2810; x_wconf 66' lang='lat' dir='ltr'><strong>esse</strong></span> <span class='ocrx_word' id='word_1_206' title='bbox 408 2752 763 2819; x_wconf 79' lang='lat' dir='ltr'><strong>extenderit,</strong></span> <span class='ocrx_word' id='word_1_207' title='bbox 796 2756 863 2808; x_wconf 93' lang='lat' dir='ltr'><strong>ut</strong></span> <span class='ocrx_word' id='word_1_208' title='bbox 891 2758 1051 2826; x_wconf 90' lang='lat' dir='ltr'><strong>patet</strong></span> <span class='ocrx_word' id='word_1_209' title='bbox 1096 2772 1165 2810; x_wconf 81' lang='lat' dir='ltr'><strong>ex</strong></span> <span class='ocrx_word' id='word_1_210' title='bbox 1212 2753 1532 2826; x_wconf 87' lang='lat' dir='ltr'><strong>diplomate</strong></span> <span class='ocrx_word' id='word_1_211' title='bbox 1576 2754 1807 2809; x_wconf 86' lang='lat' dir='ltr'><strong>Henrici</strong></span> <span class='ocrx_word' id='word_1_212' title='bbox 1840 2753 1909 2809; x_wconf 90' lang='lat' dir='ltr'>IV</span> 
     </span>
    </p>
   </div>
   <div class='ocr_carea' id='block_1_31' title="bbox 254 2839 1910 2916">
    <p class='ocr_par' dir='ltr' id='par_1_31' title="bbox 254 2839 1910 2916">
     <span class='ocr_line' id='line_1_31' title="bbox 254 2839 1910 2916; baseline 0 -21"><span class='ocrx_word' id='word_1_213' title='bbox 254 2859 350 2913; x_wconf 87' lang='lat' dir='ltr'><strong>pro</strong></span> <span class='ocrx_word' id='word_1_214' title='bbox 379 2840 746 2897; x_wconf 85' lang='lat' dir='ltr'><strong>monasterio</strong></span> <span class='ocrx_word' id='word_1_215' title='bbox 778 2841 1111 2897; x_wconf 88' lang='lat' dir='ltr'><strong>Fabariensi</strong></span> <span class='ocrx_word' id='word_1_216' title='bbox 1144 2860 1239 2898; x_wconf 88' lang='lat' dir='ltr'><strong>an.</strong></span> <span class='ocrx_word' id='word_1_217' title='bbox 1276 2844 1433 2910; x_wconf 82' lang='lat'>1095,</span> <span class='ocrx_word' id='word_1_218' title='bbox 1467 2843 1621 2916; x_wconf 88' lang='lat' dir='ltr'><strong>apud</strong></span> <span class='ocrx_word' id='word_1_219' title='bbox 1653 2842 1713 2897; x_wconf 91' lang='lat' dir='ltr'><strong>P.</strong></span> <span class='ocrx_word' id='word_1_220' title='bbox 1738 2839 1910 2896; x_wconf 88' lang='lat' dir='ltr'><strong>Herr—</strong></span> 
     </span>
    </p>
   </div>
   <div class='ocr_carea' id='block_1_32' title="bbox 256 2929 1912 3002">
    <p class='ocr_par' dir='ltr' id='par_1_32' title="bbox 256 2929 1912 3002">
     <span class='ocr_line' id='line_1_32' title="bbox 256 2929 1912 3002; baseline 0 -17"><span class='ocrx_word' id='word_1_221' title='bbox 256 2935 375 3002; x_wconf 85' lang='lat' dir='ltr'><strong>gott</strong></span> <span class='ocrx_word' id='word_1_222' title='bbox 404 2949 468 2986; x_wconf 90' lang='lat' dir='ltr'>n.</span> <span class='ocrx_word' id='word_1_223' title='bbox 509 2930 634 2996; x_wconf 87' lang='grc'><strong>191,</strong></span> <span class='ocrx_word' id='word_1_224' title='bbox 668 2929 727 2985; x_wconf 90' lang='lat' dir='ltr'><strong>in</strong></span> <span class='ocrx_word' id='word_1_225' title='bbox 759 2947 876 3002; x_wconf 91' lang='lat' dir='ltr'><strong>quo</strong></span> <span class='ocrx_word' id='word_1_226' title='bbox 919 2930 1187 2986; x_wconf 86' lang='lat' dir='ltr'><strong>Curvalia</strong></span> <span class='ocrx_word' id='word_1_227' title='bbox 1233 2932 1290 2986; x_wconf 92' lang='lat' dir='ltr'>in</span> <span class='ocrx_word' id='word_1_228' title='bbox 1340 2932 1620 2987; x_wconf 89' lang='lat' dir='ltr'><strong>comitatu</strong></span> <span class='ocrx_word' id='word_1_229' title='bbox 1670 2930 1912 2986; x_wconf 77' lang='lat' dir='ltr'><strong>Odalrici</strong></span> 
     </span>
    </p>
   </div>
   <div class='ocr_carea' id='block_1_33' title="bbox 252 3018 1908 3090">
    <p class='ocr_par' dir='ltr' id='par_1_33' title="bbox 252 3018 1908 3090">
     <span class='ocr_line' id='line_1_33' title="bbox 252 3018 1908 3090; baseline 0.002 -18"><span class='ocrx_word' id='word_1_230' title='bbox 252 3022 463 3075; x_wconf 78' lang='lat' dir='ltr'><strong>comitis</strong></span> <span class='ocrx_word' id='word_1_231' title='bbox 504 3018 571 3075; x_wconf 82' lang='lat' dir='ltr'><strong>de</strong></span> <span class='ocrx_word' id='word_1_232' title='bbox 600 3020 905 3090; x_wconf 81' lang='lat' dir='ltr'><strong>Braganica</strong></span> <span class='ocrx_word' id='word_1_233' title='bbox 928 3020 1040 3075; x_wconf 86' lang='lat' dir='ltr'>sita</span> <span class='ocrx_word' id='word_1_234' title='bbox 1060 3019 1295 3076; x_wconf 87' lang='lat' dir='ltr'><strong>dicitur.</strong></span> <span class='ocrx_word' id='word_1_235' title='bbox 1321 3020 1528 3084; x_wconf 73' lang='lat' dir='ltr'><strong>Isthmo</strong></span> <span class='ocrx_word' id='word_1_236' title='bbox 1561 3018 1908 3076; x_wconf 87' lang='lat' dir='ltr'><strong>restauratio</strong></span> 
     </span>
    </p>
   </div>
   <div class='ocr_carea' id='block_1_34' title="bbox 255 3106 1904 3181">
    <p class='ocr_par' dir='ltr' id='par_1_34' title="bbox 255 3106 1904 3181">
     <span class='ocr_line' id='line_1_34' title="bbox 255 3106 1904 3181; baseline -0.001 -17"><span class='ocrx_word' id='word_1_237' title='bbox 255 3109 309 3164; x_wconf 91' lang='lat' dir='ltr'><strong>in</strong></span> <span class='ocrx_word' id='word_1_238' title='bbox 335 3106 531 3165; x_wconf 87' lang='lat' dir='ltr'><strong>Gallia</strong></span> <span class='ocrx_word' id='word_1_239' title='bbox 554 3107 792 3176; x_wconf 87' lang='lat' dir='ltr'><strong>Cbrist.,</strong></span> <span class='ocrx_word' id='word_1_240' title='bbox 826 3111 869 3161; x_wconf 91' lang='lat' dir='ltr'><strong>t.</strong></span> <span class='ocrx_word' id='word_1_241' title='bbox 902 3107 970 3175; x_wconf 89' lang='lat' dir='ltr'><strong>V,</strong></span> <span class='ocrx_word' id='word_1_242' title='bbox 1005 3125 1061 3181; x_wconf 91' lang='lat' dir='ltr'><strong>p.</strong></span> <span class='ocrx_word' id='word_1_243' title='bbox 1092 3109 1218 3175; x_wconf 86' lang='grc'>972,</span> <span class='ocrx_word' id='word_1_244' title='bbox 1241 3109 1314 3165; x_wconf 89' lang='lat' dir='ltr'>ad</span> <span class='ocrx_word' id='word_1_245' title='bbox 1344 3126 1439 3164; x_wconf 91' lang='lat' dir='ltr'><strong>an.</strong></span> <span class='ocrx_word' id='word_1_246' title='bbox 1466 3110 1603 3164; x_wconf 75' lang='grc'>1007</span> <span class='ocrx_word' id='word_1_247' title='bbox 1634 3110 1904 3174; x_wconf 81' lang='lat' dir='ltr'><strong>refertur,</strong></span> 
     </span>
    </p>
   </div>
   <div class='ocr_carea' id='block_1_35' title="bbox 2029 542 3068 616">
    <p class='ocr_par' dir='ltr' id='par_1_35' title="bbox 2029 542 3068 616">
     <span class='ocr_line' id='line_1_35' title="bbox 2029 542 3068 616; baseline 0.004 -19"><span class='ocrx_word' id='word_1_248' title='bbox 2029 542 2242 599; x_wconf 83' lang='lat' dir='ltr'><strong>habere</strong></span> <span class='ocrx_word' id='word_1_249' title='bbox 2274 545 2464 616; x_wconf 89' lang='lat' dir='ltr'><strong>potuit</strong></span> <span class='ocrx_word' id='word_1_250' title='bbox 2491 546 2712 605; x_wconf 88' lang='lat' dir='ltr'><strong>Bertha</strong></span> <span class='ocrx_word' id='word_1_251' title='bbox 2740 545 2898 600; x_wconf 84' lang='lat' dir='ltr'><strong>illius</strong></span> <span class='ocrx_word' id='word_1_252' title='bbox 2929 544 3068 602; x_wconf 89' lang='lat' dir='ltr'><strong>ﬁlia.</strong></span> 
     </span>
    </p>
   </div>
   <div class='ocr_carea' id='block_1_36' title="bbox 2054 632 3671 710">
    <p class='ocr_par' dir='ltr' id='par_1_36' title="bbox 2054 632 3671 710">
     <span class='ocr_line' id='line_1_36' title="bbox 2054 632 3671 710; baseline 0.004 -23"><span class='ocrx_word' id='word_1_253' title='bbox 2054 658 2059 661; x_wconf 84' lang='lat'><strong><em>-</em></strong></span> <span class='ocrx_word' id='word_1_254' title='bbox 2099 635 2232 698; x_wconf 69' lang='lat' dir='ltr'><strong>Quae</strong></span> <span class='ocrx_word' id='word_1_255' title='bbox 2264 633 2442 707; x_wconf 82' lang='lat' dir='ltr'><strong>igitur</strong></span> <span class='ocrx_word' id='word_1_256' title='bbox 2470 635 2793 691; x_wconf 82' lang='lat' dir='ltr'><strong>Bruschius</strong></span> <span class='ocrx_word' id='word_1_257' title='bbox 2829 634 2869 689; x_wconf 95' lang='lat' dir='ltr'><strong>l.</strong></span> <span class='ocrx_word' id='word_1_258' title='bbox 2921 651 2970 690; x_wconf 93' lang='lat' dir='ltr'><strong>c.</strong></span> <span class='ocrx_word' id='word_1_259' title='bbox 3019 632 3244 705; x_wconf 85' lang='lat' dir='ltr'><strong>scribit,</strong></span> <span class='ocrx_word' id='word_1_260' title='bbox 3294 651 3671 710; x_wconf 88' lang='lat' dir='ltr'><strong>nequaquam</strong></span> 
     </span>
    </p>
   </div>
   <div class='ocr_carea' id='block_1_37' title="bbox 2030 721 3671 798">
    <p class='ocr_par' dir='ltr' id='par_1_37' title="bbox 2030 721 3671 798">
     <span class='ocr_line' id='line_1_37' title="bbox 2030 721 3671 798; baseline 0.004 -21"><span class='ocrx_word' id='word_1_261' title='bbox 2030 721 2101 777; x_wconf 91' lang='lat' dir='ltr'><strong>de</strong></span> <span class='ocrx_word' id='word_1_262' title='bbox 2147 722 2395 778; x_wconf 79' lang='lat' dir='ltr'><strong>Rudolfo</strong></span> <span class='ocrx_word' id='word_1_263' title='bbox 2443 723 2664 781; x_wconf 87' lang='lat' dir='ltr'><strong>sororio</strong></span> <span class='ocrx_word' id='word_1_264' title='bbox 2688 741 2787 779; x_wconf 90' lang='lat' dir='ltr'><strong>seu</strong></span> <span class='ocrx_word' id='word_1_265' title='bbox 2810 723 3327 794; x_wconf 83' lang='lat' dir='ltr'><strong>Pl‘ullendorfensi,</strong></span> <span class='ocrx_word' id='word_1_266' title='bbox 3344 726 3441 780; x_wconf 90' lang='lat' dir='ltr'><strong>sed</strong></span> <span class='ocrx_word' id='word_1_267' title='bbox 3458 727 3529 781; x_wconf 93' lang='lat' dir='ltr'>de</span> <span class='ocrx_word' id='word_1_268' title='bbox 3544 725 3671 798; x_wconf 91' lang='lat' dir='ltr'><strong>ipso</strong></span> 
     </span>
    </p>
   </div>
   <div class='ocr_carea' id='block_1_38' title="bbox 2028 808 3671 885">
    <p class='ocr_par' dir='ltr' id='par_1_38' title="bbox 2028 808 3671 885">
     <span class='ocr_line' id='line_1_38' title="bbox 2028 808 3671 885; baseline 0.004 -21"><span class='ocrx_word' id='word_1_269' title='bbox 2028 808 2275 866; x_wconf 85' lang='lat' dir='ltr'><strong>Rudoll‘o</strong></span> <span class='ocrx_word' id='word_1_270' title='bbox 2288 811 2628 884; x_wconf 90' lang='lat' dir='ltr'><strong>Brigantino</strong></span> <span class='ocrx_word' id='word_1_271' title='bbox 2641 811 3023 885; x_wconf 89' lang='lat' dir='ltr'><strong>intelligenda</strong></span> <span class='ocrx_word' id='word_1_272' title='bbox 3034 813 3296 878; x_wconf 90' lang='lat' dir='ltr'><strong>veniunt,</strong></span> <span class='ocrx_word' id='word_1_273' title='bbox 3313 814 3537 870; x_wconf 79' lang='lat' dir='ltr'><strong>Bertth</strong></span> <span class='ocrx_word' id='word_1_274' title='bbox 3551 814 3671 870; x_wconf 87' lang='lat' dir='ltr'><strong>ﬁlio</strong></span> 
     </span>
    </p>
   </div>
   <div class='ocr_carea' id='block_1_39' title="bbox 2028 898 3672 973">
    <p class='ocr_par' dir='ltr' id='par_1_39' title="bbox 2028 898 3672 973">
     <span class='ocr_line' id='line_1_39' title="bbox 2028 898 3672 973; baseline 0.004 -20"><span class='ocrx_word' id='word_1_275' title='bbox 2028 898 2209 970; x_wconf 83' lang='lat' dir='ltr'><strong>(Infra</strong></span> <span class='ocrx_word' id='word_1_276' title='bbox 2239 899 2279 970; x_wconf 94' lang='lat' dir='ltr'><strong>l,</strong></span> <span class='ocrx_word' id='word_1_277' title='bbox 2314 916 2400 971; x_wconf 89' lang='lat'>111,</span> <span class='ocrx_word' id='word_1_278' title='bbox 2433 898 2622 971; x_wconf 84' lang='lat'>§23):</span> <span class='ocrx_word' id='word_1_279' title='bbox 2672 901 2829 957; x_wconf 71' lang='lat'><strong>204</strong></span> <span class='ocrx_word' id='word_1_280' title='bbox 2879 900 3001 973; x_wconf 88' lang='lat' dir='ltr'><strong>qui,</strong></span> <span class='ocrx_word' id='word_1_281' title='bbox 3052 904 3119 956; x_wconf 91' lang='lat' dir='ltr'>ut</span> <span class='ocrx_word' id='word_1_282' title='bbox 3165 901 3423 957; x_wconf 80' lang='lat' dir='ltr'>somniat</span> <span class='ocrx_word' id='word_1_283' title='bbox 3466 902 3672 960; x_wconf 91' lang='lat' dir='ltr'><strong>Lazius</strong></span> 
     </span>
    </p>
   </div>
   <div class='ocr_carea' id='block_1_40' title="bbox 2026 986 3672 1063">
    <p class='ocr_par' dir='ltr' id='par_1_40' title="bbox 2026 986 3672 1063">
     <span class='ocr_line' id='line_1_40' title="bbox 2026 986 3672 1063; baseline 0.005 -23"><span class='ocrx_word' id='word_1_284' title='bbox 2026 1002 2084 1057; x_wconf 92' lang='lat' dir='ltr'><strong>p.</strong></span> <span class='ocrx_word' id='word_1_285' title='bbox 2106 986 2234 1055; x_wconf 88' lang='lat'><strong>557,</strong></span> <span class='ocrx_word' id='word_1_286' title='bbox 2258 988 2434 1043; x_wconf 90' lang='lat' dir='ltr'><strong>ducta</strong></span> <span class='ocrx_word' id='word_1_287' title='bbox 2454 986 2645 1043; x_wconf 91' lang='lat' dir='ltr'>ultimi</span> <span class='ocrx_word' id='word_1_288' title='bbox 2664 988 2896 1044; x_wconf 89' lang='lat' dir='ltr'><strong>comitis</strong></span> <span class='ocrx_word' id='word_1_289' title='bbox 2916 1006 2951 1044; x_wconf 93' lang='lat' dir='ltr'>a</span> <span class='ocrx_word' id='word_1_290' title='bbox 2980 988 3346 1045; x_wconf 84' lang='lat' dir='ltr'><strong>Pl&#39;ullendorf</strong></span> <span class='ocrx_word' id='word_1_291' title='bbox 3370 994 3428 1045; x_wconf 91' lang='lat' dir='ltr'><strong>et</strong></span> <span class='ocrx_word' id='word_1_292' title='bbox 3448 991 3672 1063; x_wconf 89' lang='lat' dir='ltr'><strong>Sigma-</strong></span> 
     </span>
    </p>
   </div>
   <div class='ocr_carea' id='block_1_41' title="bbox 2024 1074 3672 1152">
    <p class='ocr_par' dir='ltr' id='par_1_41' title="bbox 2024 1074 3672 1152">
     <span class='ocr_line' id='line_1_41' title="bbox 2024 1074 3672 1152; baseline 0.005 -24"><span class='ocrx_word' id='word_1_293' title='bbox 2024 1074 2230 1147; x_wconf 85' lang='lat' dir='ltr'><strong>ringen</strong></span> <span class='ocrx_word' id='word_1_294' title='bbox 2253 1075 2659 1141; x_wconf 85' lang='lat' dir='ltr'><strong>ﬁlia,locorum</strong></span> <span class='ocrx_word' id='word_1_295' title='bbox 2680 1076 2915 1133; x_wconf 90' lang='lat' dir='ltr'><strong>illorum</strong></span> <span class='ocrx_word' id='word_1_296' title='bbox 2939 1093 3133 1133; x_wconf 88' lang='lat' dir='ltr'><strong>comes</strong></span> <span class='ocrx_word' id='word_1_297' title='bbox 3154 1078 3232 1133; x_wconf 89' lang='lat' dir='ltr'><strong>sit</strong></span> <span class='ocrx_word' id='word_1_298' title='bbox 3253 1078 3493 1134; x_wconf 73' lang='lat' dir='ltr'><strong>effectus</strong></span> <span class='ocrx_word' id='word_1_299' title='bbox 3516 1098 3529 1148; x_wconf 93' lang='lat'><strong>;</strong></span> <span class='ocrx_word' id='word_1_300' title='bbox 3554 1097 3672 1152; x_wconf 90' lang='lat' dir='ltr'><strong>qua</strong></span> 
     </span>
    </p>
   </div>
   <div class='ocr_carea' id='block_1_42' title="bbox 2025 1162 3667 1240">
    <p class='ocr_par' dir='ltr' id='par_1_42' title="bbox 2025 1162 3667 1240">
     <span class='ocr_line' id='line_1_42' title="bbox 2025 1162 3667 1240; baseline 0.005 -24"><span class='ocrx_word' id='word_1_301' title='bbox 2025 1162 2181 1217; x_wconf 90' lang='lat' dir='ltr'>enim</span> <span class='ocrx_word' id='word_1_302' title='bbox 2198 1162 2416 1218; x_wconf 90' lang='lat' dir='ltr'><strong>ratione</strong></span> <span class='ocrx_word' id='word_1_303' title='bbox 2431 1162 2889 1220; x_wconf 82' lang='lat' dir='ltr'><strong>ultimiPl‘ullend</strong></span> <span class='ocrx_word' id='word_1_304' title='bbox 2902 1166 3148 1221; x_wconf 84' lang='lat' dir='ltr'><strong>orl‘ensis</strong></span> <span class='ocrx_word' id='word_1_305' title='bbox 3162 1165 3344 1222; x_wconf 89' lang='lat' dir='ltr'><strong>ﬁliam</strong></span> <span class='ocrx_word' id='word_1_306' title='bbox 3358 1168 3485 1239; x_wconf 87' lang='lat' dir='ltr'><strong>conj</strong></span> <span class='ocrx_word' id='word_1_307' title='bbox 3495 1184 3667 1240; x_wconf 89' lang='lat' dir='ltr'><strong>ugem</strong></span> 
     </span>
    </p>
   </div>
   <div class='ocr_carea' id='block_1_43' title="bbox 2024 1250 3667 1325">
    <p class='ocr_par' dir='ltr' id='par_1_43' title="bbox 2024 1250 3667 1325">
     <span class='ocr_line' id='line_1_43' title="bbox 2024 1250 3667 1325; baseline 0.005 -20"><span class='ocrx_word' id='word_1_308' title='bbox 2024 1250 2239 1307; x_wconf 88' lang='lat' dir='ltr'><strong>habere</strong></span> <span class='ocrx_word' id='word_1_309' title='bbox 2258 1252 2449 1323; x_wconf 81' lang='lat' dir='ltr'><strong>potuit</strong></span> <span class='ocrx_word' id='word_1_310' title='bbox 2480 1252 2876 1325; x_wconf 82' lang='lat' dir='ltr'><strong>Brigantinus,</strong></span> <span class='ocrx_word' id='word_1_311' title='bbox 2910 1255 3080 1325; x_wconf 86' lang='lat' dir='ltr'><strong>cujus</strong></span> <span class='ocrx_word' id='word_1_312' title='bbox 3111 1272 3274 1310; x_wconf 89' lang='lat' dir='ltr'><strong>soror</strong></span> <span class='ocrx_word' id='word_1_313' title='bbox 3302 1255 3667 1312; x_wconf 84' lang='lat' dir='ltr'><strong>Pfullendor-</strong></span> 
     </span>
    </p>
   </div>
   <div class='ocr_carea' id='block_1_44' title="bbox 2025 1340 3669 1416">
    <p class='ocr_par' dir='ltr' id='par_1_44' title="bbox 2025 1340 3669 1416">
     <span class='ocr_line' id='line_1_44' title="bbox 2025 1340 3669 1416; baseline 0.004 -22"><span class='ocrx_word' id='word_1_314' title='bbox 2025 1340 2171 1395; x_wconf 88' lang='lat' dir='ltr'><strong>fensi</strong></span> <span class='ocrx_word' id='word_1_315' title='bbox 2192 1344 2375 1412; x_wconf 85' lang='lat' dir='ltr'><strong>nupta</strong></span> <span class='ocrx_word' id='word_1_316' title='bbox 2395 1340 2642 1398; x_wconf 89' lang='lat' dir='ltr'><strong>alterum</strong></span> <span class='ocrx_word' id='word_1_317' title='bbox 2664 1343 2931 1413; x_wconf 88' lang='lat' dir='ltr'><strong>ejusdem</strong></span> <span class='ocrx_word' id='word_1_318' title='bbox 2954 1342 3190 1398; x_wconf 75' lang='lat' dir='ltr'><strong>familia:</strong></span> <span class='ocrx_word' id='word_1_319' title='bbox 3224 1344 3498 1400; x_wconf 89' lang='lat' dir='ltr'><strong>comitem</strong></span> <span class='ocrx_word' id='word_1_320' title='bbox 3530 1361 3669 1416; x_wconf 89' lang='lat' dir='ltr'><strong>pro-</strong></span> 
     </span>
    </p>
   </div>
   <div class='ocr_carea' id='block_1_45' title="bbox 2024 1428 3669 1504">
    <p class='ocr_par' dir='ltr' id='par_1_45' title="bbox 2024 1428 3669 1504">
     <span class='ocr_line' id='line_1_45' title="bbox 2024 1428 3669 1504; baseline 0.004 -21"><span class='ocrx_word' id='word_1_321' title='bbox 2024 1428 2273 1500; x_wconf 84' lang='lat' dir='ltr'><strong>genuit?</strong></span> <span class='ocrx_word' id='word_1_322' title='bbox 2302 1428 2415 1485; x_wconf 89' lang='lat' dir='ltr'><strong>Nec</strong></span> <span class='ocrx_word' id='word_1_323' title='bbox 2446 1430 2677 1501; x_wconf 84' lang='lat' dir='ltr'><strong>uspiam</strong></span> <span class='ocrx_word' id='word_1_324' title='bbox 2710 1430 3023 1486; x_wconf 80' lang='lat' dir='ltr'><strong>Rudoll‘um</strong></span> <span class='ocrx_word' id='word_1_325' title='bbox 3056 1430 3214 1486; x_wconf 87' lang='lat' dir='ltr'><strong>hunc</strong></span> <span class='ocrx_word' id='word_1_326' title='bbox 3264 1432 3669 1504; x_wconf 88' lang='lat' dir='ltr'><strong>Brigantinum</strong></span> 
     </span>
    </p>
   </div>
   <div class='ocr_carea' id='block_1_46' title="bbox 2025 1516 3671 1592">
    <p class='ocr_par' dir='ltr' id='par_1_46' title="bbox 2025 1516 3671 1592">
     <span class='ocr_line' id='line_1_46' title="bbox 2025 1516 3671 1592; baseline 0.002 -21"><span class='ocrx_word' id='word_1_327' title='bbox 2025 1516 2296 1572; x_wconf 91' lang='lat' dir='ltr'><strong>comitem</strong></span> <span class='ocrx_word' id='word_1_328' title='bbox 2341 1534 2573 1589; x_wconf 88' lang='lat' dir='ltr'><strong>quoque</strong></span> <span class='ocrx_word' id='word_1_329' title='bbox 2605 1535 2638 1573; x_wconf 91' lang='lat' dir='ltr'><strong>a</strong></span> <span class='ocrx_word' id='word_1_330' title='bbox 2668 1518 3036 1574; x_wconf 78' lang='lat' dir='ltr'><strong>Pfullondorf</strong></span> <span class='ocrx_word' id='word_1_331' title='bbox 3076 1518 3431 1592; x_wconf 90' lang='lat' dir='ltr'><strong>appellatum</strong></span> <span class='ocrx_word' id='word_1_332' title='bbox 3462 1520 3671 1592; x_wconf 88' lang='lat' dir='ltr'><strong>reperi,</strong></span> 
     </span>
    </p>
   </div>
   <div class='ocr_carea' id='block_1_47' title="bbox 2026 1606 3670 1679">
    <p class='ocr_par' dir='ltr' id='par_1_47' title="bbox 2026 1606 3670 1679">
     <span class='ocr_line' id='line_1_47' title="bbox 2026 1606 3670 1679; baseline 0.002 -18"><span class='ocrx_word' id='word_1_333' title='bbox 2026 1606 2128 1661; x_wconf 91' lang='lat' dir='ltr'>sed</span> <span class='ocrx_word' id='word_1_334' title='bbox 2162 1621 2355 1661; x_wconf 87' lang='lat' dir='ltr'><strong>errore</strong></span> <span class='ocrx_word' id='word_1_335' title='bbox 2385 1607 2676 1661; x_wconf 82' lang='lat' dir='ltr'>duntaxat</span> <span class='ocrx_word' id='word_1_336' title='bbox 2704 1607 3096 1663; x_wconf 87' lang='lat' dir='ltr'><strong>recentiorum</strong></span> <span class='ocrx_word' id='word_1_337' title='bbox 3128 1608 3481 1679; x_wconf 87' lang='lat' dir='ltr'><strong>scriptorum</strong></span> <span class='ocrx_word' id='word_1_338' title='bbox 3514 1613 3670 1665; x_wconf 90' lang='lat' dir='ltr'><strong>uter-</strong></span> 
     </span>
    </p>
   </div>
   <div class='ocr_carea' id='block_1_48' title="bbox 2026 1692 3672 1765">
    <p class='ocr_par' dir='ltr' id='par_1_48' title="bbox 2026 1692 3672 1765">
     <span class='ocr_line' id='line_1_48' title="bbox 2026 1692 3672 1765; baseline 0.004 -18"><span class='ocrx_word' id='word_1_339' title='bbox 2026 1709 2137 1764; x_wconf 89' lang='lat' dir='ltr'><strong>que</strong></span> <span class='ocrx_word' id='word_1_340' title='bbox 2168 1692 2226 1747; x_wconf 91' lang='lat' dir='ltr'><strong>in</strong></span> <span class='ocrx_word' id='word_1_341' title='bbox 2259 1710 2437 1749; x_wconf 91' lang='lat' dir='ltr'>unam</span> <span class='ocrx_word' id='word_1_342' title='bbox 2469 1710 2779 1765; x_wconf 89' lang='lat' dir='ltr'><strong>personam</strong></span> <span class='ocrx_word' id='word_1_343' title='bbox 2811 1694 3047 1749; x_wconf 86' lang='lat' dir='ltr'><strong>coaluit.</strong></span> <span class='ocrx_word' id='word_1_344' title='bbox 3073 1696 3313 1752; x_wconf 84' lang='lat' dir='ltr'><strong>Factum</strong></span> <span class='ocrx_word' id='word_1_345' title='bbox 3336 1698 3395 1753; x_wconf 91' lang='lat' dir='ltr'><strong>id</strong></span> <span class='ocrx_word' id='word_1_346' title='bbox 3418 1699 3672 1754; x_wconf 84' lang='lat' dir='ltr'><strong>maxime</strong></span> 
     </span>
    </p>
   </div>
   <div class='ocr_carea' id='block_1_49' title="bbox 2028 1782 3670 1857">
    <p class='ocr_par' dir='ltr' id='par_1_49' title="bbox 2028 1782 3670 1857">
     <span class='ocr_line' id='line_1_49' title="bbox 2028 1782 3670 1857; baseline 0.005 -22"><span class='ocrx_word' id='word_1_347' title='bbox 2028 1784 2118 1835; x_wconf 89' lang='lat' dir='ltr'><strong>est</strong></span> <span class='ocrx_word' id='word_1_348' title='bbox 2139 1785 2475 1853; x_wconf 89' lang='lat' dir='ltr'><strong>postquam,</strong></span> <span class='ocrx_word' id='word_1_349' title='bbox 2497 1785 2728 1837; x_wconf 89' lang='lat' dir='ltr'><strong>mortuo</strong></span> <span class='ocrx_word' id='word_1_350' title='bbox 2751 1782 2999 1838; x_wconf 77' lang='lat' dir='ltr'><strong>Rudolfo</strong></span> <span class='ocrx_word' id='word_1_351' title='bbox 3012 1784 3372 1856; x_wconf 90' lang='lat' dir='ltr'><strong>Brigantino,</strong></span> <span class='ocrx_word' id='word_1_352' title='bbox 3389 1803 3502 1857; x_wconf 92' lang='lat' dir='ltr'><strong>quo</strong></span> <span class='ocrx_word' id='word_1_353' title='bbox 3515 1804 3670 1843; x_wconf 90' lang='lat' dir='ltr'><strong>anno</strong></span> 
     </span>
    </p>
   </div>
   <div class='ocr_carea' id='block_1_50' title="bbox 2028 1870 3677 1940">
    <p class='ocr_par' dir='ltr' id='par_1_50' title="bbox 2028 1870 3677 1940">
     <span class='ocr_line' id='line_1_50' title="bbox 2028 1870 3677 1940; baseline 0.004 -16"><span class='ocrx_word' id='word_1_354' title='bbox 2028 1870 2343 1936; x_wconf 90' lang='lat' dir='ltr'><strong>incertum,</strong></span> <span class='ocrx_word' id='word_1_355' title='bbox 2370 1870 2527 1925; x_wconf 91' lang='lat' dir='ltr'><strong>bona</strong></span> <span class='ocrx_word' id='word_1_356' title='bbox 2554 1871 2682 1940; x_wconf 87' lang='lat' dir='ltr'><strong>ejus</strong></span> <span class='ocrx_word' id='word_1_357' title='bbox 2712 1870 2782 1925; x_wconf 90' lang='lat' dir='ltr'><strong>ad</strong></span> <span class='ocrx_word' id='word_1_358' title='bbox 2836 1871 3145 1926; x_wconf 83' lang='lat' dir='ltr'><strong>Radolfum</strong></span> <span class='ocrx_word' id='word_1_359' title='bbox 3197 1874 3266 1928; x_wconf 89' lang='lat' dir='ltr'><strong>de</strong></span> <span class='ocrx_word' id='word_1_360' title='bbox 3308 1874 3677 1931; x_wconf 82' lang='lat' dir='ltr'><strong>Pl&#39;ullendort‘</strong></span> 
     </span>
    </p>
   </div>
   <div class='ocr_carea' id='block_1_51' title="bbox 2021 1958 3667 2035">
    <p class='ocr_par' dir='ltr' id='par_1_51' title="bbox 2021 1958 3667 2035">
     <span class='ocr_line' id='line_1_51' title="bbox 2021 1958 3667 2035; baseline 0.005 -23"><span class='ocrx_word' id='word_1_361' title='bbox 2021 1974 2122 2013; x_wconf 91' lang='lat' dir='ltr'><strong>ceu</strong></span> <span class='ocrx_word' id='word_1_362' title='bbox 2149 1959 2367 2014; x_wconf 90' lang='lat' dir='ltr'><strong>sororis</strong></span> <span class='ocrx_word' id='word_1_363' title='bbox 2389 1976 2506 2013; x_wconf 69' lang='lat' dir='ltr'><strong>suae</strong></span> <span class='ocrx_word' id='word_1_364' title='bbox 2532 1958 2720 2013; x_wconf 87' lang='lat' dir='ltr'>ﬁlium</span> <span class='ocrx_word' id='word_1_365' title='bbox 2744 1958 3013 2014; x_wconf 85' lang='lat' dir='ltr'><strong>devoluta</strong></span> <span class='ocrx_word' id='word_1_366' title='bbox 3030 1965 3186 2030; x_wconf 90' lang='lat' dir='ltr'><strong>sunt,</strong></span> <span class='ocrx_word' id='word_1_367' title='bbox 3217 1977 3249 2015; x_wconf 91' lang='lat' dir='ltr'>a</span> <span class='ocrx_word' id='word_1_368' title='bbox 3269 1978 3384 2032; x_wconf 89' lang='lat' dir='ltr'><strong>quo</strong></span> <span class='ocrx_word' id='word_1_369' title='bbox 3406 1966 3667 2035; x_wconf 88' lang='lat' dir='ltr'><strong>tempore</strong></span> 
     </span>
    </p>
   </div>
   <div class='ocr_carea' id='block_1_52' title="bbox 2018 2046 3676 2118">
    <p class='ocr_par' dir='ltr' id='par_1_52' title="bbox 2018 2046 3676 2118">
     <span class='ocr_line' id='line_1_52' title="bbox 2018 2046 3676 2118; baseline 0.004 -17"><span class='ocrx_word' id='word_1_370' title='bbox 2018 2046 2114 2102; x_wconf 89' lang='lat' dir='ltr'><strong>hic</strong></span> <span class='ocrx_word' id='word_1_371' title='bbox 2138 2048 2308 2102; x_wconf 92' lang='lat' dir='ltr'><strong>modo</strong></span> <span class='ocrx_word' id='word_1_372' title='bbox 2332 2063 2527 2102; x_wconf 92' lang='lat' dir='ltr'><strong>comes</strong></span> <span class='ocrx_word' id='word_1_373' title='bbox 2567 2046 2961 2118; x_wconf 87' lang='lat' dir='ltr'><strong>Brigantinus,</strong></span> <span class='ocrx_word' id='word_1_374' title='bbox 2986 2049 3158 2103; x_wconf 91' lang='lat' dir='ltr'><strong>modo</strong></span> <span class='ocrx_word' id='word_1_375' title='bbox 3198 2049 3269 2103; x_wconf 92' lang='lat' dir='ltr'><strong>de</strong></span> <span class='ocrx_word' id='word_1_376' title='bbox 3310 2049 3676 2107; x_wconf 82' lang='lat' dir='ltr'><strong>Pfullendorf</strong></span> 
     </span>
    </p>
   </div>
   <div class='ocr_carea' id='block_1_53' title="bbox 2019 2135 3666 2207">
    <p class='ocr_par' dir='ltr' id='par_1_53' title="bbox 2019 2135 3666 2207">
     <span class='ocr_line' id='line_1_53' title="bbox 2019 2135 3666 2207; baseline 0.004 -18"><span class='ocrx_word' id='word_1_377' title='bbox 2019 2138 2414 2207; x_wconf 88' lang='lat' dir='ltr'><strong>nuncupatur,</strong></span> <span class='ocrx_word' id='word_1_378' title='bbox 2432 2139 2633 2207; x_wconf 88' lang='lat' dir='ltr'><strong>utpote</strong></span> <span class='ocrx_word' id='word_1_379' title='bbox 2646 2135 2953 2207; x_wconf 89' lang='lat' dir='ltr'><strong>utriusque</strong></span> <span class='ocrx_word' id='word_1_380' title='bbox 2967 2137 3279 2193; x_wconf 89' lang='lat' dir='ltr'><strong>comitatus</strong></span> <span class='ocrx_word' id='word_1_381' title='bbox 3310 2138 3515 2195; x_wconf 67' lang='lat' dir='ltr'><strong>haeres.</strong></span> <span class='ocrx_word' id='word_1_382' title='bbox 3532 2141 3666 2206; x_wconf 60' lang='lat' dir='ltr'>Quae</span> 
     </span>
    </p>
   </div>
   <div class='ocr_carea' id='block_1_54' title="bbox 2022 2223 3666 2298">
    <p class='ocr_par' dir='ltr' id='par_1_54' title="bbox 2022 2223 3666 2298">
     <span class='ocr_line' id='line_1_54' title="bbox 2022 2223 3666 2298; baseline 0.004 -20"><span class='ocrx_word' id='word_1_383' title='bbox 2022 2223 2261 2295; x_wconf 83' lang='lat' dir='ltr'><strong>quidem</strong></span> <span class='ocrx_word' id='word_1_384' title='bbox 2294 2223 2492 2279; x_wconf 91' lang='lat' dir='ltr'><strong>omnia</strong></span> <span class='ocrx_word' id='word_1_385' title='bbox 2524 2227 2722 2296; x_wconf 89' lang='lat' dir='ltr'><strong>aperte</strong></span> <span class='ocrx_word' id='word_1_386' title='bbox 2772 2224 3197 2280; x_wconf 87' lang='lat' dir='ltr'><strong>conﬁrmantur</strong></span> <span class='ocrx_word' id='word_1_387' title='bbox 3241 2243 3309 2282; x_wconf 84' lang='lat' dir='ltr'><strong>ex</strong></span> <span class='ocrx_word' id='word_1_388' title='bbox 3348 2226 3666 2298; x_wconf 88' lang='lat' dir='ltr'><strong>diplomate</strong></span> 
     </span>
    </p>
   </div>
   <div class='ocr_carea' id='block_1_55' title="bbox 2024 2311 3665 2389">
    <p class='ocr_par' dir='ltr' id='par_1_55' title="bbox 2024 2311 3665 2389">
     <span class='ocr_line' id='line_1_55' title="bbox 2024 2311 3665 2389; baseline 0.002 -22"><span class='ocrx_word' id='word_1_389' title='bbox 2024 2311 2299 2367; x_wconf 85' lang='lat' dir='ltr'><strong>Friderici</strong></span> <span class='ocrx_word' id='word_1_390' title='bbox 2333 2313 2354 2366; x_wconf 91' lang='grc' dir='ltr'>Ι</span> <span class='ocrx_word' id='word_1_391' title='bbox 2385 2312 2527 2384; x_wconf 89' lang='lat' dir='ltr'><strong>imp.</strong></span> <span class='ocrx_word' id='word_1_392' title='bbox 2561 2329 2656 2367; x_wconf 90' lang='lat' dir='ltr'><strong>an.</strong></span> <span class='ocrx_word' id='word_1_393' title='bbox 2691 2313 2831 2367; x_wconf 89' lang='grc'><strong>1170</strong></span> <span class='ocrx_word' id='word_1_394' title='bbox 2860 2313 3027 2384; x_wconf 84' lang='lat' dir='ltr'><strong>(apud</strong></span> <span class='ocrx_word' id='word_1_395' title='bbox 3052 2319 3117 2369; x_wconf 87' lang='lat' dir='ltr'><strong>P.</strong></span> <span class='ocrx_word' id='word_1_396' title='bbox 3157 2316 3407 2386; x_wconf 83' lang='lat' dir='ltr'><strong>Herrgott</strong></span> <span class='ocrx_word' id='word_1_397' title='bbox 3429 2333 3491 2371; x_wconf 92' lang='lat'>11.</span> <span class='ocrx_word' id='word_1_398' title='bbox 3514 2317 3665 2389; x_wconf 79' lang='grc'>240),</span> 
     </span>
    </p>
   </div>
   <div class='ocr_carea' id='block_1_56' title="bbox 2022 2401 3666 2476">
    <p class='ocr_par' dir='ltr' id='par_1_56' title="bbox 2022 2401 3666 2476">
     <span class='ocr_line' id='line_1_56' title="bbox 2022 2401 3666 2476; baseline 0.004 -22"><span class='ocrx_word' id='word_1_399' title='bbox 2022 2416 2137 2471; x_wconf 92' lang='lat' dir='ltr'><strong>quo</strong></span> <span class='ocrx_word' id='word_1_400' title='bbox 2159 2404 2492 2472; x_wconf 86' lang='lat' dir='ltr'><strong>susceptam</strong></span> <span class='ocrx_word' id='word_1_401' title='bbox 2526 2401 2597 2456; x_wconf 88' lang='lat' dir='ltr'><strong>ab</strong></span> <span class='ocrx_word' id='word_1_402' title='bbox 2638 2401 2897 2473; x_wconf 88' lang='lat' dir='ltr'><strong>Eginone</strong></span> <span class='ocrx_word' id='word_1_403' title='bbox 2943 2403 3205 2459; x_wconf 89' lang='lat' dir='ltr'><strong>Curiensi</strong></span> <span class='ocrx_word' id='word_1_404' title='bbox 3252 2404 3527 2476; x_wconf 91' lang='lat' dir='ltr'><strong>episcopo</strong></span> <span class='ocrx_word' id='word_1_405' title='bbox 3556 2407 3666 2461; x_wconf 83' lang='lat' dir='ltr'><strong>Cu-</strong></span> 
     </span>
    </p>
   </div>
   <div class='ocr_carea' id='block_1_57' title="bbox 2022 2488 3668 2549">
    <p class='ocr_par' dir='ltr' id='par_1_57' title="bbox 2022 2488 3668 2549">
     <span class='ocr_line' id='line_1_57' title="bbox 2022 2488 3668 2549; baseline 0.005 -8"><span class='ocrx_word' id='word_1_406' title='bbox 2022 2488 2275 2544; x_wconf 88' lang='lat' dir='ltr'><strong>riensem</strong></span> <span class='ocrx_word' id='word_1_407' title='bbox 2300 2489 2659 2544; x_wconf 86' lang='lat' dir='ltr'><strong>advocatiam</strong></span> <span class='ocrx_word' id='word_1_408' title='bbox 2686 2490 2976 2547; x_wconf 85' lang='lat' dir='ltr'><strong>Friderico</strong></span> <span class='ocrx_word' id='word_1_409' title='bbox 3000 2490 3119 2546; x_wconf 84' lang='lat' dir='ltr'>ﬁlio</span> <span class='ocrx_word' id='word_1_410' title='bbox 3152 2509 3258 2547; x_wconf 91' lang='lat' dir='ltr'>suo</span> <span class='ocrx_word' id='word_1_411' title='bbox 3288 2492 3507 2549; x_wconf 76' lang='lat' dir='ltr'><strong>Suevize</strong></span> <span class='ocrx_word' id='word_1_412' title='bbox 3534 2494 3668 2549; x_wconf 93' lang='lat' dir='ltr'><strong>duci</strong></span> 
     </span>
    </p>
   </div>
   <div class='ocr_carea' id='block_1_58' title="bbox 2020 2578 3670 2651">
    <p class='ocr_par' dir='ltr' id='par_1_58' title="bbox 2020 2578 3670 2651">
     <span class='ocr_line' id='line_1_58' title="bbox 2020 2578 3670 2651; baseline 0.004 -19"><span class='ocrx_word' id='word_1_413' title='bbox 2020 2593 2087 2632; x_wconf 90' lang='lat' dir='ltr'><strong>eo</strong></span> <span class='ocrx_word' id='word_1_414' title='bbox 2114 2578 2245 2648; x_wconf 90' lang='lat' dir='ltr'><strong>jure</strong></span> <span class='ocrx_word' id='word_1_415' title='bbox 2277 2578 2585 2645; x_wconf 87' lang='lat' dir='ltr'><strong>concessit,</strong></span> <span class='ocrx_word' id='word_1_416' title='bbox 2634 2602 2660 2628; x_wconf 85' lang='lat'><strong>«</strong></span> <span class='ocrx_word' id='word_1_417' title='bbox 2697 2596 2812 2651; x_wconf 92' lang='lat' dir='ltr'><strong>quo</strong></span> <span class='ocrx_word' id='word_1_418' title='bbox 2860 2596 2987 2635; x_wconf 88' lang='lat' dir='ltr'><strong>eam</strong></span> <span class='ocrx_word' id='word_1_419' title='bbox 3039 2597 3233 2637; x_wconf 91' lang='lat' dir='ltr'><strong>comes</strong></span> <span class='ocrx_word' id='word_1_420' title='bbox 3281 2581 3567 2638; x_wconf 84' lang='lat' dir='ltr'><strong>Rodulfus</strong></span> <span class='ocrx_word' id='word_1_421' title='bbox 3597 2583 3670 2639; x_wconf 92' lang='lat' dir='ltr'><strong>de</strong></span> 
     </span>
    </p>
   </div>
   <div class='ocr_carea' id='block_1_59' title="bbox 2020 2665 3669 2738">
    <p class='ocr_par' dir='ltr' id='par_1_59' title="bbox 2020 2665 3669 2738">
     <span class='ocr_line' id='line_1_59' title="bbox 2020 2665 3669 2738; baseline 0.004 -19"><span class='ocrx_word' id='word_1_422' title='bbox 2020 2665 2325 2738; x_wconf 83' lang='lat' dir='ltr'><strong>Bregenze.</strong></span> <span class='ocrx_word' id='word_1_423' title='bbox 2352 2670 2408 2721; x_wconf 89' lang='lat' dir='ltr'><strong>et</strong></span> <span class='ocrx_word' id='word_1_424' title='bbox 2429 2668 2804 2738; x_wconf 89' lang='lat' dir='ltr'><strong>postmodum</strong></span> <span class='ocrx_word' id='word_1_425' title='bbox 2828 2683 3022 2724; x_wconf 90' lang='lat' dir='ltr'><strong>comes</strong></span> <span class='ocrx_word' id='word_1_426' title='bbox 3064 2669 3350 2726; x_wconf 82' lang='lat' dir='ltr'><strong>Rudolfus</strong></span> <span class='ocrx_word' id='word_1_427' title='bbox 3373 2670 3442 2725; x_wconf 87' lang='lat' dir='ltr'><strong>de</strong></span> <span class='ocrx_word' id='word_1_428' title='bbox 3482 2670 3669 2726; x_wconf 85' lang='lat' dir='ltr'><strong>Phul—</strong></span> 
     </span>
    </p>
   </div>
   <div class='ocr_carea' id='block_1_60' title="bbox 2020 2752 3666 2828">
    <p class='ocr_par' dir='ltr' id='par_1_60' title="bbox 2020 2752 3666 2828">
     <span class='ocr_line' id='line_1_60' title="bbox 2020 2752 3666 2828; baseline 0.003 -20"><span class='ocrx_word' id='word_1_429' title='bbox 2020 2752 2586 2811; x_wconf 83' lang='lat' dir='ltr'><strong>lendorfobtinuisse</strong></span> <span class='ocrx_word' id='word_1_430' title='bbox 2607 2755 2992 2827; x_wconf 85' lang='lat' dir='ltr'><strong>dignoscitur,</strong></span> <span class='ocrx_word' id='word_1_431' title='bbox 3028 2778 3055 2805; x_wconf 87' lang='grc'><strong>››</strong></span> <span class='ocrx_word' id='word_1_432' title='bbox 3080 2758 3183 2828; x_wconf 91' lang='lat' dir='ltr'><strong>qui</strong></span> <span class='ocrx_word' id='word_1_433' title='bbox 3205 2756 3299 2811; x_wconf 89' lang='lat' dir='ltr'><strong>hic</strong></span> <span class='ocrx_word' id='word_1_434' title='bbox 3320 2758 3496 2813; x_wconf 88' lang='lat' dir='ltr'><strong>etiam</strong></span> <span class='ocrx_word' id='word_1_435' title='bbox 3520 2758 3666 2813; x_wconf 90' lang='lat' dir='ltr'><strong>sub-</strong></span> 
     </span>
    </p>
   </div>
   <div class='ocr_carea' id='block_1_61' title="bbox 2021 2842 3658 2919">
    <p class='ocr_par' dir='ltr' id='par_1_61' title="bbox 2021 2842 3658 2919">
     <span class='ocr_line' id='line_1_61' title="bbox 2021 2842 3658 2919; baseline 0.001 -20"><span class='ocrx_word' id='word_1_436' title='bbox 2021 2842 2297 2899; x_wconf 87' lang='lat' dir='ltr'><strong>scribitur</strong></span> <span class='ocrx_word' id='word_1_437' title='bbox 2327 2844 2409 2898; x_wconf 90' lang='lat' dir='ltr'>uti</span> <span class='ocrx_word' id='word_1_438' title='bbox 2443 2843 2581 2899; x_wconf 88' lang='lat' dir='ltr'><strong>etin</strong></span> <span class='ocrx_word' id='word_1_439' title='bbox 2630 2847 2809 2901; x_wconf 91' lang='lat' dir='ltr'><strong>altero</strong></span> <span class='ocrx_word' id='word_1_440' title='bbox 2859 2845 2995 2899; x_wconf 91' lang='lat' dir='ltr'>anni</span> <span class='ocrx_word' id='word_1_441' title='bbox 3048 2846 3186 2900; x_wconf 81' lang='grc'>1152</span> <span class='ocrx_word' id='word_1_442' title='bbox 3216 2844 3277 2918; x_wconf 92' lang='lat' dir='ltr'><strong>(l.</strong></span> <span class='ocrx_word' id='word_1_443' title='bbox 3311 2862 3384 2915; x_wconf 90' lang='lat' dir='ltr'><strong>c.,</strong></span> <span class='ocrx_word' id='word_1_444' title='bbox 3421 2864 3481 2901; x_wconf 88' lang='lat'>11.</span> <span class='ocrx_word' id='word_1_445' title='bbox 3509 2846 3658 2919; x_wconf 85' lang='lat'><strong>233).</strong></span> 
     </span>
    </p>
   </div>
   <div class='ocr_carea' id='block_1_62' title="bbox 2021 2931 3662 3006">
    <p class='ocr_par' dir='ltr' id='par_1_62' title="bbox 2021 2931 3662 3006">
     <span class='ocr_line' id='line_1_62' title="bbox 2021 2931 3662 3006; baseline 0.002 -19"><span class='ocrx_word' id='word_1_446' title='bbox 2021 2931 2307 2987; x_wconf 80' lang='lat' dir='ltr'><strong>Rodull‘us</strong></span> <span class='ocrx_word' id='word_1_447' title='bbox 2335 2936 2530 2987; x_wconf 88' lang='lat' dir='ltr'><strong>autem</strong></span> <span class='ocrx_word' id='word_1_448' title='bbox 2563 2933 2859 2988; x_wconf 90' lang='lat' dir='ltr'><strong>Curiensis</strong></span> <span class='ocrx_word' id='word_1_449' title='bbox 2907 2950 3008 2988; x_wconf 89' lang='lat' dir='ltr'>seu</span> <span class='ocrx_word' id='word_1_450' title='bbox 3059 2933 3437 3006; x_wconf 82' lang='lat' dir='ltr'><strong>Brigantinus</strong></span> <span class='ocrx_word' id='word_1_451' title='bbox 3468 2935 3662 2991; x_wconf 90' lang='lat' dir='ltr'><strong>adhuc</strong></span> 
     </span>
    </p>
   </div>
   <div class='ocr_carea' id='block_1_63' title="bbox 2020 3022 3661 3095">
    <p class='ocr_par' dir='ltr' id='par_1_63' title="bbox 2020 3022 3661 3095">
     <span class='ocr_line' id='line_1_63' title="bbox 2020 3022 3661 3095; baseline 0.003 -20"><span class='ocrx_word' id='word_1_452' title='bbox 2020 3038 2114 3076; x_wconf 92' lang='lat' dir='ltr'><strong>an.</strong></span> <span class='ocrx_word' id='word_1_453' title='bbox 2150 3022 2285 3075; x_wconf 87' lang='lat'>1127</span> <span class='ocrx_word' id='word_1_454' title='bbox 2320 3024 2554 3075; x_wconf 90' lang='lat' dir='ltr'><strong>notatur</strong></span> <span class='ocrx_word' id='word_1_455' title='bbox 2582 3022 2706 3089; x_wconf 89' lang='lat' dir='ltr'><strong>(1b.,</strong></span> <span class='ocrx_word' id='word_1_456' title='bbox 2740 3039 2802 3076; x_wconf 90' lang='lat'>11.</span> <span class='ocrx_word' id='word_1_457' title='bbox 2832 3022 2981 3093; x_wconf 86' lang='lat'>208).</span> <span class='ocrx_word' id='word_1_458' title='bbox 3014 3026 3133 3077; x_wconf 88' lang='lat' dir='ltr'><strong>Hos</strong></span> <span class='ocrx_word' id='word_1_459' title='bbox 3172 3027 3374 3094; x_wconf 89' lang='lat' dir='ltr'><strong>postea</strong></span> <span class='ocrx_word' id='word_1_460' title='bbox 3407 3029 3661 3095; x_wconf 90' lang='lat' dir='ltr'><strong>mortuo,</strong></span> 
     </span>
    </p>
   </div>
   <div class='ocr_carea' id='block_1_64' title="bbox 2020 3107 3660 3181">
    <p class='ocr_par' dir='ltr' id='par_1_64' title="bbox 2020 3107 3660 3181">
     <span class='ocr_line' id='line_1_64' title="bbox 2020 3107 3660 3181; baseline 0.002 -17"><span class='ocrx_word' id='word_1_461' title='bbox 2020 3113 2076 3164; x_wconf 89' lang='lat' dir='ltr'><strong>et</strong></span> <span class='ocrx_word' id='word_1_462' title='bbox 2097 3107 2360 3165; x_wconf 89' lang='lat' dir='ltr'><strong>mascula</strong></span> <span class='ocrx_word' id='word_1_463' title='bbox 2382 3108 2561 3181; x_wconf 90' lang='lat' dir='ltr'><strong>stirpe</strong></span> <span class='ocrx_word' id='word_1_464' title='bbox 2582 3109 3057 3180; x_wconf 87' lang='lat' dir='ltr'><strong>Brigantinorum</strong></span> <span class='ocrx_word' id='word_1_465' title='bbox 3080 3111 3383 3180; x_wconf 87' lang='lat' dir='ltr'><strong>exstincta,</strong></span> <span class='ocrx_word' id='word_1_466' title='bbox 3408 3114 3479 3168; x_wconf 91' lang='lat' dir='ltr'>ad</span> <span class='ocrx_word' id='word_1_467' title='bbox 3502 3113 3660 3168; x_wconf 85' lang='lat' dir='ltr'>Pful-</span> 
     </span>
    </p>
   </div>
   <div class='ocr_carea' id='block_1_65' title="bbox 256 3179 3654 3272">
    <p class='ocr_par' dir='ltr' id='par_1_65' title="bbox 256 3179 3654 3272">
     <span class='ocr_line' id='line_1_65' title="bbox 256 3179 3654 3272; baseline 0.001 -18"><span class='ocrx_word' id='word_1_468' title='bbox 256 3198 414 3270; x_wconf 88' lang='lat' dir='ltr'><strong>quod</strong></span> <span class='ocrx_word' id='word_1_469' title='bbox 466 3197 615 3252; x_wconf 82' lang='lat' dir='ltr'><strong>forte</strong></span> <span class='ocrx_word' id='word_1_470' title='bbox 665 3197 736 3252; x_wconf 91' lang='lat' dir='ltr'><strong>de</strong></span> <span class='ocrx_word' id='word_1_471' title='bbox 782 3179 1029 3252; x_wconf 78' lang='lat' dir='ltr'><strong>ecclesia</strong></span> <span class='ocrx_word' id='word_1_472' title='bbox 1076 3214 1142 3253; x_wconf 84' lang='lat' dir='ltr'><strong>ex</strong></span> <span class='ocrx_word' id='word_1_473' title='bbox 1176 3196 1474 3267; x_wconf 87' lang='lat' dir='ltr'><strong>lapidibus</strong></span> <span class='ocrx_word' id='word_1_474' title='bbox 1497 3197 1796 3252; x_wconf 72' lang='lat' dir='ltr'><strong>zediﬁcatri</strong></span> <span class='ocrx_word' id='word_1_475' title='bbox 1827 3196 1900 3251; x_wconf 87' lang='lat' dir='ltr'><strong>ab</strong></span> <span class='ocrx_word' id='word_1_476' title='bbox 1932 3179 1975 3247; x_wconf 67' lang='grc' dir='ltr'><strong>(ἶ</strong></span> <span class='ocrx_word' id='word_1_477' title='bbox 2012 3195 2411 3252; x_wconf 83' lang='lat' dir='ltr'>lendorfenses</span> <span class='ocrx_word' id='word_1_478' title='bbox 2440 3179 2541 3267; x_wconf 79' lang='lat' dir='ltr'><strong>per</strong></span> <span class='ocrx_word' id='word_1_479' title='bbox 2569 3179 2758 3251; x_wconf 85' lang='lat' dir='ltr'><strong>ultimi</strong></span> <span class='ocrx_word' id='word_1_480' title='bbox 2780 3197 3100 3269; x_wconf 86' lang='lat' dir='ltr'><strong>Brigantini</strong></span> <span class='ocrx_word' id='word_1_481' title='bbox 3132 3198 3337 3268; x_wconf 88' lang='lat' dir='ltr'>ﬁliam,</span> <span class='ocrx_word' id='word_1_482' title='bbox 3360 3204 3417 3254; x_wconf 91' lang='lat' dir='ltr'><strong>et</strong></span> <span class='ocrx_word' id='word_1_483' title='bbox 3436 3200 3654 3272; x_wconf 87' lang='lat' dir='ltr'><strong>pariter</strong></span> 
     </span>
    </p>
   </div>
   <div class='ocr_carea' id='block_1_66' title="bbox 254 3284 1900 3358">
    <p class='ocr_par' dir='ltr' id='par_1_66' title="bbox 254 3284 1900 3358">
     <span class='ocr_line' id='line_1_66' title="bbox 254 3284 1900 3358; baseline -0.001 -17"><span class='ocrx_word' id='word_1_484' title='bbox 254 3286 528 3342; x_wconf 80' lang='lat' dir='ltr'><strong>Udalrico</strong></span> <span class='ocrx_word' id='word_1_485' title='bbox 556 3288 739 3357; x_wconf 70' lang='lat' dir='ltr'><strong>empta</strong></span> <span class='ocrx_word' id='word_1_486' title='bbox 767 3284 828 3352; x_wconf 94' lang='lat'><strong>(1.</strong></span> <span class='ocrx_word' id='word_1_487' title='bbox 862 3302 927 3356; x_wconf 87' lang='lat'>11,</span> <span class='ocrx_word' id='word_1_488' title='bbox 968 3284 999 3357; x_wconf 88' lang='lat'><strong>§</strong></span> <span class='ocrx_word' id='word_1_489' title='bbox 1060 3287 1153 3354; x_wconf 84' lang='lat'><strong>22)</strong></span> <span class='ocrx_word' id='word_1_490' title='bbox 1202 3285 1672 3358; x_wconf 90' lang='lat' dir='ltr'><strong>intelligendum,</strong></span> <span class='ocrx_word' id='word_1_491' title='bbox 1722 3301 1900 3357; x_wconf 88' lang='lat' dir='ltr'><strong>quam</strong></span> 
     </span>
    </p>
   </div>
   <div class='ocr_carea' id='block_1_67' title="bbox 260 3372 1902 3446">
    <p class='ocr_par' dir='ltr' id='par_1_67' title="bbox 260 3372 1902 3446">
     <span class='ocr_line' id='line_1_67' title="bbox 260 3372 1902 3446; baseline 0.001 -17"><span class='ocrx_word' id='word_1_492' title='bbox 260 3374 395 3430; x_wconf 89' lang='lat' dir='ltr'>dein</span> <span class='ocrx_word' id='word_1_493' title='bbox 431 3375 661 3445; x_wconf 81' lang='lat' dir='ltr'><strong>perfecit</strong></span> <span class='ocrx_word' id='word_1_494' title='bbox 688 3372 1036 3446; x_wconf 81' lang='lat' dir='ltr'><strong>Rudolphus</strong></span> <span class='ocrx_word' id='word_1_495' title='bbox 1057 3373 1309 3429; x_wconf 88' lang='lat' dir='ltr'><strong>Udalrici</strong></span> <span class='ocrx_word' id='word_1_496' title='bbox 1353 3379 1406 3429; x_wconf 86' lang='lat' dir='ltr'><strong>et</strong></span> <span class='ocrx_word' id='word_1_497' title='bbox 1456 3373 1681 3430; x_wconf 73' lang='lat' dir='ltr'><strong>Bertbae</strong></span> <span class='ocrx_word' id='word_1_498' title='bbox 1723 3374 1902 3439; x_wconf 88' lang='lat' dir='ltr'>ﬁlius,</span> 
     </span>
    </p>
   </div>
   <div class='ocr_carea' id='block_1_68' title="bbox 256 3461 1904 3536">
    <p class='ocr_par' dir='ltr' id='par_1_68' title="bbox 256 3461 1904 3536">
     <span class='ocr_line' id='line_1_68' title="bbox 256 3461 1904 3536; baseline 0.001 -19"><span class='ocrx_word' id='word_1_499' title='bbox 256 3479 352 3517; x_wconf 89' lang='lat' dir='ltr'><strong>an.</strong></span> <span class='ocrx_word' id='word_1_500' title='bbox 389 3464 531 3518; x_wconf 83' lang='lat'>1125</span> <span class='ocrx_word' id='word_1_501' title='bbox 572 3463 641 3517; x_wconf 92' lang='lat' dir='ltr'><strong>ab</strong></span> <span class='ocrx_word' id='word_1_502' title='bbox 690 3461 959 3518; x_wconf 90' lang='lat' dir='ltr'><strong>Udalrico</strong></span> <span class='ocrx_word' id='word_1_503' title='bbox 1007 3462 1278 3535; x_wconf 89' lang='lat' dir='ltr'><strong>episcopo</strong></span> <span class='ocrx_word' id='word_1_504' title='bbox 1328 3462 1762 3536; x_wconf 89' lang='lat' dir='ltr'><strong>consanguineo</strong></span> <span class='ocrx_word' id='word_1_505' title='bbox 1798 3480 1904 3519; x_wconf 89' lang='lat' dir='ltr'><strong>suo</strong></span> 
     </span>
    </p>
   </div>
   <div class='ocr_carea' id='block_1_69' title="bbox 256 3551 1908 3624">
    <p class='ocr_par' dir='ltr' id='par_1_69' title="bbox 256 3551 1908 3624">
     <span class='ocr_line' id='line_1_69' title="bbox 256 3551 1908 3624; baseline 0.001 -18"><span class='ocrx_word' id='word_1_506' title='bbox 256 3556 697 3619; x_wconf 82' lang='lat' dir='ltr'><strong>consecratam;</strong></span> <span class='ocrx_word' id='word_1_507' title='bbox 731 3568 865 3606; x_wconf 90' lang='lat' dir='ltr'><strong>cum</strong></span> <span class='ocrx_word' id='word_1_508' title='bbox 912 3552 1055 3623; x_wconf 54' lang='lat' dir='ltr'><strong>jam.</strong></span> <span class='ocrx_word' id='word_1_509' title='bbox 1084 3552 1251 3624; x_wconf 89' lang='lat' dir='ltr'><strong>prius</strong></span> <span class='ocrx_word' id='word_1_510' title='bbox 1279 3552 1433 3607; x_wconf 89' lang='lat' dir='ltr'><strong>circa</strong></span> <span class='ocrx_word' id='word_1_511' title='bbox 1461 3568 1555 3607; x_wconf 90' lang='lat' dir='ltr'><strong>an.</strong></span> <span class='ocrx_word' id='word_1_512' title='bbox 1590 3552 1729 3607; x_wconf 90' lang='lat'>1090</span> <span class='ocrx_word' id='word_1_513' title='bbox 1758 3551 1908 3607; x_wconf 91' lang='lat' dir='ltr'><strong>clau-</strong></span> 
     </span>
    </p>
   </div>
   <div class='ocr_carea' id='block_1_70' title="bbox 254 3639 1906 3713">
    <p class='ocr_par' dir='ltr' id='par_1_70' title="bbox 254 3639 1906 3713">
     <span class='ocr_line' id='line_1_70' title="bbox 254 3639 1906 3713; baseline 0 -17"><span class='ocrx_word' id='word_1_514' title='bbox 254 3646 440 3696; x_wconf 85' lang='lat' dir='ltr'><strong>strum</strong></span> <span class='ocrx_word' id='word_1_515' title='bbox 492 3645 551 3696; x_wconf 89' lang='lat' dir='ltr'><strong>et</strong></span> <span class='ocrx_word' id='word_1_516' title='bbox 607 3640 926 3696; x_wconf 86' lang='lat' dir='ltr'><strong>oratorium</strong></span> <span class='ocrx_word' id='word_1_517' title='bbox 982 3639 1239 3713; x_wconf 89' lang='lat' dir='ltr'><strong>ligneum</strong></span> <span class='ocrx_word' id='word_1_518' title='bbox 1299 3640 1513 3696; x_wconf 89' lang='lat' dir='ltr'><strong>ibidem</strong></span> <span class='ocrx_word' id='word_1_519' title='bbox 1572 3640 1748 3696; x_wconf 85' lang='lat' dir='ltr'><strong>fuerit</strong></span> <span class='ocrx_word' id='word_1_520' title='bbox 1805 3657 1906 3696; x_wconf 86' lang='lat' dir='ltr'><strong>ex-</strong></span> 
     </span>
    </p>
   </div>
   <div class='ocr_carea' id='block_1_71' title="bbox 255 3728 1910 3802">
    <p class='ocr_par' dir='ltr' id='par_1_71' title="bbox 255 3728 1910 3802">
     <span class='ocr_line' id='line_1_71' title="bbox 255 3728 1910 3802; baseline -0.001 -17"><span class='ocrx_word' id='word_1_521' title='bbox 255 3734 543 3787; x_wconf 82' lang='lat' dir='ltr'><strong>structum</strong></span> <span class='ocrx_word' id='word_1_522' title='bbox 567 3728 633 3799; x_wconf 84' lang='grc' dir='ltr'>(ι.</span> <span class='ocrx_word' id='word_1_523' title='bbox 668 3745 752 3795; x_wconf 83' lang='grc' dir='ltr'>ιιι,</span> <span class='ocrx_word' id='word_1_524' title='bbox 779 3746 838 3783; x_wconf 95' lang='lat' dir='ltr'><strong>n.</strong></span> <span class='ocrx_word' id='word_1_525' title='bbox 864 3729 978 3799; x_wconf 86' lang='lat'><strong>20).</strong></span> <span class='ocrx_word' id='word_1_526' title='bbox 1004 3728 1178 3785; x_wconf 88' lang='lat' dir='ltr'><strong>Porro</strong></span> <span class='ocrx_word' id='word_1_527' title='bbox 1214 3728 1604 3802; x_wconf 88' lang='lat' dir='ltr'>distinguindi</span> <span class='ocrx_word' id='word_1_528' title='bbox 1643 3729 1739 3785; x_wconf 92' lang='lat' dir='ltr'><strong>hic</strong></span> <span class='ocrx_word' id='word_1_529' title='bbox 1770 3734 1910 3785; x_wconf 89' lang='lat' dir='ltr'><strong>sunt</strong></span> 
     </span>
    </p>
   </div>
   <div class='ocr_carea' id='block_1_72' title="bbox 253 3816 1909 3889">
    <p class='ocr_par' dir='ltr' id='par_1_72' title="bbox 253 3816 1909 3889">
     <span class='ocr_line' id='line_1_72' title="bbox 253 3816 1909 3889; baseline -0.001 -15"><span class='ocrx_word' id='word_1_530' title='bbox 253 3819 363 3875; x_wconf 89' lang='lat' dir='ltr'><strong>duo</strong></span> <span class='ocrx_word' id='word_1_531' title='bbox 395 3816 631 3874; x_wconf 82' lang='lat' dir='ltr'>Rudolﬁ</span> <span class='ocrx_word' id='word_1_532' title='bbox 674 3817 919 3872; x_wconf 88' lang='lat' dir='ltr'><strong>comites</strong></span> <span class='ocrx_word' id='word_1_533' title='bbox 966 3834 1034 3872; x_wconf 84' lang='lat' dir='ltr'><strong>ex</strong></span> <span class='ocrx_word' id='word_1_534' title='bbox 1081 3817 1291 3873; x_wconf 89' lang='lat' dir='ltr'><strong>Ottone</strong></span> <span class='ocrx_word' id='word_1_535' title='bbox 1340 3819 1410 3874; x_wconf 91' lang='lat' dir='ltr'>de</span> <span class='ocrx_word' id='word_1_536' title='bbox 1459 3823 1516 3874; x_wconf 88' lang='lat' dir='ltr'><strong>S.</strong></span> <span class='ocrx_word' id='word_1_537' title='bbox 1552 3817 1764 3887; x_wconf 82' lang='lat' dir='ltr'><strong>Blasio,</strong></span> <span class='ocrx_word' id='word_1_538' title='bbox 1808 3818 1909 3889; x_wconf 92' lang='lat' dir='ltr'><strong>qui</strong></span> 
     </span>
    </p>
   </div>
   <div class='ocr_carea' id='block_1_73' title="bbox 253 3905 1908 3980">
    <p class='ocr_par' dir='ltr' id='par_1_73' title="bbox 253 3905 1908 3980">
     <span class='ocr_line' id='line_1_73' title="bbox 253 3905 1908 3980; baseline 0.001 -18"><span class='ocrx_word' id='word_1_539' title='bbox 253 3924 374 3980; x_wconf 84' lang='lat' dir='ltr'><strong>cap.</strong></span> <span class='ocrx_word' id='word_1_540' title='bbox 408 3908 476 3963; x_wconf 86' lang='lat'>21</span> <span class='ocrx_word' id='word_1_541' title='bbox 515 3907 590 3961; x_wconf 87' lang='lat' dir='ltr'><strong>ad</strong></span> <span class='ocrx_word' id='word_1_542' title='bbox 625 3923 724 3961; x_wconf 90' lang='lat' dir='ltr'><strong>an.</strong></span> <span class='ocrx_word' id='word_1_543' title='bbox 758 3906 897 3961; x_wconf 84' lang='lat'>1167</span> <span class='ocrx_word' id='word_1_544' title='bbox 927 3906 1012 3961; x_wconf 89' lang='lat' dir='ltr'><strong>ita</strong></span> <span class='ocrx_word' id='word_1_545' title='bbox 1041 3905 1283 3961; x_wconf 90' lang='lat' dir='ltr'><strong>scribit:</strong></span> <span class='ocrx_word' id='word_1_546' title='bbox 1320 3929 1348 3956; x_wconf 93' lang='grc'><strong>‹‹</strong></span> <span class='ocrx_word' id='word_1_547' title='bbox 1396 3906 1681 3963; x_wconf 81' lang='lat' dir='ltr'>Rudolfus</span> <span class='ocrx_word' id='word_1_548' title='bbox 1713 3923 1908 3963; x_wconf 86' lang='lat' dir='ltr'><strong>comes</strong></span> 
     </span>
    </p>
   </div>
   <div class='ocr_carea' id='block_1_74' title="bbox 257 3993 1907 4068">
    <p class='ocr_par' dir='ltr' id='par_1_74' title="bbox 257 3993 1907 4068">
     <span class='ocr_line' id='line_1_74' title="bbox 257 3993 1907 4068; baseline 0 -17"><span class='ocrx_word' id='word_1_549' title='bbox 257 3997 322 4054; x_wconf 90' lang='lat' dir='ltr'><strong>de</strong></span> <span class='ocrx_word' id='word_1_550' title='bbox 349 3994 748 4051; x_wconf 83' lang='lat' dir='ltr'><strong>Phullendorf</strong></span> <span class='ocrx_word' id='word_1_551' title='bbox 760 3994 1019 4050; x_wconf 88' lang='lat' dir='ltr'><strong>sororius</strong></span> <span class='ocrx_word' id='word_1_552' title='bbox 1039 3995 1270 4051; x_wconf 80' lang='lat' dir='ltr'><strong>comitis</strong></span> <span class='ocrx_word' id='word_1_553' title='bbox 1302 3993 1530 4051; x_wconf 82' lang='lat' dir='ltr'>Rudolﬁ</span> <span class='ocrx_word' id='word_1_554' title='bbox 1554 3997 1625 4051; x_wconf 90' lang='lat' dir='ltr'><strong>de</strong></span> <span class='ocrx_word' id='word_1_555' title='bbox 1654 3996 1907 4068; x_wconf 87' lang='lat' dir='ltr'><strong>Bregan-</strong></span> 
     </span>
    </p>
   </div>
   <div class='ocr_carea' id='block_1_75' title="bbox 256 4082 1907 4158">
    <p class='ocr_par' dir='ltr' id='par_1_75' title="bbox 256 4082 1907 4158">
     <span class='ocr_line' id='line_1_75' title="bbox 256 4082 1907 4158; baseline -0.001 -19"><span class='ocrx_word' id='word_1_556' title='bbox 256 4086 331 4142; x_wconf 87' lang='lat' dir='ltr'><strong>tia</strong></span> <span class='ocrx_word' id='word_1_557' title='bbox 352 4084 564 4140; x_wconf 89' lang='lat' dir='ltr'><strong>omnia</strong></span> <span class='ocrx_word' id='word_1_558' title='bbox 582 4084 803 4156; x_wconf 68' lang='lat' dir='ltr'><strong>praedia</strong></span> <span class='ocrx_word' id='word_1_559' title='bbox 823 4100 933 4139; x_wconf 91' lang='lat' dir='ltr'>sua</span> <span class='ocrx_word' id='word_1_560' title='bbox 952 4082 1201 4140; x_wconf 60' lang='lat' dir='ltr'><strong>heredis</strong></span> <span class='ocrx_word' id='word_1_561' title='bbox 1237 4083 1362 4139; x_wconf 93' lang='lat' dir='ltr'><strong>loco</strong></span> <span class='ocrx_word' id='word_1_562' title='bbox 1403 4084 1738 4156; x_wconf 88' lang='lat' dir='ltr'><strong>imperatori</strong></span> <span class='ocrx_word' id='word_1_563' title='bbox 1764 4084 1907 4158; x_wconf 88' lang='lat' dir='ltr'><strong>[Fri-</strong></span> 
     </span>
    </p>
   </div>
   <div class='ocr_carea' id='block_1_76' title="bbox 257 4172 1906 4245">
    <p class='ocr_par' dir='ltr' id='par_1_76' title="bbox 257 4172 1906 4245">
     <span class='ocr_line' id='line_1_76' title="bbox 257 4172 1906 4245; baseline 0.001 -18"><span class='ocrx_word' id='word_1_564' title='bbox 257 4172 513 4244; x_wconf 84' lang='lat' dir='ltr'><strong>dericol]</strong></span> <span class='ocrx_word' id='word_1_565' title='bbox 529 4172 793 4227; x_wconf 88' lang='lat' dir='ltr'><strong>tradidit.</strong></span> <span class='ocrx_word' id='word_1_566' title='bbox 816 4194 836 4220; x_wconf 68' lang='grc' dir='ltr'>ιν</span> <span class='ocrx_word' id='word_1_567' title='bbox 856 4172 1005 4237; x_wconf 88' lang='lat' dir='ltr'>Quid</span> <span class='ocrx_word' id='word_1_568' title='bbox 1025 4189 1157 4228; x_wconf 86' lang='lat' dir='ltr'><strong>vero</strong></span> <span class='ocrx_word' id='word_1_569' title='bbox 1177 4188 1285 4244; x_wconf 89' lang='lat' dir='ltr'><strong>por</strong></span> <span class='ocrx_word' id='word_1_570' title='bbox 1302 4175 1578 4229; x_wconf 76' lang='lat' dir='ltr'><strong>sororium</strong></span> <span class='ocrx_word' id='word_1_571' title='bbox 1597 4172 1906 4245; x_wconf 88' lang='lat' dir='ltr'><strong>intelligat,</strong></span> 
     </span>
    </p>
   </div>
   <div class='ocr_carea' id='block_1_77' title="bbox 256 4260 1908 4333">
    <p class='ocr_par' dir='ltr' id='par_1_77' title="bbox 256 4260 1908 4333">
     <span class='ocr_line' id='line_1_77' title="bbox 256 4260 1908 4333; baseline -0.001 -16"><span class='ocrx_word' id='word_1_572' title='bbox 256 4260 306 4317; x_wconf 89' lang='lat' dir='ltr'><strong>in</strong></span> <span class='ocrx_word' id='word_1_573' title='bbox 326 4280 473 4319; x_wconf 84' lang='lat' dir='ltr'><strong>mox</strong></span> <span class='ocrx_word' id='word_1_574' title='bbox 492 4260 957 4333; x_wconf 73' lang='lat' dir='ltr'><strong>precedentibus</strong></span> <span class='ocrx_word' id='word_1_575' title='bbox 980 4260 1256 4328; x_wconf 90' lang='lat' dir='ltr'><strong>declarat,</strong></span> <span class='ocrx_word' id='word_1_576' title='bbox 1270 4262 1410 4316; x_wconf 91' lang='lat' dir='ltr'>dum</span> <span class='ocrx_word' id='word_1_577' title='bbox 1428 4261 1708 4317; x_wconf 91' lang='lat' dir='ltr'><strong>eumdum</strong></span> <span class='ocrx_word' id='word_1_578' title='bbox 1725 4262 1908 4333; x_wconf 92' lang='lat' dir='ltr'><strong>impe-</strong></span> 
     </span>
    </p>
   </div>
   <div class='ocr_carea' id='block_1_78' title="bbox 255 4348 1911 4422">
    <p class='ocr_par' dir='ltr' id='par_1_78' title="bbox 255 4348 1911 4422">
     <span class='ocr_line' id='line_1_78' title="bbox 255 4348 1911 4422; baseline -0.001 -15"><span class='ocrx_word' id='word_1_579' title='bbox 255 4357 513 4408; x_wconf 86' lang='lat' dir='ltr'><strong>ratorem</strong></span> <span class='ocrx_word' id='word_1_580' title='bbox 545 4352 823 4405; x_wconf 77' lang='lat' dir='ltr'><strong>sororium</strong></span> <span class='ocrx_word' id='word_1_581' title='bbox 860 4348 1123 4420; x_wconf 80' lang='lat' dir='ltr'><strong>Welfonis</strong></span> <span class='ocrx_word' id='word_1_582' title='bbox 1155 4348 1429 4422; x_wconf 87' lang='lat' dir='ltr'><strong>appellat,</strong></span> <span class='ocrx_word' id='word_1_583' title='bbox 1477 4349 1663 4404; x_wconf 89' lang='lat' dir='ltr'>ﬁlium</span> <span class='ocrx_word' id='word_1_584' title='bbox 1690 4349 1911 4405; x_wconf 89' lang='lat' dir='ltr'><strong>scilicet</strong></span> 
     </span>
    </p>
   </div>
   <div class='ocr_carea' id='block_1_79' title="bbox 256 4436 1910 4512">
    <p class='ocr_par' dir='ltr' id='par_1_79' title="bbox 256 4436 1910 4512">
     <span class='ocr_line' id='line_1_79' title="bbox 256 4436 1910 4512; baseline -0.001 -17"><span class='ocrx_word' id='word_1_585' title='bbox 256 4440 477 4497; x_wconf 76' lang='lat' dir='ltr'><strong>sororis</strong></span> <span class='ocrx_word' id='word_1_586' title='bbox 506 4438 797 4494; x_wconf 67' lang='lat' dir='ltr'><strong>VVell‘onis</strong></span> <span class='ocrx_word' id='word_1_587' title='bbox 843 4436 1120 4505; x_wconf 73' lang='lat' dir='ltr'><strong>Judithze,</strong></span> <span class='ocrx_word' id='word_1_588' title='bbox 1175 4454 1242 4493; x_wconf 91' lang='lat' dir='ltr'><strong>ac</strong></span> <span class='ocrx_word' id='word_1_589' title='bbox 1288 4437 1416 4492; x_wconf 64' lang='lat' dir='ltr'><strong>ﬁliae</strong></span> <span class='ocrx_word' id='word_1_590' title='bbox 1466 4437 1696 4493; x_wconf 88' lang='lat' dir='ltr'><strong>Henrici</strong></span> <span class='ocrx_word' id='word_1_591' title='bbox 1746 4438 1910 4512; x_wconf 88' lang='lat' dir='ltr'><strong>Nigri</strong></span> 
     </span>
    </p>
   </div>
   <div class='ocr_carea' id='block_1_80' title="bbox 2012 3285 3652 3357">
    <p class='ocr_par' dir='ltr' id='par_1_80' title="bbox 2012 3285 3652 3357">
     <span class='ocr_line' id='line_1_80' title="bbox 2012 3285 3652 3357; baseline 0.002 -17"><span class='ocrx_word' id='word_1_592' title='bbox 2012 3302 2116 3357; x_wconf 91' lang='lat' dir='ltr'><strong>per</strong></span> <span class='ocrx_word' id='word_1_593' title='bbox 2145 3302 2354 3340; x_wconf 88' lang='lat' dir='ltr'><strong>norum</strong></span> <span class='ocrx_word' id='word_1_594' title='bbox 2395 3285 2674 3357; x_wconf 90' lang='lat' dir='ltr'><strong>postremi</strong></span> <span class='ocrx_word' id='word_1_595' title='bbox 2725 3285 2953 3341; x_wconf 82' lang='lat' dir='ltr'>Rudelﬁ</span> <span class='ocrx_word' id='word_1_596' title='bbox 3005 3286 3186 3342; x_wconf 91' lang='lat' dir='ltr'>ﬁliam</span> <span class='ocrx_word' id='word_1_597' title='bbox 3221 3290 3363 3343; x_wconf 87' lang='lat' dir='ltr'><strong>[tam</strong></span> <span class='ocrx_word' id='word_1_598' title='bbox 3412 3287 3652 3357; x_wconf 80' lang='lat' dir='ltr'><strong>Alberto</strong></span> 
     </span>
    </p>
   </div>
   <div class='ocr_carea' id='block_1_81' title="bbox 2014 3373 3652 3448">
    <p class='ocr_par' dir='ltr' id='par_1_81' title="bbox 2014 3373 3652 3448">
     <span class='ocr_line' id='line_1_81' title="bbox 2014 3373 3652 3448; baseline 0.002 -18"><span class='ocrx_word' id='word_1_599' title='bbox 2014 3373 2211 3430; x_wconf 89' lang='lat' dir='ltr'><strong>comiti</strong></span> <span class='ocrx_word' id='word_1_600' title='bbox 2260 3378 2528 3447; x_wconf 91' lang='lat' dir='ltr'><strong>nuptam,</strong></span> <span class='ocrx_word' id='word_1_601' title='bbox 2593 3390 2796 3429; x_wconf 89' lang='lat' dir='ltr'>omnes</span> <span class='ocrx_word' id='word_1_602' title='bbox 2845 3374 3079 3431; x_wconf 91' lang='lat' dir='ltr'><strong>illorum</strong></span> <span class='ocrx_word' id='word_1_603' title='bbox 3129 3378 3532 3448; x_wconf 89' lang='lat' dir='ltr'><strong>possessiones</strong></span> <span class='ocrx_word' id='word_1_604' title='bbox 3579 3378 3652 3433; x_wconf 90' lang='lat' dir='ltr'><strong>ad</strong></span> 
     </span>
    </p>
   </div>
   <div class='ocr_carea' id='block_1_82' title="bbox 2015 3463 3655 3539">
    <p class='ocr_par' dir='ltr' id='par_1_82' title="bbox 2015 3463 3655 3539">
     <span class='ocr_line' id='line_1_82' title="bbox 2015 3463 3655 3539; baseline 0.003 -21"><span class='ocrx_word' id='word_1_605' title='bbox 2015 3463 2497 3535; x_wconf 86' lang='lat' dir='ltr'><strong>llabsburgenses</strong></span> <span class='ocrx_word' id='word_1_606' title='bbox 2526 3479 2591 3517; x_wconf 90' lang='lat' dir='ltr'><strong>eo</strong></span> <span class='ocrx_word' id='word_1_607' title='bbox 2622 3463 2793 3518; x_wconf 90' lang='lat' dir='ltr'><strong>modo</strong></span> <span class='ocrx_word' id='word_1_608' title='bbox 2813 3464 3186 3534; x_wconf 84' lang='lat' dir='ltr'><strong>devenerunt,</strong></span> <span class='ocrx_word' id='word_1_609' title='bbox 3212 3483 3327 3537; x_wconf 92' lang='lat' dir='ltr'><strong>quo</strong></span> <span class='ocrx_word' id='word_1_610' title='bbox 3352 3466 3655 3539; x_wconf 88' lang='lat' dir='ltr'><strong>priusjam</strong></span> 
     </span>
    </p>
   </div>
   <div class='ocr_carea' id='block_1_83' title="bbox 2014 3550 3659 3624">
    <p class='ocr_par' dir='ltr' id='par_1_83' title="bbox 2014 3550 3659 3624">
     <span class='ocr_line' id='line_1_83' title="bbox 2014 3550 3659 3624; baseline 0.002 -18"><span class='ocrx_word' id='word_1_611' title='bbox 2014 3551 2312 3624; x_wconf 86' lang='lat' dir='ltr'><strong>Dilingani</strong></span> <span class='ocrx_word' id='word_1_612' title='bbox 2334 3568 2437 3622; x_wconf 91' lang='lat' dir='ltr'><strong>per</strong></span> <span class='ocrx_word' id='word_1_613' title='bbox 2455 3550 2830 3606; x_wconf 86' lang='lat' dir='ltr'><strong>Adelheidam</strong></span> <span class='ocrx_word' id='word_1_614' title='bbox 2876 3552 3143 3609; x_wconf 88' lang='lat' dir='ltr'><strong>ultimam</strong></span> <span class='ocrx_word' id='word_1_615' title='bbox 3178 3553 3467 3611; x_wconf 68' lang='lat' dir='ltr'><strong>hieredem</strong></span> <span class='ocrx_word' id='word_1_616' title='bbox 3491 3556 3550 3611; x_wconf 91' lang='lat' dir='ltr'><strong>in</strong></span> <span class='ocrx_word' id='word_1_617' title='bbox 3581 3555 3659 3612; x_wconf 89' lang='lat' dir='ltr'><strong>al-</strong></span> 
     </span>
    </p>
   </div>
   <div class='ocr_carea' id='block_1_84' title="bbox 2014 3639 3660 3717">
    <p class='ocr_par' dir='ltr' id='par_1_84' title="bbox 2014 3639 3660 3717">
     <span class='ocr_line' id='line_1_84' title="bbox 2014 3639 3660 3717; baseline 0.004 -23"><span class='ocrx_word' id='word_1_618' title='bbox 2014 3644 2140 3695; x_wconf 87' lang='lat' dir='ltr'><strong>tera</strong></span> <span class='ocrx_word' id='word_1_619' title='bbox 2161 3640 2339 3711; x_wconf 84' lang='lat' dir='ltr'><strong>stirpe</strong></span> <span class='ocrx_word' id='word_1_620' title='bbox 2362 3640 2640 3695; x_wconf 89' lang='lat' dir='ltr'><strong>comitum</strong></span> <span class='ocrx_word' id='word_1_621' title='bbox 2662 3639 2719 3695; x_wconf 91' lang='lat' dir='ltr'><strong>in</strong></span> <span class='ocrx_word' id='word_1_622' title='bbox 2739 3640 3030 3697; x_wconf 84' lang='lat' dir='ltr'><strong>Wintertb</strong></span> <span class='ocrx_word' id='word_1_623' title='bbox 3042 3660 3110 3697; x_wconf 93' lang='lat' dir='ltr'><strong>ur</strong></span> <span class='ocrx_word' id='word_1_624' title='bbox 3126 3648 3182 3697; x_wconf 92' lang='lat' dir='ltr'><strong>et</strong></span> <span class='ocrx_word' id='word_1_625' title='bbox 3203 3643 3660 3717; x_wconf 86' lang='lat' dir='ltr'><strong>Kiburgsucces-</strong></span> 
     </span>
    </p>
   </div>
   <div class='ocr_carea' id='block_1_85' title="bbox 2017 3728 3659 3803">
    <p class='ocr_par' dir='ltr' id='par_1_85' title="bbox 2017 3728 3659 3803">
     <span class='ocr_line' id='line_1_85' title="bbox 2017 3728 3659 3803; baseline 0.001 -18"><span class='ocrx_word' id='word_1_626' title='bbox 2017 3732 2239 3796; x_wconf 86' lang='lat' dir='ltr'><strong>serunt,</strong></span> <span class='ocrx_word' id='word_1_627' title='bbox 2263 3744 2393 3798; x_wconf 78' lang='lat' dir='ltr'><strong>quae</strong></span> <span class='ocrx_word' id='word_1_628' title='bbox 2413 3728 2649 3783; x_wconf 89' lang='lat' dir='ltr'><strong>tandem</strong></span> <span class='ocrx_word' id='word_1_629' title='bbox 2673 3733 2728 3784; x_wconf 91' lang='lat' dir='ltr'><strong>et</strong></span> <span class='ocrx_word' id='word_1_630' title='bbox 2760 3728 2889 3801; x_wconf 90' lang='lat' dir='ltr'><strong>ipsa</strong></span> <span class='ocrx_word' id='word_1_631' title='bbox 2913 3731 3465 3803; x_wconf 87' lang='lat' dir='ltr'><strong>Habsburgensibus</strong></span> <span class='ocrx_word' id='word_1_632' title='bbox 3489 3734 3659 3787; x_wconf 86' lang='lat' dir='ltr'><strong>obve-</strong></span> 
     </span>
    </p>
   </div>
   <div class='ocr_carea' id='block_1_86' title="bbox 2020 3816 3658 3891">
    <p class='ocr_par' dir='ltr' id='par_1_86' title="bbox 2020 3816 3658 3891">
     <span class='ocr_line' id='line_1_86' title="bbox 2020 3816 3658 3891; baseline 0.002 -19"><span class='ocrx_word' id='word_1_633' title='bbox 2020 3822 2253 3873; x_wconf 89' lang='lat' dir='ltr'><strong>nerunt.</strong></span> <span class='ocrx_word' id='word_1_634' title='bbox 2280 3817 2563 3873; x_wconf 69' lang='lat' dir='ltr'><strong>Caeterum</strong></span> <span class='ocrx_word' id='word_1_635' title='bbox 2599 3816 2883 3873; x_wconf 80' lang='lat' dir='ltr'><strong>Rudolfus</strong></span> <span class='ocrx_word' id='word_1_636' title='bbox 2914 3818 3023 3872; x_wconf 88' lang='lat' dir='ltr'><strong>iste</strong></span> <span class='ocrx_word' id='word_1_637' title='bbox 3062 3819 3133 3873; x_wconf 93' lang='lat' dir='ltr'><strong>de</strong></span> <span class='ocrx_word' id='word_1_638' title='bbox 3165 3818 3461 3891; x_wconf 86' lang='lat' dir='ltr'><strong>Brigantia</strong></span> <span class='ocrx_word' id='word_1_639' title='bbox 3482 3819 3658 3875; x_wconf 90' lang='lat' dir='ltr'><strong>Udal-</strong></span> 
     </span>
    </p>
   </div>
   <div class='ocr_carea' id='block_1_87' title="bbox 2018 3905 3656 3977">
    <p class='ocr_par' dir='ltr' id='par_1_87' title="bbox 2018 3905 3656 3977">
     <span class='ocr_line' id='line_1_87' title="bbox 2018 3905 3656 3977; baseline 0 -15"><span class='ocrx_word' id='word_1_640' title='bbox 2018 3907 2124 3963; x_wconf 90' lang='lat' dir='ltr'><strong>rici</strong></span> <span class='ocrx_word' id='word_1_641' title='bbox 2158 3905 2315 3961; x_wconf 90' lang='lat' dir='ltr'>ﬁlius</span> <span class='ocrx_word' id='word_1_642' title='bbox 2347 3905 2398 3961; x_wconf 93' lang='lat' dir='ltr'>is</span> <span class='ocrx_word' id='word_1_643' title='bbox 2424 3906 2548 3977; x_wconf 90' lang='lat' dir='ltr'><strong>ipse</strong></span> <span class='ocrx_word' id='word_1_644' title='bbox 2579 3908 2685 3973; x_wconf 87' lang='lat' dir='ltr'><strong>est,</strong></span> <span class='ocrx_word' id='word_1_645' title='bbox 2728 3922 2901 3977; x_wconf 85' lang='lat' dir='ltr'><strong>quem</strong></span> <span class='ocrx_word' id='word_1_646' title='bbox 2933 3906 3085 3961; x_wconf 90' lang='lat' dir='ltr'><strong>inter</strong></span> <span class='ocrx_word' id='word_1_647' title='bbox 3112 3912 3169 3962; x_wconf 90' lang='lat' dir='ltr'><strong>et</strong></span> <span class='ocrx_word' id='word_1_648' title='bbox 3217 3906 3552 3964; x_wconf 90' lang='lat' dir='ltr'><strong>Udalricum</strong></span> <span class='ocrx_word' id='word_1_649' title='bbox 3584 3908 3656 3975; x_wconf 90' lang='lat' dir='ltr'>II,</span> 
     </span>
    </p>
   </div>
   <div class='ocr_carea' id='block_1_88' title="bbox 2019 3992 3660 4067">
    <p class='ocr_par' dir='ltr' id='par_1_88' title="bbox 2019 3992 3660 4067">
     <span class='ocr_line' id='line_1_88' title="bbox 2019 3992 3660 4067; baseline 0.002 -17"><span class='ocrx_word' id='word_1_650' title='bbox 2019 3995 2357 4067; x_wconf 79' lang='lat' dir='ltr'><strong>episcopum</strong></span> <span class='ocrx_word' id='word_1_651' title='bbox 2382 4012 2411 4049; x_wconf 92' lang='lat' dir='ltr'><strong>e</strong></span> <span class='ocrx_word' id='word_1_652' title='bbox 2432 3994 2497 4048; x_wconf 94' lang='lat' dir='ltr'><strong>D.</strong></span> <span class='ocrx_word' id='word_1_653' title='bbox 2520 3992 2693 4048; x_wconf 81' lang='lat' dir='ltr'>Blasii</span> <span class='ocrx_word' id='word_1_654' title='bbox 2716 3994 3000 4050; x_wconf 90' lang='lat' dir='ltr'><strong>monacho</strong></span> <span class='ocrx_word' id='word_1_655' title='bbox 3025 4012 3075 4049; x_wconf 89' lang='lat' dir='ltr'><strong>a.</strong></span> <span class='ocrx_word' id='word_1_656' title='bbox 3100 3995 3239 4050; x_wconf 77' lang='grc'>1127</span> <span class='ocrx_word' id='word_1_657' title='bbox 3261 3995 3529 4065; x_wconf 84' lang='lat' dir='ltr'><strong>electum,</strong></span> <span class='ocrx_word' id='word_1_658' title='bbox 3545 3996 3660 4054; x_wconf 91' lang='lat' dir='ltr'><strong>dis-</strong></span> 
     </span>
    </p>
   </div>
   <div class='ocr_carea' id='block_1_89' title="bbox 2018 4083 3658 4155">
    <p class='ocr_par' dir='ltr' id='par_1_89' title="bbox 2018 4083 3658 4155">
     <span class='ocr_line' id='line_1_89' title="bbox 2018 4083 3658 4155; baseline 0.001 -15"><span class='ocrx_word' id='word_1_659' title='bbox 2018 4084 2215 4140; x_wconf 89' lang='lat' dir='ltr'><strong>cordia</strong></span> <span class='ocrx_word' id='word_1_660' title='bbox 2245 4083 2486 4138; x_wconf 87' lang='lat' dir='ltr'><strong>suborta</strong></span> <span class='ocrx_word' id='word_1_661' title='bbox 2518 4085 2624 4146; x_wconf 88' lang='lat' dir='ltr'><strong>est,</strong></span> <span class='ocrx_word' id='word_1_662' title='bbox 2646 4087 2926 4153; x_wconf 65' lang='lat' dir='ltr'><strong>praetextu</strong></span> <span class='ocrx_word' id='word_1_663' title='bbox 2951 4085 3341 4155; x_wconf 88' lang='lat' dir='ltr'><strong>quorumdam</strong></span> <span class='ocrx_word' id='word_1_664' title='bbox 3368 4086 3658 4143; x_wconf 88' lang='lat' dir='ltr'><strong>bonorum</strong></span> 
     </span>
    </p>
   </div>
   <div class='ocr_carea' id='block_1_90' title="bbox 2018 4169 3657 4245">
    <p class='ocr_par' dir='ltr' id='par_1_90' title="bbox 2018 4169 3657 4245">
     <span class='ocr_line' id='line_1_90' title="bbox 2018 4169 3657 4245; baseline 0.001 -16"><span class='ocrx_word' id='word_1_665' title='bbox 2018 4190 2147 4245; x_wconf 76' lang='lat' dir='ltr'><strong>qua:</strong></span> <span class='ocrx_word' id='word_1_666' title='bbox 2178 4173 2232 4227; x_wconf 91' lang='lat' dir='ltr'><strong>S.</strong></span> <span class='ocrx_word' id='word_1_667' title='bbox 2258 4169 2601 4226; x_wconf 88' lang='lat' dir='ltr'><strong>Gebhardus</strong></span> <span class='ocrx_word' id='word_1_668' title='bbox 2627 4171 2923 4242; x_wconf 79' lang='lat' dir='ltr'><strong>quondam</strong></span> <span class='ocrx_word' id='word_1_669' title='bbox 2942 4188 3010 4227; x_wconf 84' lang='lat' dir='ltr'><strong>ex</strong></span> <span class='ocrx_word' id='word_1_670' title='bbox 3036 4189 3144 4228; x_wconf 90' lang='lat' dir='ltr'><strong>sua</strong></span> <span class='ocrx_word' id='word_1_671' title='bbox 3172 4173 3508 4230; x_wconf 73' lang='lat' dir='ltr'><strong>haereditate</strong></span> <span class='ocrx_word' id='word_1_672' title='bbox 3535 4174 3657 4230; x_wconf 88' lang='lat' dir='ltr'><strong>Bri-</strong></span> 
     </span>
    </p>
   </div>
   <div class='ocr_carea' id='block_1_91' title="bbox 2016 4259 3662 4335">
    <p class='ocr_par' dir='ltr' id='par_1_91' title="bbox 2016 4259 3662 4335">
     <span class='ocr_line' id='line_1_91' title="bbox 2016 4259 3662 4335; baseline 0.002 -19"><span class='ocrx_word' id='word_1_673' title='bbox 2016 4262 2258 4335; x_wconf 89' lang='lat' dir='ltr'>gantina</span> <span class='ocrx_word' id='word_1_674' title='bbox 2278 4259 2633 4315; x_wconf 89' lang='lat' dir='ltr'><strong>monasterio</strong></span> <span class='ocrx_word' id='word_1_675' title='bbox 2657 4259 3075 4316; x_wconf 89' lang='lat' dir='ltr'><strong>Petershausen</strong></span> <span class='ocrx_word' id='word_1_676' title='bbox 3094 4262 3346 4331; x_wconf 87' lang='lat' dir='ltr'><strong>donavit,</strong></span> <span class='ocrx_word' id='word_1_677' title='bbox 3370 4268 3436 4319; x_wconf 90' lang='lat' dir='ltr'><strong>ut</strong></span> <span class='ocrx_word' id='word_1_678' title='bbox 3458 4262 3662 4319; x_wconf 88' lang='lat' dir='ltr'><strong>scribit</strong></span> 
     </span>
    </p>
   </div>
   <div class='ocr_carea' id='block_1_92' title="bbox 2019 4347 3658 4421">
    <p class='ocr_par' dir='ltr' id='par_1_92' title="bbox 2019 4347 3658 4421">
     <span class='ocr_line' id='line_1_92' title="bbox 2019 4347 3658 4421; baseline 0.002 -15"><span class='ocrx_word' id='word_1_679' title='bbox 2019 4349 2272 4406; x_wconf 89' lang='lat' dir='ltr'>Manlius</span> <span class='ocrx_word' id='word_1_680' title='bbox 2296 4349 2352 4403; x_wconf 90' lang='lat' dir='ltr'>in</span> <span class='ocrx_word' id='word_1_681' title='bbox 2371 4347 2673 4415; x_wconf 85' lang='lat' dir='ltr'><strong>Chronico,</strong></span> <span class='ocrx_word' id='word_1_682' title='bbox 2698 4364 2765 4403; x_wconf 89' lang='lat' dir='ltr'><strong>ac</strong></span> <span class='ocrx_word' id='word_1_683' title='bbox 2788 4348 3055 4405; x_wconf 90' lang='lat' dir='ltr'><strong>meminit</strong></span> <span class='ocrx_word' id='word_1_684' title='bbox 3091 4350 3265 4406; x_wconf 86' lang='lat' dir='ltr'>etiam</span> <span class='ocrx_word' id='word_1_685' title='bbox 3291 4356 3488 4408; x_wconf 90' lang='lat' dir='ltr'><strong>noster</strong></span> <span class='ocrx_word' id='word_1_686' title='bbox 3513 4352 3551 4407; x_wconf 92' lang='lat'><strong>1.</strong></span> <span class='ocrx_word' id='word_1_687' title='bbox 3579 4370 3658 4421; x_wconf 89' lang='lat' dir='ltr'><strong>1v,</strong></span> 
     </span>
    </p>
   </div>
   <div class='ocr_carea' id='block_1_93' title="bbox 2019 4436 3659 4511">
    <p class='ocr_par' dir='ltr' id='par_1_93' title="bbox 2019 4436 3659 4511">
     <span class='ocr_line' id='line_1_93' title="bbox 2019 4436 3659 4511; baseline 0.002 -20"><span class='ocrx_word' id='word_1_688' title='bbox 2019 4439 2158 4511; x_wconf 86' lang='lat'><strong>§20.</strong></span> <span class='ocrx_word' id='word_1_689' title='bbox 2184 4438 2327 4505; x_wconf 85' lang='lat' dir='ltr'>Quid</span> <span class='ocrx_word' id='word_1_690' title='bbox 2354 4454 2525 4509; x_wconf 86' lang='lat' dir='ltr'><strong>porro</strong></span> <span class='ocrx_word' id='word_1_691' title='bbox 2546 4441 2742 4492; x_wconf 90' lang='lat' dir='ltr'><strong>actum</strong></span> <span class='ocrx_word' id='word_1_692' title='bbox 2782 4437 2863 4493; x_wconf 89' lang='lat' dir='ltr'><strong>sit</strong></span> <span class='ocrx_word' id='word_1_693' title='bbox 2889 4438 2959 4493; x_wconf 93' lang='lat' dir='ltr'>de</span> <span class='ocrx_word' id='word_1_694' title='bbox 2990 4436 3255 4494; x_wconf 92' lang='lat' dir='ltr'><strong>Udalrico</strong></span> <span class='ocrx_word' id='word_1_695' title='bbox 3296 4439 3521 4494; x_wconf 85' lang='lat' dir='ltr'><strong>Rudolﬁ</strong></span> <span class='ocrx_word' id='word_1_696' title='bbox 3544 4440 3659 4494; x_wconf 88' lang='lat' dir='ltr'><strong>fra—</strong></span> 
     </span>
    </p>
   </div>
   <div class='ocr_carea' id='block_1_94' title="bbox 255 4526 3662 4612">
    <p class='ocr_par' dir='ltr' id='par_1_94' title="bbox 255 4526 3662 4612">
     <span class='ocr_line' id='line_1_94' title="bbox 255 4526 3662 4612; baseline -0.001 -28"><span class='ocrx_word' id='word_1_697' title='bbox 255 4528 513 4585; x_wconf 74' lang='lat' dir='ltr'><strong>Bavarise</strong></span> <span class='ocrx_word' id='word_1_698' title='bbox 549 4527 739 4583; x_wconf 92' lang='lat' dir='ltr'><strong>ducis.</strong></span> <span class='ocrx_word' id='word_1_699' title='bbox 773 4526 961 4600; x_wconf 84' lang='lat' dir='ltr'><strong>Igitur</strong></span> <span class='ocrx_word' id='word_1_700' title='bbox 989 4531 1046 4581; x_wconf 90' lang='lat' dir='ltr'>et</span> <span class='ocrx_word' id='word_1_701' title='bbox 1075 4526 1169 4582; x_wconf 90' lang='lat' dir='ltr'><strong>hic</strong></span> <span class='ocrx_word' id='word_1_702' title='bbox 1210 4526 1496 4582; x_wconf 83' lang='lat' dir='ltr'><strong>Rudolt’us</strong></span> <span class='ocrx_word' id='word_1_703' title='bbox 1545 4526 1909 4583; x_wconf 79' lang='lat' dir='ltr'><strong>Pfullendor-</strong></span> <span class='ocrx_word' id='word_1_704' title='bbox 1939 4546 1988 4612; x_wconf 81' lang='grc' dir='ltr'><strong>Β</strong></span> <span class='ocrx_word' id='word_1_705' title='bbox 2017 4531 2125 4598; x_wconf 85' lang='lat' dir='ltr'><strong>tre,</strong></span> <span class='ocrx_word' id='word_1_706' title='bbox 2159 4545 2266 4584; x_wconf 92' lang='lat' dir='ltr'>nos</span> <span class='ocrx_word' id='word_1_707' title='bbox 2311 4526 2490 4594; x_wconf 89' lang='lat' dir='ltr'><strong>latet;</strong></span> <span class='ocrx_word' id='word_1_708' title='bbox 2538 4526 2638 4581; x_wconf 90' lang='lat' dir='ltr'><strong>sed</strong></span> <span class='ocrx_word' id='word_1_709' title='bbox 2687 4543 2821 4582; x_wconf 90' lang='lat' dir='ltr'><strong>eum</strong></span> <span class='ocrx_word' id='word_1_710' title='bbox 2871 4529 3097 4581; x_wconf 90' lang='lat' dir='ltr'><strong>mature</strong></span> <span class='ocrx_word' id='word_1_711' title='bbox 3140 4530 3434 4582; x_wconf 87' lang='lat' dir='ltr'><strong>mortuum</strong></span> <span class='ocrx_word' id='word_1_712' title='bbox 3478 4526 3662 4582; x_wconf 83' lang='lat' dir='ltr'><strong>fuisse</strong></span> 
     </span>
    </p>
   </div>
   <div class='ocr_carea' id='block_1_95' title="bbox 254 4614 1915 4685">
    <p class='ocr_par' dir='ltr' id='par_1_95' title="bbox 254 4614 1915 4685">
     <span class='ocr_line' id='line_1_95' title="bbox 254 4614 1915 4685; baseline 0.002 -15"><span class='ocrx_word' id='word_1_713' title='bbox 254 4616 439 4675; x_wconf 76' lang='lat' dir='ltr'><strong>{ensis</strong></span> <span class='ocrx_word' id='word_1_714' title='bbox 458 4616 621 4672; x_wconf 90' lang='lat' dir='ltr'>ﬁlius</span> <span class='ocrx_word' id='word_1_715' title='bbox 644 4619 766 4671; x_wconf 90' lang='lat' dir='ltr'><strong>erat</strong></span> <span class='ocrx_word' id='word_1_716' title='bbox 789 4615 1008 4671; x_wconf 87' lang='lat' dir='ltr'><strong>sororis</strong></span> <span class='ocrx_word' id='word_1_717' title='bbox 1030 4614 1259 4671; x_wconf 79' lang='lat' dir='ltr'>Rudolﬁ</span> <span class='ocrx_word' id='word_1_718' title='bbox 1285 4615 1610 4685; x_wconf 85' lang='lat' dir='ltr'><strong>Brigantini</strong></span> <span class='ocrx_word' id='word_1_719' title='bbox 1639 4633 1652 4683; x_wconf 91' lang='lat'><strong>;</strong></span> <span class='ocrx_word' id='word_1_720' title='bbox 1680 4617 1836 4671; x_wconf 92' lang='lat' dir='ltr'><strong>unde</strong></span> <span class='ocrx_word' id='word_1_721' title='bbox 1857 4621 1915 4673; x_wconf 88' lang='lat' dir='ltr'><strong>et</strong></span> 
     </span>
    </p>
   </div>
   <div class='ocr_carea' id='block_1_96' title="bbox 254 4703 1911 4775">
    <p class='ocr_par' dir='ltr' id='par_1_96' title="bbox 254 4703 1911 4775">
     <span class='ocr_line' id='line_1_96' title="bbox 254 4703 1911 4775; baseline -0.001 -15"><span class='ocrx_word' id='word_1_722' title='bbox 254 4705 583 4762; x_wconf 83' lang='lat' dir='ltr'><strong>Bruschius</strong></span> <span class='ocrx_word' id='word_1_723' title='bbox 618 4705 677 4759; x_wconf 91' lang='lat' dir='ltr'>in</span> <span class='ocrx_word' id='word_1_724' title='bbox 699 4706 874 4775; x_wconf 78' lang='lat' dir='ltr'><strong>Augia</strong></span> <span class='ocrx_word' id='word_1_725' title='bbox 890 4704 1027 4759; x_wconf 84' lang='lat' dir='ltr'><strong>Alba</strong></span> <span class='ocrx_word' id='word_1_726' title='bbox 1061 4706 1397 4773; x_wconf 79' lang='lat' dir='ltr'><strong>Brigantina</strong></span> <span class='ocrx_word' id='word_1_727' title='bbox 1430 4703 1763 4760; x_wconf 88' lang='lat' dir='ltr'><strong>Udalricum</strong></span> <span class='ocrx_word' id='word_1_728' title='bbox 1789 4704 1911 4759; x_wconf 89' lang='lat' dir='ltr'><strong>Bri-</strong></span> 
     </span>
    </p>
   </div>
   <div class='ocr_carea' id='block_1_97' title="bbox 252 4791 1912 4865">
    <p class='ocr_par' dir='ltr' id='par_1_97' title="bbox 252 4791 1912 4865">
     <span class='ocr_line' id='line_1_97' title="bbox 252 4791 1912 4865; baseline -0.001 -16"><span class='ocrx_word' id='word_1_729' title='bbox 252 4793 440 4865; x_wconf 81' lang='lat' dir='ltr'><strong>gantii</strong></span> <span class='ocrx_word' id='word_1_730' title='bbox 471 4792 773 4860; x_wconf 89' lang='lat' dir='ltr'><strong>comitem,</strong></span> <span class='ocrx_word' id='word_1_731' title='bbox 807 4792 903 4863; x_wconf 90' lang='lat' dir='ltr'><strong>qui</strong></span> <span class='ocrx_word' id='word_1_732' title='bbox 938 4808 1090 4847; x_wconf 93' lang='lat' dir='ltr'><strong>anno</strong></span> <span class='ocrx_word' id='word_1_733' title='bbox 1133 4793 1270 4847; x_wconf 88' lang='lat'>1097</span> <span class='ocrx_word' id='word_1_734' title='bbox 1325 4791 1486 4859; x_wconf 89' lang='lat' dir='ltr'><strong>obiit,</strong></span> <span class='ocrx_word' id='word_1_735' title='bbox 1540 4797 1693 4848; x_wconf 91' lang='lat' dir='ltr'><strong>recte</strong></span> <span class='ocrx_word' id='word_1_736' title='bbox 1739 4810 1912 4848; x_wconf 89' lang='lat' dir='ltr'><strong>avum</strong></span> 
     </span>
    </p>
   </div>
   <div class='ocr_carea' id='block_1_98' title="bbox 253 4879 1914 4952">
    <p class='ocr_par' dir='ltr' id='par_1_98' title="bbox 253 4879 1914 4952">
     <span class='ocr_line' id='line_1_98' title="bbox 253 4879 1914 4952; baseline 0.001 -17"><span class='ocrx_word' id='word_1_737' title='bbox 253 4881 389 4938; x_wconf 84' lang='lat' dir='ltr'><strong>dicit</strong></span> <span class='ocrx_word' id='word_1_738' title='bbox 425 4880 663 4938; x_wconf 85' lang='lat' dir='ltr'><strong>Rudolﬁ</strong></span> <span class='ocrx_word' id='word_1_739' title='bbox 693 4896 728 4935; x_wconf 89' lang='lat' dir='ltr'><strong>a</strong></span> <span class='ocrx_word' id='word_1_740' title='bbox 756 4879 1137 4949; x_wconf 81' lang='lat' dir='ltr'><strong>Pfullendorf,</strong></span> <span class='ocrx_word' id='word_1_741' title='bbox 1191 4886 1413 4952; x_wconf 90' lang='lat' dir='ltr'><strong>patrem</strong></span> <span class='ocrx_word' id='word_1_742' title='bbox 1448 4880 1669 4937; x_wconf 88' lang='lat' dir='ltr'><strong>scilicet</strong></span> <span class='ocrx_word' id='word_1_743' title='bbox 1708 4881 1914 4938; x_wconf 90' lang='lat' dir='ltr'><strong>matris</strong></span> 
     </span>
    </p>
   </div>
   <div class='ocr_carea' id='block_1_99' title="bbox 253 4968 1914 5045">
    <p class='ocr_par' dir='ltr' id='par_1_99' title="bbox 253 4968 1914 5045">
     <span class='ocr_line' id='line_1_99' title="bbox 253 4968 1914 5045; baseline 0.001 -20"><span class='ocrx_word' id='word_1_744' title='bbox 253 4971 402 5041; x_wconf 86' lang='lat' dir='ltr'><strong>ejus,</strong></span> <span class='ocrx_word' id='word_1_745' title='bbox 424 4987 611 5045; x_wconf 85' lang='lat' dir='ltr'><strong>quam</strong></span> <span class='ocrx_word' id='word_1_746' title='bbox 644 4968 1047 5025; x_wconf 88' lang='lat' dir='ltr'><strong>Elisabetbam</strong></span> <span class='ocrx_word' id='word_1_747' title='bbox 1082 4969 1366 5035; x_wconf 89' lang='lat' dir='ltr'><strong>nominat,</strong></span> <span class='ocrx_word' id='word_1_748' title='bbox 1402 4985 1659 5026; x_wconf 86' lang='lat' dir='ltr'><strong>serorem</strong></span> <span class='ocrx_word' id='word_1_749' title='bbox 1682 4970 1914 5026; x_wconf 83' lang='lat' dir='ltr'><strong>Rudolﬁ</strong></span> 
     </span>
    </p>
   </div>
   <div class='ocr_carea' id='block_1_100' title="bbox 249 5056 1916 5133">
    <p class='ocr_par' dir='ltr' id='par_1_100' title="bbox 249 5056 1916 5133">
     <span class='ocr_line' id='line_1_100' title="bbox 249 5056 1916 5133; baseline 0.001 -21"><span class='ocrx_word' id='word_1_750' title='bbox 249 5057 607 5133; x_wconf 86' lang='lat' dir='ltr'><strong>Brigantini.</strong></span> <span class='ocrx_word' id='word_1_751' title='bbox 640 5058 725 5113; x_wconf 79' lang='lat' dir='ltr'><strong>Ex</strong></span> <span class='ocrx_word' id='word_1_752' title='bbox 747 5057 857 5112; x_wconf 91' lang='lat' dir='ltr'><strong>hoc</strong></span> <span class='ocrx_word' id='word_1_753' title='bbox 888 5056 1016 5129; x_wconf 89' lang='lat' dir='ltr'><strong>ipso</strong></span> <span class='ocrx_word' id='word_1_754' title='bbox 1048 5062 1243 5113; x_wconf 85' lang='lat' dir='ltr'>autem</span> <span class='ocrx_word' id='word_1_755' title='bbox 1271 5058 1594 5115; x_wconf 89' lang='lat' dir='ltr'><strong>subsistere</strong></span> <span class='ocrx_word' id='word_1_756' title='bbox 1616 5063 1916 5131; x_wconf 90' lang='lat' dir='ltr'><strong>nequeunt</strong></span> 
     </span>
    </p>
   </div>
   <div class='ocr_carea' id='block_1_101' title="bbox 254 5144 1914 5217">
    <p class='ocr_par' dir='ltr' id='par_1_101' title="bbox 254 5144 1914 5217">
     <span class='ocr_line' id='line_1_101' title="bbox 254 5144 1914 5217; baseline -0.001 -14"><span class='ocrx_word' id='word_1_757' title='bbox 254 5163 378 5217; x_wconf 75' lang='lat' dir='ltr'><strong>quae</strong></span> <span class='ocrx_word' id='word_1_758' title='bbox 402 5149 567 5204; x_wconf 89' lang='lat' dir='ltr'><strong>idem</strong></span> <span class='ocrx_word' id='word_1_759' title='bbox 599 5145 946 5213; x_wconf 88' lang='lat' dir='ltr'><strong>Bruschius,</strong></span> <span class='ocrx_word' id='word_1_760' title='bbox 978 5144 1022 5200; x_wconf 91' lang='lat' dir='ltr'><strong>l.</strong></span> <span class='ocrx_word' id='word_1_761' title='bbox 1065 5162 1119 5201; x_wconf 95' lang='lat' dir='ltr'><strong>c.</strong></span> <span class='ocrx_word' id='word_1_762' title='bbox 1161 5146 1409 5213; x_wconf 88' lang='lat' dir='ltr'><strong>sciscit.,</strong></span> <span class='ocrx_word' id='word_1_763' title='bbox 1444 5148 1514 5203; x_wconf 94' lang='lat' dir='ltr'><strong>de</strong></span> <span class='ocrx_word' id='word_1_764' title='bbox 1543 5147 1641 5203; x_wconf 92' lang='lat' dir='ltr'><strong>illo</strong></span> <span class='ocrx_word' id='word_1_765' title='bbox 1665 5146 1914 5203; x_wconf 78' lang='lat' dir='ltr'><strong>Rudolfo</strong></span> 
     </span>
    </p>
   </div>
   <div class='ocr_carea' id='block_1_102' title="bbox 251 5233 1915 5305">
    <p class='ocr_par' dir='ltr' id='par_1_102' title="bbox 251 5233 1915 5305">
     <span class='ocr_line' id='line_1_102' title="bbox 251 5233 1915 5305; baseline 0.001 -17"><span class='ocrx_word' id='word_1_766' title='bbox 251 5233 749 5292; x_wconf 83' lang='lat' dir='ltr'><strong>Pfullendorfensi</strong></span> <span class='ocrx_word' id='word_1_767' title='bbox 764 5235 891 5305; x_wconf 86' lang='lat' dir='ltr'><strong>jam</strong></span> <span class='ocrx_word' id='word_1_768' title='bbox 916 5251 969 5288; x_wconf 91' lang='lat' dir='ltr'><strong>a.</strong></span> <span class='ocrx_word' id='word_1_769' title='bbox 1000 5235 1136 5290; x_wconf 87' lang='grc'>1102</span> <span class='ocrx_word' id='word_1_770' title='bbox 1158 5233 1339 5290; x_wconf 88' lang='lat' dir='ltr'><strong>altero</strong></span> <span class='ocrx_word' id='word_1_771' title='bbox 1380 5234 1541 5291; x_wconf 91' lang='lat' dir='ltr'><strong>illius</strong></span> <span class='ocrx_word' id='word_1_772' title='bbox 1578 5235 1915 5292; x_wconf 87' lang='lat' dir='ltr'><strong>monasterii</strong></span> 
     </span>
    </p>
   </div>
   <div class='ocr_carea' id='block_1_103' title="bbox 248 5321 1917 5394">
    <p class='ocr_par' dir='ltr' id='par_1_103' title="bbox 248 5321 1917 5394">
     <span class='ocr_line' id='line_1_103' title="bbox 248 5321 1917 5394; baseline 0.002 -19"><span class='ocrx_word' id='word_1_773' title='bbox 248 5321 586 5379; x_wconf 66' lang='lat' dir='ltr'><strong>laudatore.</strong></span> <span class='ocrx_word' id='word_1_774' title='bbox 603 5322 817 5378; x_wconf 88' lang='lat' dir='ltr'><strong>Bertba</strong></span> <span class='ocrx_word' id='word_1_775' title='bbox 830 5321 1123 5394; x_wconf 88' lang='lat' dir='ltr'><strong>siquidem</strong></span> <span class='ocrx_word' id='word_1_776' title='bbox 1136 5323 1283 5392; x_wconf 86' lang='lat' dir='ltr'><strong>,avia</strong></span> <span class='ocrx_word' id='word_1_777' title='bbox 1301 5322 1469 5378; x_wconf 91' lang='lat' dir='ltr'><strong>illiud</strong></span> <span class='ocrx_word' id='word_1_778' title='bbox 1485 5327 1917 5393; x_wconf 89' lang='lat' dir='ltr'><strong>materna,tunc</strong></span> 
     </span>
    </p>
   </div>
   <div class='ocr_carea' id='block_1_104' title="bbox 250 5410 1916 5484">
    <p class='ocr_par' dir='ltr' id='par_1_104' title="bbox 250 5410 1916 5484">
     <span class='ocr_line' id='line_1_104' title="bbox 250 5410 1916 5484; baseline 0.001 -19"><span class='ocrx_word' id='word_1_779' title='bbox 250 5410 341 5466; x_wconf 70' lang='lat' dir='ltr'><strong>vix</strong></span> <span class='ocrx_word' id='word_1_780' title='bbox 360 5410 840 5484; x_wconf 86' lang='lat' dir='ltr'><strong>quadragenaria</strong></span> <span class='ocrx_word' id='word_1_781' title='bbox 874 5426 1002 5467; x_wconf 88' lang='lat' dir='ltr'><strong>esse</strong></span> <span class='ocrx_word' id='word_1_782' title='bbox 1033 5411 1244 5483; x_wconf 90' lang='lat' dir='ltr'><strong>potuit,</strong></span> <span class='ocrx_word' id='word_1_783' title='bbox 1277 5428 1411 5466; x_wconf 91' lang='lat' dir='ltr'><strong>cum</strong></span> <span class='ocrx_word' id='word_1_784' title='bbox 1444 5411 1733 5468; x_wconf 80' lang='lat' dir='ltr'><strong>Rudolfus</strong></span> <span class='ocrx_word' id='word_1_785' title='bbox 1764 5412 1916 5467; x_wconf 87' lang='lat' dir='ltr'><strong>anti-</strong></span> 
     </span>
    </p>
   </div>
   <div class='ocr_carea' id='block_1_105' title="bbox 252 5500 1915 5574">
    <p class='ocr_par' dir='ltr' id='par_1_105' title="bbox 252 5500 1915 5574">
     <span class='ocr_line' id='line_1_105' title="bbox 252 5500 1915 5574; baseline 0.002 -19"><span class='ocrx_word' id='word_1_786' title='bbox 252 5513 437 5557; x_wconf 71' lang='lat' dir='ltr'><strong>cesar</strong></span> <span class='ocrx_word' id='word_1_787' title='bbox 466 5503 636 5574; x_wconf 87' lang='lat' dir='ltr'><strong>pater</strong></span> <span class='ocrx_word' id='word_1_788' title='bbox 664 5500 794 5571; x_wconf 87' lang='lat' dir='ltr'><strong>ejus</strong></span> <span class='ocrx_word' id='word_1_789' title='bbox 824 5500 1116 5556; x_wconf 89' lang='lat' dir='ltr'>secundas</span> <span class='ocrx_word' id='word_1_790' title='bbox 1147 5500 1387 5572; x_wconf 90' lang='lat' dir='ltr'><strong>nuptias</strong></span> <span class='ocrx_word' id='word_1_791' title='bbox 1408 5516 1541 5556; x_wconf 91' lang='lat' dir='ltr'><strong>cum</strong></span> <span class='ocrx_word' id='word_1_792' title='bbox 1574 5504 1759 5557; x_wconf 90' lang='lat' dir='ltr'><strong>matre</strong></span> <span class='ocrx_word' id='word_1_793' title='bbox 1789 5502 1915 5573; x_wconf 89' lang='lat' dir='ltr'><strong>ejus</strong></span> 
     </span>
    </p>
   </div>
   <div class='ocr_carea' id='block_1_106' title="bbox 251 5587 1915 5658">
    <p class='ocr_par' dir='ltr' id='par_1_106' title="bbox 251 5587 1915 5658">
     <span class='ocr_line' id='line_1_106' title="bbox 251 5587 1915 5658; baseline 0.001 -10"><span class='ocrx_word' id='word_1_794' title='bbox 251 5587 576 5650; x_wconf 80' lang='lat' dir='ltr'><strong>Adelbeide</strong></span> <span class='ocrx_word' id='word_1_795' title='bbox 606 5588 847 5647; x_wconf 87' lang='lat' dir='ltr'><strong>demum</strong></span> <span class='ocrx_word' id='word_1_796' title='bbox 880 5604 1034 5646; x_wconf 85' lang='lat' dir='ltr'><strong>anno</strong></span> <span class='ocrx_word' id='word_1_797' title='bbox 1068 5588 1195 5646; x_wconf 84' lang='lat'>1061</span> <span class='ocrx_word' id='word_1_798' title='bbox 1223 5587 1458 5658; x_wconf 89' lang='lat' dir='ltr'><strong>inierit;</strong></span> <span class='ocrx_word' id='word_1_799' title='bbox 1496 5604 1604 5647; x_wconf 87' lang='lat' dir='ltr'><strong>nec</strong></span> <span class='ocrx_word' id='word_1_800' title='bbox 1643 5588 1787 5648; x_wconf 85' lang='lat' dir='ltr'><strong>adeo</strong></span> <span class='ocrx_word' id='word_1_801' title='bbox 1816 5588 1915 5649; x_wconf 90' lang='lat' dir='ltr'><strong>illo</strong></span> 
     </span>
    </p>
   </div>
   <div class='ocr_carea' id='block_1_107' title="bbox 583 5714 1158 5785">
    <p class='ocr_par' dir='ltr' id='par_1_107' title="bbox 583 5714 1158 5785">
     <span class='ocr_line' id='line_1_107' title="bbox 583 5714 1158 5785; baseline 0 -2"><span class='ocrx_word' id='word_1_802' title='bbox 583 5716 856 5783; x_wconf 67' lang='lat' dir='ltr'><strong>PATBOL.</strong></span> <span class='ocrx_word' id='word_1_803' title='bbox 902 5714 1158 5785; x_wconf 79' lang='lat' dir='ltr'><strong>CXLIII.</strong></span> 
     </span>
    </p>
   </div>
   <div class='ocr_carea' id='block_1_108' title="bbox 2021 4613 3662 4688">
    <p class='ocr_par' dir='ltr' id='par_1_108' title="bbox 2021 4613 3662 4688">
     <span class='ocr_line' id='line_1_108' title="bbox 2021 4613 3662 4688; baseline -0.001 -18"><span class='ocrx_word' id='word_1_804' title='bbox 2021 4615 2396 4688; x_wconf 89' lang='lat' dir='ltr'><strong>suspicamur</strong></span> <span class='ocrx_word' id='word_1_805' title='bbox 2424 4632 2435 4670; x_wconf 93' lang='lat'>:</span> <span class='ocrx_word' id='word_1_806' title='bbox 2459 4631 2628 4670; x_wconf 90' lang='lat' dir='ltr'><strong>secus</strong></span> <span class='ocrx_word' id='word_1_807' title='bbox 2645 4614 2799 4670; x_wconf 90' lang='lat' dir='ltr'><strong>enim</strong></span> <span class='ocrx_word' id='word_1_808' title='bbox 2819 4615 2891 4670; x_wconf 89' lang='lat' dir='ltr'><strong>ad</strong></span> <span class='ocrx_word' id='word_1_809' title='bbox 2910 4613 3082 4670; x_wconf 85' lang='lat' dir='ltr'><strong>aliam</strong></span> <span class='ocrx_word' id='word_1_810' title='bbox 3099 4614 3377 4669; x_wconf 86' lang='lat' dir='ltr'><strong>familiam</strong></span> <span class='ocrx_word' id='word_1_811' title='bbox 3403 4630 3516 4669; x_wconf 90' lang='lat' dir='ltr'><strong>non</strong></span> <span class='ocrx_word' id='word_1_812' title='bbox 3532 4631 3662 4686; x_wconf 91' lang='lat' dir='ltr'><strong>per-</strong></span> 
     </span>
    </p>
   </div>
   <div class='ocr_carea' id='block_1_109' title="bbox 2019 4702 3665 4774">
    <p class='ocr_par' dir='ltr' id='par_1_109' title="bbox 2019 4702 3665 4774">
     <span class='ocr_line' id='line_1_109' title="bbox 2019 4702 3665 4774; baseline -0.001 -14"><span class='ocrx_word' id='word_1_813' title='bbox 2019 4704 2275 4760; x_wconf 89' lang='lat' dir='ltr'><strong>venisset</strong></span> <span class='ocrx_word' id='word_1_814' title='bbox 2296 4704 2404 4759; x_wconf 90' lang='lat' dir='ltr'><strong>iste</strong></span> <span class='ocrx_word' id='word_1_815' title='bbox 2425 4703 2762 4771; x_wconf 89' lang='lat' dir='ltr'><strong>comitatus,</strong></span> <span class='ocrx_word' id='word_1_816' title='bbox 2784 4702 2833 4759; x_wconf 89' lang='lat' dir='ltr'><strong>si</strong></span> <span class='ocrx_word' id='word_1_817' title='bbox 2856 4702 3296 4774; x_wconf 83' lang='lat' dir='ltr'><strong>supervixisset,</strong></span> <span class='ocrx_word' id='word_1_818' title='bbox 3313 4708 3417 4759; x_wconf 90' lang='lat' dir='ltr'><strong>aut</strong></span> <span class='ocrx_word' id='word_1_819' title='bbox 3438 4719 3665 4759; x_wconf 89' lang='lat' dir='ltr'><strong>mascu-</strong></span> 
     </span>
    </p>
   </div>
   <div class='ocr_carea' id='block_1_110' title="bbox 2022 4790 3092 4862">
    <p class='ocr_par' dir='ltr' id='par_1_110' title="bbox 2022 4790 3092 4862">
     <span class='ocr_line' id='line_1_110' title="bbox 2022 4790 3092 4862; baseline -0.001 -15"><span class='ocrx_word' id='word_1_820' title='bbox 2022 4792 2144 4847; x_wconf 86' lang='lat' dir='ltr'><strong>lum</strong></span> <span class='ocrx_word' id='word_1_821' title='bbox 2180 4791 2390 4847; x_wconf 89' lang='lat' dir='ltr'><strong>saltem</strong></span> <span class='ocrx_word' id='word_1_822' title='bbox 2421 4792 2709 4847; x_wconf 69' lang='lat' dir='ltr'><strong>hteredem</strong></span> <span class='ocrx_word' id='word_1_823' title='bbox 2742 4790 3092 4862; x_wconf 89' lang='lat' dir='ltr'><strong>reliquisset.</strong></span> 
     </span>
    </p>
   </div>
   <div class='ocr_carea' id='block_1_111' title="bbox 2094 4858 3666 4952">
    <p class='ocr_par' dir='ltr' id='par_1_111' title="bbox 2094 4858 3666 4952">
     <span class='ocr_line' id='line_1_111' title="bbox 2094 4858 3666 4952; baseline 0.002 -17"><span class='ocrx_word' id='word_1_824' title='bbox 2094 4886 2286 4952; x_wconf 81' lang='lat' dir='ltr'><strong>Atque</strong></span> <span class='ocrx_word' id='word_1_825' title='bbox 2303 4881 2563 4951; x_wconf 70' lang='lat' dir='ltr'><strong>haecjam</strong></span> <span class='ocrx_word' id='word_1_826' title='bbox 2583 4879 2797 4935; x_wconf 87' lang='lat' dir='ltr'><strong>ultima</strong></span> <span class='ocrx_word' id='word_1_827' title='bbox 2826 4858 2885 4935; x_wconf 77' lang='lat' dir='ltr'><strong>in</strong></span> <span class='ocrx_word' id='word_1_828' title='bbox 2908 4858 3193 4937; x_wconf 73' lang='lat' dir='ltr'><strong>Chronico</strong></span> <span class='ocrx_word' id='word_1_829' title='bbox 3215 4884 3413 4938; x_wconf 89' lang='lat' dir='ltr'><strong>nostro</strong></span> <span class='ocrx_word' id='word_1_830' title='bbox 3435 4886 3525 4939; x_wconf 92' lang='lat' dir='ltr'><strong>est</strong></span> <span class='ocrx_word' id='word_1_831' title='bbox 3540 4882 3666 4938; x_wconf 89' lang='lat' dir='ltr'><strong>Bri-</strong></span> 
     </span>
    </p>
   </div>
   <div class='ocr_carea' id='block_1_112' title="bbox 2023 4969 3669 5042">
    <p class='ocr_par' dir='ltr' id='par_1_112' title="bbox 2023 4969 3669 5042">
     <span class='ocr_line' id='line_1_112' title="bbox 2023 4969 3669 5042; baseline 0.002 -18"><span class='ocrx_word' id='word_1_832' title='bbox 2023 4970 2399 5042; x_wconf 84' lang='lat' dir='ltr'><strong>gantinorum</strong></span> <span class='ocrx_word' id='word_1_833' title='bbox 2413 4969 2713 5035; x_wconf 90' lang='lat' dir='ltr'><strong>comitum,</strong></span> <span class='ocrx_word' id='word_1_834' title='bbox 2730 4969 2885 5024; x_wconf 89' lang='lat' dir='ltr'><strong>unde</strong></span> <span class='ocrx_word' id='word_1_835' title='bbox 2898 4973 3062 5025; x_wconf 88' lang='lat' dir='ltr'><strong>ortus</strong></span> <span class='ocrx_word' id='word_1_836' title='bbox 3076 4969 3184 5025; x_wconf 87' lang='lat' dir='ltr'><strong>fuit</strong></span> <span class='ocrx_word' id='word_1_837' title='bbox 3214 4971 3272 5026; x_wconf 91' lang='lat' dir='ltr'><strong>S.</strong></span> <span class='ocrx_word' id='word_1_838' title='bbox 3299 4972 3669 5040; x_wconf 87' lang='lat' dir='ltr'><strong>Gebhardus,</strong></span> 
     </span>
    </p>
   </div>
   <div class='ocr_carea' id='block_1_113' title="bbox 2025 5057 3665 5129">
    <p class='ocr_par' dir='ltr' id='par_1_113' title="bbox 2025 5057 3665 5129">
     <span class='ocr_line' id='line_1_113' title="bbox 2025 5057 3665 5129; baseline 0.001 -16"><span class='ocrx_word' id='word_1_839' title='bbox 2025 5058 2567 5128; x_wconf 86' lang='lat' dir='ltr'><strong>mentio;quorum</strong></span> <span class='ocrx_word' id='word_1_840' title='bbox 2616 5057 2823 5113; x_wconf 87' lang='lat' dir='ltr'><strong>seriem</strong></span> <span class='ocrx_word' id='word_1_841' title='bbox 2877 5059 2935 5113; x_wconf 93' lang='lat' dir='ltr'><strong>in</strong></span> <span class='ocrx_word' id='word_1_842' title='bbox 2985 5058 3251 5127; x_wconf 78' lang='lat' dir='ltr'><strong>Rudoll‘o,</strong></span> <span class='ocrx_word' id='word_1_843' title='bbox 3302 5067 3370 5115; x_wconf 90' lang='lat' dir='ltr'><strong>ut</strong></span> <span class='ocrx_word' id='word_1_844' title='bbox 3416 5061 3665 5129; x_wconf 83' lang='lat' dir='ltr'><strong>videtur,</strong></span> 
     </span>
    </p>
   </div>
   <div class='ocr_carea' id='block_1_114' title="bbox 2024 5146 3663 5221">
    <p class='ocr_par' dir='ltr' id='par_1_114' title="bbox 2024 5146 3663 5221">
     <span class='ocr_line' id='line_1_114' title="bbox 2024 5146 3663 5221; baseline 0.001 -19"><span class='ocrx_word' id='word_1_845' title='bbox 2024 5147 2368 5202; x_wconf 81' lang='lat' dir='ltr'><strong>exstinctam</strong></span> <span class='ocrx_word' id='word_1_846' title='bbox 2399 5162 2502 5201; x_wconf 87' lang='lat' dir='ltr'><strong>nec</strong></span> <span class='ocrx_word' id='word_1_847' title='bbox 2534 5163 2639 5202; x_wconf 90' lang='lat' dir='ltr'>nos</span> <span class='ocrx_word' id='word_1_848' title='bbox 2700 5146 2948 5203; x_wconf 89' lang='lat' dir='ltr'><strong>ulterius</strong></span> <span class='ocrx_word' id='word_1_849' title='bbox 2996 5148 3430 5221; x_wconf 86' lang='lat' dir='ltr'><strong>prosequimur,</strong></span> <span class='ocrx_word' id='word_1_850' title='bbox 3483 5164 3663 5219; x_wconf 90' lang='lat' dir='ltr'><strong>quam</strong></span> 
     </span>
    </p>
   </div>
   <div class='ocr_carea' id='block_1_115' title="bbox 2025 5234 3666 5291">
    <p class='ocr_par' dir='ltr' id='par_1_115' title="bbox 2025 5234 3666 5291">
     <span class='ocr_line' id='line_1_115' title="bbox 2025 5234 3666 5291; baseline 0.001 -3"><span class='ocrx_word' id='word_1_851' title='bbox 2025 5234 2260 5290; x_wconf 89' lang='lat' dir='ltr'><strong>nonnisi</strong></span> <span class='ocrx_word' id='word_1_852' title='bbox 2317 5234 2387 5289; x_wconf 85' lang='lat' dir='ltr'>ad</span> <span class='ocrx_word' id='word_1_853' title='bbox 2450 5234 2866 5291; x_wconf 85' lang='lat' dir='ltr'><strong>illustrandum</strong></span> <span class='ocrx_word' id='word_1_854' title='bbox 2926 5236 3191 5291; x_wconf 87' lang='lat' dir='ltr'><strong>Chronici</strong></span> <span class='ocrx_word' id='word_1_855' title='bbox 3249 5235 3666 5291; x_wconf 88' lang='lat' dir='ltr'><strong>Petershusani</strong></span> 
     </span>
    </p>
   </div>
   <div class='ocr_carea' id='block_1_116' title="bbox 2026 5323 3668 5397">
    <p class='ocr_par' dir='ltr' id='par_1_116' title="bbox 2026 5323 3668 5397">
     <span class='ocr_line' id='line_1_116' title="bbox 2026 5323 3668 5397; baseline 0.001 -20"><span class='ocrx_word' id='word_1_856' title='bbox 2026 5324 2368 5395; x_wconf 89' lang='lat' dir='ltr'><strong>scriptorem</strong></span> <span class='ocrx_word' id='word_1_857' title='bbox 2401 5323 2710 5395; x_wconf 90' lang='lat' dir='ltr'><strong>hucusque</strong></span> <span class='ocrx_word' id='word_1_858' title='bbox 2748 5325 3148 5397; x_wconf 88' lang='lat' dir='ltr'><strong>perduximus,</strong></span> <span class='ocrx_word' id='word_1_859' title='bbox 3172 5323 3383 5395; x_wconf 77' lang='lat' dir='ltr'><strong>saepius</strong></span> <span class='ocrx_word' id='word_1_860' title='bbox 3427 5323 3668 5395; x_wconf 89' lang='lat' dir='ltr'><strong>quidem</strong></span> 
     </span>
    </p>
   </div>
   <div class='ocr_carea' id='block_1_117' title="bbox 2024 5411 3669 5485">
    <p class='ocr_par' dir='ltr' id='par_1_117' title="bbox 2024 5411 3669 5485">
     <span class='ocr_line' id='line_1_117' title="bbox 2024 5411 3669 5485; baseline 0.003 -19"><span class='ocrx_word' id='word_1_861' title='bbox 2024 5429 2127 5485; x_wconf 89' lang='lat' dir='ltr'><strong>per</strong></span> <span class='ocrx_word' id='word_1_862' title='bbox 2140 5412 2509 5483; x_wconf 87' lang='lat' dir='ltr'><strong>conjecturas</strong></span> <span class='ocrx_word' id='word_1_863' title='bbox 2522 5417 2749 5468; x_wconf 89' lang='lat' dir='ltr'><strong>tantum</strong></span> <span class='ocrx_word' id='word_1_864' title='bbox 2762 5414 2906 5481; x_wconf 91' lang='lat' dir='ltr'><strong>,suis</strong></span> <span class='ocrx_word' id='word_1_865' title='bbox 2919 5418 3111 5469; x_wconf 88' lang='lat' dir='ltr'><strong>tamen</strong></span> <span class='ocrx_word' id='word_1_866' title='bbox 3127 5412 3453 5468; x_wconf 89' lang='lat' dir='ltr'><strong>rationibus</strong></span> <span class='ocrx_word' id='word_1_867' title='bbox 3466 5411 3669 5485; x_wconf 88' lang='lat' dir='ltr'><strong>fultas,</strong></span> 
     </span>
    </p>
   </div>
   <div class='ocr_carea' id='block_1_118' title="bbox 2025 5500 3669 5575">
    <p class='ocr_par' dir='ltr' id='par_1_118' title="bbox 2025 5500 3669 5575">
     <span class='ocr_line' id='line_1_118' title="bbox 2025 5500 3669 5575; baseline 0.001 -18"><span class='ocrx_word' id='word_1_868' title='bbox 2025 5501 2384 5558; x_wconf 85' lang='lat' dir='ltr'><strong>ﬁrmioribus</strong></span> <span class='ocrx_word' id='word_1_869' title='bbox 2416 5501 2567 5559; x_wconf 68' lang='lat'><strong>295</strong></span> <span class='ocrx_word' id='word_1_870' title='bbox 2611 5501 3002 5574; x_wconf 86' lang='lat' dir='ltr'><strong>producendis</strong></span> <span class='ocrx_word' id='word_1_871' title='bbox 3050 5500 3202 5555; x_wconf 75' lang='lat' dir='ltr'><strong>ultro</strong></span> <span class='ocrx_word' id='word_1_872' title='bbox 3252 5502 3669 5575; x_wconf 76' lang='lat' dir='ltr'><strong>subscripturi.</strong></span> 
     </span>
    </p>
   </div>
   <div class='ocr_carea' id='block_1_119' title="bbox 2026 5588 3679 5687">
    <p class='ocr_par' dir='ltr' id='par_1_119' title="bbox 2026 5588 3679 5687">
     <span class='ocr_line' id='line_1_119' title="bbox 2026 5588 3679 5687; baseline -0.001 -36"><span class='ocrx_word' id='word_1_873' title='bbox 2026 5590 2099 5651; x_wconf 88' lang='lat' dir='ltr'><strong>Ut</strong></span> <span class='ocrx_word' id='word_1_874' title='bbox 2129 5593 2325 5649; x_wconf 88' lang='lat' dir='ltr'><strong>autem</strong></span> <span class='ocrx_word' id='word_1_875' title='bbox 2352 5594 2476 5650; x_wconf 87' lang='lat' dir='ltr'><strong>tota</strong></span> <span class='ocrx_word' id='word_1_876' title='bbox 2523 5590 2702 5665; x_wconf 86' lang='lat' dir='ltr'><strong>hujus</strong></span> <span class='ocrx_word' id='word_1_877' title='bbox 2750 5589 3086 5666; x_wconf 78' lang='lat' dir='ltr'><strong>systematis</strong></span> <span class='ocrx_word' id='word_1_878' title='bbox 3137 5588 3281 5646; x_wconf 82' lang='lat' dir='ltr'><strong>ratio</strong></span> <span class='ocrx_word' id='word_1_879' title='bbox 3332 5596 3545 5665; x_wconf 87' lang='lat' dir='ltr'><strong>pateat,</strong></span> <span class='ocrx_word' id='word_1_880' title='bbox 3581 5608 3679 5687; x_wconf 36' lang='lat' dir='ltr'><strong>se};</strong></span> 
     </span>
    </p>
   </div>
   <div class='ocr_carea' id='block_1_120' title="bbox 3274 5719 3383 5805">
    <p class='ocr_par' dir='ltr' id='par_1_120' title="bbox 3274 5719 3383 5805">
     <span class='ocr_line' id='line_1_120' title="bbox 3274 5719 3383 5805; baseline 0.018 -2"><span class='ocrx_word' id='word_1_881' title='bbox 3274 5719 3383 5805; x_wconf 74' lang='grc'>10-</span> 
     </span>
    </p>
   </div>
   <div class='ocr_carea' id='block_1_121' title="bbox 3840 6084 4063 6150">
    <p class='ocr_par' dir='ltr' id='par_1_121' title="bbox 3840 6084 4063 6150">
     <span class='ocr_line' id='line_1_121' title="bbox 3840 6084 4063 6150; baseline 0 0"><span class='ocrx_word' id='word_1_882' title='bbox 3840 6084 4063 6150; x_wconf 66' lang='grc' dir='ltr'><strong>Δ</strong></span> 
     </span>
    </p>
   </div>
  </div>
