4102 6182
376 274 495 334 299

1081 275 1477 359 APPENDIX
1523 277 1624 335 AD
1670 274 2117 336 CHRONICON
2168 274 2579 335 HERMANNI
2625 275 3090 338 CONTRACTI.

3566 242 3773 334 ’300

375 421 564 478 quens
593 405 976 478 proponimus
1016 411 1268 463 stemma
1310 405 1746 479 genealogicum
1797 408 2043 463 istorum
2089 406 2371 462 comitum
2419 406 2555 461 inde
2598 424 2633 462 a
2675 412 2836 479 patre
2890 409 2948 463 S.
3001 406 3314 474 Gebhardi,
3366 405 3603 461 omissis
3646 421 3775 477 quae

374 504 648 577 superius
677 503 708 576 §
736 504 802 560 M
826 505 955 576 jam
987 508 1188 561 notata
1222 499 1381 561 sunt.

1402 628 1705 684 STEMMA
1755 628 2088 684 COMITUM
2129 597 2743 685 BRIGANTINORUM

1742 763 1775 799 Α
1814 761 1994 799 PATRE
2030 760 2079 799 S.
2121 760 2409 799 GEBHARDI

1459 860 1599 915 Saec.
1649 879 1685 916 x
1725 876 1910 932 usque
1949 860 2020 915 ad
2062 859 2238 915 ﬁnem
2276 860 2456 931 hujus
2497 860 2703 932 stirpis

1674 992 1744 1032 ex
1773 975 2035 1031 Chronico
2070 976 2486 1032 Petershusano.

879 1100 1011 1157 UZO
1051 1118 1154 1158 seu
1203 1100 1527 1158 Udalricus.

455 1193 504 1246 1.
542 1189 846 1246 Udalricus
876 1205 1071 1246 comes
1355 1194 1408 1245 2.
1443 1190 1831 1262 Marquardus

542 1262 913 1335 Brigantinus
945 1266 973 1327 τι
1279 1332 1303 1335 Α
1353 1331 1365 1335 _
1394 1261 1602 1335 comes
1631 1261 1690 1315 in

696 1334 821 1389 978.
1266 1330 1856 1388 Goldinnishundere.

536 1422 840 1479 Udalricus
869 1436 1064 1475 comes
1090 1419 1487 1490 Brigantinus,
1521 1418 1857 1473 alterutrius

842 1491 1037 1547 fratris
1070 1490 1225 1545 ﬁlius
1255 1507 1308 1545 a.
1342 1491 1501 1546 1043.

628 1599 758 1654 Otto
789 1598 962 1670 (703')
995 1597 1457 1724 comf87lgbastim
1486 1596 1784 1652 Curiensis

542 1775 848 1848 Udalricus
879 1775 1188 1848 Brigantiae
1219 1790 1413 1831 comes
1447 1780 1475 1840 Τ
1511 1791 1562 1830 a.
1602 1775 1755 1830 1097.

665 1846 878 1904 Bertha
908 1846 1070 1902 uxor.

381 1936 729 2009 Rudolphus
760 1953 954 1992 comes

382 2009 691 2083 Brigantiae
723 2026 776 2065 a.
806 2010 964 2064 1127.

1690 1931 2025 1988 Elisabetba

1638 2021 1802 2060 soror
1820 2074 1823 2075 ν
1845 2010 2027 2075 nupta

1635 2074 1831 2131 comiti
1867 2074 2026 2130 Pful-

1643 2146 2021 2202 lendorl‘ensi.

1139 1934 1459 1991 Udalricus.

880 2305 1224 2378 Rudolpbus
1254 2306 1325 2378 de
1364 2304 1750 2378 Pbullendorl‘

987 2376 1089 2433 uxI
1120 2377 1377 2432 Wiﬁldis
1414 2376 1692 2432 Guelﬁca.

1091 2467 1177 2520 Ita
1206 2465 1344 2521 ﬁlia.
1379 2482 1524 2520 uxor
1551 2464 1767 2521 Alberti

1092 2535 1325 2593 comitis
1355 2537 1427 2592 de
1457 2536 1749 2609 Hasburg.

2624 1098 3087 1156 THIERPURGA
3118 1116 3281 1155 uxor.

2483 1189 2535 1243 3.
2562 1188 2883 1263 Luitfridus
3172 1190 3225 1244 4.
3246 1191 3303 1243 S.
3339 1188 3663 1263 Gelbardus
3686 1207 3779 1263 ep.

2518 1276 2713 1315 comes
2746 1260 2804 1314 in
3332 1260 3675 1328 Constaan
3724 1260 3781 1318 a.

2485 1331 2863 1387 Winterthur.
3434 1333 3560 1387 995.

2204 1419 2612 1489 Marquardus,
2646 1436 2747 1475 seu
2783 1419 3127 1478 Luitiridus.
3161 1436 3359 1475 comes

2242 1490 2300 1544 in
2336 1491 2700 1546 Wintertbur
2729 1495 2787 1546 et
2818 1491 3040 1563 Kiburg
3063 1491 3233 1562 (703).

2204 1595 2553 1652 Adalbertus
2576 1596 2897 1652 alteritrius
2928 1595 3106 1666 ﬁlius,
3140 1612 3337 1652 comes
3367 1598 3425 1652 in

2237 1667 2608 1724 Winterthur
2630 1673 2688 1723 et
2716 1668 2953 1740 Kiburg.
2991 1672 3020 1734 τι
3056 1686 3110 1723 a.
3143 1669 3306 1723 1053.

2204 1773 2537 1828 Adelheidis
2568 1791 2712 1830 uxor
2736 1774 3084 1830 Hartmanni
3114 1773 3362 1830 senioris
3394 1774 3467 1832 de

2245 1843 2536 1916 Dilingen.

2209 1931 2537 1988 Adelbeidis
2648 1933 2952 1990 Udalricus
3026 1937 3427 1990 Hartmannus
3501 1933 3784 1991 Adelber-

2209 2021 2357 2076 uxor
2373 2003 2541 2059 Udal-
2722 2022 2814 2076 ep.
3030 2006 3256 2061 Junior.
3478 2008 3572 2060 tus
3598 2005 3785 2062 Dilin-

2209 2074 2404 2149 ricide
2433 2076 2539 2131 Ga-
2647 2074 2949 2131 Constant.
3112 2120 3117 2123 ι
3481 2077 3679 2149 gensis
3727 2082 3787 2133 et
3811 2104 3832 2128 ο

2209 2146 2556 2218 mertingen.
3470 2146 3655 2203 Kibur
3682 2164 3786 2204 en-

3476 2219 3560 2275 sis
3575 2219 3784 2276 haeres.

2208 2305 2652 2380 ﬁdelbertusde
2683 2306 3118 2380 Gamertingen.

2211 2376 2518 2433 Udalricus
2548 2378 2619 2433 de
2642 2378 2906 2433 Achalm.

452 2692 598 2750 290
628 2690 659 2764 §
689 2691 858 2747 XXV.
888 2688 1239 2760 Priusquam
1262 2686 1661 2760 disquisitioni
1682 2687 1820 2743 huic
1852 2687 2025 2743 ﬁnem
2057 2689 2103 2754 Α
2143 2691 2494 2762 runt,quam
2510 2660 2684 2746 aliam
2698 2689 3096 2746 haereditatem
3109 2689 3549 2763 acquisierunt?
3565 2694 3785 2748 Verum

382 2781 786 2854 imponamus,
810 2781 992 2834 restat
1011 2780 1077 2832 ut
1111 2775 1399 2832 Fuesslini
1436 2779 1724 2832 assertum
1749 2774 2029 2832 discutia-

382 2884 517 2927 mus
530 2869 884 2925 deCuonone
896 2865 1275 2937 comite,quia
1290 2864 1348 2919 in
1363 2864 1647 2920 Chronico
1664 2863 1929 2937 nostro(l.
1942 2882 2026 2934 III,

384 2976 446 3014 n.
479 2958 537 3030 3)
567 2973 637 3012 ex
656 2954 982 3012 concubina
1011 2957 1173 3027 pater
1190 2954 1384 3009 ‘fuisse
1412 2954 1628 3009 dicitur
1683 2954 2029 3009 Theodorici

386 3063 481 3103 an.
521 3046 657 3101 1086
697 3043 1109 3101 Petorshusani
1162 3042 1413 3107 abbatis,
1465 3042 1721 3098 Luitoldi
1772 3047 1829 3098 et
1875 3043 2029 3098 Mar-

390 3132 618 3207 quardi,
652 3149 801 3206 quos
832 3133 978 3187 duos
1011 3130 1249 3187 ultimos
1266 3133 1383 3202 post
1413 3131 1619 3187 obitum
1639 3133 1816 3203 patris
1844 3132 1902 3186 in
1934 3132 2029 3202 jus

391 3223 726 3279 Hartmanm’
746 3222 962 3278 comitis
1007 3219 1072 3276 de
1122 3220 1376 3290 Ditingen
1421 3218 1670 3277 cessisse
1716 3220 1797 3275 ait
1844 3221 2028 3293 scrip-

385 3315 497 3379 tor,
527 3326 588 3367 eo
617 3309 757 3382 quod
784 3326 854 3366 ex
898 3308 1107 3363 ancilla
1151 3309 1275 3363 nati
1321 3313 1511 3363 essent.
1568 3308 1697 3363 Haec
1744 3308 1827 3362 ita
1872 3309 2029 3364 acci-

388 3399 599 3473 pienda
619 3398 888 3465 arbitror,
915 3401 977 3452 ut
999 3395 1102 3451 ﬁlii
1123 3394 1233 3461 illi,
1255 3411 1358 3450 cru
1384 3395 1675 3467 illegitimi
1703 3400 1759 3451 et
1787 3395 2029 3468 insuper

386 3505 455 3545 ex
484 3486 695 3545 ancilla
723 3484 1091 3559 (Hartmanni
1119 3485 1321 3555 utique
1351 3483 1608 3555 subdita)
1641 3484 1899 3555 nati,jus
1926 3502 2026 3557 pa-

386 3582 563 3633 ternae
589 3574 947 3632 hereditatis
981 3572 1285 3629 amiserint
1314 3572 1384 3627 ad
1419 3571 1815 3644 Dilingensem
1847 3573 2026 3628 comi-

382 3670 499 3722 tem
535 3665 893 3733 devolutum,
926 3664 1095 3734 cujus
1126 3661 1269 3717 forte
1299 3659 1467 3715 miles
1500 3677 1599 3715 seu
1624 3660 1882 3716 vasallus
1904 3666 2028 3719 erat

383 3759 548 3828 pater
566 3771 767 3812 eorum
788 3758 1006 3810 Cuono.
1037 3751 1277 3807 Constat
1300 3750 1380 3815 id,
1413 3766 1482 3805 ex
1510 3749 1627 3805 illis
1665 3766 1793 3821 quae
1827 3755 2027 3821 postea

382 3845 694 3911 habentur,
718 3843 1054 3900 Luitoldum
1078 3841 1333 3896 ﬁliorum
1364 3839 1610 3895 alterum
1637 3858 1668 3896 a
1704 3856 1836 3912 rege
1868 3845 2024 3896 Hen-

382 3933 502 3990 rico
524 3933 597 3989 IV
619 3932 988 4006 privilegium
1010 3930 1297 3987 libertatis
1321 3946 1422 4001 pro
1444 3944 1506 3984 se
1529 3946 1594 3984 ac
1629 3929 1752 3985 suis
1776 3929 2025 4002 posteris

324 4009 329 4015 ’
382 4021 775 4094 promeruisse
799 4039 813 4089 ;
837 4020 1017 4093 igitur
1042 4019 1204 4092 prius
1227 4019 1387 4074 illam
1421 4018 1639 4083 amisit,
1682 4035 1815 4073 cum
1839 4017 1897 4073 in
1930 4020 2023 4089 ius
2058 4056 2100 4120 Β

381 4108 724 4164 Hartmanni
759 4107 1062 4163 concessit.
1097 4110 1230 4173 Quae
1261 4108 1401 4162 dum
1428 4107 1736 4178 perspicua
1754 4107 1889 4174 sint,
1921 4123 2021 4163 ne-

382 4196 503 4254 scio
525 4213 665 4254 sane
682 4212 798 4268 qua
820 4196 1043 4251 ratione
1069 4194 1408 4251 Fuesslinus
1430 4200 1470 4248 t.
1494 4195 1584 4259 IV,
1610 4212 1666 4267 p.
1700 4196 1816 4262 191,
1839 4196 2018 4251 citata

381 4285 647 4345 Cbronici
671 4285 845 4341 verba
863 4283 919 4337 in
941 4300 1075 4339 eum
1099 4299 1337 4339 sensum
1356 4282 1719 4352 interpretari
1745 4285 2016 4353 potuerit,

381 4375 550 4450 quasi
590 4374 763 4431 atnbo
797 4373 895 4428 isti
934 4372 1038 4427 ﬁlii
1077 4371 1395 4443 Delingano
1416 4370 1612 4425 comiti
1647 4370 1704 4424 in
1736 4373 2019 4427 comitutu

379 4463 789 4529 successerint,
823 4466 995 4534 atque
1025 4460 1232 4516 exinde
1261 4460 1596 4515 Cuononem
1619 4459 1775 4514 hunc
1812 4476 2016 4515 corum

378 4558 601 4628 patrem
624 4551 938 4608 comitibus
959 4550 1029 4606 de
1050 4548 1433 4625 Winterthur,
1458 4564 1559 4603 seu
1593 4547 1813 4621 Kiburg
1834 4550 2018 4604 adnu-

378 4646 580 4699 meret.
603 4643 717 4697 Aut
740 4655 881 4696 num
914 4639 1041 4695 ideo
1069 4639 1419 4693 Hartmanno
1446 4636 1855 4702 successerint,
1878 4637 2019 4709 quod

375 4723 446 4787 ex
465 4730 671 4786 ancilla
691 4731 811 4784 nati
849 4732 997 4795 sunt,
1047 4727 1202 4781 unde
1246 4725 1539 4797 propriam
1580 4725 1773 4797 potius
1803 4726 2016 4782 amise-

448 4897 597 4969 (703)
627 4896 932 4969 Generatio
976 4896 1097 4951 haec
1137 4895 1455 4969 inserenda
1502 4895 1761 4969 videtur,
1812 4912 1883 4951 ne
1929 4897 2015 4951 ni-

378 4966 561 5024 mium
579 4966 960 5040 protrahatur
977 4974 1115 5040 aetas
1137 4966 1385 5040 Udalrici
1406 4967 1656 5040 comitis,
1673 4968 1842 5040 cujus
1856 4974 2019 5038 pater

348 5038 746 5114 cognominis
764 5041 886 5108 jam
920 5056 1014 5114 an.
1047 5039 1152 5093 978
1175 5039 1338 5114 obiit,
1356 5040 1538 5114 cujus
1571 5038 1726 5093 ﬁlius
1777 5039 1867 5092 vix
1908 5040 2017 5114 fuit

379 5110 597 5168 Berthas
624 5114 871 5166 maritus
889 5110 1143 5182 primum
1181 5126 1274 5182 an.
1314 5110 1449 5182 1097
1487 5114 1754 5182 mortuus
1789 5114 1845 5164 et
1887 5110 2013 5179 qui-

375 5185 506 5240 dem
540 5184 839 5239 immatura
863 5179 1054 5247 morte,
1115 5180 1213 5252 qui
1268 5197 1335 5252 ex
1390 5180 1561 5252 (lictis
1608 5179 1707 5252 _vix
1750 5185 1885 5252 ante
1917 5197 2011 5237 an.

375 5257 517 5311 1080
549 5254 819 5311 Bertham
861 5255 1070 5309 ducere
1127 5250 1332 5324 potuit.
1394 5251 1550 5307 Facit
1606 5250 1720 5324 huc
1778 5251 2017 5307 Bernol-

374 5329 486 5383 dus
517 5327 760 5397 auctior,
794 5324 893 5397 qui
924 5325 994 5397 ad
1028 5322 1291 5397 an.'1079
1338 5324 1512 5397 refert
1560 5322 2017 5397 Wolfoneindu-

373 5414 497 5453 cem
532 5392 1179 5454 Rhaetin'm'Curiensem
1209 5392 1493 5449 invasisse
1527 5398 1583 5448 et
1601 5393 1833 5449 comitis
1864 5394 2016 5451 Otto-

372 5469 461 5525 m’s
494 5467 678 5542 ﬁlium
696 5468 1017 5542 subegisse
1041 5485 1072 5542 ε»
1088 5466 1187 5542 qui
1208 5464 1365 5542 illius
1383 5464 1533 5521 alius
1549 5481 1676 5542 esse
1692 5464 2013 5542 vixpotujt,

374 5554 552 5617 quam
569 5535 893 5600 Udalricus'
915 5540 1026 5599 iste
1054 5535 1272 5613 junior,
1307 5535 1420 5595 Otto
1462 5540 1613 5597 certe
1643 5535 2014 5613 provincialis

2140 2775 2375 2833 aliunde
2406 2778 2583 2833 etiam
2614 2783 2903 2834 assertum
2937 2778 3045 2834 hoc
3093 2779 3371 2834 sustineri
3401 2780 3640 2851 nequit;
3674 2780 3787 2836 hac

2139 2866 2294 2921 enim
2327 2866 2549 2923 ratione
2579 2867 2741 2923 Cuno
2784 2868 2895 2923 iste
2947 2874 3171 2939 patrem
3220 2867 3437 2924 habere
3485 2868 3790 2925 debuisset

2138 2954 2510 3023 Luitfridum,
2552 2957 2808 3027 primum
2860 2972 2930 3011 ex
2977 2955 3105 3028 ipso
3137 2955 3445 3012 Fuesslino
3474 2956 3786 3013 Vitodura-

2139 3060 2281 3099 num
2326 3045 2622 3110 comitem,
2674 3061 2808 3100 cum
2858 3043 3016 3100 ﬁlius
3067 3045 3196 3115 ejus
3243 3044 3632 3101 Theodericus
3655 3046 3785 3118 jam

2137 3148 2233 3187 an.
2262 3134 2393 3188 1086
2412 3133 2595 3189 abbas
2616 3133 2938 3202 exstiterit;
2975 3148 3083 3189 nec
3122 3134 3265 3190 adeo
3287 3132 3655 3207 Dilingenses
3686 3133 3786 3191 Ki-

2139 3221 2514 3293 burgensem,
2547 3222 2646 3277 sed
2681 3222 2738 3276 hi
2771 3222 2966 3294 potius
2998 3221 3389 3295 Dilingensem
3438 3224 3786 3280 comitatum

2139 3310 2472 3366 haereditate
2503 3310 2915 3367 obtinuissent.
2948 3312 3063 3366 Aut
3108 3311 3401 3386 quomodo
3449 3311 3656 3368 fratres
3684 3312 3788 3369 isti

2138 3414 2506 3455 successores
2536 3398 2646 3453 dici
2681 3404 2931 3471 possunt
2971 3399 3318 3455 Hartmanni
3361 3400 3433 3456 de
3462 3399 3728 3473 Dilingen
3755 3399 3790 3456 Ἰ

2137 3485 2236 3558 qui
2268 3491 2464 3542 tamen
2500 3487 2623 3558 ipse
2654 3486 3030 3543 Adelbeidem
3064 3488 3255 3543 ultimi
3304 3489 3651 3544 Vitodurani
3682 3505 3788 3545 co-

2135 3574 2298 3629 mitis
2327 3575 2618 3630 Adelberti
2651 3574 2830 3631 tiliam
2856 3578 3167 3649 conjugem
3189 3577 3416 3643 habuit,
3439 3578 3596 3634 unde
3616 3577 3788 3633 Hart-

2135 3680 2416 3718 mannum
2441 3664 2738 3732 juniorem
2783 3669 2839 3719 et
2888 3665 3263 3721 Adelbertum
3311 3665 3609 3738 proximos
3639 3682 3785 3722 suos

2135 3768 2500 3808 successores
2551 3754 2878 3825 progenuit,
2941 3770 3194 3825 quorum
3255 3754 3502 3811 ultimus
3568 3754 3784 3811 saltem

2134 3840 2325 3895 adhuc
2356 3857 2450 3895 an.
2474 3840 2607 3895 4131
2644 3846 2941 3913 superstes
2971 3842 3105 3908 fuit,
3127 3843 3309 3899 totius
3354 3842 3686 3915 patrimonii
3718 3848 3787 3900 et

2134 3928 2492 3984 matrimonii
2515 3928 2719 3984 haeres.
2744 3928 2952 3985 Nullus
2973 3929 3167 4002 itaque
3184 3948 3289 3987 nec
3306 3932 3460 3988 inter
3474 3932 3788 3989 Vitodura-

2132 4033 2240 4073 nos
2271 4034 2373 4072 seu
2406 4017 2823 4090 Kiburgenses,
2859 4035 2963 4074 nec
2994 4018 3144 4076 inter
3173 4019 3515 4093 Dilinganos
3536 4021 3789 4078 comites

2132 4103 2483 4177 relinquitur
2503 4104 2667 4161 locus
2719 4106 2941 4161 Cunoni
2962 4107 3207 4179 ejusque
3224 4106 3382 4173 ﬁliis,
3400 4107 3538 4163 alibi
3559 4096 3811 4164 fortein.

2128 4194 2337 4248 Suevia
2368 4193 2776 4265 inquirendis;
2809 4211 3058 4267 quorum
3090 4212 3224 4251 vero
3266 4195 3550 4252 familiam
3583 4195 3787 4269 inqui-

2130 4298 2253 4337 rere
2275 4287 2541 4338 nostrum
2565 4283 2722 4339 haud
2744 4283 3005 4340 interest.
3032 4283 3137 4350 Qui
3160 4300 3330 4356 porro
3366 4285 3423 4340 in
3464 4285 3781 4352 Chronico,

2130 4372 2281 4442 quod
2300 4371 2424 4441 jam
2450 4371 2681 4438 damus,
2705 4371 2843 4427 hinc
2860 4372 2994 4428 inde
3012 4377 3326 4428 occurrunt
3340 4374 3589 4430 comitea
3609 4372 3790 4430 aliive

2128 4450 2373 4526 nobiles,
2398 4459 2523 4515 suis
2546 4458 2688 4515 locis
2711 4458 2771 4514 in
2794 4460 3126 4530 subjunctis
3150 4463 3322 4532 notis,
3355 4467 3542 4534 quoad
3568 4478 3784 4519 eorum

2128 4548 2333 4603 notitia
2364 4547 2563 4603 haberi
2599 4549 2829 4621 poterit,
2866 4548 3113 4605 breviter
3135 4549 3585 4622 illustrabimus,
3608 4550 3694 4606 uti
3718 4554 3791 4607 et

2128 4638 2369 4693 nomina
2398 4635 2678 4705 locorum,
2712 4637 2924 4711 saepius
2954 4642 3148 4693 tamen
3192 4637 3531 4696 hariolando
3569 4644 3789 4697 extun-

2125 4726 2315 4781 denda
2343 4727 2535 4798 potius
2568 4742 2744 4797 quam
2775 4736 2927 4782 certo
2961 4727 3423 4784 determinanda.

2125 4899 2182 4968 et
2212 4911 2406 4968 comes
2444 4894 2513 4968 in
2548 4895 2709 4949 curia
2750 4895 3058 4950 Rhaetiensi
3092 4901 3326 4952 notatur
3363 4896 3423 4952 in
3455 4894 3783 4968 diplomate

2125 4966 2353 5038 Henrici
2386 4966 2461 5038 Ill
2501 4966 2792 5038 imp._an.
2847 4968 2983 5020 1050
3031 4984 3132 5038 pro
3184 4966 3537 5023 monasterio
3587 4967 3786 5038 Faba-

2126 5038 2302 5092 riensi
2326 5037 2383 5091 in
2406 5036 2503 5091 illo
2530 5036 2808 5091 comitatu
2833 5037 2968 5101 sito,
2990 5036 3211 5093 scilicet
3229 5040 3286 5093 in
3323 5040 3583 5094 comitatu
3606 5036 3786 5093 Odal-

2124 5110 2230 5181 rici
2258 5110 2469 5181 comitis
2493 5107 2559 5163 de
2588 5108 3242 5181 BraganicatutLbabet
3288 5108 3782 5181 diplomatHen-

2126 5180 2229 5263 υἱεξὶ
2264 5180 2333 5234 IV
2371 5197 2511 5263 "re
2546 5196 2607 5263 8:;
2632 5180 2777 5263 30.95
2806 5196 2898 5251 αρ·
2932 5179 3318 5263 Εέᾙεῖννεεξὲι-
3344 5179 3552 5263 ὁλὲθί-
3584 5179 3786 5263 Igitur

2125 5250 2371 5307 ultimus
2423 5249 2514 5305 hic
2564 5249 2873 5307 Udalricus
2925 5251 3134 5306 Ottom's
3180 5249 3354 5307 istius
3377 5251 3532 5308 ﬁlius
3582 5249 3778 5308 fuisse

2126 5322 2331 5377 merito
2356 5322 2677 5390 judicatur.

2195 5394 2347 5465 (703)
2375 5393 2678 5465 Generatio
2704 5391 2821 5448 haec
2854 5409 2966 5449 non
2999 5410 3067 5449 ex
3096 5392 3381 5451 Chronico
3415 5399 3635 5462 nostro,
3664 5394 3777 5453 sed

2123 5463 2388 5521 ex'Lazio
2420 5464 2639 5521 inserta
2669 5469 2776 5522 est.
