4152 6186
330 349 445 416 305

329 593 454 633 ram
486 577 647 634 dedit
667 585 724 636 et
753 581 1180 656 multapeculia
1200 588 1570 661 congregavit
1593 606 1607 655 ;
1627 594 1975 661 acceptaque

330 681 506 723 uxore
539 668 726 725 ﬁlium
758 689 824 726 ex
854 689 922 728 ea
951 674 1154 746 genuit
1184 677 1418 732 nomine
1446 677 1832 746 Adilbertum,
1875 678 1974 750 qui

328 772 459 812 cum
492 757 555 812 B.
590 757 780 816 Leone
809 777 960 834 papa
991 762 1048 818 in
1083 765 1351 837 Apuliam
1378 768 1629 836 transiit,
1654 768 1849 840 ibique
1872 786 1974 840 pro

329 862 505 900 causa
524 846 582 901 S.
617 847 769 904 Petri
796 856 997 907 contra
1018 853 1434 923 Nortmannos,
1455 856 1552 928 qui
1576 857 1848 930 Apuliam
1879 858 1970 912 in-

325 941 894 1011 vaserant,pugnans
916 944 1208 999 occubuit.
1224 945 1410 1016 Hujus
1433 946 1550 1001 filia
1571 952 1693 1002 erat
1713 945 1970 1002 Adilhel-

324 1023 438 1089 dis,
466 1041 642 1096 quam
661 1043 856 1084 comes
887 1030 1285 1088 Hartmannus
1316 1035 1511 1090 senior
1536 1037 1607 1090 de
1637 1035 1870 1107 Dilinga
1912 1036 1970 1089 in

323 1114 769 1170 matrimonium
799 1120 1040 1190 accepit,
1076 1138 1204 1192 quae
1229 1121 1279 1176 ei
1302 1125 1520 1194 peperit
1540 1125 1969 1179 Hartmannum

322 1202 642 1273 iuniorem,
679 1209 738 1261 et
766 1207 1152 1276 Adilbertum,
1187 1211 1286 1282 qui
1331 1213 1523 1268 adhuc
1573 1218 1856 1284 superest,
1915 1216 1972 1268 et

321 1291 500 1347 totius
533 1294 874 1365 patrimonii
900 1302 954 1352 et
977 1300 1336 1355 matrimonii
1362 1302 1541 1356 haeres
1569 1303 1804 1358 effectus
1837 1305 1925 1356 est
1952 1320 1965 1366 ;

319 1386 373 1434 et
406 1381 806 1451 Uodalricum,
842 1385 941 1456 qui
996 1387 1150 1458 apud
1200 1390 1594 1444 Constantiam
1658 1391 1970 1462 episcopus

321 1468 512 1525 factus
541 1476 650 1537 est,
683 1472 752 1526 de
784 1489 901 1544 quo
952 1480 1153 1546 postea
1209 1475 1450 1532 forsitan
1511 1478 1708 1550 aliqua
1753 1477 1966 1533 dicturi

323 1573 570 1625 sumus;
603 1559 755 1615 filias
787 1577 1020 1634 quoque
1050 1569 1192 1632 tres,
1225 1582 1350 1636 qua:
1376 1567 1546 1621 modo
1570 1567 1626 1621 ἱιι
1661 1568 1969 1622 sanctimo-

322 1645 459 1701 niali
502 1647 712 1703 hahitu
775 1657 1231 1724 commorantur,
1293 1671 1543 1725 quarum
1605 1673 1720 1711 una
1767 1657 1969 1720 genuit

321 1735 702 1791 Uodalricum
734 1740 1006 1794 comitem
1040 1741 1109 1797 de
1144 1743 1570 1815 Gamirtingen,
1605 1751 1660 1800 et
1703 1744 1965 1800 Adilber-

320 1831 446 1880 tum
478 1825 551 1880 de
580 1825 906 1883 Achalmin.
941 1829 1041 1901 qui
1075 1832 1244 1887 ambo
1277 1832 1467 1889 adhuc
1497 1834 1612 1890 vita
1639 1835 1963 1906 potiuntur.
2000 1866 2046 1931 Β

319 1949 474 2006 802
529 1953 557 2018 §
614 1949 764 2006 VIII.
826 1952 1094 2020 Quomodo
1169 1955 1512 2013 Gebehardus
1597 1959 1970 2015 haereditatcm

964 2025 1190 2096 adeptus
1228 2033 1326 2083 est.

384 2133 598 2190 Junior
624 2135 804 2208 igitur
832 2153 1014 2209 supra
1045 2147 1499 2198 memoratarum
1534 2145 1803 2212 fratrum,
1865 2147 1965 2202 sed

321 2228 730 2280 ornamentum
753 2229 1744 2299 eorum,Gebebardus,exdefuncta:
1765 2235 1968 2290 matris

319 2313 647 2386 Dictpurga:
667 2319 829 2370 utero
843 2317 1188 2385 excissus,et
1201 2321 1558 2392 quibusdam
1579 2324 1852 2379 fomentis
1870 2325 1968 2380 ob-

317 2401 549 2458 volutus
569 2409 664 2459 est
695 2421 882 2476 usque
911 2407 982 2461 ad
1015 2413 1245 2481 tempus
1277 2411 1616 2466 nativitatis.
1666 2413 1780 2468 Deo
1839 2415 1967 2484 ejus

315 2491 492 2546 vitam
524 2492 598 2547 ad
630 2491 956 2550 multorum
989 2494 1241 2552 salutem
1276 2504 1626 2555 reservante.
1651 2501 1730 2556 De
1751 2501 1966 2558 talibus

315 2584 510 2636 tamen
542 2580 975 2639 excisislitterae
995 2588 1286 2642 testantur
1317 2589 1494 2659 quod,
1521 2589 1571 2644 si
1625 2589 1741 2645 vita
1771 2607 1966 2646 comes

315 2667 719 2735 fuerit,feliccs
745 2669 808 2725 in
836 2674 1054 2729 mundo
1078 2673 1424 2734 habeantur.
1449 2681 1652 2750 Itaque
1673 2681 1966 2736 enutritus

313 2764 364 2814 et
389 2757 609 2814 litteris
626 2759 1060 2833 traditus,apud
1089 2763 1493 2822 Constantiam
1514 2768 1801 2833 eruditus,
1852 2768 1964 2824 ibi-

311 2863 422 2919 que
453 2846 782 2903 canonious
811 2849 998 2905 factus
1027 2857 1135 2918 est,
1161 2854 1326 2924 cujus
1345 2855 1534 2910 Vitam
1553 2857 1830 2927 quoniam
1853 2856 1966 2912 allo

311 2952 485 3008 opere
515 2936 688 3006 (718),
738 2941 802 2992 ut
833 2940 1154 3010 potuimus,
1205 2945 1461 2999 exsecuti
1522 2963 1752 3010 sumus,
1811 2963 1967 3000 nunc

311 3024 517 3098 paucis
549 3025 1198 3102 attingemus.Denique
1225 3048 1358 3088 cum
1385 3035 1670 3105 fratre’s'ej
1683 3053 1769 3101 us,
1816 3035 1970 3090 sicut

311 3113 587 3184 superius
617 3113 946 3183 retulimus,
971 3123 1158 3175 sortes
1181 3119 1534 3176 haereditatis
1565 3122 1718 3177 inter
1757 3140 1817 3177 se
1845 3124 1967 3177 dis-

1236 362 1682 428 CHRONICUN
1726 363 2440 434 PETERSHUSANUM.
2472 405 2552 421 -
2583 375 2732 438 LIB.
2777 378 2826 442 Ῑ.

326 485 427 544 tali
452 487 661 546 fratres
691 488 896 549 fefellit
925 493 1164 560 astutia,
1196 500 1373 570 atque
1420 497 1787 572 agriculturae
1842 517 1974 572 ope-
2004 498 2061 566 Α

3613 391 3732 457 306

2503 509 2868 582 Privilegz'um
2897 514 2964 571 de
2995 515 3307 592 Obimdorf.

2157 615 2184 641 «
2219 594 2490 652 Noverint
2520 616 2722 658 omnes
2770 608 2889 660 tam
2951 613 3261 676 praasentes
3310 626 3487 682 quam
3545 614 3727 674 futuri

2085 683 2234 751 quod
2268 701 2372 757 ego
2398 687 2718 757 Ksamuar,
2744 699 2954 750 sancta
2982 699 3442 756 Constantiensis
3461 701 3727 761 Ecclesia

2086 769 2292 826 fratrer
2311 774 2611 848 indignus,
2637 781 2902 852 cogitans
2921 801 3022 856 pro
3046 788 3302 843 remedio
3329 789 3540 847 animae
3561 808 3724 862 mete,

2084 876 2186 914 nec
2218 879 2332 916 non
2355 867 2687 937 evangelica
2715 874 2772 925 et
2797 873 3113 934 apostolica
3143 881 3378 934 secutus
3435 880 3723 954 exempla,

2081 964 2214 1004 cum
2247 967 2534 1009 consensu
2559 959 2711 1013 303
2738 960 2980 1015 fratrum
3007 967 3440 1038 meorum(720)
3459 975 3514 1024 et
3544 987 3723 1026 manu

2081 1037 2341 1094 advocati
2379 1043 2490 1097 mei
2548 1045 2856 1115 Uodalrici,
2903 1049 3054 1118 juris
3113 1054 3225 1108 mei
3285 1037 3721 1128 proprietatem,

2080 1142 2256 1196 quam
2291 1137 2597 1199 parentum
2640 1138 3008 1194 successione
3064 1139 3124 1194 in
3172 1140 3314 1197 locis
3361 1144 3730 1202 Hoberndorf

2079 1217 2248 1287 (721),
2273 1219 2665 1277 Hakelinbach
2691 1224 2863 1295 (722),
2898 1227 3250 1302 Pilolfhinga
3299 1233 3468 1302 (723),
3521 1233 3720 1290 Luite-

2080 1307 2325 1361 festorof
2349 1310 2496 1379 (725)
2527 1326 2659 1365 cum
2694 1315 2968 1370 omnibus
3000 1318 3358 1387 appendiciis
3389 1321 3461 1375 ad
3517 1323 3720 1378 eadem

2079 1392 2205 1449 loca
2228 1395 2675 1466 pertinentibus,
2705 1401 2985 1470 eediﬁciis,
3004 1405 3603 1478 mancipiis,pascuis,
3626 1411 3722 1467 sil-

2077 1481 2184 1551 vis,
2219 1486 2406 1556 aquis,
2432 1503 2837 1560 aquarumque
2869 1491 3238 1562 decursibus,
3301 1496 3622 1553 mobilibus
3666 1503 3725 1554 et

2077 1571 2566 1641 immobilibus,et
2586 1577 2890 1633 cunctisad
2911 1580 3112 1636 eadem
3131 1581 3721 1654 locapertinentibus,

2075 1661 2248 1731 [quae]
2272 1662 2583 1734 dignoscor
2603 1664 2832 1732 habere,
2859 1669 3026 1724 trado
3043 1671 3115 1725 ad
3135 1677 3404 1727 sanctum
3434 1674 3720 1744 praedictas

2075 1753 2370 1817 Constant,
2405 1751 3042 1823 ecclesimfcmnobium,
3069 1743 3346 1815 fratribus
3376 1743 3486 1816 Deo
3503 1761 3721 1818 ibidem

2077 1838 2313 1894 assidue
2353 1840 2800 1911 famulantibus,
2834 1844 2927 1898 cui
2958 1847 3044 1899 vir
3074 1863 3318 1902 summa:
3337 1848 3634 1922 religionis
3657 1868 3722 1908 ac

2078 1927 2354 1982 doctrina:
2375 1929 2756 1985 Chuonradus
2787 1932 3098 2004 episcopus
3157 1936 3439 2006 regimine
3470 1937 3722 2008 spiritali

2078 2017 2384 2088 praefectus
2424 2034 2551 2074 esse
2580 2017 2808 2074 videtur
2837 2020 3021 2092 (725);
3047 2038 3114 2077 ea
3145 2026 3337 2079 tamen
3391 2026 3723 2084 conditione

2078 2110 2142 2161 ut
2171 2123 2296 2178 ego,
2330 2108 2594 2163 eamdem
2610 2109 2681 2164 ad
2709 2125 2800 2164 me
2832 2109 3117 2182 recipiens
3157 2113 3588 2184 proprietatem,
3631 2114 3720 2171 vel

2078 2193 2228 2250 alius
2258 2196 2522 2266 ejusdem
2555 2197 2956 2263 fraternitatis,
2995 2217 3406 2272 quemcunque
3461 2202 3718 2272 voluero,

2077 2299 2319 2338 censum
2338 2284 2471 2338 inde
2494 2282 2861 2355 persolvat,id
2886 2288 3237 2361 estsingulis
3262 2291 3596 2362 quibusque
3617 2279 3721 2346 ab-

2079 2371 2214 2425 hinc
2241 2372 2299 2425 in
2333 2377 2631 2443 posterum
2663 2373 2856 2439 annis,
2890 2374 3199 2432 festivitate
3228 2378 3286 2432 S.
3321 2379 3506 2450 patris
3537 2375 3722 2434 nostri

2077 2476 2143 2515 ac
2166 2460 2511 2515 venerabilis
2538 2478 2698 2532 papae
2727 2463 2986 2534 Gregorii
3017 2463 3162 2536 (726)
3199 2466 3490 2536 praedictis
3526 2465 3724 2522 fratri-

2077 2547 2380 2612 bus.sicut
2409 2549 2689 2604 canonica
2748 2552 3101 2608 monstrabit
3153 2554 3374 2624 regula,
3436 2555 3724 2610 serviatur

2077 2638 2244 2709 (727).
2271 2637 2478 2692 Actum
2504 2637 2852 2693 Constantia
2876 2645 3084 2711 quarta
3108 2642 3188 2696 Id.
3217 2641 3723 2713 Martii,praasente

2076 2732 2134 2781 et
2163 2726 2498 2780 confavente
2521 2725 2794 2798 praedicto
2816 2727 3091 2782 advocato
3115 2745 3243 2783 meo
3265 2727 3590 2795 Uodalrico,
3615 2744 3721 2784 nec

2076 2832 2189 2869 non
2224 2818 2281 2869 et
2312 2813 2442 2869 aliis
2475 2815 2743 2878 testibus,
2777 2831 3028 2885 quorum
3060 2817 3394 2887 subscripta
3437 2821 3579 2872 sunt
3622 2833 3721 2872 no-

2078 2904 2274 2958 mina:
2335 2902 2653 2957 Eberhard.
2716 2902 2995 2958 Liutfred.
3073 2903 3388 2960 Hildibold.
3475 2904 3716 2962 Chuzzo.

2076 2996 2332 3062 Cozpret.
2384 2991 2668 3062 Adilpret.
2733 2987 3044 3048 Mereboto.
3104 2992 3384 3065 Liutpret.
3444 2993 3717 3067 Sigibert.

2077 3079 2384 3151 Hadcpert.
2409 3079 2658 3151 Dietger.
2695 3082 2889 3134 Wcrn.
2927 3080 3185 3153 Adilgoz.
3213 3104 3240 3130 ››

313 3202 664 3269 tribuerent,
693 3203 966 3261 dixerunt
985 3206 1142 3262 hunc
1163 3225 1291 3264 esse
1314 3209 1611 3277 clericum,
1639 3228 1743 3267 nec
1765 3228 1964 3266 eorum
1999 3233 2040 3298 ρ
2079 3189 2106 3254 §
2135 3186 2198 3240 Χ·
2233 3185 2504 3254 θυωηθίίο
2535 3187 3076 3298 (Ῐααίδῖυτξηξξξξξξιηι
3130 3191 3526 3242 monaswm‘m
3580 3201 3718 3242 eo"-

321 3290 675 3347 hereditatis
707 3293 999 3366 indigum,
1031 3313 1098 3352 ex
1115 3297 1490 3354 facultatibus
1527 3299 1786 3355 Ecclesiae
1823 3301 1966 3355 satis

327 3378 793 3451 opulentum.llle
815 3382 935 3439 haec
957 3385 1202 3440 audiens
1224 3403 1356 3442 cum
1381 3388 1539 3459 gravi
1562 3389 1968 3460 indignatione

317 3467 644 3540 portionem
657 3487 828 3526 suam
853 3474 1193 3544 exquirebat
1218 3476 1598 3546 ;et,quoniam
1619 3477 1971 3548 eloquentis-

316 3555 508 3613 simus
537 3563 666 3613 erat
684 3563 741 3614 et
759 3561 982 3627 efﬁcax,
1003 3562 1472 3620 comminabatur
1493 3565 1578 3619 eis
1592 3566 1659 3619 ad
1692 3565 1966 3620 ultimum

316 3647 475 3718 quia,
496 3646 548 3702 si
569 3653 778 3718 sponte
796 3648 909 3704 sibi
925 3650 1027 3720 jus
1049 3650 1405 3707 hereditatis
1430 3670 1547 3707 sua:
1570 3651 1792 3708 nollent
1809 3655 1968 3718 dare,

315 3752 374 3791 se
393 3753 564 3792 arma
583 3741 986 3808 sumpturum,
1011 3755 1193 3812 seque
1218 3741 1411 3813 gladio
1434 3742 1834 3797 defensurum.
1857 3744 1970 3797 Ita-

314 3841 445 3896 que,
479 3825 595 3880 hoc
631 3825 836 3881 auditu
870 3828 1276 3899 percipientes,
1311 3831 1474 3885 inviti
1507 3831 1767 3886 fecerunt
1816 3832 1970 3902 quod

314 3919 525 3986 sponte
557 3913 897 3986 noluerunt,
930 3917 1100 3988 eique
1131 3924 1354 3990 partem
1414 3937 1583 3975 suam
1625 3938 1694 3976 ex
1748 3920 1972 3991 integro

312 4005 715 4068 tradiderunt.

487 4122 518 4187 §
549 4120 644 4175 IX.
678 4125 759 4176 De
789 4119 875 4177 his
906 4138 1031 4194 quae
1060 4123 1132 4178 ad
1153 4123 1527 4182 Constantiam
1557 4126 1801 4182 tradidit.

385 4232 464 4281 At
495 4226 616 4290 ille,
651 4227 930 4298 quoniam
982 4229 1073 4284 lex
1109 4231 1203 4285 Dei
1264 4227 1414 4286 erat'
1453 4232 1507 4286 in
1541 4234 1714 4287 corde
1765 4234 1974 4306 ipsius,

313 4316 572 4372 terrenis
605 4315 823 4372 divitiis
844 4333 959 4372 non
992 4317 1353 4390 supplantati
1388 4324 1526 4374 sunt
1547 4338 1787 4392 gressus
1827 4325 1978 4394 ejus,

313 4405 420 4461 sed
446 4405 523 4458 ad
556 4403 866 4460 ecclesiam
915 4410 971 4459 S.
1006 4406 1198 4461 Marize
1230 4409 1582 4464 Constantize
1645 4411 1795 4482 (7l9)
1847 4431 1978 4484 par-

315 4499 440 4550 tem
456 4492 818 4565 praadiorum
845 4510 1089 4551 suorum
1104 4498 1468 4568 temporibus
1492 4499 1670 4554 beata:
1687 4503 1980 4556 memorire

2767 3261 3020 3313 strueret.

2147 3345 2290 3400 Cum
2314 3349 2508 3399 autem
2534 3344 2751 3416 placuit
2782 3344 2945 3416 eiqui
2979 3363 3111 3401 eum
3137 3345 3389 3401 mirabili
3412 3345 3616 3400 ordine
3645 3345 3717 3400 dc

2080 3439 2242 3488 utero
2276 3434 2481 3488 matris
2503 3452 2620 3489 sum
2654 3435 2996 3505 segregavit,
3033 3439 3090 3489 et
3116 3435 3337 3490 vocavit
3349 3452 3452 3506 per
3469 3434 3719 3506 gratiam

2080 3539 2249 3578 suam
2282 3527 2344 3576 ut
2375 3528 2534 3578 esset
2564 3523 2619 3576 in
2655 3523 2826 3577 domo
2858 3522 3090 3578 Domini
3121 3523 3361 3579 lucerna
3390 3524 3603 3578 ardens
3665 3524 3725 3576 et

2078 3611 2300 3677 lucens,
2334 3611 2608 3665 continuo
2661 3628 2774 3666 non
2807 3611 3095 3683 acquievit
3133 3613 3291 3666 carni
3347 3618 3406 3667 et
3452 3609 3726 3682 sanguini

2082 3706 2147 3755 ut
2175 3698 2502 3772 indulgeret
2529 3699 2646 3754 otio
2679 3699 2765 3755 vel
2825 3699 3135 3771 voluptati,
3196 3701 3297 3754 sed
3351 3705 3546 3754 mente
3603 3705 3728 3780 per-

2081 3794 2340 3844 tractans
2397 3789 2689 3858 quomodo
2733 3789 2801 3842 ad
2861 3789 2970 3842 hoc
3041 3792 3277 3842 vocatus
3359 3791 3484 3840 erat
3537 3790 3604 3840 ut
3668 3785 3727 3840 in

2080 3878 2248 3932 vinea
2277 3875 2506 3931 Domini
2531 3876 2841 3940 laboraret,
2860 3890 3106 3946 eamque
3127 3873 3411 3929 excoleret
3435 3877 3493 3929 et
3523 3869 3728 3928 melio-

2085 3970 2257 4030 raret,
2287 3965 2459 4034 coepit
2480 3963 2828 4035 investigare
2852 3980 2952 4036 per
2972 3962 3280 4019 consilium
3308 3961 3560 4035 Spiritus
3596 3965 3730 4018 san-

2086 4055 2129 4108 ti
2153 4069 2266 4124 quo
2294 4051 2527 4124 ingenio
2552 4069 2634 4121 se,
2657 4051 2832 4108 veluti
2857 4051 3116 4118 damula,
3141 4055 3438 4108 excuteret
3457 4051 3527 4106 de
3549 4051 3731 4122 huius

2088 4142 2294 4197 mundi
2318 4141 2605 4211 decipula,
2623 4149 2708 4206 ut,
2731 4140 2907 4197 veluti
2933 4141 3206 4196 Hebraeus
3238 4157 3462 4207 servus,
3487 4139 3735 4212 septimo

2089 4246 2260 4295 anno,
2296 4229 2402 4284 hoc
2425 4235 2530 4296 est,
2567 4236 2698 4300 post
2729 4233 3053 4286 transactos
3072 4230 3300 4286 labores
3323 4229 3501 4300 hujus
3523 4227 3729 4284 mundi

2091 4320 2237 4374 liber
2255 4319 2509 4373 Sabbata
2526 4335 2694 4390 agere
2719 4323 2914 4390 posset
2944 4319 3002 4374 in
3036 4321 3189 4375 804
3211 4318 3444 4374 Saecula.
3477 4317 3740 4389 Denique

2092 4409 2252 4463 omni
2285 4407 2609 4462 intentione
2641 4408 2981 4479 exquirebat
3011 4425 3266 4479 quonam
3299 4407 3470 4461 modo
3511 4406 3740 4460 Christo

2093 4495 2516 4566 acceptissima,
2578 4512 2942 4567 quaecunque
3000 4497 3250 4551 habebat
3303 4493 3391 4548 vel
3439 4494 3742 4564 acquirere

317 4581 624 4639 Kuonradi
657 4582 923 4653 presulis
955 4585 1214 4652 tradidit,
1249 4602 1426 4657 super
1463 4603 1588 4657 qua:
1607 4587 1721 4643 tale
1753 4589 1984 4660 privile-
2021 4601 2063 4663 ι)
2095 4588 2342 4656 poterat,
2403 4583 2608 4639 offerre
2649 4583 2966 4654 quivisset:
3000 4587 3056 4637 et
3093 4581 3207 4637 tale
3238 4582 3476 4636 demum
3525 4578 3743 4650 reperit

314 4673 488 4745 gium
521 4669 660 4725 fecit
688 4689 701 4725 :

387 4795 550 4878 (718)
579 4793 836 4882 Deperiit
864 4797 982 4853 hinc
1012 4798 1140 4882 vitae
1174 4800 1232 4854 S.
1265 4799 1605 4882 .G‘ebehardi
1666 4801 1919 4882 Historia
1950 4820 1984 4882 εξ.

319 4875 602 4922 Chronici
667 4875 846 4938 hujus
895 4875 1132 4925 auctore
1165 4875 1418 4940 scripta;
1455 4889 1583 4942 quae
1617 4875 1773 4926 enim
1825 4875 1980 4943 apud

319 4939 750 4995 Bollandianos
779 4944 822 4994 t.
858 4943 932 5014 VI
972 4943 1121 5014 Aug.
1175 4959 1261 5014 p.”
1285 4943 1389 4996 115
1436 4942 1744 5009 habetur,a
1774 4944 1985 4998 Manlio

321 5027 456 5086 sese.
496 5026 594 5066 ινι
655 5027 723 5065 ex
769 5012 1091 5066 seniorum'
1116 5012 1440 5086 traditione
1488 5017 1820 5086 conscripta
1875 5021 1984 5081 est,

321 5081 588 5137 multum
630 5085 827 5137 tamen
886 5085 1156 5139 convenit
1212 5101 1345 5138 cum
1407 5085 1478 5139 iis
1531 5102 1656 5156 quze
1707 5081 1800 5140 hic
1861 5104 1989 5140 nar-

317 4869 602 4922 Chronici

323 5160 565 5209 rantur.

396 5225 558 5296 (719)
580 5225 1047 5281 Constantiensis
1068 5224 1322 5281 ecclesia:
1347 5225 1699 5292 cathedralis
1726 5228 1991 5282 canonici

325 5311 716 5350 communem
749 5301 890 5351 tunc
911 5298 1085 5353 vitam
1113 5299 1382 5364 agebant,
1415 5299 1567 5352 unde
1587 5303 1641 5352 et
1667 5299 1874 5353 fratres
1894 5317 1991 5354 vo-

326 5368 648 5441 cabantur,
684 5367 1367 5441 ipsorumquehabitatio
1435 5369 1782 5424 czenobium.
1829 5371 1997 5441 (Gea-

328 5440 676 5511 sna'r.i_Hr'§t.
700 5439 801 5511 Sil.
836 5439 1034 5510 Nig.’t.
1069 5439 1107 5504 l,
1140 5457 1196 5511 p.
1225 5440 1370 5510 154.)

401 5509 560 5582 (7'20)
589 5509 960 5582 Ergohabuit
989 5509 1216 5579 fratres,
1247 5509 1426 5582 supra
1447 5512 1804 5576 nominatos,
1831 5529 2000 5568 secus

332 5597 400 5636 ac
430 5581 642 5654 Lanius
660 5581 909 5654 aliisque
942 5583 1230 5654 sentiunt;
1266 5581 1335 5636 ac
1353 5583 1495 5638 forte
1528 5583 1651 5654 ipse
1675 5584 1802 5653 ejus
1828 5584 2000 5641 advo-

333 5656 511 5708 catus
542 5651 1018 5711 Udalricu'sinter
1043 5653 1173 5711 illos
1199 5659 1343 5710 erat.

2097 4671 2582 4737 consilium,nihil
2603 4688 2721 4726 suae
2749 4669 2926 4726 satuti
2947 4669 3156 4726 melius
3172 4670 3545 4742 profuturum
3565 4673 3743 4740 quam

2163 4797 2311 4867 (721)
2343 4793 2708 4851 Oberdorfin
2732 4793 2988 4865 capitulo
3012 4793 3189 4867 rurali
3211 4792 3602 4867 Lindaviensi.

2165 4799 2283 4867 (721
2343 4799 2708 4851 Oberdorfin
2732 4799 2988 4865 capitulo
3012 4799 3189 4850 rurali
3211 4799 3602 4848 Lindaviensi.

2165 4799 2731 4939 (72?;Videtur‘esse
2761 4865 3129 4939 Heggelbach
3180 4867 3238 4920 in
3285 4864 3461 4938 capit.
3498 4865 3748 4922 stensi

2092 4942 2202 5008 §34
2224 4937 2646 5009 Hagilimbach.

2167 5010 2322 5089 (7:123)
2353 5009 2787 5089 Dillaﬁngenﬁin
2821 5009 3076 5089 capitulo
3109 5009 3385 5089 Linzgav;

2170 5076 2322 5159 (72’s)
2355 5076 2786 5159 Liggerstorfin
2810 5076 2984 5152 capit.
3015 5076 3325 5159 Stockach.
3361 5080 3508 5159 Loca
3530 5076 3753 5159 scilicet

2101 5151 2360 5227 inpagis
2395 5152 2696 5222 Linzgove.
2723 5151 2968 5227 liegofve
3002 5159 3060 5208 et
3091 5153 3318 5227 Algove,
3369 5151 3466 5203 ubi
3493 5153 3752 5218 paternze

2105 5223 2488 5300 posessiopcs
2505 5226 2688 5300 erant.
2723 5223 2852 5278 Vid'.
2881 5223 3188 5300 infra

2175 5299 2322 5380 (725)
2355 5297 2414 5349 S.
2450 5295 2750 5380 Cotlradus
2772 5313 2866 5350 an.
2894 5285 3151 5350 97lioljiit
3179 5312 3191 5360 ;
3217 5292 3394 5363 igitur
3413 5287 3532 5342 haee
3553 5285 3755 5341 charta

2107 5365 2270 5442 prius
2296 5365 2421 5442 jam
2454 5365 2598 5442 data
2621 5365 2746 5442 fuit.
2786 5437 2796 5442 _
2826 5437 2838 5442 _
2949 5437 2963 5442 _

2182 5430 2328 5510 (726)
2357 5441 2518 5514 Patet
2543 5437 2678 5514 hinc
2701 5437 3068 5514 Gebhardum
3096 5434 3274 5514 etiam
3290 5434 3421 5513 ante
3443 5430 3753 5514 fundatum

2112 5503 2534 5566 monasterium
2566 5512 2621 5561 et
2643 5513 2908 5576 acceptas
2933 5513 3112 5560 Roma
3146 5503 3424 5574 reliquias
3477 5503 3755 5559 eximium

2111 5583 2172 5638 S.
2209 5579 2465 5652 Gregorii
2492 5595 2652 5652 papa:
2686 5579 2865 5652 fuisse
2889 5576 3190 5632 cultorem.

2187 5650 2347 5723 (727)
2361 5651 2489 5706 Vid.
2517 5650 2668 5705 infra
2697 5651 2724 5716 §
2749 5650 2837 5703 34.
