  <div class='ocr_page' id='page_1' title='image "/cluster/home/n/w/nwhite01/storage/ocr_20150623/143/hvd.32044054760038/161.png"; bbox 0 0 4152 6186; ppageno 0'>
   <div class='ocr_carea' id='block_1_1' title="bbox 357 295 473 363">
    <p class='ocr_par' dir='ltr' id='par_1_1' title="bbox 357 295 473 363">
     <span class='ocr_line' id='line_1_1' title="bbox 357 295 473 363; baseline -0.009 0"><span class='ocrx_word' id='word_1_1' title='bbox 357 295 473 363; x_wconf 83' lang='lat'>307</span> 
     </span>
    </p>
   </div>
   <div class='ocr_carea' id='block_1_2' title="bbox 1052 299 1975 372">
    <p class='ocr_par' dir='ltr' id='par_1_2' title="bbox 1052 299 1975 369">
     <span class='ocr_line' id='line_1_2' title="bbox 1052 299 1975 369; baseline 0 -2"><span class='ocrx_word' id='word_1_2' title='bbox 1052 299 1450 369; x_wconf 83' lang='lat' dir='ltr'>APPENDIX</span> <span class='ocrx_word' id='word_1_3' title='bbox 1494 307 1598 368; x_wconf 85' lang='lat' dir='ltr'><strong>AD</strong></span> <span class='ocrx_word' id='word_1_4' title='bbox 1644 302 1975 368; x_wconf 81' lang='lat' dir='ltr'>CHRONIC</span> 
     </span>
    </p>
   </div>
   <div class='ocr_carea' id='block_1_3' title="bbox 2098 299 3059 372">
    <p class='ocr_par' dir='ltr' id='par_1_3' title="bbox 2135 306 3059 372">
     <span class='ocr_line' id='line_1_3' title="bbox 2135 306 3059 372; baseline 0.003 -5"><span class='ocrx_word' id='word_1_5' title='bbox 2135 306 2546 370; x_wconf 79' lang='lat' dir='ltr'>HERMANNI</span> <span class='ocrx_word' id='word_1_6' title='bbox 2593 307 3059 372; x_wconf 80' lang='lat' dir='ltr'>CONTRAC&#39;I‘I.</span> 
     </span>
    </p>
   </div>
   <div class='ocr_carea' id='block_1_4' title="bbox 3633 297 3752 368">
    <p class='ocr_par' dir='ltr' id='par_1_4' title="bbox 3633 297 3752 368">
     <span class='ocr_line' id='line_1_4' title="bbox 3633 297 3752 368; baseline -0.017 0"><span class='ocrx_word' id='word_1_7' title='bbox 3633 297 3752 368; x_wconf 83' lang='lat'>308</span> 
     </span>
    </p>
   </div>
   <div class='ocr_carea' id='block_1_5' title="bbox 353 410 3755 516">
    <p class='ocr_par' dir='ltr' id='par_1_5' title="bbox 353 410 3755 516">
     <span class='ocr_line' id='line_1_5' title="bbox 353 410 3755 516; baseline 0 -22"><span class='ocrx_word' id='word_1_8' title='bbox 353 425 694 494; x_wconf 82' lang='lat' dir='ltr'>construere</span> <span class='ocrx_word' id='word_1_9' title='bbox 719 438 1160 507; x_wconf 83' lang='lat' dir='ltr'>monasterium,</span> <span class='ocrx_word' id='word_1_10' title='bbox 1195 410 1484 510; x_wconf 82' lang='lat' dir='ltr'>coepitque</span> <span class='ocrx_word' id='word_1_11' title='bbox 1513 440 1706 495; x_wconf 87' lang='lat' dir='ltr'>locum</span> <span class='ocrx_word' id='word_1_12' title='bbox 1739 456 1997 510; x_wconf 85' lang='lat' dir='ltr'>quaerere</span> <span class='ocrx_word' id='word_1_13' title='bbox 2024 441 2078 507; x_wconf 79' lang='grc' dir='ltr'><strong>Α</strong></span> <span class='ocrx_word' id='word_1_14' title='bbox 2109 439 2288 512; x_wconf 86' lang='lat' dir='ltr'>ligna,</span> <span class='ocrx_word' id='word_1_15' title='bbox 2323 458 2511 513; x_wconf 91' lang='lat' dir='ltr'>neque</span> <span class='ocrx_word' id='word_1_16' title='bbox 2531 460 2749 514; x_wconf 87' lang='lat' dir='ltr'>pascua</span> <span class='ocrx_word' id='word_1_17' title='bbox 2779 444 2992 500; x_wconf 82' lang='lat' dir='ltr'>habere</span> <span class='ocrx_word' id='word_1_18' title='bbox 3023 446 3310 516; x_wconf 85' lang='lat' dir='ltr'>poterant,</span> <span class='ocrx_word' id='word_1_19' title='bbox 3334 439 3452 497; x_wconf 85' lang='lat' dir='ltr'>tale</span> <span class='ocrx_word' id='word_1_20' title='bbox 3473 441 3577 512; x_wconf 86' lang='lat' dir='ltr'>jus</span> <span class='ocrx_word' id='word_1_21' title='bbox 3634 439 3755 496; x_wconf 89' lang='lat' dir='ltr'>illis</span> 
     </span>
    </p>
   </div>
   <div class='ocr_carea' id='block_1_6' title="bbox 346 526 1991 599">
    <p class='ocr_par' dir='ltr' id='par_1_6' title="bbox 346 526 1991 599">
     <span class='ocr_line' id='line_1_6' title="bbox 346 526 1991 599; baseline -0.001 -16"><span class='ocrx_word' id='word_1_22' title='bbox 346 526 485 583; x_wconf 90' lang='lat' dir='ltr'>huic</span> <span class='ocrx_word' id='word_1_23' title='bbox 517 530 715 598; x_wconf 91' lang='lat' dir='ltr'>aptum</span> <span class='ocrx_word' id='word_1_24' title='bbox 749 527 1014 594; x_wconf 91' lang='lat' dir='ltr'>consilio,</span> <span class='ocrx_word' id='word_1_25' title='bbox 1042 528 1100 583; x_wconf 91' lang='lat' dir='ltr'>in</span> <span class='ocrx_word' id='word_1_26' title='bbox 1136 545 1248 599; x_wconf 88' lang='lat' dir='ltr'>quo</span> <span class='ocrx_word' id='word_1_27' title='bbox 1281 528 1616 584; x_wconf 73' lang='lat' dir='ltr'>satisfacere</span> <span class='ocrx_word' id='word_1_28' title='bbox 1644 531 1841 599; x_wconf 82' lang='lat' dir='ltr'>posset</span> <span class='ocrx_word' id='word_1_29' title='bbox 1885 545 1991 583; x_wconf 90' lang='lat' dir='ltr'>suo</span> 
     </span>
    </p>
   </div>
   <div class='ocr_carea' id='block_1_7' title="bbox 346 615 1993 688">
    <p class='ocr_par' dir='ltr' id='par_1_7' title="bbox 346 615 1993 688">
     <span class='ocr_line' id='line_1_7' title="bbox 346 615 1993 688; baseline 0.001 -17"><span class='ocrx_word' id='word_1_30' title='bbox 346 615 653 671; x_wconf 90' lang='lat' dir='ltr'>desiderio.</span> <span class='ocrx_word' id='word_1_31' title='bbox 683 616 944 688; x_wconf 86' lang='lat' dir='ltr'>Cumque</span> <span class='ocrx_word' id='word_1_32' title='bbox 977 617 1034 671; x_wconf 91' lang='lat' dir='ltr'>in</span> <span class='ocrx_word' id='word_1_33' title='bbox 1069 619 1322 688; x_wconf 89' lang='lat' dir='ltr'>quodam</span> <span class='ocrx_word' id='word_1_34' title='bbox 1353 617 1475 672; x_wconf 92' lang='lat' dir='ltr'>loco</span> <span class='ocrx_word' id='word_1_35' title='bbox 1535 617 1643 671; x_wconf 91' lang='lat' dir='ltr'>hac</span> <span class='ocrx_word' id='word_1_36' title='bbox 1695 634 1762 671; x_wconf 76' lang='lat' dir='ltr'>ex</span> <span class='ocrx_word' id='word_1_37' title='bbox 1815 634 1993 672; x_wconf 86' lang='lat' dir='ltr'>causa</span> 
     </span>
    </p>
   </div>
   <div class='ocr_carea' id='block_1_8' title="bbox 349 704 1989 776">
    <p class='ocr_par' dir='ltr' id='par_1_8' title="bbox 349 704 1989 776">
     <span class='ocr_line' id='line_1_8' title="bbox 349 704 1989 776; baseline 0 -16"><span class='ocrx_word' id='word_1_38' title='bbox 349 708 992 776; x_wconf 88' lang='lat' dir='ltr'>pernoctaret,eumque</span> <span class='ocrx_word' id='word_1_39' title='bbox 1006 710 1125 761; x_wconf 89' lang='lat' dir='ltr'>tota</span> <span class='ocrx_word' id='word_1_40' title='bbox 1139 711 1304 768; x_wconf 86' lang='lat' dir='ltr'>nocte</span> <span class='ocrx_word' id='word_1_41' title='bbox 1319 705 1621 761; x_wconf 89' lang='lat' dir='ltr'>ranunculi</span> <span class='ocrx_word' id='word_1_42' title='bbox 1637 704 1989 760; x_wconf 83' lang='lat' dir='ltr'>clamoribus</span> 
     </span>
    </p>
   </div>
   <div class='ocr_carea' id='block_1_9' title="bbox 349 793 1984 865">
    <p class='ocr_par' dir='ltr' id='par_1_9' title="bbox 349 793 1984 865">
     <span class='ocr_line' id='line_1_9' title="bbox 349 793 1984 865; baseline -0.001 -17"><span class='ocrx_word' id='word_1_43' title='bbox 349 809 419 848; x_wconf 84' lang='lat' dir='ltr'>ex</span> <span class='ocrx_word' id='word_1_44' title='bbox 446 793 658 865; x_wconf 85' lang='lat' dir='ltr'>palude</span> <span class='ocrx_word' id='word_1_45' title='bbox 705 793 1117 865; x_wconf 76' lang='lat' dir='ltr'>inquietarent,</span> <span class='ocrx_word' id='word_1_46' title='bbox 1159 799 1213 848; x_wconf 90' lang='lat' dir='ltr'>et</span> <span class='ocrx_word' id='word_1_47' title='bbox 1260 811 1392 848; x_wconf 83' lang='lat' dir='ltr'>eum</span> <span class='ocrx_word' id='word_1_48' title='bbox 1443 794 1535 848; x_wconf 89' lang='lat' dir='ltr'>die</span> <span class='ocrx_word' id='word_1_49' title='bbox 1586 794 1734 848; x_wconf 90' lang='lat' dir='ltr'>facta</span> <span class='ocrx_word' id='word_1_50' title='bbox 1795 794 1984 848; x_wconf 90' lang='lat' dir='ltr'>locum</span> 
     </span>
    </p>
   </div>
   <div class='ocr_carea' id='block_1_10' title="bbox 347 880 1986 954">
    <p class='ocr_par' dir='ltr' id='par_1_10' title="bbox 347 880 1986 954">
     <span class='ocr_line' id='line_1_10' title="bbox 347 880 1986 954; baseline -0.001 -17"><span class='ocrx_word' id='word_1_51' title='bbox 347 880 715 948; x_wconf 87' lang='lat' dir='ltr'>lustraret,ut</span> <span class='ocrx_word' id='word_1_52' title='bbox 735 881 781 937; x_wconf 88' lang='lat' dir='ltr'>si</span> <span class='ocrx_word' id='word_1_53' title='bbox 805 883 874 936; x_wconf 90' lang='lat' dir='ltr'>ad</span> <span class='ocrx_word' id='word_1_54' title='bbox 897 883 1023 952; x_wconf 90' lang='lat' dir='ltr'>ejus</span> <span class='ocrx_word' id='word_1_55' title='bbox 1044 886 1239 936; x_wconf 85' lang='lat' dir='ltr'>votum</span> <span class='ocrx_word' id='word_1_56' title='bbox 1263 882 1422 936; x_wconf 78' lang='lat' dir='ltr'>utilis</span> <span class='ocrx_word' id='word_1_57' title='bbox 1441 887 1594 937; x_wconf 86' lang='lat' dir='ltr'>esset</span> <span class='ocrx_word' id='word_1_58' title='bbox 1617 882 1986 954; x_wconf 82' lang='lat' dir='ltr'>perspiceret,</span> 
     </span>
    </p>
   </div>
   <div class='ocr_carea' id='block_1_11' title="bbox 347 971 1981 1042">
    <p class='ocr_par' dir='ltr' id='par_1_11' title="bbox 347 971 1981 1042">
     <span class='ocr_line' id='line_1_11' title="bbox 347 971 1981 1042; baseline -0.001 -16"><span class='ocrx_word' id='word_1_59' title='bbox 347 971 736 1042; x_wconf 85' lang='lat' dir='ltr'>interrogasse</span> <span class='ocrx_word' id='word_1_60' title='bbox 767 971 951 1024; x_wconf 85' lang='lat' dir='ltr'>fertur</span> <span class='ocrx_word' id='word_1_61' title='bbox 982 987 1094 1041; x_wconf 91' lang='lat' dir='ltr'>quo</span> <span class='ocrx_word' id='word_1_62' title='bbox 1124 971 1403 1026; x_wconf 89' lang='lat' dir='ltr'>vocabulo</span> <span class='ocrx_word' id='word_1_63' title='bbox 1425 972 1647 1027; x_wconf 88' lang='lat' dir='ltr'>censeri</span> <span class='ocrx_word' id='word_1_64' title='bbox 1671 971 1981 1036; x_wconf 87' lang='lat' dir='ltr'>deberet,si</span> 
     </span>
    </p>
   </div>
   <div class='ocr_carea' id='block_1_12' title="bbox 349 1059 1986 1129">
    <p class='ocr_par' dir='ltr' id='par_1_12' title="bbox 349 1059 1986 1129">
     <span class='ocr_line' id='line_1_12' title="bbox 349 1059 1986 1129; baseline 0 -14"><span class='ocrx_word' id='word_1_65' title='bbox 349 1059 496 1115; x_wconf 91' lang='lat' dir='ltr'>cella</span> <span class='ocrx_word' id='word_1_66' title='bbox 517 1060 594 1112; x_wconf 91' lang='lat' dir='ltr'>ibi</span> <span class='ocrx_word' id='word_1_67' title='bbox 627 1062 960 1113; x_wconf 90' lang='lat' dir='ltr'>constructa</span> <span class='ocrx_word' id='word_1_68' title='bbox 981 1059 1236 1114; x_wconf 86' lang='lat' dir='ltr'>fuisset?</span> <span class='ocrx_word' id='word_1_69' title='bbox 1255 1061 1714 1129; x_wconf 57' lang='lat' dir='ltr'>Unuszcontinuo</span> <span class='ocrx_word' id='word_1_70' title='bbox 1737 1077 1805 1115; x_wconf 79' lang='lat' dir='ltr'>ex</span> <span class='ocrx_word' id='word_1_71' title='bbox 1826 1061 1986 1118; x_wconf 87' lang='lat' dir='ltr'>obse-</span> 
     </span>
    </p>
   </div>
   <div class='ocr_carea' id='block_1_13' title="bbox 348 1146 1983 1218">
    <p class='ocr_par' dir='ltr' id='par_1_13' title="bbox 348 1146 1983 1218">
     <span class='ocr_line' id='line_1_13' title="bbox 348 1146 1983 1218; baseline 0.001 -18"><span class='ocrx_word' id='word_1_72' title='bbox 348 1147 485 1218; x_wconf 89' lang='lat' dir='ltr'>quio</span> <span class='ocrx_word' id='word_1_73' title='bbox 515 1147 703 1217; x_wconf 88' lang='lat' dir='ltr'>ipsius</span> <span class='ocrx_word' id='word_1_74' title='bbox 733 1146 1051 1217; x_wconf 86' lang='lat' dir='ltr'>respondit,</span> <span class='ocrx_word' id='word_1_75' title='bbox 1080 1148 1535 1202; x_wconf 84' lang='lat' dir='ltr'>ranunculorum</span> <span class='ocrx_word' id='word_1_76' title='bbox 1578 1147 1794 1203; x_wconf 90' lang='lat' dir='ltr'>Cellam</span> <span class='ocrx_word' id='word_1_77' title='bbox 1855 1164 1983 1202; x_wconf 88' lang='lat' dir='ltr'>eam</span> 
     </span>
    </p>
   </div>
   <div class='ocr_carea' id='block_1_14' title="bbox 346 1235 1980 1307">
    <p class='ocr_par' dir='ltr' id='par_1_14' title="bbox 346 1235 1980 1307">
     <span class='ocr_line' id='line_1_14' title="bbox 346 1235 1980 1307; baseline 0.001 -17"><span class='ocrx_word' id='word_1_78' title='bbox 346 1235 556 1290; x_wconf 90' lang='lat' dir='ltr'>debere</span> <span class='ocrx_word' id='word_1_79' title='bbox 574 1235 922 1306; x_wconf 88' lang='lat' dir='ltr'>nuncupari,</span> <span class='ocrx_word' id='word_1_80' title='bbox 948 1252 1200 1306; x_wconf 91' lang='lat' dir='ltr'>quorum</span> <span class='ocrx_word' id='word_1_81' title='bbox 1231 1236 1472 1307; x_wconf 90' lang='lat' dir='ltr'>strepitu</span> <span class='ocrx_word' id='word_1_82' title='bbox 1507 1253 1605 1292; x_wconf 90' lang='lat' dir='ltr'>eos</span> <span class='ocrx_word' id='word_1_83' title='bbox 1636 1240 1801 1292; x_wconf 88' lang='lat' dir='ltr'>nocte</span> <span class='ocrx_word' id='word_1_84' title='bbox 1843 1254 1980 1292; x_wconf 93' lang='lat' dir='ltr'>con-</span> 
     </span>
    </p>
   </div>
   <div class='ocr_carea' id='block_1_15' title="bbox 340 1322 1983 1397">
    <p class='ocr_par' dir='ltr' id='par_1_15' title="bbox 340 1322 1983 1397">
     <span class='ocr_line' id='line_1_15' title="bbox 340 1322 1983 1397; baseline 0.001 -19"><span class='ocrx_word' id='word_1_85' title='bbox 340 1323 552 1394; x_wconf 87' lang='lat' dir='ltr'>tigerat</span> <span class='ocrx_word' id='word_1_86' title='bbox 574 1322 892 1379; x_wconf 90' lang='lat' dir='ltr'>molestari.</span> <span class='ocrx_word' id='word_1_87' title='bbox 909 1324 1088 1379; x_wconf 86' lang='lat' dir='ltr'>Atille</span> <span class='ocrx_word' id='word_1_88' title='bbox 1107 1325 1281 1396; x_wconf 82' lang='lat' dir='ltr'>:«Neq</span> <span class='ocrx_word' id='word_1_89' title='bbox 1295 1325 1983 1397; x_wconf 86' lang='lat' dir='ltr'>uaquam,inquiens,boc</span> 
     </span>
    </p>
   </div>
   <div class='ocr_carea' id='block_1_16' title="bbox 338 1410 1982 1486">
    <p class='ocr_par' dir='ltr' id='par_1_16' title="bbox 338 1410 1982 1486">
     <span class='ocr_line' id='line_1_16' title="bbox 338 1410 1982 1486; baseline 0.002 -20"><span class='ocrx_word' id='word_1_90' title='bbox 338 1410 400 1467; x_wconf 89' lang='lat' dir='ltr'>in</span> <span class='ocrx_word' id='word_1_91' title='bbox 431 1410 556 1467; x_wconf 91' lang='lat' dir='ltr'>loco</span> <span class='ocrx_word' id='word_1_92' title='bbox 589 1415 976 1482; x_wconf 89' lang='lat' dir='ltr'>construetur,</span> <span class='ocrx_word' id='word_1_93' title='bbox 1010 1413 1060 1467; x_wconf 89' lang='lat' dir='ltr'>si</span> <span class='ocrx_word' id='word_1_94' title='bbox 1091 1413 1192 1468; x_wconf 91' lang='lat' dir='ltr'>tali</span> <span class='ocrx_word' id='word_1_95' title='bbox 1225 1414 1373 1469; x_wconf 86' lang='lat' dir='ltr'>fcedo</span> <span class='ocrx_word' id='word_1_96' title='bbox 1407 1414 1641 1469; x_wconf 90' lang='lat' dir='ltr'>nomine</span> <span class='ocrx_word' id='word_1_97' title='bbox 1662 1414 1982 1486; x_wconf 83' lang='lat' dir='ltr'>improbari</span> 
     </span>
    </p>
   </div>
   <div class='ocr_carea' id='block_1_17' title="bbox 340 1499 656 1558">
    <p class='ocr_par' dir='ltr' id='par_1_17' title="bbox 340 1499 656 1558">
     <span class='ocr_line' id='line_1_17' title="bbox 340 1499 656 1558; baseline 0.013 -3"><span class='ocrx_word' id='word_1_98' title='bbox 340 1499 592 1558; x_wconf 86' lang='lat' dir='ltr'>deberet.</span> <span class='ocrx_word' id='word_1_99' title='bbox 628 1523 656 1552; x_wconf 84' lang='lat'>»</span> 
     </span>
    </p>
   </div>
   <div class='ocr_carea' id='block_1_18' title="bbox 545 1591 1756 1664">
    <p class='ocr_par' dir='ltr' id='par_1_18' title="bbox 545 1591 1756 1664">
     <span class='ocr_line' id='line_1_18' title="bbox 545 1591 1756 1664; baseline 0.001 -18"><span class='ocrx_word' id='word_1_100' title='bbox 545 1592 574 1664; x_wconf 84' lang='lat'><strong>§</strong></span> <span class='ocrx_word' id='word_1_101' title='bbox 603 1591 694 1646; x_wconf 88' lang='lat' dir='ltr'>XI.</span> <span class='ocrx_word' id='word_1_102' title='bbox 730 1593 1001 1659; x_wconf 86' lang='lat' dir='ltr'>Quomodo</span> <span class='ocrx_word' id='word_1_103' title='bbox 1034 1593 1212 1646; x_wconf 84' lang='lat' dir='ltr'>locum</span> <span class='ocrx_word' id='word_1_104' title='bbox 1237 1594 1418 1662; x_wconf 84' lang='lat' dir='ltr'>ipsum</span> <span class='ocrx_word' id='word_1_105' title='bbox 1445 1594 1756 1664; x_wconf 78' lang='lat' dir='ltr'>acquisivit.</span> 
     </span>
    </p>
   </div>
   <div class='ocr_carea' id='block_1_19' title="bbox 411 1680 1978 1751">
    <p class='ocr_par' dir='ltr' id='par_1_19' title="bbox 411 1680 1978 1751">
     <span class='ocr_line' id='line_1_19' title="bbox 411 1680 1978 1751; baseline -0.001 -14"><span class='ocrx_word' id='word_1_106' title='bbox 411 1681 522 1737; x_wconf 93' lang='lat' dir='ltr'>Sed</span> <span class='ocrx_word' id='word_1_107' title='bbox 554 1680 691 1751; x_wconf 87' lang='lat' dir='ltr'>quia</span> <span class='ocrx_word' id='word_1_108' title='bbox 719 1680 789 1735; x_wconf 90' lang='lat' dir='ltr'>de</span> <span class='ocrx_word' id='word_1_109' title='bbox 843 1681 958 1736; x_wconf 89' lang='lat' dir='ltr'>Deo</span> <span class='ocrx_word' id='word_1_110' title='bbox 1019 1681 1331 1736; x_wconf 89' lang='lat' dir='ltr'>scribitur:</span> <span class='ocrx_word' id='word_1_111' title='bbox 1388 1683 1725 1736; x_wconf 83' lang='lat' dir='ltr'>Voluntatem</span> <span class='ocrx_word' id='word_1_112' title='bbox 1782 1682 1978 1735; x_wconf 84' lang='lat' dir='ltr'>timen-</span> 
     </span>
    </p>
   </div>
   <div class='ocr_carea' id='block_1_20' title="bbox 339 1763 1981 1840">
    <p class='ocr_par' dir='ltr' id='par_1_20' title="bbox 339 1763 1981 1840">
     <span class='ocr_line' id='line_1_20' title="bbox 339 1763 1981 1840; baseline 0.001 -16"><span class='ocrx_word' id='word_1_113' title='bbox 339 1773 481 1826; x_wconf 82' lang='lat' dir='ltr'>tium</span> <span class='ocrx_word' id='word_1_114' title='bbox 533 1785 588 1824; x_wconf 84' lang='lat' dir='ltr'>se</span> <span class='ocrx_word' id='word_1_115' title='bbox 634 1770 819 1838; x_wconf 78' lang='lat' dir='ltr'>faciet,</span> <span class='ocrx_word' id='word_1_116' title='bbox 879 1774 929 1824; x_wconf 85' lang='lat' dir='ltr'>et</span> <span class='ocrx_word' id='word_1_117' title='bbox 984 1769 1410 1840; x_wconf 81' lang='lat' dir='ltr'>deprecationem</span> <span class='ocrx_word' id='word_1_118' title='bbox 1467 1763 1654 1825; x_wconf 65' lang='lat' dir='ltr'>eorum</span> <span class='ocrx_word' id='word_1_119' title='bbox 1726 1769 1981 1826; x_wconf 73' lang='lat' dir='ltr'>exaudiet</span> 
     </span>
    </p>
   </div>
   <div class='ocr_carea' id='block_1_21' title="bbox 342 1857 1987 1930">
    <p class='ocr_par' dir='ltr' id='par_1_21' title="bbox 342 1857 1987 1930">
     <span class='ocr_line' id='line_1_21' title="bbox 342 1857 1987 1930; baseline 0.001 -17"><span class='ocrx_word' id='word_1_120' title='bbox 342 1859 513 1930; x_wconf 86' lang='lat' dir='ltr'>(Psal.</span> <span class='ocrx_word' id='word_1_121' title='bbox 547 1857 751 1928; x_wconf 75' lang='lat' dir='ltr'>cxmv),</span> <span class='ocrx_word' id='word_1_122' title='bbox 773 1857 946 1913; x_wconf 86' lang='lat' dir='ltr'>citius</span> <span class='ocrx_word' id='word_1_123' title='bbox 978 1858 1198 1913; x_wconf 86' lang='lat' dir='ltr'>famulo</span> <span class='ocrx_word' id='word_1_124' title='bbox 1222 1876 1349 1927; x_wconf 89' lang='lat' dir='ltr'>suo,</span> <span class='ocrx_word' id='word_1_125' title='bbox 1369 1863 1433 1914; x_wconf 92' lang='lat' dir='ltr'>ut</span> <span class='ocrx_word' id='word_1_126' title='bbox 1454 1860 1770 1924; x_wconf 88' lang='lat' dir='ltr'>credimus,</span> <span class='ocrx_word' id='word_1_127' title='bbox 1792 1858 1987 1914; x_wconf 91' lang='lat' dir='ltr'>locum</span> 
     </span>
    </p>
   </div>
   <div class='ocr_carea' id='block_1_22' title="bbox 343 1945 1987 2019">
    <p class='ocr_par' dir='ltr' id='par_1_22' title="bbox 343 1945 1987 2019">
     <span class='ocr_line' id='line_1_22' title="bbox 343 1945 1987 2019; baseline -0.001 -15"><span class='ocrx_word' id='word_1_128' title='bbox 343 1945 681 2015; x_wconf 88' lang='lat' dir='ltr'>ostendit,in</span> <span class='ocrx_word' id='word_1_129' title='bbox 706 1963 820 2018; x_wconf 91' lang='lat' dir='ltr'>quo</span> <span class='ocrx_word' id='word_1_130' title='bbox 837 1947 966 2018; x_wconf 83' lang='lat' dir='ltr'>ejus</span> <span class='ocrx_word' id='word_1_131' title='bbox 989 1947 1345 2003; x_wconf 90' lang='lat' dir='ltr'>desiderium</span> <span class='ocrx_word' id='word_1_132' title='bbox 1362 1947 1554 2018; x_wconf 79' lang='lat' dir='ltr'>perfici</span> <span class='ocrx_word' id='word_1_133' title='bbox 1579 1947 1816 2019; x_wconf 86' lang='lat' dir='ltr'>placuit.</span> <span class='ocrx_word' id='word_1_134' title='bbox 1841 1947 1987 2002; x_wconf 90' lang='lat' dir='ltr'>Nam</span> 
     </span>
    </p>
   </div>
   <div class='ocr_carea' id='block_1_23' title="bbox 343 2035 1989 2108">
    <p class='ocr_par' dir='ltr' id='par_1_23' title="bbox 343 2035 1989 2108">
     <span class='ocr_line' id='line_1_23' title="bbox 343 2035 1989 2108; baseline -0.001 -16"><span class='ocrx_word' id='word_1_135' title='bbox 343 2036 472 2108; x_wconf 87' lang='lat' dir='ltr'>ripa</span> <span class='ocrx_word' id='word_1_136' title='bbox 503 2035 689 2091; x_wconf 82' lang='lat' dir='ltr'>Rheni</span> <span class='ocrx_word' id='word_1_137' title='bbox 719 2036 985 2107; x_wconf 88' lang='lat' dir='ltr'>opposita</span> <span class='ocrx_word' id='word_1_138' title='bbox 1006 2035 1352 2091; x_wconf 67' lang='lat' dir='ltr'>Constantia:</span> <span class='ocrx_word' id='word_1_139' title='bbox 1377 2035 1594 2091; x_wconf 88' lang='lat' dir='ltr'>civitati</span> <span class='ocrx_word' id='word_1_140' title='bbox 1615 2037 1744 2107; x_wconf 88' lang='lat' dir='ltr'>ejus</span> <span class='ocrx_word' id='word_1_141' title='bbox 1785 2035 1989 2091; x_wconf 92' lang='lat' dir='ltr'>volun-</span> 
     </span>
    </p>
   </div>
   <div class='ocr_carea' id='block_1_24' title="bbox 342 2123 1988 2196">
    <p class='ocr_par' dir='ltr' id='par_1_24' title="bbox 342 2123 1988 2196">
     <span class='ocr_line' id='line_1_24' title="bbox 342 2123 1988 2196; baseline -0.002 -15"><span class='ocrx_word' id='word_1_142' title='bbox 342 2123 836 2196; x_wconf 88' lang='lat' dir='ltr'>taticomplacuit,</span> <span class='ocrx_word' id='word_1_143' title='bbox 869 2141 1116 2194; x_wconf 87' lang='lat' dir='ltr'>eamque</span> <span class='ocrx_word' id='word_1_144' title='bbox 1149 2126 1220 2179; x_wconf 86' lang='lat' dir='ltr'>ad</span> <span class='ocrx_word' id='word_1_145' title='bbox 1270 2126 1729 2179; x_wconf 91' lang='lat' dir='ltr'>construendam</span> <span class='ocrx_word' id='word_1_146' title='bbox 1762 2124 1988 2190; x_wconf 86' lang='lat' dir='ltr'>cellam,</span> 
     </span>
    </p>
   </div>
   <div class='ocr_carea' id='block_1_25' title="bbox 345 2212 1990 2282">
    <p class='ocr_par' dir='ltr' id='par_1_25' title="bbox 345 2212 1990 2282">
     <span class='ocr_line' id='line_1_25' title="bbox 345 2212 1990 2282; baseline -0.002 -11"><span class='ocrx_word' id='word_1_147' title='bbox 345 2213 455 2271; x_wconf 87' lang='lat' dir='ltr'>etsi</span> <span class='ocrx_word' id='word_1_148' title='bbox 477 2213 675 2267; x_wconf 87' lang='lat' dir='ltr'>minus</span> <span class='ocrx_word' id='word_1_149' title='bbox 696 2212 924 2279; x_wconf 89' lang='lat' dir='ltr'>utilem,</span> <span class='ocrx_word' id='word_1_150' title='bbox 949 2216 1143 2267; x_wconf 89' lang='lat' dir='ltr'>tamen</span> <span class='ocrx_word' id='word_1_151' title='bbox 1167 2212 1490 2282; x_wconf 89' lang='lat' dir='ltr'>speciosam</span> <span class='ocrx_word' id='word_1_152' title='bbox 1502 2213 1990 2282; x_wconf 88' lang='lat' dir='ltr'>judicavit.Porro</span> 
     </span>
    </p>
   </div>
   <div class='ocr_carea' id='block_1_26' title="bbox 343 2300 1989 2372">
    <p class='ocr_par' dir='ltr' id='par_1_26' title="bbox 343 2300 1989 2372">
     <span class='ocr_line' id='line_1_26' title="bbox 343 2300 1989 2372; baseline 0 -16"><span class='ocrx_word' id='word_1_153' title='bbox 343 2302 530 2358; x_wconf 88' lang='lat' dir='ltr'>isdem</span> <span class='ocrx_word' id='word_1_154' title='bbox 563 2301 726 2354; x_wconf 89' lang='lat' dir='ltr'>locus</span> <span class='ocrx_word' id='word_1_155' title='bbox 757 2300 829 2354; x_wconf 90' lang='lat' dir='ltr'>ad</span> <span class='ocrx_word' id='word_1_156' title='bbox 859 2304 1131 2371; x_wconf 88' lang='lat' dir='ltr'>Augense</span> <span class='ocrx_word' id='word_1_157' title='bbox 1161 2302 1584 2356; x_wconf 88' lang='lat' dir='ltr'>monasterium</span> <span class='ocrx_word' id='word_1_158' title='bbox 1643 2301 1989 2372; x_wconf 86' lang='lat' dir='ltr'>pertinebat,</span> 
     </span>
    </p>
   </div>
   <div class='ocr_carea' id='block_1_27' title="bbox 345 2387 1988 2459">
    <p class='ocr_par' dir='ltr' id='par_1_27' title="bbox 345 2387 1988 2459">
     <span class='ocr_line' id='line_1_27' title="bbox 345 2387 1988 2459; baseline 0 -15"><span class='ocrx_word' id='word_1_159' title='bbox 345 2389 430 2445; x_wconf 87' lang='lat' dir='ltr'>sic</span> <span class='ocrx_word' id='word_1_160' title='bbox 461 2392 516 2442; x_wconf 92' lang='lat' dir='ltr'>et</span> <span class='ocrx_word' id='word_1_161' title='bbox 545 2387 737 2442; x_wconf 85' lang='lat' dir='ltr'>adhuc</span> <span class='ocrx_word' id='word_1_162' title='bbox 767 2405 945 2459; x_wconf 82' lang='lat' dir='ltr'>supra</span> <span class='ocrx_word' id='word_1_163' title='bbox 975 2393 1032 2442; x_wconf 89' lang='lat' dir='ltr'>et</span> <span class='ocrx_word' id='word_1_164' title='bbox 1061 2388 1231 2455; x_wconf 86' lang='lat' dir='ltr'>infra,</span> <span class='ocrx_word' id='word_1_165' title='bbox 1265 2393 1322 2444; x_wconf 92' lang='lat' dir='ltr'>et</span> <span class='ocrx_word' id='word_1_166' title='bbox 1375 2393 1516 2444; x_wconf 90' lang='lat' dir='ltr'>tunc</span> <span class='ocrx_word' id='word_1_167' title='bbox 1566 2389 1988 2457; x_wconf 87' lang='lat' dir='ltr'>inhabitabilis,</span> 
     </span>
    </p>
   </div>
   <div class='ocr_carea' id='block_1_28' title="bbox 345 2476 1992 2549">
    <p class='ocr_par' dir='ltr' id='par_1_28' title="bbox 345 2476 1992 2549">
     <span class='ocr_line' id='line_1_28' title="bbox 345 2476 1992 2549; baseline 0.001 -18"><span class='ocrx_word' id='word_1_168' title='bbox 345 2476 484 2549; x_wconf 89' lang='lat' dir='ltr'>quia</span> <span class='ocrx_word' id='word_1_169' title='bbox 512 2476 798 2530; x_wconf 89' lang='lat' dir='ltr'>humidus</span> <span class='ocrx_word' id='word_1_170' title='bbox 827 2476 886 2530; x_wconf 92' lang='lat' dir='ltr'>in</span> <span class='ocrx_word' id='word_1_171' title='bbox 919 2477 1158 2531; x_wconf 91' lang='lat' dir='ltr'>modum</span> <span class='ocrx_word' id='word_1_172' title='bbox 1195 2476 1427 2548; x_wconf 89' lang='lat' dir='ltr'>paludis</span> <span class='ocrx_word' id='word_1_173' title='bbox 1485 2477 1586 2532; x_wconf 87' lang='lat' dir='ltr'>Vir</span> <span class='ocrx_word' id='word_1_174' title='bbox 1638 2482 1832 2532; x_wconf 88' lang='lat' dir='ltr'>autem</span> <span class='ocrx_word' id='word_1_175' title='bbox 1891 2479 1992 2534; x_wconf 91' lang='lat' dir='ltr'>Dei</span> 
     </span>
    </p>
   </div>
   <div class='ocr_carea' id='block_1_29' title="bbox 346 2564 1993 2638">
    <p class='ocr_par' dir='ltr' id='par_1_29' title="bbox 346 2564 1993 2638">
     <span class='ocr_line' id='line_1_29' title="bbox 346 2564 1993 2638; baseline 0 -18"><span class='ocrx_word' id='word_1_176' title='bbox 346 2581 521 2621; x_wconf 88' lang='lat' dir='ltr'>suum</span> <span class='ocrx_word' id='word_1_177' title='bbox 545 2565 868 2636; x_wconf 88' lang='lat' dir='ltr'>proprium,</span> <span class='ocrx_word' id='word_1_178' title='bbox 899 2565 1053 2635; x_wconf 91' lang='lat' dir='ltr'>quod</span> <span class='ocrx_word' id='word_1_179' title='bbox 1075 2564 1283 2620; x_wconf 90' lang='lat' dir='ltr'>habuit</span> <span class='ocrx_word' id='word_1_180' title='bbox 1305 2565 1459 2637; x_wconf 90' lang='lat' dir='ltr'>apud</span> <span class='ocrx_word' id='word_1_181' title='bbox 1483 2566 1822 2622; x_wconf 91' lang='lat' dir='ltr'>Zurziacum</span> <span class='ocrx_word' id='word_1_182' title='bbox 1845 2567 1993 2638; x_wconf 74' lang='lat'>(7‘28)</span> 
     </span>
    </p>
   </div>
   <div class='ocr_carea' id='block_1_30' title="bbox 345 2653 1990 2726">
    <p class='ocr_par' dir='ltr' id='par_1_30' title="bbox 345 2653 1990 2726">
     <span class='ocr_line' id='line_1_30' title="bbox 345 2653 1990 2726; baseline 0.001 -18"><span class='ocrx_word' id='word_1_183' title='bbox 345 2669 451 2726; x_wconf 91' lang='lat' dir='ltr'>pro</span> <span class='ocrx_word' id='word_1_184' title='bbox 472 2654 933 2709; x_wconf 85' lang='lat' dir='ltr'>commutatione</span> <span class='ocrx_word' id='word_1_185' title='bbox 955 2654 1218 2723; x_wconf 85' lang='lat' dir='ltr'>ejusdem</span> <span class='ocrx_word' id='word_1_186' title='bbox 1235 2653 1423 2710; x_wconf 91' lang='lat' dir='ltr'>locelli</span> <span class='ocrx_word' id='word_1_187' title='bbox 1445 2655 1604 2709; x_wconf 87' lang='lat' dir='ltr'>dedit</span> <span class='ocrx_word' id='word_1_188' title='bbox 1627 2672 1760 2722; x_wconf 89' lang='lat' dir='ltr'>;nec</span> <span class='ocrx_word' id='word_1_189' title='bbox 1781 2660 1990 2723; x_wconf 90' lang='lat' dir='ltr'>totum,</span> 
     </span>
    </p>
   </div>
   <div class='ocr_carea' id='block_1_31' title="bbox 349 2741 1994 2815">
    <p class='ocr_par' dir='ltr' id='par_1_31' title="bbox 349 2741 1994 2815">
     <span class='ocr_line' id='line_1_31' title="bbox 349 2741 1994 2815; baseline 0.001 -20"><span class='ocrx_word' id='word_1_190' title='bbox 349 2741 506 2812; x_wconf 90' lang='lat' dir='ltr'>quod</span> <span class='ocrx_word' id='word_1_191' title='bbox 538 2741 709 2796; x_wconf 90' lang='lat' dir='ltr'>modo</span> <span class='ocrx_word' id='word_1_192' title='bbox 739 2743 1006 2813; x_wconf 88' lang='lat' dir='ltr'>Augense</span> <span class='ocrx_word' id='word_1_193' title='bbox 1029 2743 1453 2798; x_wconf 73' lang='lat' dir='ltr'>monasterium</span> <span class='ocrx_word' id='word_1_194' title='bbox 1475 2743 1535 2798; x_wconf 91' lang='lat' dir='ltr'>in</span> <span class='ocrx_word' id='word_1_195' title='bbox 1566 2743 1834 2799; x_wconf 88' lang='lat' dir='ltr'>Zurziaco</span> <span class='ocrx_word' id='word_1_196' title='bbox 1857 2761 1994 2815; x_wconf 92' lang='lat' dir='ltr'>pos—</span> 
     </span>
    </p>
   </div>
   <div class='ocr_carea' id='block_1_32' title="bbox 350 2828 1994 2902">
    <p class='ocr_par' dir='ltr' id='par_1_32' title="bbox 350 2828 1994 2902">
     <span class='ocr_line' id='line_1_32' title="bbox 350 2828 1994 2902; baseline 0.001 -17"><span class='ocrx_word' id='word_1_197' title='bbox 350 2829 519 2896; x_wconf 88' lang='lat' dir='ltr'>sidet;</span> <span class='ocrx_word' id='word_1_198' title='bbox 555 2845 588 2884; x_wconf 91' lang='lat' dir='ltr'>a</span> <span class='ocrx_word' id='word_1_199' title='bbox 611 2828 730 2883; x_wconf 90' lang='lat' dir='ltr'>viro</span> <span class='ocrx_word' id='word_1_200' title='bbox 763 2829 858 2884; x_wconf 90' lang='lat' dir='ltr'>Dei</span> <span class='ocrx_word' id='word_1_201' title='bbox 893 2829 1130 2901; x_wconf 90' lang='lat' dir='ltr'>accepit,</span> <span class='ocrx_word' id='word_1_202' title='bbox 1165 2831 1265 2885; x_wconf 90' lang='lat' dir='ltr'>sed</span> <span class='ocrx_word' id='word_1_203' title='bbox 1289 2835 1534 2902; x_wconf 89' lang='lat' dir='ltr'>partem,</span> <span class='ocrx_word' id='word_1_204' title='bbox 1558 2849 1684 2902; x_wconf 70' lang='lat' dir='ltr'>quea</span> <span class='ocrx_word' id='word_1_205' title='bbox 1709 2832 1798 2887; x_wconf 88' lang='lat' dir='ltr'>sui</span> <span class='ocrx_word' id='word_1_206' title='bbox 1842 2832 1994 2902; x_wconf 89' lang='lat' dir='ltr'>juris</span> 
     </span>
    </p>
   </div>
   <div class='ocr_carea' id='block_1_33' title="bbox 352 2918 1994 2985">
    <p class='ocr_par' dir='ltr' id='par_1_33' title="bbox 352 2918 1994 2985">
     <span class='ocr_line' id='line_1_33' title="bbox 352 2918 1994 2985; baseline 0.001 -12"><span class='ocrx_word' id='word_1_207' title='bbox 352 2921 495 2985; x_wconf 89' lang='lat' dir='ltr'>erat,</span> <span class='ocrx_word' id='word_1_208' title='bbox 521 2921 578 2972; x_wconf 91' lang='lat' dir='ltr'>et</span> <span class='ocrx_word' id='word_1_209' title='bbox 607 2918 677 2972; x_wconf 90' lang='lat' dir='ltr'>ad</span> <span class='ocrx_word' id='word_1_210' title='bbox 708 2919 1224 2974; x_wconf 87' lang='lat' dir='ltr'>commutationem</span> <span class='ocrx_word' id='word_1_211' title='bbox 1244 2919 1527 2975; x_wconf 89' lang='lat' dir='ltr'>illiusloci</span> <span class='ocrx_word' id='word_1_212' title='bbox 1550 2921 1796 2977; x_wconf 89' lang='lat' dir='ltr'>valebat.</span> <span class='ocrx_word' id='word_1_213' title='bbox 1850 2921 1994 2976; x_wconf 94' lang='lat' dir='ltr'>Con-</span> 
     </span>
    </p>
   </div>
   <div class='ocr_carea' id='block_1_34' title="bbox 352 3003 1995 3077">
    <p class='ocr_par' dir='ltr' id='par_1_34' title="bbox 352 3003 1995 3077">
     <span class='ocr_line' id='line_1_34' title="bbox 352 3003 1995 3077; baseline 0.001 -17"><span class='ocrx_word' id='word_1_214' title='bbox 352 3006 583 3060; x_wconf 84' lang='lat' dir='ltr'>ﬁrmato</span> <span class='ocrx_word' id='word_1_215' title='bbox 615 3004 794 3076; x_wconf 80' lang='lat' dir='ltr'>igitur</span> <span class='ocrx_word' id='word_1_216' title='bbox 815 3003 1077 3077; x_wconf 85' lang='lat' dir='ltr'>legaliter</span> <span class='ocrx_word' id='word_1_217' title='bbox 1103 3007 1212 3062; x_wconf 93' lang='lat' dir='ltr'>hoc</span> <span class='ocrx_word' id='word_1_218' title='bbox 1235 3008 1575 3063; x_wconf 86' lang='lat' dir='ltr'>concambio</span> <span class='ocrx_word' id='word_1_219' title='bbox 1598 3009 1686 3062; x_wconf 91' lang='lat' dir='ltr'>vir</span> <span class='ocrx_word' id='word_1_220' title='bbox 1706 3009 1805 3064; x_wconf 89' lang='lat' dir='ltr'>Dei</span> <span class='ocrx_word' id='word_1_221' title='bbox 1840 3009 1995 3063; x_wconf 89' lang='lat' dir='ltr'>idem</span> 
     </span>
    </p>
   </div>
   <div class='ocr_carea' id='block_1_35' title="bbox 355 3092 1996 3170">
    <p class='ocr_par' dir='ltr' id='par_1_35' title="bbox 355 3092 1996 3170">
     <span class='ocr_line' id='line_1_35' title="bbox 355 3092 1996 3170; baseline 0.003 -23"><span class='ocrx_word' id='word_1_222' title='bbox 355 3092 697 3165; x_wconf 64' lang='lat' dir='ltr'>praediolum</span> <span class='ocrx_word' id='word_1_223' title='bbox 711 3093 769 3148; x_wconf 92' lang='lat' dir='ltr'>in</span> <span class='ocrx_word' id='word_1_224' title='bbox 784 3098 900 3149; x_wconf 89' lang='lat' dir='ltr'>tres</span> <span class='ocrx_word' id='word_1_225' title='bbox 914 3095 1316 3167; x_wconf 81' lang='lat' dir='ltr'>portiunculae</span> <span class='ocrx_word' id='word_1_226' title='bbox 1336 3097 1739 3163; x_wconf 90' lang='lat' dir='ltr'>divisit,etsibi</span> <span class='ocrx_word' id='word_1_227' title='bbox 1759 3099 1996 3170; x_wconf 87' lang='lat' dir='ltr'>quidem</span> 
     </span>
    </p>
   </div>
   <div class='ocr_carea' id='block_1_36' title="bbox 350 3174 2074 3259">
    <p class='ocr_par' dir='ltr' id='par_1_36' title="bbox 350 3174 2074 3259">
     <span class='ocr_line' id='line_1_36' title="bbox 350 3174 2074 3259; baseline 0.001 -19"><span class='ocrx_word' id='word_1_228' title='bbox 350 3181 2001 3259; x_wconf 79' lang='lat' dir='ltr'>suisquesuccessoribus,Constantiensibuspontificibus</span> <span class='ocrx_word' id='word_1_229' title='bbox 2032 3174 2074 3240; x_wconf 89' lang='lat' dir='ltr'>C</span> 
     </span>
    </p>
   </div>
   <div class='ocr_carea' id='block_1_37' title="bbox 355 3271 1994 3344">
    <p class='ocr_par' dir='ltr' id='par_1_37' title="bbox 355 3271 1994 3344">
     <span class='ocr_line' id='line_1_37' title="bbox 355 3271 1994 3344; baseline 0.003 -18"><span class='ocrx_word' id='word_1_230' title='bbox 355 3288 557 3337; x_wconf 90' lang='lat' dir='ltr'>unam,</span> <span class='ocrx_word' id='word_1_231' title='bbox 591 3271 888 3326; x_wconf 88' lang='lat' dir='ltr'>canonicis</span> <span class='ocrx_word' id='word_1_232' title='bbox 918 3277 1109 3327; x_wconf 85' lang='lat' dir='ltr'>autem</span> <span class='ocrx_word' id='word_1_233' title='bbox 1144 3275 1405 3344; x_wconf 88' lang='lat' dir='ltr'>ejusdem</span> <span class='ocrx_word' id='word_1_234' title='bbox 1445 3274 1696 3330; x_wconf 79' lang='lat' dir='ltr'>ecclesiae</span> <span class='ocrx_word' id='word_1_235' title='bbox 1731 3276 1994 3344; x_wconf 88' lang='lat' dir='ltr'>alteram,</span> 
     </span>
    </p>
   </div>
   <div class='ocr_carea' id='block_1_38' title="bbox 350 3359 1907 3436">
    <p class='ocr_par' dir='ltr' id='par_1_38' title="bbox 350 3359 1907 3436">
     <span class='ocr_line' id='line_1_38' title="bbox 350 3359 1907 3436; baseline 0.004 -23"><span class='ocrx_word' id='word_1_236' title='bbox 350 3359 584 3414; x_wconf 89' lang='lat' dir='ltr'>tertiam</span> <span class='ocrx_word' id='word_1_237' title='bbox 606 3375 739 3414; x_wconf 88' lang='lat' dir='ltr'>vero</span> <span class='ocrx_word' id='word_1_238' title='bbox 769 3361 840 3414; x_wconf 88' lang='lat' dir='ltr'>ad</span> <span class='ocrx_word' id='word_1_239' title='bbox 869 3363 1321 3416; x_wconf 88' lang='lat' dir='ltr'>construendam</span> <span class='ocrx_word' id='word_1_240' title='bbox 1353 3362 1559 3418; x_wconf 90' lang='lat' dir='ltr'>cellam</span> <span class='ocrx_word' id='word_1_241' title='bbox 1592 3365 1907 3436; x_wconf 86' lang='lat' dir='ltr'>deputavit.</span> 
     </span>
    </p>
   </div>
   <div class='ocr_carea' id='block_1_39' title="bbox 493 3446 1846 3522">
    <p class='ocr_par' dir='ltr' id='par_1_39' title="bbox 493 3446 1846 3522">
     <span class='ocr_line' id='line_1_39' title="bbox 493 3446 1846 3522; baseline 0.004 -21"><span class='ocrx_word' id='word_1_242' title='bbox 493 3446 644 3502; x_wconf 71' lang='lat'>805</span> <span class='ocrx_word' id='word_1_243' title='bbox 676 3449 702 3512; x_wconf 83' lang='lat'>§</span> <span class='ocrx_word' id='word_1_244' title='bbox 733 3447 847 3500; x_wconf 86' lang='lat' dir='ltr'>XII.</span> <span class='ocrx_word' id='word_1_245' title='bbox 886 3452 960 3502; x_wconf 88' lang='lat' dir='ltr'>De</span> <span class='ocrx_word' id='word_1_246' title='bbox 971 3450 1100 3519; x_wconf 86' lang='lat' dir='ltr'>jure</span> <span class='ocrx_word' id='word_1_247' title='bbox 1130 3449 1496 3505; x_wconf 80' lang='lat' dir='ltr'>habitatorum</span> <span class='ocrx_word' id='word_1_248' title='bbox 1525 3454 1693 3522; x_wconf 86' lang='lat' dir='ltr'>ipsius</span> <span class='ocrx_word' id='word_1_249' title='bbox 1725 3454 1846 3508; x_wconf 87' lang='lat' dir='ltr'>loci.</span> 
     </span>
    </p>
   </div>
   <div class='ocr_carea' id='block_1_40' title="bbox 420 3535 1990 3608">
    <p class='ocr_par' dir='ltr' id='par_1_40' title="bbox 420 3535 1990 3608">
     <span class='ocr_line' id='line_1_40' title="bbox 420 3535 1990 3608; baseline 0.005 -20"><span class='ocrx_word' id='word_1_250' title='bbox 420 3535 490 3588; x_wconf 87' lang='lat' dir='ltr'>Et</span> <span class='ocrx_word' id='word_1_251' title='bbox 518 3535 792 3603; x_wconf 88' lang='lat' dir='ltr'>quoniam</span> <span class='ocrx_word' id='word_1_252' title='bbox 837 3536 1104 3591; x_wconf 88' lang='lat' dir='ltr'>homines</span> <span class='ocrx_word' id='word_1_253' title='bbox 1163 3555 1310 3608; x_wconf 79' lang='lat' dir='ltr'>quos</span> <span class='ocrx_word' id='word_1_254' title='bbox 1342 3539 1421 3593; x_wconf 91' lang='lat' dir='ltr'>ibi</span> <span class='ocrx_word' id='word_1_255' title='bbox 1481 3556 1714 3596; x_wconf 89' lang='lat' dir='ltr'>manere</span> <span class='ocrx_word' id='word_1_256' title='bbox 1773 3542 1990 3596; x_wconf 83' lang='lat' dir='ltr'>consti-</span> 
     </span>
    </p>
   </div>
   <div class='ocr_carea' id='block_1_41' title="bbox 341 3621 1991 3700">
    <p class='ocr_par' dir='ltr' id='par_1_41' title="bbox 341 3621 1991 3700">
     <span class='ocr_line' id='line_1_41' title="bbox 341 3621 1991 3700; baseline 0.004 -24"><span class='ocrx_word' id='word_1_257' title='bbox 341 3621 456 3677; x_wconf 89' lang='lat' dir='ltr'>tuit</span> <span class='ocrx_word' id='word_1_258' title='bbox 476 3623 648 3694; x_wconf 85' lang='lat'>(729),</span> <span class='ocrx_word' id='word_1_259' title='bbox 681 3622 849 3692; x_wconf 88' lang='lat' dir='ltr'>nihil,</span> <span class='ocrx_word' id='word_1_260' title='bbox 885 3629 1092 3695; x_wconf 69' lang='lat' dir='ltr'>prmter</span> <span class='ocrx_word' id='word_1_261' title='bbox 1112 3625 1764 3683; x_wconf 88' lang='lat' dir='ltr'>habitaculadomorum</span> <span class='ocrx_word' id='word_1_262' title='bbox 1785 3629 1842 3683; x_wconf 90' lang='lat' dir='ltr'>in</span> <span class='ocrx_word' id='word_1_263' title='bbox 1866 3630 1991 3700; x_wconf 91' lang='lat' dir='ltr'>qui-</span> 
     </span>
    </p>
   </div>
   <div class='ocr_carea' id='block_1_42' title="bbox 340 3710 1987 3791">
    <p class='ocr_par' dir='ltr' id='par_1_42' title="bbox 340 3710 1987 3791">
     <span class='ocr_line' id='line_1_42' title="bbox 340 3710 1987 3791; baseline 0.005 -26"><span class='ocrx_word' id='word_1_264' title='bbox 340 3710 453 3766; x_wconf 81' lang='lat' dir='ltr'>bus</span> <span class='ocrx_word' id='word_1_265' title='bbox 483 3712 952 3778; x_wconf 85' lang='lat' dir='ltr'>commanebant,</span> <span class='ocrx_word' id='word_1_266' title='bbox 972 3712 1285 3781; x_wconf 89' lang='lat' dir='ltr'>habebant,</span> <span class='ocrx_word' id='word_1_267' title='bbox 1301 3720 1357 3770; x_wconf 90' lang='lat' dir='ltr'>et</span> <span class='ocrx_word' id='word_1_268' title='bbox 1381 3732 1569 3788; x_wconf 91' lang='lat' dir='ltr'>neque</span> <span class='ocrx_word' id='word_1_269' title='bbox 1587 3733 1776 3788; x_wconf 87' lang='lat' dir='ltr'>agros,</span> <span class='ocrx_word' id='word_1_270' title='bbox 1801 3735 1987 3791; x_wconf 90' lang='lat' dir='ltr'>neque</span> 
     </span>
    </p>
   </div>
   <div class='ocr_carea' id='block_1_43' title="bbox 409 3835 1984 3910">
    <p class='ocr_par' dir='ltr' id='par_1_43' title="bbox 409 3835 1984 3910">
     <span class='ocr_line' id='line_1_43' title="bbox 409 3835 1984 3910; baseline 0.004 -20"><span class='ocrx_word' id='word_1_271' title='bbox 409 3835 558 3910; x_wconf 62' lang='lat'>(728)</span> <span class='ocrx_word' id='word_1_272' title='bbox 588 3837 840 3910; x_wconf 79' lang='lat' dir='ltr'>zurzach</span> <span class='ocrx_word' id='word_1_273' title='bbox 875 3854 1028 3910; x_wconf 92' lang='lat' dir='ltr'>nunc</span> <span class='ocrx_word' id='word_1_274' title='bbox 1060 3838 1339 3910; x_wconf 89' lang='lat' dir='ltr'>oppidum</span> <span class='ocrx_word' id='word_1_275' title='bbox 1371 3840 1442 3894; x_wconf 89' lang='lat' dir='ltr'>ad</span> <span class='ocrx_word' id='word_1_276' title='bbox 1477 3839 1768 3904; x_wconf 81' lang='lat' dir='ltr'>Rhenum,</span> <span class='ocrx_word' id='word_1_277' title='bbox 1801 3842 1984 3898; x_wconf 90' lang='lat' dir='ltr'>eccle-</span> 
     </span>
    </p>
   </div>
   <div class='ocr_carea' id='block_1_44' title="bbox 335 3905 1979 3980">
    <p class='ocr_par' dir='ltr' id='par_1_44' title="bbox 335 3905 1979 3980">
     <span class='ocr_line' id='line_1_44' title="bbox 335 3905 1979 3980; baseline 0.005 -20"><span class='ocrx_word' id='word_1_278' title='bbox 335 3905 424 3980; x_wconf 80' lang='lat' dir='ltr'>sia</span> <span class='ocrx_word' id='word_1_279' title='bbox 453 3906 756 3980; x_wconf 85' lang='lat' dir='ltr'>collegiata</span> <span class='ocrx_word' id='word_1_280' title='bbox 787 3909 1055 3980; x_wconf 83' lang='lat' dir='ltr'>insignis,</span> <span class='ocrx_word' id='word_1_281' title='bbox 1096 3905 1231 3980; x_wconf 65' lang='lat' dir='ltr'>quae</span> <span class='ocrx_word' id='word_1_282' title='bbox 1285 3910 1426 3965; x_wconf 89' lang='lat' dir='ltr'>olim</span> <span class='ocrx_word' id='word_1_283' title='bbox 1473 3911 1979 3968; x_wconf 89' lang='lat' dir='ltr'>Benedictinorum</span> 
     </span>
    </p>
   </div>
   <div class='ocr_carea' id='block_1_45' title="bbox 333 3977 1978 4053">
    <p class='ocr_par' dir='ltr' id='par_1_45' title="bbox 333 3977 1978 4053">
     <span class='ocr_line' id='line_1_45' title="bbox 333 3977 1978 4053; baseline 0.005 -21"><span class='ocrx_word' id='word_1_284' title='bbox 333 3977 570 4053; x_wconf 70' lang='lat' dir='ltr'>abbatia</span> <span class='ocrx_word' id='word_1_285' title='bbox 601 3977 743 4053; x_wconf 73' lang='lat' dir='ltr'>erat,</span> <span class='ocrx_word' id='word_1_286' title='bbox 777 3997 810 4033; x_wconf 93' lang='lat' dir='ltr'>a</span> <span class='ocrx_word' id='word_1_287' title='bbox 840 3977 1040 4053; x_wconf 80' lang='lat' dir='ltr'>Carolo</span> <span class='ocrx_word' id='word_1_288' title='bbox 1069 3977 1276 4035; x_wconf 85' lang='lat' dir='ltr'>Crasso</span> <span class='ocrx_word' id='word_1_289' title='bbox 1315 3982 1588 4053; x_wconf 85' lang='lat' dir='ltr'>Augiensi</span> <span class='ocrx_word' id='word_1_290' title='bbox 1624 3985 1978 4041; x_wconf 87' lang='lat' dir='ltr'>monasterio</span> 
     </span>
    </p>
   </div>
   <div class='ocr_carea' id='block_1_46' title="bbox 335 4048 1977 4112">
    <p class='ocr_par' dir='ltr' id='par_1_46' title="bbox 335 4048 1977 4112">
     <span class='ocr_line' id='line_1_46' title="bbox 335 4048 1977 4112; baseline 0.006 -11"><span class='ocrx_word' id='word_1_291' title='bbox 335 4064 431 4101; x_wconf 90' lang='lat' dir='ltr'>an.</span> <span class='ocrx_word' id='word_1_292' title='bbox 463 4048 558 4101; x_wconf 68' lang='lat'>884</span> <span class='ocrx_word' id='word_1_293' title='bbox 591 4049 824 4103; x_wconf 87' lang='lat' dir='ltr'>donata.</span> <span class='ocrx_word' id='word_1_294' title='bbox 851 4051 1122 4105; x_wconf 86' lang='lat' dir='ltr'>Chartam</span> <span class='ocrx_word' id='word_1_295' title='bbox 1154 4048 1474 4108; x_wconf 73' lang='lat' dir='ltr'>concambii</span> <span class='ocrx_word' id='word_1_296' title='bbox 1526 4070 1660 4108; x_wconf 89' lang='lat' dir='ltr'>cum</span> <span class='ocrx_word' id='word_1_297' title='bbox 1721 4055 1977 4112; x_wconf 82' lang='lat' dir='ltr'>Alawico</span> 
     </span>
    </p>
   </div>
   <div class='ocr_carea' id='block_1_47' title="bbox 331 4117 1974 4197">
    <p class='ocr_par' dir='ltr' id='par_1_47' title="bbox 331 4117 1974 4197">
     <span class='ocr_line' id='line_1_47' title="bbox 331 4117 1974 4197; baseline 0.008 -28"><span class='ocrx_word' id='word_1_298' title='bbox 331 4117 612 4197; x_wconf 43' lang='lat' dir='ltr'>Augiensi</span> <span class='ocrx_word' id='word_1_299' title='bbox 644 4120 853 4197; x_wconf 69' lang='lat' dir='ltr'>abbate</span> <span class='ocrx_word' id='word_1_300' title='bbox 878 4122 1113 4197; x_wconf 54' lang='lat' dir='ltr'>an.__€383</span> <span class='ocrx_word' id='word_1_301' title='bbox 1145 4122 1527 4197; x_wconf 76' lang='lat' dir='ltr'>datatn_sistit</span> <span class='ocrx_word' id='word_1_302' title='bbox 1555 4127 1866 4182; x_wconf 89' lang='lat' dir='ltr'>Gerbertus</span> <span class='ocrx_word' id='word_1_303' title='bbox 1915 4128 1974 4182; x_wconf 88' lang='lat' dir='ltr'>in</span> 
     </span>
    </p>
   </div>
   <div class='ocr_carea' id='block_1_48' title="bbox 331 4187 1973 4268">
    <p class='ocr_par' dir='ltr' id='par_1_48' title="bbox 331 4187 1973 4268">
     <span class='ocr_line' id='line_1_48' title="bbox 331 4187 1973 4268; baseline 0.007 -26"><span class='ocrx_word' id='word_1_304' title='bbox 331 4187 478 4243; x_wconf 79' lang='lat' dir='ltr'>Hist.</span> <span class='ocrx_word' id='word_1_305' title='bbox 513 4188 679 4268; x_wconf 63' lang='lat' dir='ltr'>Silvas</span> <span class='ocrx_word' id='word_1_306' title='bbox 709 4191 870 4268; x_wconf 51' lang='lat' dir='ltr'>ljigr.</span> <span class='ocrx_word' id='word_1_307' title='bbox 905 4210 940 4268; x_wconf 84' lang='lat' dir='ltr'>_I.</span> <span class='ocrx_word' id='word_1_308' title='bbox 967 4192 1061 4256; x_wconf 89' lang='lat' dir='ltr'>III,</span> <span class='ocrx_word' id='word_1_309' title='bbox 1223 4194 1268 4268; x_wconf 62' lang='lat'>5,</span> <span class='ocrx_word' id='word_1_310' title='bbox 1303 4193 1719 4268; x_wconf 70' lang='lat' dir='ltr'>ubihicannus</span> <span class='ocrx_word' id='word_1_311' title='bbox 1746 4199 1973 4268; x_wconf 87' lang='lat' dir='ltr'>primus</span> 
     </span>
    </p>
   </div>
   <div class='ocr_carea' id='block_1_49' title="bbox 330 4261 1971 4336">
    <p class='ocr_par' dir='ltr' id='par_1_49' title="bbox 330 4261 1971 4336">
     <span class='ocr_line' id='line_1_49' title="bbox 330 4261 1971 4336; baseline 0.007 -24"><span class='ocrx_word' id='word_1_312' title='bbox 330 4261 669 4336; x_wconf 83' lang='lat' dir='ltr'>monasterii</span> <span class='ocrx_word' id='word_1_313' title='bbox 706 4262 938 4336; x_wconf 83' lang='lat' dir='ltr'>P_etersh</span> <span class='ocrx_word' id='word_1_314' title='bbox 950 4261 1117 4336; x_wconf 26' lang='lat' dir='ltr'>usan’i</span> <span class='ocrx_word' id='word_1_315' title='bbox 1138 4263 1379 4336; x_wconf 8' lang='lat' dir='ltr'>(dicitur.</span> <span class='ocrx_word' id='word_1_316' title='bbox 1400 4266 1730 4322; x_wconf 86' lang='lat' dir='ltr'>Notandum</span> <span class='ocrx_word' id='word_1_317' title='bbox 1746 4261 1971 4336; x_wconf 70' lang='lat' dir='ltr'>tamen,</span> 
     </span>
    </p>
   </div>
   <div class='ocr_carea' id='block_1_50' title="bbox 329 4329 1966 4411">
    <p class='ocr_par' dir='ltr' id='par_1_50' title="bbox 329 4329 1966 4411">
     <span class='ocr_line' id='line_1_50' title="bbox 329 4329 1966 4411; baseline 0.007 -29"><span class='ocrx_word' id='word_1_318' title='bbox 329 4329 560 4411; x_wconf 67' lang='lat' dir='ltr'>nullum</span> <span class='ocrx_word' id='word_1_319' title='bbox 586 4335 723 4411; x_wconf 75' lang='lat' dir='ltr'>tunc</span> <span class='ocrx_word' id='word_1_320' title='bbox 739 4331 915 4411; x_wconf 71' lang='lat' dir='ltr'>hujus</span> <span class='ocrx_word' id='word_1_321' title='bbox 928 4334 1183 4411; x_wconf 70' lang='lat' dir='ltr'>nominis</span> <span class='ocrx_word' id='word_1_322' title='bbox 1199 4336 1468 4411; x_wconf 78' lang='lat' dir='ltr'>abbatem</span> <span class='ocrx_word' id='word_1_323' title='bbox 1494 4338 1673 4411; x_wconf 80' lang='lat' dir='ltr'>fuisse</span> <span class='ocrx_word' id='word_1_324' title='bbox 1691 4339 1748 4392; x_wconf 92' lang='lat' dir='ltr'>in</span> <span class='ocrx_word' id='word_1_325' title='bbox 1763 4329 1966 4411; x_wconf 45' lang='lat' dir='ltr'>Augia;</span> 
     </span>
    </p>
   </div>
   <div class='ocr_carea' id='block_1_51' title="bbox 325 4400 1967 4479">
    <p class='ocr_par' dir='ltr' id='par_1_51' title="bbox 325 4400 1967 4479">
     <span class='ocr_line' id='line_1_51' title="bbox 325 4400 1967 4479; baseline 0.007 -25"><span class='ocrx_word' id='word_1_326' title='bbox 325 4400 619 4479; x_wconf 64' lang='lat' dir='ltr'>Alavvicus</span> <span class='ocrx_word' id='word_1_327' title='bbox 652 4400 850 4479; x_wconf 78' lang='lat' dir='ltr'>Ienim</span> <span class='ocrx_word' id='word_1_328' title='bbox 875 4405 1000 4479; x_wconf 89' lang='lat' dir='ltr'>jam</span> <span class='ocrx_word' id='word_1_329' title='bbox 1026 4422 1096 4459; x_wconf 90' lang='lat' dir='ltr'>an</span> <span class='ocrx_word' id='word_1_330' title='bbox 1117 4407 1241 4479; x_wconf 66' lang='lat'>958,</span> <span class='ocrx_word' id='word_1_331' title='bbox 1275 4410 1377 4461; x_wconf 90' lang='lat' dir='ltr'>aut</span> <span class='ocrx_word' id='word_1_332' title='bbox 1409 4423 1533 4479; x_wconf 90' lang='lat' dir='ltr'>seq.</span> <span class='ocrx_word' id='word_1_333' title='bbox 1561 4409 1723 4471; x_wconf 91' lang='lat' dir='ltr'>obiit,</span> <span class='ocrx_word' id='word_1_334' title='bbox 1773 4415 1830 4464; x_wconf 90' lang='lat' dir='ltr'>et</span> <span class='ocrx_word' id='word_1_335' title='bbox 1853 4400 1967 4466; x_wconf 52' lang='lat' dir='ltr'>vse-</span> 
     </span>
    </p>
   </div>
   <div class='ocr_carea' id='block_1_52' title="bbox 325 4474 1966 4545">
    <p class='ocr_par' dir='ltr' id='par_1_52' title="bbox 325 4474 1966 4545">
     <span class='ocr_line' id='line_1_52' title="bbox 325 4474 1966 4545; baseline 0.005 -18"><span class='ocrx_word' id='word_1_336' title='bbox 325 4474 556 4545; x_wconf 79' lang='lat' dir='ltr'>cundus</span> <span class='ocrx_word' id='word_1_337' title='bbox 579 4474 834 4545; x_wconf 88' lang='lat' dir='ltr'>primum</span> <span class='ocrx_word' id='word_1_338' title='bbox 856 4492 949 4531; x_wconf 88' lang='lat' dir='ltr'>an.</span> <span class='ocrx_word' id='word_1_339' title='bbox 973 4477 1274 4532; x_wconf 84' lang='lat' dir='ltr'>997abhas</span> <span class='ocrx_word' id='word_1_340' title='bbox 1297 4474 1651 4534; x_wconf 81' lang='lat' dir='ltr'>constitutus</span> <span class='ocrx_word' id='word_1_341' title='bbox 1670 4483 1776 4534; x_wconf 89' lang='lat' dir='ltr'>est.</span> <span class='ocrx_word' id='word_1_342' title='bbox 1804 4482 1966 4536; x_wconf 88' lang='lat' dir='ltr'>Forte</span> 
     </span>
    </p>
   </div>
   <div class='ocr_carea' id='block_1_53' title="bbox 324 4536 2049 4620">
    <p class='ocr_par' dir='ltr' id='par_1_53' title="bbox 324 4536 2049 4620">
     <span class='ocr_line' id='line_1_53' title="bbox 324 4536 2049 4620; baseline 0.006 -22"><span class='ocrx_word' id='word_1_343' title='bbox 324 4536 916 4620; x_wconf 73' lang='lat' dir='ltr'>Cebehardusadhuc</span> <span class='ocrx_word' id='word_1_344' title='bbox 949 4549 1261 4603; x_wconf 87' lang='lat' dir='ltr'>canonicus</span> <span class='ocrx_word' id='word_1_345' title='bbox 1293 4565 1427 4604; x_wconf 92' lang='lat' dir='ltr'>cum</span> <span class='ocrx_word' id='word_1_346' title='bbox 1464 4550 1654 4620; x_wconf 89' lang='lat' dir='ltr'>priore</span> <span class='ocrx_word' id='word_1_347' title='bbox 1711 4550 1972 4608; x_wconf 85' lang='lat' dir='ltr'>Alawico</span> <span class='ocrx_word' id='word_1_348' title='bbox 2004 4536 2049 4600; x_wconf 85' lang='lat' dir='ltr'><strong>D</strong></span> 
     </span>
    </p>
   </div>
   <div class='ocr_carea' id='block_1_54' title="bbox 319 4613 1973 4690">
    <p class='ocr_par' dir='ltr' id='par_1_54' title="bbox 319 4613 1973 4690">
     <span class='ocr_line' id='line_1_54' title="bbox 319 4613 1973 4690; baseline 0.006 -21"><span class='ocrx_word' id='word_1_349' title='bbox 319 4613 429 4690; x_wconf 74' lang='lat' dir='ltr'>hoc</span> <span class='ocrx_word' id='word_1_350' title='bbox 461 4619 870 4690; x_wconf 69' lang='lat' dir='ltr'>concambium</span> <span class='ocrx_word' id='word_1_351' title='bbox 905 4620 1136 4686; x_wconf 84' lang='lat' dir='ltr'>fecerat,</span> <span class='ocrx_word' id='word_1_352' title='bbox 1170 4613 1633 4690; x_wconf 52' lang='lat' dir='ltr'>quodlpri&#39;mum</span> <span class='ocrx_word' id='word_1_353' title='bbox 1687 4638 1738 4676; x_wconf 89' lang='lat' dir='ltr'>a.</span> <span class='ocrx_word' id='word_1_354' title='bbox 1768 4623 1872 4676; x_wconf 90' lang='lat'>983</span> <span class='ocrx_word' id='word_1_355' title='bbox 1901 4625 1973 4679; x_wconf 91' lang='lat' dir='ltr'>ab</span> 
     </span>
    </p>
   </div>
   <div class='ocr_carea' id='block_1_55' title="bbox 320 4685 1954 4770">
    <p class='ocr_par' dir='ltr' id='par_1_55' title="bbox 320 4685 1954 4770">
     <span class='ocr_line' id='line_1_55' title="bbox 320 4685 1954 4770; baseline 0.006 -30"><span class='ocrx_word' id='word_1_356' title='bbox 320 4685 974 4770; x_wconf 31' lang='lat' dir='ltr'>Ottone‘llconﬁrmari</span> <span class='ocrx_word' id='word_1_357' title='bbox 1009 4690 1162 4755; x_wconf 87' lang='lat' dir='ltr'>fecit,</span> <span class='ocrx_word' id='word_1_358' title='bbox 1187 4685 1428 4770; x_wconf 77' lang='lat' dir='ltr'>quando</span> <span class='ocrx_word' id='word_1_359' title='bbox 1471 4692 1596 4760; x_wconf 87' lang='lat' dir='ltr'>jam</span> <span class='ocrx_word' id='word_1_360' title='bbox 1647 4693 1954 4765; x_wconf 86' lang='lat' dir='ltr'>episcopus</span> 
     </span>
    </p>
   </div>
   <div class='ocr_carea' id='block_1_56' title="bbox 319 4760 1277 4830">
    <p class='ocr_par' dir='ltr' id='par_1_56' title="bbox 319 4760 1277 4830">
     <span class='ocr_line' id='line_1_56' title="bbox 319 4760 1277 4830; baseline 0.005 -20"><span class='ocrx_word' id='word_1_361' title='bbox 319 4760 742 4830; x_wconf 74' lang='lat' dir='ltr'>monasterium</span> <span class='ocrx_word' id='word_1_362' title='bbox 773 4761 1058 4816; x_wconf 61' lang='lat' dir='ltr'>aediﬁcare</span> <span class='ocrx_word' id='word_1_363' title='bbox 1088 4760 1277 4830; x_wconf 82' lang='lat' dir='ltr'>caepit.</span> 
     </span>
    </p>
   </div>
   <div class='ocr_carea' id='block_1_57' title="bbox 313 4828 1953 4948">
    <p class='ocr_par' dir='ltr' id='par_1_57' title="bbox 313 4828 1953 4948">
     <span class='ocr_line' id='line_1_57' title="bbox 313 4828 1953 4948; baseline 0.007 -69"><span class='ocrx_word' id='word_1_364' title='bbox 313 4828 542 4948; x_wconf 40' lang='lat'>16:32?)</span> <span class='ocrx_word' id='word_1_365' title='bbox 563 4829 783 4883; x_wconf 87' lang='lat' dir='ltr'>Cuncta</span> <span class='ocrx_word' id='word_1_366' title='bbox 813 4830 933 4886; x_wconf 69' lang='lat' dir='ltr'>hmo</span> <span class='ocrx_word' id='word_1_367' title='bbox 965 4832 1022 4885; x_wconf 89' lang='lat' dir='ltr'>in</span> <span class='ocrx_word' id='word_1_368' title='bbox 1047 4828 1190 4886; x_wconf 51' lang='lat' dir='ltr'>mox&#39;</span> <span class='ocrx_word' id='word_1_369' title='bbox 1211 4833 1384 4887; x_wconf 90' lang='lat' dir='ltr'>citata</span> <span class='ocrx_word' id='word_1_370' title='bbox 1404 4833 1728 4888; x_wconf 85' lang='lat' dir='ltr'>concambii</span> <span class='ocrx_word' id='word_1_371' title='bbox 1750 4834 1953 4890; x_wconf 91' lang='lat' dir='ltr'>charta</span> 
     </span>
     <span class='ocr_line' id='line_1_58' title="bbox 453 4914 604 4948; baseline 0 0"><span class='ocrx_word' id='word_1_372' title='bbox 453 4914 487 4948; x_wconf 91' lang='lat' dir='ltr'>n</span> <span class='ocrx_word' id='word_1_373' title='bbox 520 4916 604 4948; x_wconf 78' lang='grc' dir='ltr'>υἷ’.</span> 
     </span>
    </p>
   </div>
   <div class='ocr_carea' id='block_1_58' title="bbox 337 4906 604 4967">
    <p class='ocr_par' dir='ltr' id='par_1_58' title="bbox 337 4906 604 4967">
     <span class='ocr_line' id='line_1_59' title="bbox 337 4906 604 4967; baseline 0.007 -17"><span class='ocrx_word' id='word_1_374' title='bbox 337 4906 604 4967; x_wconf 85' lang='lat' dir='ltr'>egunlur.</span> 
     </span>
    </p>
   </div>
   <div class='ocr_carea' id='block_1_59' title="bbox 383 4968 1954 5038">
    <p class='ocr_par' dir='ltr' id='par_1_59' title="bbox 383 4968 1954 5038">
     <span class='ocr_line' id='line_1_60' title="bbox 383 4968 1954 5038; baseline 0.009 -19"><span class='ocrx_word' id='word_1_375' title='bbox 383 4969 532 5038; x_wconf 87' lang='lat'>(730)</span> <span class='ocrx_word' id='word_1_376' title='bbox 565 4968 866 5025; x_wconf 86' lang='lat' dir='ltr'>Pezelinus</span> <span class='ocrx_word' id='word_1_377' title='bbox 900 4989 932 5025; x_wconf 89' lang='lat' dir='ltr'>a</span> <span class='ocrx_word' id='word_1_378' title='bbox 954 4971 1232 5026; x_wconf 70' lang='lat' dir='ltr'>Bruschio</span> <span class='ocrx_word' id='word_1_379' title='bbox 1265 4975 1322 5026; x_wconf 88' lang='lat' dir='ltr'>et</span> <span class='ocrx_word' id='word_1_380' title='bbox 1359 4973 1630 5029; x_wconf 88' lang='lat' dir='ltr'>Bucelino</span> <span class='ocrx_word' id='word_1_381' title='bbox 1663 4978 1954 5033; x_wconf 89' lang='lat' dir='ltr'>secundus</span> 
     </span>
    </p>
   </div>
   <div class='ocr_carea' id='block_1_60' title="bbox 310 5038 1950 5117">
    <p class='ocr_par' dir='ltr' id='par_1_60' title="bbox 310 5038 1950 5117">
     <span class='ocr_line' id='line_1_61' title="bbox 310 5038 1950 5117; baseline 0.007 -25"><span class='ocrx_word' id='word_1_382' title='bbox 310 5038 668 5117; x_wconf 72' lang='lat' dir='ltr'>Petershusii</span> <span class='ocrx_word' id='word_1_383' title='bbox 702 5042 882 5117; x_wconf 75' lang='lat' dir='ltr'>abbas</span> <span class='ocrx_word' id='word_1_384' title='bbox 918 5043 1226 5117; x_wconf 75' lang='lat' dir='ltr'>statuitur,</span> <span class='ocrx_word' id='word_1_385' title='bbox 1257 5043 1445 5114; x_wconf 88' lang='lat' dir='ltr'>qualis</span> <span class='ocrx_word' id='word_1_386' title='bbox 1477 5061 1778 5117; x_wconf 87' lang='lat' dir='ltr'>nunquam</span> <span class='ocrx_word' id='word_1_387' title='bbox 1823 5049 1950 5117; x_wconf 87' lang='lat' dir='ltr'>fuit,</span> 
     </span>
    </p>
   </div>
   <div class='ocr_carea' id='block_1_61' title="bbox 311 5109 1954 5182">
    <p class='ocr_par' dir='ltr' id='par_1_61' title="bbox 311 5109 1954 5182">
     <span class='ocr_line' id='line_1_62' title="bbox 311 5109 1954 5182; baseline 0.008 -19"><span class='ocrx_word' id='word_1_388' title='bbox 311 5109 455 5182; x_wconf 82' lang='lat' dir='ltr'>alias</span> <span class='ocrx_word' id='word_1_389' title='bbox 483 5111 706 5182; x_wconf 89' lang='lat' dir='ltr'>primus</span> <span class='ocrx_word' id='word_1_390' title='bbox 729 5113 1030 5168; x_wconf 89' lang='lat' dir='ltr'>dicendus.</span> <span class='ocrx_word' id='word_1_391' title='bbox 1055 5109 1304 5169; x_wconf 77' lang='lat' dir='ltr'>Alterius</span> <span class='ocrx_word' id='word_1_392' title='bbox 1330 5119 1480 5170; x_wconf 87' lang='lat' dir='ltr'>certe</span> <span class='ocrx_word' id='word_1_393' title='bbox 1502 5109 1747 5172; x_wconf 74' lang='lat' dir='ltr'>cambbii</span> <span class='ocrx_word' id='word_1_394' title='bbox 1773 5109 1954 5176; x_wconf 82' lang='lat' dir='ltr'>abbas</span> 
     </span>
    </p>
   </div>
   <div class='ocr_carea' id='block_1_62' title="bbox 310 5181 1951 5258">
    <p class='ocr_par' dir='ltr' id='par_1_62' title="bbox 310 5181 1951 5258">
     <span class='ocr_line' id='line_1_63' title="bbox 310 5181 1951 5258; baseline 0.007 -24"><span class='ocrx_word' id='word_1_395' title='bbox 310 5181 795 5258; x_wconf 25' lang='lat' dir='ltr'>fuisseevinckitur</span> <span class='ocrx_word' id='word_1_396' title='bbox 824 5201 905 5258; x_wconf 14' lang='lat' dir='ltr'>ex,</span> <span class='ocrx_word' id='word_1_397' title='bbox 924 5201 1055 5240; x_wconf 86' lang='lat' dir='ltr'>mox</span> <span class='ocrx_word' id='word_1_398' title='bbox 1085 5191 1362 5256; x_wconf 90' lang='lat' dir='ltr'>sequente</span> <span class='ocrx_word' id='word_1_399' title='bbox 1383 5187 1582 5242; x_wconf 89' lang='lat' dir='ltr'>charta</span> <span class='ocrx_word' id='word_1_400' title='bbox 1608 5193 1951 5258; x_wconf 88' lang='lat' dir='ltr'>concambii,</span> 
     </span>
    </p>
   </div>
   <div class='ocr_carea' id='block_1_63' title="bbox 310 5255 1951 5328">
    <p class='ocr_par' dir='ltr' id='par_1_63' title="bbox 310 5255 1951 5328">
     <span class='ocr_line' id='line_1_64' title="bbox 310 5255 1951 5328; baseline 0.006 -22"><span class='ocrx_word' id='word_1_401' title='bbox 310 5255 460 5328; x_wconf 85' lang='lat' dir='ltr'>quod</span> <span class='ocrx_word' id='word_1_402' title='bbox 476 5255 989 5328; x_wconf 14' lang='lat' dir='ltr'>fecitCeﬁbbardus</span> <span class='ocrx_word' id='word_1_403' title='bbox 1003 5274 1132 5311; x_wconf 91' lang='lat' dir='ltr'>cum</span> <span class='ocrx_word' id='word_1_404' title='bbox 1158 5255 1410 5313; x_wconf 87' lang='lat' dir='ltr'>Pezilino</span> <span class='ocrx_word' id='word_1_405' title='bbox 1432 5259 1660 5328; x_wconf 86' lang='lat' dir='ltr'>abbate,</span> <span class='ocrx_word' id='word_1_406' title='bbox 1679 5261 1770 5314; x_wconf 91' lang='lat' dir='ltr'>cui</span> <span class='ocrx_word' id='word_1_407' title='bbox 1793 5255 1951 5316; x_wconf 87' lang='lat' dir='ltr'>aliud</span> 
     </span>
    </p>
   </div>
   <div class='ocr_carea' id='block_1_64' title="bbox 309 5325 1956 5398">
    <p class='ocr_par' dir='ltr' id='par_1_64' title="bbox 309 5325 1956 5398">
     <span class='ocr_line' id='line_1_65' title="bbox 309 5325 1956 5398; baseline 0.007 -22"><span class='ocrx_word' id='word_1_408' title='bbox 309 5326 589 5398; x_wconf 76' lang='lat' dir='ltr'>praedium</span> <span class='ocrx_word' id='word_1_409' title='bbox 620 5325 679 5380; x_wconf 92' lang='lat' dir='ltr'>in</span> <span class='ocrx_word' id='word_1_410' title='bbox 711 5327 960 5398; x_wconf 78' lang='lat' dir='ltr'>Hegovia</span> <span class='ocrx_word' id='word_1_411' title='bbox 984 5332 1038 5382; x_wconf 88' lang='lat' dir='ltr'>et</span> <span class='ocrx_word' id='word_1_412' title='bbox 1063 5332 1208 5381; x_wconf 81' lang='lat' dir='ltr'>Para</span> <span class='ocrx_word' id='word_1_413' title='bbox 1241 5329 1548 5392; x_wconf 88' lang='lat' dir='ltr'>concessit,</span> <span class='ocrx_word' id='word_1_414' title='bbox 1583 5325 1653 5385; x_wconf 82' lang='lat' dir='ltr'>ut</span> <span class='ocrx_word' id='word_1_415' title='bbox 1668 5333 1739 5386; x_wconf 92' lang='lat' dir='ltr'>ab</span> <span class='ocrx_word' id='word_1_416' title='bbox 1773 5332 1869 5387; x_wconf 91' lang='lat' dir='ltr'>illo</span> <span class='ocrx_word' id='word_1_417' title='bbox 1888 5351 1956 5388; x_wconf 90' lang='lat' dir='ltr'>ea</span> 
     </span>
    </p>
   </div>
   <div class='ocr_carea' id='block_1_65' title="bbox 308 5396 1953 5471">
    <p class='ocr_par' dir='ltr' id='par_1_65' title="bbox 308 5396 1953 5471">
     <span class='ocr_line' id='line_1_66' title="bbox 308 5396 1953 5471; baseline 0.006 -24"><span class='ocrx_word' id='word_1_418' title='bbox 308 5396 745 5471; x_wconf 52' lang='lat' dir='ltr'>reciperetque}</span> <span class='ocrx_word' id='word_1_419' title='bbox 771 5396 1375 5470; x_wconf 77' lang='lat' dir='ltr'>monasterium.quod</span> <span class='ocrx_word' id='word_1_420' title='bbox 1398 5401 1522 5470; x_wconf 89' lang='lat' dir='ltr'>ipse</span> <span class='ocrx_word' id='word_1_421' title='bbox 1545 5403 1953 5471; x_wconf 80' lang='lat' dir='ltr'>regebat,alibi</span> 
     </span>
    </p>
   </div>
   <div class='ocr_carea' id='block_1_66' title="bbox 309 5467 1953 5535">
    <p class='ocr_par' dir='ltr' id='par_1_66' title="bbox 309 5467 1953 5535">
     <span class='ocr_line' id='line_1_67' title="bbox 309 5467 1953 5535; baseline 0.005 -16"><span class='ocrx_word' id='word_1_422' title='bbox 309 5467 816 5535; x_wconf 81' lang='lat' dir='ltr'>possederat.Cum</span> <span class='ocrx_word' id='word_1_423' title='bbox 838 5487 969 5523; x_wconf 80' lang='lat' dir='ltr'>vero</span> <span class='ocrx_word' id='word_1_424' title='bbox 991 5471 1140 5524; x_wconf 70' lang='lat' dir='ltr'>intra</span> <span class='ocrx_word' id='word_1_425' title='bbox 1209 5467 1273 5523; x_wconf 78' lang='lat'>39</span> <span class='ocrx_word' id='word_1_426' title='bbox 1297 5467 1953 5528; x_wconf 41' lang='lat' dir='ltr'>Steinense‘ca‘nobium</span> 
     </span>
    </p>
   </div>
   <div class='ocr_carea' id='block_1_67' title="bbox 308 5541 1951 5612">
    <p class='ocr_par' dir='ltr' id='par_1_67' title="bbox 308 5541 1951 5612">
     <span class='ocr_line' id='line_1_68' title="bbox 308 5541 1951 5612; baseline 0.007 -23"><span class='ocrx_word' id='word_1_427' title='bbox 308 5541 577 5612; x_wconf 78' lang='lat' dir='ltr'>quartam</span> <span class='ocrx_word' id='word_1_428' title='bbox 609 5545 833 5612; x_wconf 74' lang='lat' dir='ltr'>partem</span> <span class='ocrx_word' id='word_1_429' title='bbox 866 5542 1013 5594; x_wconf 65' lang='lat' dir='ltr'>villae</span> <span class='ocrx_word' id='word_1_430' title='bbox 1046 5543 1350 5612; x_wconf 83' lang='lat' dir='ltr'>Eplindorf</span> <span class='ocrx_word' id='word_1_431' title='bbox 1389 5542 1649 5596; x_wconf 85' lang='lat' dir='ltr'>obtinere</span> <span class='ocrx_word' id='word_1_432' title='bbox 1705 5544 1951 5612; x_wconf 87' lang='lat' dir='ltr'>dicatur,</span> 
     </span>
    </p>
   </div>
   <div class='ocr_carea' id='block_1_68' title="bbox 306 5606 1954 5683">
    <p class='ocr_par' dir='ltr' id='par_1_68' title="bbox 306 5606 1954 5683">
     <span class='ocr_line' id='line_1_69' title="bbox 306 5606 1954 5683; baseline 0.005 -22"><span class='ocrx_word' id='word_1_433' title='bbox 306 5606 427 5683; x_wconf 71' lang='lat' dir='ltr'>haec</span> <span class='ocrx_word' id='word_1_434' title='bbox 458 5608 586 5678; x_wconf 88' lang='lat' dir='ltr'>ipsa</span> <span class='ocrx_word' id='word_1_435' title='bbox 613 5606 751 5683; x_wconf 75' lang='lat' dir='ltr'>villa</span> <span class='ocrx_word' id='word_1_436' title='bbox 772 5627 906 5683; x_wconf 82' lang='lat' dir='ltr'>esse</span> <span class='ocrx_word' id='word_1_437' title='bbox 937 5606 1181 5674; x_wconf 77' lang='lat' dir='ltr'>videtur,</span> <span class='ocrx_word' id='word_1_438' title='bbox 1216 5628 1389 5683; x_wconf 91' lang='lat' dir='ltr'>quam</span> <span class='ocrx_word' id='word_1_439' title='bbox 1424 5629 1526 5683; x_wconf 90' lang='lat' dir='ltr'>per</span> <span class='ocrx_word' id='word_1_440' title='bbox 1556 5612 1664 5667; x_wconf 91' lang='lat' dir='ltr'>hoc</span> <span class='ocrx_word' id='word_1_441' title='bbox 1685 5606 1954 5670; x_wconf 53' lang='lat' dir='ltr'>concam;</span> 
     </span>
    </p>
   </div>
   <div class='ocr_carea' id='block_1_69' title="bbox 305 5679 1956 5751">
    <p class='ocr_par' dir='ltr' id='par_1_69' title="bbox 305 5679 1956 5751">
     <span class='ocr_line' id='line_1_70' title="bbox 305 5679 1956 5751; baseline 0.004 -17"><span class='ocrx_word' id='word_1_442' title='bbox 305 5679 469 5736; x_wconf 89' lang='lat' dir='ltr'>bium</span> <span class='ocrx_word' id='word_1_443' title='bbox 503 5679 848 5751; x_wconf 88' lang='lat' dir='ltr'>acquisivit:</span> <span class='ocrx_word' id='word_1_444' title='bbox 883 5699 996 5750; x_wconf 90' lang='lat' dir='ltr'>qua</span> <span class='ocrx_word' id='word_1_445' title='bbox 1035 5679 1256 5739; x_wconf 79' lang='lat' dir='ltr'>ratione</span> <span class='ocrx_word' id='word_1_446' title='bbox 1288 5679 1589 5738; x_wconf 88' lang='lat' dir='ltr'>Pezelinus</span> <span class='ocrx_word' id='word_1_447' title='bbox 1635 5685 1956 5744; x_wconf 86' lang='lat' dir='ltr'>Steinensis</span> 
     </span>
    </p>
   </div>
   <div class='ocr_carea' id='block_1_70' title="bbox 2104 528 3753 604">
    <p class='ocr_par' dir='ltr' id='par_1_70' title="bbox 2104 528 3753 604">
     <span class='ocr_line' id='line_1_71' title="bbox 2104 528 3753 604; baseline -0.001 -19"><span class='ocrx_word' id='word_1_448' title='bbox 2104 531 2382 586; x_wconf 88' lang='lat' dir='ltr'>omnibus</span> <span class='ocrx_word' id='word_1_449' title='bbox 2406 549 2725 604; x_wconf 86' lang='lat' dir='ltr'>eorumque</span> <span class='ocrx_word' id='word_1_450' title='bbox 2742 533 2988 604; x_wconf 88' lang='lat' dir='ltr'>posteris</span> <span class='ocrx_word' id='word_1_451' title='bbox 3020 533 3077 588; x_wconf 90' lang='lat' dir='ltr'>in</span> <span class='ocrx_word' id='word_1_452' title='bbox 3103 531 3437 588; x_wconf 87' lang='lat' dir='ltr'>subsidium</span> <span class='ocrx_word' id='word_1_453' title='bbox 3461 528 3753 600; x_wconf 84' lang='lat' dir='ltr'>attribuit,</span> 
     </span>
    </p>
   </div>
   <div class='ocr_carea' id='block_1_71' title="bbox 2101 618 3755 690">
    <p class='ocr_par' dir='ltr' id='par_1_71' title="bbox 2101 618 3755 690">
     <span class='ocr_line' id='line_1_72' title="bbox 2101 618 3755 690; baseline 0 -18"><span class='ocrx_word' id='word_1_454' title='bbox 2101 624 2166 674; x_wconf 90' lang='lat' dir='ltr'>ut</span> <span class='ocrx_word' id='word_1_455' title='bbox 2197 637 2231 673; x_wconf 89' lang='lat' dir='ltr'>a</span> <span class='ocrx_word' id='word_1_456' title='bbox 2261 620 2507 674; x_wconf 89' lang='lat' dir='ltr'>mortuis</span> <span class='ocrx_word' id='word_1_457' title='bbox 2537 621 2751 675; x_wconf 70' lang='lat' dir='ltr'>exuviae</span> <span class='ocrx_word' id='word_1_458' title='bbox 2783 638 2899 675; x_wconf 90' lang='lat' dir='ltr'>non</span> <span class='ocrx_word' id='word_1_459' title='bbox 2931 620 3232 686; x_wconf 85' lang='lat' dir='ltr'>tollantur,</span> <span class='ocrx_word' id='word_1_460' title='bbox 3266 620 3367 676; x_wconf 87' lang='lat' dir='ltr'>sed</span> <span class='ocrx_word' id='word_1_461' title='bbox 3428 618 3645 690; x_wconf 84' lang='lat' dir='ltr'>posteri</span> <span class='ocrx_word' id='word_1_462' title='bbox 3685 634 3755 673; x_wconf 84' lang='lat' dir='ltr'>ex</span> 
     </span>
    </p>
   </div>
   <div class='ocr_carea' id='block_1_72' title="bbox 2098 707 3757 781">
    <p class='ocr_par' dir='ltr' id='par_1_72' title="bbox 2098 707 3757 781">
     <span class='ocr_line' id='line_1_73' title="bbox 2098 707 3757 781; baseline -0.002 -18"><span class='ocrx_word' id='word_1_463' title='bbox 2098 707 2325 780; x_wconf 82' lang='lat' dir='ltr'>integro</span> <span class='ocrx_word' id='word_1_464' title='bbox 2353 725 2597 780; x_wconf 78' lang='lat' dir='ltr'>quaeque</span> <span class='ocrx_word' id='word_1_465' title='bbox 2627 709 2827 764; x_wconf 74' lang='lat' dir='ltr'>relicta</span> <span class='ocrx_word' id='word_1_466' title='bbox 2848 710 3232 781; x_wconf 89' lang='lat' dir='ltr'>possiderent,</span> <span class='ocrx_word' id='word_1_467' title='bbox 3259 712 3315 764; x_wconf 90' lang='lat' dir='ltr'>et</span> <span class='ocrx_word' id='word_1_468' title='bbox 3336 711 3567 762; x_wconf 89' lang='lat' dir='ltr'>tantum</span> <span class='ocrx_word' id='word_1_469' title='bbox 3599 707 3757 762; x_wconf 87' lang='lat' dir='ltr'>navi-</span> 
     </span>
    </p>
   </div>
   <div class='ocr_carea' id='block_1_73' title="bbox 2096 796 3758 868">
    <p class='ocr_par' dir='ltr' id='par_1_73' title="bbox 2096 796 3758 868">
     <span class='ocr_line' id='line_1_74' title="bbox 2096 796 3758 868; baseline -0.001 -17"><span class='ocrx_word' id='word_1_470' title='bbox 2096 801 2304 868; x_wconf 88' lang='lat' dir='ltr'>garent</span> <span class='ocrx_word' id='word_1_471' title='bbox 2333 798 2401 851; x_wconf 89' lang='lat' dir='ltr'>ad</span> <span class='ocrx_word' id='word_1_472' title='bbox 2436 814 2809 852; x_wconf 89' lang='lat' dir='ltr'>communem</span> <span class='ocrx_word' id='word_1_473' title='bbox 2842 799 3212 853; x_wconf 90' lang='lat' dir='ltr'>dominorum</span> <span class='ocrx_word' id='word_1_474' title='bbox 3239 813 3484 852; x_wconf 89' lang='lat' dir='ltr'>suorum</span> <span class='ocrx_word' id='word_1_475' title='bbox 3503 796 3758 851; x_wconf 86' lang='lat' dir='ltr'>necessi-</span> 
     </span>
    </p>
   </div>
   <div class='ocr_carea' id='block_1_74' title="bbox 2094 886 3753 958">
    <p class='ocr_par' dir='ltr' id='par_1_74' title="bbox 2094 886 3753 958">
     <span class='ocr_line' id='line_1_75' title="bbox 2094 886 3753 958; baseline 0 -18"><span class='ocrx_word' id='word_1_476' title='bbox 2094 889 2295 952; x_wconf 86' lang='lat' dir='ltr'>tatem,</span> <span class='ocrx_word' id='word_1_477' title='bbox 2317 886 2538 958; x_wconf 90' lang='lat' dir='ltr'>eisque,</span> <span class='ocrx_word' id='word_1_478' title='bbox 2564 886 2781 958; x_wconf 88' lang='lat' dir='ltr'>quibus</span> <span class='ocrx_word' id='word_1_479' title='bbox 2803 887 2911 941; x_wconf 91' lang='lat' dir='ltr'>hoc</span> <span class='ocrx_word' id='word_1_480' title='bbox 2931 887 3339 958; x_wconf 84' lang='lat' dir='ltr'>ingeniiesset,</span> <span class='ocrx_word' id='word_1_481' title='bbox 3359 887 3753 958; x_wconf 89' lang='lat' dir='ltr'>piscarentur.</span> 
     </span>
    </p>
   </div>
   <div class='ocr_carea' id='block_1_75' title="bbox 2094 974 3750 1046">
    <p class='ocr_par' dir='ltr' id='par_1_75' title="bbox 2094 974 3750 1046">
     <span class='ocr_line' id='line_1_76' title="bbox 2094 974 3750 1046; baseline 0.001 -18"><span class='ocrx_word' id='word_1_482' title='bbox 2094 974 2210 1029; x_wconf 91' lang='lat' dir='ltr'>Hoc</span> <span class='ocrx_word' id='word_1_483' title='bbox 2239 974 2392 1030; x_wconf 90' lang='lat' dir='ltr'>idem</span> <span class='ocrx_word' id='word_1_484' title='bbox 2416 976 2517 1046; x_wconf 91' lang='lat' dir='ltr'>jus</span> <span class='ocrx_word' id='word_1_485' title='bbox 2558 975 2733 1030; x_wconf 88' lang='lat' dir='ltr'>etiam</span> <span class='ocrx_word' id='word_1_486' title='bbox 2771 975 3113 1030; x_wconf 89' lang='lat' dir='ltr'>monasterii</span> <span class='ocrx_word' id='word_1_487' title='bbox 3147 974 3389 1030; x_wconf 83' lang='lat' dir='ltr'>famulis</span> <span class='ocrx_word' id='word_1_488' title='bbox 3424 974 3750 1042; x_wconf 89' lang='lat' dir='ltr'>constituit,</span> 
     </span>
    </p>
   </div>
   <div class='ocr_carea' id='block_1_76' title="bbox 2091 1061 3750 1134">
    <p class='ocr_par' dir='ltr' id='par_1_76' title="bbox 2091 1061 3750 1134">
     <span class='ocr_line' id='line_1_77' title="bbox 2091 1061 3750 1134; baseline -0.001 -16"><span class='ocrx_word' id='word_1_489' title='bbox 2091 1068 2328 1134; x_wconf 84' lang='lat' dir='ltr'>excepto</span> <span class='ocrx_word' id='word_1_490' title='bbox 2384 1080 2448 1118; x_wconf 92' lang='lat' dir='ltr'>co</span> <span class='ocrx_word' id='word_1_491' title='bbox 2502 1063 2657 1134; x_wconf 92' lang='lat' dir='ltr'>quod</span> <span class='ocrx_word' id='word_1_492' title='bbox 2719 1061 2798 1131; x_wconf 90' lang='lat' dir='ltr'>hi,</span> <span class='ocrx_word' id='word_1_493' title='bbox 2852 1063 3130 1134; x_wconf 88' lang='lat' dir='ltr'>quoniam</span> <span class='ocrx_word' id='word_1_494' title='bbox 3193 1061 3631 1134; x_wconf 88' lang='lat' dir='ltr'>aliquantulum</span> <span class='ocrx_word' id='word_1_495' title='bbox 3689 1063 3750 1118; x_wconf 91' lang='lat' dir='ltr'>in</span> 
     </span>
    </p>
   </div>
   <div class='ocr_carea' id='block_1_77' title="bbox 2092 1151 3744 1225">
    <p class='ocr_par' dir='ltr' id='par_1_77' title="bbox 2092 1151 3744 1225">
     <span class='ocr_line' id='line_1_78' title="bbox 2092 1151 3744 1225; baseline -0.001 -17"><span class='ocrx_word' id='word_1_496' title='bbox 2092 1153 2248 1225; x_wconf 86' lang='lat' dir='ltr'>agris</span> <span class='ocrx_word' id='word_1_497' title='bbox 2268 1156 2325 1206; x_wconf 91' lang='lat' dir='ltr'>et</span> <span class='ocrx_word' id='word_1_498' title='bbox 2342 1153 2525 1224; x_wconf 86' lang='lat' dir='ltr'>pratis</span> <span class='ocrx_word' id='word_1_499' title='bbox 2567 1152 2806 1217; x_wconf 88' lang='lat' dir='ltr'>habent,</span> <span class='ocrx_word' id='word_1_500' title='bbox 2825 1151 3086 1222; x_wconf 88' lang='lat' dir='ltr'>quotidie</span> <span class='ocrx_word' id='word_1_501' title='bbox 3107 1151 3366 1207; x_wconf 91' lang='lat' dir='ltr'>dominis</span> <span class='ocrx_word' id='word_1_502' title='bbox 3388 1152 3514 1207; x_wconf 89' lang='lat' dir='ltr'>suis</span> <span class='ocrx_word' id='word_1_503' title='bbox 3526 1152 3744 1207; x_wconf 87' lang='lat' dir='ltr'>debent</span> 
     </span>
    </p>
   </div>
   <div class='ocr_carea' id='block_1_78' title="bbox 2091 1240 3248 1312">
    <p class='ocr_par' dir='ltr' id='par_1_78' title="bbox 2091 1240 3248 1312">
     <span class='ocr_line' id='line_1_79' title="bbox 2091 1240 3248 1312; baseline -0.004 -14"><span class='ocrx_word' id='word_1_504' title='bbox 2091 1241 2304 1298; x_wconf 89' lang='lat' dir='ltr'>servire</span> <span class='ocrx_word' id='word_1_505' title='bbox 2335 1246 2391 1297; x_wconf 91' lang='lat' dir='ltr'>et</span> <span class='ocrx_word' id='word_1_506' title='bbox 2412 1242 2483 1296; x_wconf 90' lang='lat' dir='ltr'>ab</span> <span class='ocrx_word' id='word_1_507' title='bbox 2516 1241 2600 1296; x_wconf 89' lang='lat' dir='ltr'>eis</span> <span class='ocrx_word' id='word_1_508' title='bbox 2633 1257 2928 1295; x_wconf 89' lang='lat' dir='ltr'>annonam</span> <span class='ocrx_word' id='word_1_509' title='bbox 2952 1240 3248 1312; x_wconf 87' lang='lat' dir='ltr'>accipere.</span> 
     </span>
    </p>
   </div>
   <div class='ocr_carea' id='block_1_79' title="bbox 2171 1329 3664 1402">
    <p class='ocr_par' dir='ltr' id='par_1_79' title="bbox 2171 1329 3664 1402">
     <span class='ocr_line' id='line_1_80' title="bbox 2171 1329 3664 1402; baseline 0 -18"><span class='ocrx_word' id='word_1_510' title='bbox 2171 1330 2200 1402; x_wconf 87' lang='lat'>§</span> <span class='ocrx_word' id='word_1_511' title='bbox 2231 1330 2372 1384; x_wconf 86' lang='lat' dir='ltr'>XIII.</span> <span class='ocrx_word' id='word_1_512' title='bbox 2409 1331 2482 1384; x_wconf 85' lang='lat' dir='ltr'>De</span> <span class='ocrx_word' id='word_1_513' title='bbox 2509 1330 2718 1401; x_wconf 82' lang='lat' dir='ltr'>capella</span> <span class='ocrx_word' id='word_1_514' title='bbox 2747 1329 2802 1384; x_wconf 89' lang='lat' dir='ltr'>S.</span> <span class='ocrx_word' id='word_1_515' title='bbox 2829 1329 3124 1386; x_wconf 76' lang='lat' dir='ltr'>Michaelis.</span> <span class='ocrx_word' id='word_1_516' title='bbox 3155 1331 3448 1384; x_wconf 83' lang='lat' dir='ltr'>Pezilinus</span> <span class='ocrx_word' id='word_1_517' title='bbox 3477 1329 3664 1385; x_wconf 89' lang='lat' dir='ltr'>abbas.</span> 
     </span>
    </p>
   </div>
   <div class='ocr_carea' id='block_1_80' title="bbox 2161 1417 3746 1490">
    <p class='ocr_par' dir='ltr' id='par_1_80' title="bbox 2161 1417 3746 1490">
     <span class='ocr_line' id='line_1_81' title="bbox 2161 1417 3746 1490; baseline 0.001 -18"><span class='ocrx_word' id='word_1_518' title='bbox 2161 1418 2355 1474; x_wconf 88' lang='lat' dir='ltr'>Primo</span> <span class='ocrx_word' id='word_1_519' title='bbox 2387 1418 2567 1490; x_wconf 89' lang='lat' dir='ltr'>igitur</span> <span class='ocrx_word' id='word_1_520' title='bbox 2595 1417 2875 1490; x_wconf 88' lang='lat' dir='ltr'>capellam</span> <span class='ocrx_word' id='word_1_521' title='bbox 2910 1417 3211 1488; x_wconf 84' lang='lat' dir='ltr'>parvulam</span> <span class='ocrx_word' id='word_1_522' title='bbox 3261 1418 3343 1472; x_wconf 92' lang='lat' dir='ltr'>ibi</span> <span class='ocrx_word' id='word_1_523' title='bbox 3401 1418 3746 1484; x_wconf 84' lang='lat' dir='ltr'>construxit,</span> 
     </span>
    </p>
   </div>
   <div class='ocr_carea' id='block_1_81' title="bbox 2091 1505 3748 1578">
    <p class='ocr_par' dir='ltr' id='par_1_81' title="bbox 2091 1505 3748 1578">
     <span class='ocr_line' id='line_1_82' title="bbox 2091 1505 3748 1578; baseline 0 -16"><span class='ocrx_word' id='word_1_524' title='bbox 2091 1523 2266 1578; x_wconf 89' lang='lat' dir='ltr'>quam</span> <span class='ocrx_word' id='word_1_525' title='bbox 2299 1507 2357 1561; x_wconf 91' lang='lat' dir='ltr'>in</span> <span class='ocrx_word' id='word_1_526' title='bbox 2389 1508 2668 1563; x_wconf 90' lang='lat' dir='ltr'>honorem</span> <span class='ocrx_word' id='word_1_527' title='bbox 2685 1511 2741 1561; x_wconf 85' lang='lat' dir='ltr'>S.</span> <span class='ocrx_word' id='word_1_528' title='bbox 2768 1505 3068 1562; x_wconf 87' lang='lat' dir='ltr'>Michaelis</span> <span class='ocrx_word' id='word_1_529' title='bbox 3091 1524 3145 1560; x_wconf 83' lang='lat' dir='ltr'>1v</span> <span class='ocrx_word' id='word_1_530' title='bbox 3166 1505 3293 1561; x_wconf 88' lang='lat' dir='ltr'>Kal.</span> <span class='ocrx_word' id='word_1_531' title='bbox 3322 1506 3572 1578; x_wconf 86' lang='lat' dir='ltr'>Augusti</span> <span class='ocrx_word' id='word_1_532' title='bbox 3591 1507 3748 1562; x_wconf 81' lang='lat' dir='ltr'>dedi-</span> 
     </span>
    </p>
   </div>
   <div class='ocr_carea' id='block_1_82' title="bbox 2091 1595 3746 1668">
    <p class='ocr_par' dir='ltr' id='par_1_82' title="bbox 2091 1595 3746 1668">
     <span class='ocr_line' id='line_1_83' title="bbox 2091 1595 3746 1668; baseline 0 -18"><span class='ocrx_word' id='word_1_533' title='bbox 2091 1595 2258 1662; x_wconf 88' lang='lat' dir='ltr'>cavit,</span> <span class='ocrx_word' id='word_1_534' title='bbox 2295 1597 2353 1650; x_wconf 94' lang='lat' dir='ltr'>in</span> <span class='ocrx_word' id='word_1_535' title='bbox 2383 1595 2702 1668; x_wconf 68' lang='lat' dir='ltr'>quafetiam</span> <span class='ocrx_word' id='word_1_536' title='bbox 2736 1600 3035 1651; x_wconf 91' lang='lat' dir='ltr'>mortuum</span> <span class='ocrx_word' id='word_1_537' title='bbox 3066 1595 3286 1650; x_wconf 90' lang='lat' dir='ltr'>orando</span> <span class='ocrx_word' id='word_1_538' title='bbox 3316 1595 3643 1650; x_wconf 86' lang='lat' dir='ltr'>suscitavit.</span> <span class='ocrx_word' id='word_1_539' title='bbox 3681 1597 3746 1650; x_wconf 91' lang='lat' dir='ltr'>In</span> 
     </span>
    </p>
   </div>
   <div class='ocr_carea' id='block_1_83' title="bbox 2091 1683 3744 1755">
    <p class='ocr_par' dir='ltr' id='par_1_83' title="bbox 2091 1683 3744 1755">
     <span class='ocr_line' id='line_1_84' title="bbox 2091 1683 3744 1755; baseline 0.001 -17"><span class='ocrx_word' id='word_1_540' title='bbox 2091 1683 2387 1740; x_wconf 89' lang='lat' dir='ltr'>hocinitio</span> <span class='ocrx_word' id='word_1_541' title='bbox 2420 1684 2740 1739; x_wconf 87' lang='lat' dir='ltr'>Pezilinum</span> <span class='ocrx_word' id='word_1_542' title='bbox 2775 1683 2920 1755; x_wconf 87' lang='lat'>(780)</span> <span class='ocrx_word' id='word_1_543' title='bbox 2953 1683 3272 1754; x_wconf 87' lang='lat' dir='ltr'>quemdam</span> <span class='ocrx_word' id='word_1_544' title='bbox 3305 1683 3510 1738; x_wconf 89' lang='lat' dir='ltr'>habuit</span> <span class='ocrx_word' id='word_1_545' title='bbox 3565 1683 3744 1740; x_wconf 84' lang='lat' dir='ltr'>abba-</span> 
     </span>
    </p>
   </div>
   <div class='ocr_carea' id='block_1_84' title="bbox 2093 1771 3749 1844">
    <p class='ocr_par' dir='ltr' id='par_1_84' title="bbox 2093 1771 3749 1844">
     <span class='ocr_line' id='line_1_85' title="bbox 2093 1771 3749 1844; baseline -0.001 -16"><span class='ocrx_word' id='word_1_546' title='bbox 2093 1776 2235 1837; x_wconf 88' lang='lat' dir='ltr'>tem,</span> <span class='ocrx_word' id='word_1_547' title='bbox 2269 1773 2377 1829; x_wconf 89' lang='lat' dir='ltr'>sub</span> <span class='ocrx_word' id='word_1_548' title='bbox 2411 1789 2526 1844; x_wconf 92' lang='lat' dir='ltr'>quo</span> <span class='ocrx_word' id='word_1_549' title='bbox 2561 1772 2846 1844; x_wconf 71' lang='lat' dir='ltr'>prazdium</span> <span class='ocrx_word' id='word_1_550' title='bbox 2879 1773 3034 1843; x_wconf 91' lang='lat' dir='ltr'>apud</span> <span class='ocrx_word' id='word_1_551' title='bbox 3055 1771 3367 1844; x_wconf 87' lang='lat' dir='ltr'>Togingin,</span> <span class='ocrx_word' id='word_1_552' title='bbox 3390 1776 3447 1828; x_wconf 90' lang='lat' dir='ltr'>et</span> <span class='ocrx_word' id='word_1_553' title='bbox 3475 1772 3749 1844; x_wconf 89' lang='lat' dir='ltr'>aliquan-</span> 
     </span>
    </p>
   </div>
   <div class='ocr_carea' id='block_1_85' title="bbox 2097 1859 3751 1934">
    <p class='ocr_par' dir='ltr' id='par_1_85' title="bbox 2097 1859 3751 1934">
     <span class='ocr_line' id='line_1_86' title="bbox 2097 1859 3751 1934; baseline -0.001 -17"><span class='ocrx_word' id='word_1_554' title='bbox 2097 1861 2285 1917; x_wconf 90' lang='lat' dir='ltr'>tulum</span> <span class='ocrx_word' id='word_1_555' title='bbox 2311 1863 2466 1934; x_wconf 89' lang='lat' dir='ltr'>apud</span> <span class='ocrx_word' id='word_1_556' title='bbox 2487 1862 2842 1933; x_wconf 84' lang='lat' dir='ltr'>Epﬁndorfa</span> <span class='ocrx_word' id='word_1_557' title='bbox 2863 1859 3296 1916; x_wconf 88' lang='lat' dir='ltr'>Constantiensi</span> <span class='ocrx_word' id='word_1_558' title='bbox 3317 1860 3564 1916; x_wconf 87' lang='lat' dir='ltr'>ecclesia</span> <span class='ocrx_word' id='word_1_559' title='bbox 3585 1877 3751 1917; x_wconf 90' lang='lat' dir='ltr'>com-</span> 
     </span>
    </p>
   </div>
   <div class='ocr_carea' id='block_1_86' title="bbox 2097 1948 3744 2023">
    <p class='ocr_par' dir='ltr' id='par_1_86' title="bbox 2097 1948 3744 2023">
     <span class='ocr_line' id='line_1_87' title="bbox 2097 1948 3744 2023; baseline 0 -19"><span class='ocrx_word' id='word_1_560' title='bbox 2097 1951 2359 2017; x_wconf 88' lang='lat' dir='ltr'>mutavit,</span> <span class='ocrx_word' id='word_1_561' title='bbox 2385 1967 2562 2022; x_wconf 88' lang='lat' dir='ltr'>super</span> <span class='ocrx_word' id='word_1_562' title='bbox 2591 1967 2707 2021; x_wconf 88' lang='lat' dir='ltr'>qua</span> <span class='ocrx_word' id='word_1_563' title='bbox 2740 1948 3196 2005; x_wconf 88' lang='lat' dir='ltr'>commutatione</span> <span class='ocrx_word' id='word_1_564' title='bbox 3226 1948 3341 2004; x_wconf 90' lang='lat' dir='ltr'>tale</span> <span class='ocrx_word' id='word_1_565' title='bbox 3371 1948 3744 2023; x_wconf 88' lang='lat' dir='ltr'>privilegium</span> 
     </span>
    </p>
   </div>
   <div class='ocr_carea' id='block_1_87' title="bbox 2099 2039 2587 2095">
    <p class='ocr_par' dir='ltr' id='par_1_87' title="bbox 2099 2039 2587 2095">
     <span class='ocr_line' id='line_1_88' title="bbox 2099 2039 2587 2095; baseline -0.002 0"><span class='ocrx_word' id='word_1_566' title='bbox 2099 2039 2390 2095; x_wconf 87' lang='lat' dir='ltr'>conscribi</span> <span class='ocrx_word' id='word_1_567' title='bbox 2425 2039 2587 2094; x_wconf 87' lang='lat' dir='ltr'>fecit:</span> 
     </span>
    </p>
   </div>
   <div class='ocr_carea' id='block_1_88' title="bbox 2293 2126 3566 2198">
    <p class='ocr_par' dir='ltr' id='par_1_88' title="bbox 2293 2126 3566 2198">
     <span class='ocr_line' id='line_1_89' title="bbox 2293 2126 3566 2198; baseline -0.002 -16"><span class='ocrx_word' id='word_1_568' title='bbox 2293 2130 2320 2195; x_wconf 85' lang='lat'>§</span> <span class='ocrx_word' id='word_1_569' title='bbox 2351 2127 2495 2182; x_wconf 87' lang='lat' dir='ltr'>XIV.</span> <span class='ocrx_word' id='word_1_570' title='bbox 2529 2128 2890 2197; x_wconf 84' lang='lat' dir='ltr'>Privilegium</span> <span class='ocrx_word' id='word_1_571' title='bbox 2918 2143 3082 2198; x_wconf 83' lang='lat' dir='ltr'>super</span> <span class='ocrx_word' id='word_1_572' title='bbox 3111 2127 3370 2197; x_wconf 76' lang='lat' dir='ltr'>Togingin</span> <span class='ocrx_word' id='word_1_573' title='bbox 3395 2126 3566 2197; x_wconf 89' lang='grc'>(731).</span> 
     </span>
    </p>
   </div>
   <div class='ocr_carea' id='block_1_89' title="bbox 2176 2214 3746 2271">
    <p class='ocr_par' dir='ltr' id='par_1_89' title="bbox 2176 2214 3746 2271">
     <span class='ocr_line' id='line_1_90' title="bbox 2176 2214 3746 2271; baseline 0.003 -5"><span class='ocrx_word' id='word_1_574' title='bbox 2176 2239 2196 2266; x_wconf 74' lang='grc' dir='ltr'><strong>α</strong></span> <span class='ocrx_word' id='word_1_575' title='bbox 2235 2219 2296 2271; x_wconf 89' lang='lat' dir='ltr'>In</span> <span class='ocrx_word' id='word_1_576' title='bbox 2318 2215 2554 2271; x_wconf 89' lang='lat' dir='ltr'>nomine</span> <span class='ocrx_word' id='word_1_577' title='bbox 2567 2219 2780 2271; x_wconf 66' lang='lat' dir='ltr'>sancta:</span> <span class='ocrx_word' id='word_1_578' title='bbox 2799 2220 2855 2271; x_wconf 90' lang='lat' dir='ltr'>et</span> <span class='ocrx_word' id='word_1_579' title='bbox 2871 2215 3183 2270; x_wconf 67' lang='lat' dir='ltr'>individua:</span> <span class='ocrx_word' id='word_1_580' title='bbox 3197 2214 3746 2271; x_wconf 88' lang='lat' dir='ltr'>Trinitatis.Notum</span> 
     </span>
    </p>
   </div>
   <div class='ocr_carea' id='block_1_90' title="bbox 2101 2303 3753 2377">
    <p class='ocr_par' dir='ltr' id='par_1_90' title="bbox 2101 2303 3753 2377">
     <span class='ocr_line' id='line_1_91' title="bbox 2101 2303 3753 2377; baseline 0 -17"><span class='ocrx_word' id='word_1_581' title='bbox 2101 2305 2178 2361; x_wconf 92' lang='lat' dir='ltr'>sit</span> <span class='ocrx_word' id='word_1_582' title='bbox 2206 2305 2502 2370; x_wconf 90' lang='lat' dir='ltr'>omnibus,</span> <span class='ocrx_word' id='word_1_583' title='bbox 2528 2304 2914 2377; x_wconf 72' lang='lat' dir='ltr'>praesentibus</span> <span class='ocrx_word' id='word_1_584' title='bbox 2927 2303 3148 2359; x_wconf 90' lang='lat' dir='ltr'>scilicet</span> <span class='ocrx_word' id='word_1_585' title='bbox 3161 2307 3217 2358; x_wconf 89' lang='lat' dir='ltr'>et</span> <span class='ocrx_word' id='word_1_586' title='bbox 3238 2303 3475 2371; x_wconf 82' lang='lat' dir='ltr'>futuris,</span> <span class='ocrx_word' id='word_1_587' title='bbox 3501 2303 3753 2375; x_wconf 87' lang='lat' dir='ltr'>qualiter</span> 
     </span>
    </p>
   </div>
   <div class='ocr_carea' id='block_1_91' title="bbox 2100 2391 3750 2467">
    <p class='ocr_par' dir='ltr' id='par_1_91' title="bbox 2100 2391 3750 2467">
     <span class='ocr_line' id='line_1_92' title="bbox 2100 2391 3750 2467; baseline -0.001 -17"><span class='ocrx_word' id='word_1_588' title='bbox 2100 2411 2205 2467; x_wconf 90' lang='lat' dir='ltr'>ego</span> <span class='ocrx_word' id='word_1_589' title='bbox 2231 2395 2606 2449; x_wconf 60' lang='lat' dir='ltr'>Gseaaannus</span> <span class='ocrx_word' id='word_1_590' title='bbox 2643 2393 2941 2454; x_wconf 86' lang='lat' dir='ltr'>Constant.</span> <span class='ocrx_word' id='word_1_591' title='bbox 3005 2391 3274 2448; x_wconf 56' lang='lat' dir='ltr'>Ecclesia</span> <span class='ocrx_word' id='word_1_592' title='bbox 3323 2391 3535 2463; x_wconf 67' lang='lat' dir='ltr'>praesul</span> <span class='ocrx_word' id='word_1_593' title='bbox 3593 2394 3750 2449; x_wconf 74' lang='lat'><strong>808</strong></span> 
     </span>
    </p>
   </div>
   <div class='ocr_carea' id='block_1_92' title="bbox 2099 2480 3748 2553">
    <p class='ocr_par' dir='ltr' id='par_1_92' title="bbox 2099 2480 3748 2553">
     <span class='ocr_line' id='line_1_93' title="bbox 2099 2480 3748 2553; baseline -0.001 -16"><span class='ocrx_word' id='word_1_594' title='bbox 2099 2482 2379 2553; x_wconf 89' lang='lat' dir='ltr'>indiguus</span> <span class='ocrx_word' id='word_1_595' title='bbox 2413 2498 2544 2536; x_wconf 90' lang='lat' dir='ltr'>cum</span> <span class='ocrx_word' id='word_1_596' title='bbox 2578 2480 2756 2536; x_wconf 82' lang='lat' dir='ltr'>manu</span> <span class='ocrx_word' id='word_1_597' title='bbox 2782 2481 3039 2536; x_wconf 89' lang='lat' dir='ltr'>advocati</span> <span class='ocrx_word' id='word_1_598' title='bbox 3090 2480 3202 2535; x_wconf 89' lang='lat' dir='ltr'>mei</span> <span class='ocrx_word' id='word_1_599' title='bbox 3233 2480 3523 2535; x_wconf 89' lang='lat' dir='ltr'>Chuzonis</span> <span class='ocrx_word' id='word_1_600' title='bbox 3578 2482 3748 2552; x_wconf 85' lang='lat'>(722),</span> 
     </span>
    </p>
   </div>
   <div class='ocr_carea' id='block_1_93' title="bbox 2103 2569 3748 2641">
    <p class='ocr_par' dir='ltr' id='par_1_93' title="bbox 2103 2569 3748 2641">
     <span class='ocr_line' id='line_1_94' title="bbox 2103 2569 3748 2641; baseline -0.001 -15"><span class='ocrx_word' id='word_1_601' title='bbox 2103 2588 2236 2626; x_wconf 90' lang='lat' dir='ltr'>cum</span> <span class='ocrx_word' id='word_1_602' title='bbox 2270 2570 2522 2625; x_wconf 90' lang='lat' dir='ltr'>Pezilino</span> <span class='ocrx_word' id='word_1_603' title='bbox 2539 2571 2767 2637; x_wconf 83' lang='lat' dir='ltr'>abbate,</span> <span class='ocrx_word' id='word_1_604' title='bbox 2801 2571 2858 2625; x_wconf 93' lang='lat' dir='ltr'>S.</span> <span class='ocrx_word' id='word_1_605' title='bbox 2895 2569 3156 2641; x_wconf 85' lang='lat' dir='ltr'>Gregorii</span> <span class='ocrx_word' id='word_1_606' title='bbox 3187 2569 3528 2624; x_wconf 89' lang='lat' dir='ltr'>monasterii</span> <span class='ocrx_word' id='word_1_607' title='bbox 3587 2586 3748 2624; x_wconf 91' lang='lat' dir='ltr'>com-</span> 
     </span>
    </p>
   </div>
   <div class='ocr_carea' id='block_1_94' title="bbox 2103 2657 3746 2729">
    <p class='ocr_par' dir='ltr' id='par_1_94' title="bbox 2103 2657 3746 2729">
     <span class='ocr_line' id='line_1_95' title="bbox 2103 2657 3746 2729; baseline 0.001 -15"><span class='ocrx_word' id='word_1_608' title='bbox 2103 2659 2268 2714; x_wconf 87' lang='lat' dir='ltr'>muni</span> <span class='ocrx_word' id='word_1_609' title='bbox 2301 2657 2539 2713; x_wconf 89' lang='lat' dir='ltr'>utilitati</span> <span class='ocrx_word' id='word_1_610' title='bbox 2569 2659 2955 2729; x_wconf 87' lang='lat' dir='ltr'>prospiciens,</span> <span class='ocrx_word' id='word_1_611' title='bbox 3001 2658 3410 2713; x_wconf 88' lang='lat' dir='ltr'>concambium</span> <span class='ocrx_word' id='word_1_612' title='bbox 3454 2658 3558 2714; x_wconf 86' lang='lat' dir='ltr'>feci</span> <span class='ocrx_word' id='word_1_613' title='bbox 3592 2659 3746 2715; x_wconf 89' lang='lat' dir='ltr'>tale:</span> 
     </span>
    </p>
   </div>
   <div class='ocr_carea' id='block_1_95' title="bbox 2099 2745 3748 2818">
    <p class='ocr_par' dir='ltr' id='par_1_95' title="bbox 2099 2745 3748 2818">
     <span class='ocr_line' id='line_1_96' title="bbox 2099 2745 3748 2818; baseline 0.001 -16"><span class='ocrx_word' id='word_1_614' title='bbox 2099 2745 2364 2802; x_wconf 90' lang='lat' dir='ltr'>videlicet</span> <span class='ocrx_word' id='word_1_615' title='bbox 2386 2747 2666 2817; x_wconf 77' lang='lat' dir='ltr'>praedium</span> <span class='ocrx_word' id='word_1_616' title='bbox 2686 2746 2855 2818; x_wconf 87' lang='lat' dir='ltr'>quale</span> <span class='ocrx_word' id='word_1_617' title='bbox 2873 2746 3241 2814; x_wconf 83' lang='lat' dir='ltr'>Ecclesia,cui</span> <span class='ocrx_word' id='word_1_618' title='bbox 3265 2763 3512 2818; x_wconf 75' lang='lat' dir='ltr'>praeesse</span> <span class='ocrx_word' id='word_1_619' title='bbox 3528 2747 3748 2815; x_wconf 91' lang='lat' dir='ltr'>videor,</span> 
     </span>
    </p>
   </div>
   <div class='ocr_carea' id='block_1_96' title="bbox 2103 2834 3750 2908">
    <p class='ocr_par' dir='ltr' id='par_1_96' title="bbox 2103 2834 3750 2908">
     <span class='ocr_line' id='line_1_97' title="bbox 2103 2834 3750 2908; baseline 0.001 -18"><span class='ocrx_word' id='word_1_620' title='bbox 2103 2836 2316 2891; x_wconf 89' lang='lat' dir='ltr'>habere</span> <span class='ocrx_word' id='word_1_621' title='bbox 2346 2834 2787 2890; x_wconf 89' lang='lat' dir='ltr'>diciturinvilla</span> <span class='ocrx_word' id='word_1_622' title='bbox 2809 2836 3071 2908; x_wconf 90' lang='lat' dir='ltr'>Toginga</span> <span class='ocrx_word' id='word_1_623' title='bbox 3092 2836 3241 2907; x_wconf 90' lang='lat'>(733)</span> <span class='ocrx_word' id='word_1_624' title='bbox 3259 2835 3319 2890; x_wconf 92' lang='lat' dir='ltr'>in</span> <span class='ocrx_word' id='word_1_625' title='bbox 3342 2852 3490 2907; x_wconf 88' lang='lat' dir='ltr'>pago</span> <span class='ocrx_word' id='word_1_626' title='bbox 3507 2835 3750 2908; x_wconf 71' lang='lat' dir='ltr'>,Hegou,</span> 
     </span>
    </p>
   </div>
   <div class='ocr_carea' id='block_1_97' title="bbox 2105 2923 3750 2998">
    <p class='ocr_par' dir='ltr' id='par_1_97' title="bbox 2105 2923 3750 2998">
     <span class='ocr_line' id='line_1_98' title="bbox 2105 2923 3750 2998; baseline 0.001 -18"><span class='ocrx_word' id='word_1_627' title='bbox 2105 2929 2160 2980; x_wconf 89' lang='lat' dir='ltr'>et</span> <span class='ocrx_word' id='word_1_628' title='bbox 2189 2925 2247 2978; x_wconf 88' lang='lat' dir='ltr'>in</span> <span class='ocrx_word' id='word_1_629' title='bbox 2279 2923 2728 2995; x_wconf 83' lang='lat' dir='ltr'>villaEpﬁndorf</span> <span class='ocrx_word' id='word_1_630' title='bbox 2750 2925 2894 2996; x_wconf 78' lang='grc'>(734)</span> <span class='ocrx_word' id='word_1_631' title='bbox 2928 2924 2985 2979; x_wconf 92' lang='lat' dir='ltr'>in</span> <span class='ocrx_word' id='word_1_632' title='bbox 3011 2941 3161 2997; x_wconf 89' lang='lat' dir='ltr'>pago</span> <span class='ocrx_word' id='word_1_633' title='bbox 3190 2924 3354 2991; x_wconf 84' lang='lat' dir='ltr'>Para,</span> <span class='ocrx_word' id='word_1_634' title='bbox 3401 2925 3451 2979; x_wconf 92' lang='lat' dir='ltr'>ei</span> <span class='ocrx_word' id='word_1_635' title='bbox 3506 2926 3750 2998; x_wconf 83' lang='lat' dir='ltr'>suisque</span> 
     </span>
    </p>
   </div>
   <div class='ocr_carea' id='block_1_98' title="bbox 2106 3012 3754 3084">
    <p class='ocr_par' dir='ltr' id='par_1_98' title="bbox 2106 3012 3754 3084">
     <span class='ocr_line' id='line_1_99' title="bbox 2106 3012 3754 3084; baseline 0.001 -16"><span class='ocrx_word' id='word_1_636' title='bbox 2106 3012 2410 3068; x_wconf 88' lang='lat' dir='ltr'>monachis</span> <span class='ocrx_word' id='word_1_637' title='bbox 2431 3013 2772 3083; x_wconf 89' lang='lat' dir='ltr'>potestative</span> <span class='ocrx_word' id='word_1_638' title='bbox 2801 3013 3221 3084; x_wconf 89' lang='lat' dir='ltr'>possidendum</span> <span class='ocrx_word' id='word_1_639' title='bbox 3252 3014 3622 3080; x_wconf 87' lang='lat' dir='ltr'>contradens,</span> <span class='ocrx_word' id='word_1_640' title='bbox 3683 3031 3754 3070; x_wconf 85' lang='lat' dir='ltr'>ea</span> 
     </span>
    </p>
   </div>
   <div class='ocr_carea' id='block_1_99' title="bbox 2107 3101 3747 3174">
    <p class='ocr_par' dir='ltr' id='par_1_99' title="bbox 2107 3101 3747 3174">
     <span class='ocr_line' id='line_1_100' title="bbox 2107 3101 3747 3174; baseline 0.001 -17"><span class='ocrx_word' id='word_1_641' title='bbox 2107 3103 2324 3174; x_wconf 88' lang='lat' dir='ltr'>quippe</span> <span class='ocrx_word' id='word_1_642' title='bbox 2352 3101 2576 3157; x_wconf 86' lang='lat' dir='ltr'>ratione</span> <span class='ocrx_word' id='word_1_643' title='bbox 2610 3106 2692 3168; x_wconf 90' lang='lat' dir='ltr'>ut,</span> <span class='ocrx_word' id='word_1_644' title='bbox 2725 3103 2925 3157; x_wconf 87' lang='lat' dir='ltr'>eadem</span> <span class='ocrx_word' id='word_1_645' title='bbox 2956 3119 3090 3157; x_wconf 92' lang='lat' dir='ltr'>cum</span> <span class='ocrx_word' id='word_1_646' title='bbox 3124 3119 3302 3157; x_wconf 90' lang='lat' dir='ltr'>manu</span> <span class='ocrx_word' id='word_1_647' title='bbox 3333 3102 3595 3158; x_wconf 90' lang='lat' dir='ltr'>advocati</span> <span class='ocrx_word' id='word_1_648' title='bbox 3655 3105 3747 3158; x_wconf 89' lang='lat' dir='ltr'>sui</span> 
     </span>
    </p>
   </div>
   <div class='ocr_carea' id='block_1_100' title="bbox 2103 3190 3755 3262">
    <p class='ocr_par' dir='ltr' id='par_1_100' title="bbox 2103 3190 3755 3262">
     <span class='ocr_line' id='line_1_101' title="bbox 2103 3190 3755 3262; baseline 0.001 -15"><span class='ocrx_word' id='word_1_649' title='bbox 2103 3190 2427 3247; x_wconf 87' lang='lat' dir='ltr'>Eberhardi</span> <span class='ocrx_word' id='word_1_650' title='bbox 2449 3190 2766 3261; x_wconf 88' lang='lat' dir='ltr'>tradentes,</span> <span class='ocrx_word' id='word_1_651' title='bbox 2781 3190 2924 3245; x_wconf 89' lang='lat' dir='ltr'>mihi</span> <span class='ocrx_word' id='word_1_652' title='bbox 2937 3190 3199 3262; x_wconf 88' lang='lat' dir='ltr'>meisque</span> <span class='ocrx_word' id='word_1_653' title='bbox 3214 3191 3648 3248; x_wconf 82' lang='lat' dir='ltr'>successoribus</span> <span class='ocrx_word' id='word_1_654' title='bbox 3661 3192 3755 3248; x_wconf 85' lang='lat' dir='ltr'>fir-</span> 
     </span>
    </p>
   </div>
   <div class='ocr_carea' id='block_1_101' title="bbox 2110 3279 3752 3351">
    <p class='ocr_par' dir='ltr' id='par_1_101' title="bbox 2110 3279 3752 3351">
     <span class='ocr_line' id='line_1_102' title="bbox 2110 3279 3752 3351; baseline 0.002 -18"><span class='ocrx_word' id='word_1_655' title='bbox 2110 3279 2281 3334; x_wconf 90' lang='lat' dir='ltr'>miter</span> <span class='ocrx_word' id='word_1_656' title='bbox 2292 3279 2627 3334; x_wconf 89' lang='lat' dir='ltr'>habendum</span> <span class='ocrx_word' id='word_1_657' title='bbox 2653 3279 3004 3346; x_wconf 85' lang='lat' dir='ltr'>succederet,</span> <span class='ocrx_word' id='word_1_658' title='bbox 3023 3279 3307 3351; x_wconf 90' lang='lat' dir='ltr'>quidquid</span> <span class='ocrx_word' id='word_1_659' title='bbox 3327 3280 3752 3336; x_wconf 86' lang='lat' dir='ltr'>monasterium</span> 
     </span>
    </p>
   </div>
   <div class='ocr_carea' id='block_1_102' title="bbox 2105 3367 3756 3441">
    <p class='ocr_par' dir='ltr' id='par_1_102' title="bbox 2105 3367 3756 3441">
     <span class='ocr_line' id='line_1_103' title="bbox 2105 3367 3756 3441; baseline 0.002 -19"><span class='ocrx_word' id='word_1_660' title='bbox 2105 3369 2258 3438; x_wconf 91' lang='lat' dir='ltr'>quod</span> <span class='ocrx_word' id='word_1_661' title='bbox 2286 3369 2408 3438; x_wconf 88' lang='lat' dir='ltr'>ipse</span> <span class='ocrx_word' id='word_1_662' title='bbox 2439 3368 2692 3439; x_wconf 89' lang='lat' dir='ltr'>regebat,</span> <span class='ocrx_word' id='word_1_663' title='bbox 2726 3367 2784 3421; x_wconf 92' lang='lat' dir='ltr'>in</span> <span class='ocrx_word' id='word_1_664' title='bbox 2811 3367 3136 3439; x_wconf 87' lang='lat' dir='ltr'>Lutwanga</span> <span class='ocrx_word' id='word_1_665' title='bbox 3157 3368 3304 3439; x_wconf 87' lang='lat'>(735)</span> <span class='ocrx_word' id='word_1_666' title='bbox 3327 3368 3387 3423; x_wconf 92' lang='lat' dir='ltr'>in</span> <span class='ocrx_word' id='word_1_667' title='bbox 3419 3385 3567 3441; x_wconf 89' lang='lat' dir='ltr'>pago</span> <span class='ocrx_word' id='word_1_668' title='bbox 3592 3367 3756 3425; x_wconf 81' lang='lat' dir='ltr'>Albe-</span> 
     </span>
    </p>
   </div>
   <div class='ocr_carea' id='block_1_103' title="bbox 2103 3455 3751 3530">
    <p class='ocr_par' dir='ltr' id='par_1_103' title="bbox 2103 3455 3751 3530">
     <span class='ocr_line' id='line_1_104' title="bbox 2103 3455 3751 3530; baseline 0.001 -20"><span class='ocrx_word' id='word_1_669' title='bbox 2103 3471 2237 3528; x_wconf 86' lang='lat' dir='ltr'>gou,</span> <span class='ocrx_word' id='word_1_670' title='bbox 2271 3459 2328 3510; x_wconf 88' lang='lat' dir='ltr'>et</span> <span class='ocrx_word' id='word_1_671' title='bbox 2357 3455 2414 3508; x_wconf 91' lang='lat' dir='ltr'>in</span> <span class='ocrx_word' id='word_1_672' title='bbox 2439 3455 2844 3528; x_wconf 80' lang='lat' dir='ltr'>Rapirgahusa</span> <span class='ocrx_word' id='word_1_673' title='bbox 2865 3455 3010 3527; x_wconf 88' lang='lat'>(736)</span> <span class='ocrx_word' id='word_1_674' title='bbox 3041 3456 3099 3510; x_wconf 90' lang='lat' dir='ltr'>in</span> <span class='ocrx_word' id='word_1_675' title='bbox 3115 3471 3262 3527; x_wconf 88' lang='lat' dir='ltr'>pago</span> <span class='ocrx_word' id='word_1_676' title='bbox 3302 3457 3555 3529; x_wconf 88' lang='lat' dir='ltr'>Erregou</span> <span class='ocrx_word' id='word_1_677' title='bbox 3605 3456 3751 3530; x_wconf 87' lang='lat' dir='ltr'>legi-</span> 
     </span>
    </p>
   </div>
   <div class='ocr_carea' id='block_1_104' title="bbox 2099 3542 3749 3613">
    <p class='ocr_par' dir='ltr' id='par_1_104' title="bbox 2099 3542 3749 3613">
     <span class='ocr_line' id='line_1_105' title="bbox 2099 3542 3749 3613; baseline 0.002 -17"><span class='ocrx_word' id='word_1_678' title='bbox 2099 3542 2254 3597; x_wconf 84' lang='lat' dir='ltr'>timae</span> <span class='ocrx_word' id='word_1_679' title='bbox 2281 3542 2652 3613; x_wconf 89' lang='lat' dir='ltr'>proprietatis</span> <span class='ocrx_word' id='word_1_680' title='bbox 2682 3542 2939 3598; x_wconf 88' lang='lat' dir='ltr'>haberet.</span> <span class='ocrx_word' id='word_1_681' title='bbox 2976 3544 3163 3613; x_wconf 88' lang='lat' dir='ltr'>Hujus</span> <span class='ocrx_word' id='word_1_682' title='bbox 3195 3548 3389 3600; x_wconf 89' lang='lat' dir='ltr'>autem</span> <span class='ocrx_word' id='word_1_683' title='bbox 3417 3546 3749 3600; x_wconf 89' lang='lat' dir='ltr'>concambii</span> 
     </span>
    </p>
   </div>
   <div class='ocr_carea' id='block_1_105' title="bbox 2098 3631 3746 3702">
    <p class='ocr_par' dir='ltr' id='par_1_105' title="bbox 2098 3631 3746 3702">
     <span class='ocr_line' id='line_1_106' title="bbox 2098 3631 3746 3702; baseline 0.002 -16"><span class='ocrx_word' id='word_1_684' title='bbox 2098 3631 2547 3686; x_wconf 88' lang='lat' dir='ltr'>commutatioin</span> <span class='ocrx_word' id='word_1_685' title='bbox 2568 3631 2749 3686; x_wconf 89' lang='lat' dir='ltr'>nostri</span> <span class='ocrx_word' id='word_1_686' title='bbox 2776 3632 3399 3702; x_wconf 71' lang='lat' dir='ltr'>przesentia,ambobus</span> <span class='ocrx_word' id='word_1_687' title='bbox 3420 3633 3746 3702; x_wconf 88' lang='lat' dir='ltr'>advocatis,</span> 
     </span>
    </p>
   </div>
   <div class='ocr_carea' id='block_1_106' title="bbox 2094 3719 3748 3790">
    <p class='ocr_par' dir='ltr' id='par_1_106' title="bbox 2094 3719 3748 3790">
     <span class='ocr_line' id='line_1_107' title="bbox 2094 3719 3748 3790; baseline 0.001 -14"><span class='ocrx_word' id='word_1_688' title='bbox 2094 3721 2208 3776; x_wconf 90' lang='lat' dir='ltr'>mei</span> <span class='ocrx_word' id='word_1_689' title='bbox 2229 3719 2494 3774; x_wconf 88' lang='lat' dir='ltr'>videlicet</span> <span class='ocrx_word' id='word_1_690' title='bbox 2523 3723 2581 3774; x_wconf 91' lang='lat' dir='ltr'>et</span> <span class='ocrx_word' id='word_1_691' title='bbox 2600 3719 2851 3790; x_wconf 87' lang='lat' dir='ltr'>abbatis,</span> <span class='ocrx_word' id='word_1_692' title='bbox 2879 3721 2951 3776; x_wconf 89' lang='lat' dir='ltr'>ad</span> <span class='ocrx_word' id='word_1_693' title='bbox 2983 3720 3090 3776; x_wconf 90' lang='lat' dir='ltr'>hoc</span> <span class='ocrx_word' id='word_1_694' title='bbox 3122 3725 3358 3778; x_wconf 84' lang='lat' dir='ltr'>strenue</span> <span class='ocrx_word' id='word_1_695' title='bbox 3387 3723 3748 3780; x_wconf 88' lang='lat' dir='ltr'>confaventi-</span> 
     </span>
    </p>
   </div>
   <div class='ocr_carea' id='block_1_107' title="bbox 2093 3843 3745 3918">
    <p class='ocr_par' dir='ltr' id='par_1_107' title="bbox 2093 3843 3745 3918">
     <span class='ocr_line' id='line_1_108' title="bbox 2093 3843 3745 3918; baseline 0.002 -20"><span class='ocrx_word' id='word_1_696' title='bbox 2093 3843 2271 3918; x_wconf 82' lang='lat' dir='ltr'>abbas</span> <span class='ocrx_word' id='word_1_697' title='bbox 2285 3843 2568 3918; x_wconf 77' lang='lat' dir='ltr'>dicendus</span> <span class='ocrx_word' id='word_1_698' title='bbox 2583 3843 2800 3918; x_wconf 86' lang='lat' dir='ltr'>est,qui</span> <span class='ocrx_word' id='word_1_699' title='bbox 2821 3844 2881 3898; x_wconf 91' lang='lat' dir='ltr'>in</span> <span class='ocrx_word' id='word_1_700' title='bbox 2903 3844 3362 3918; x_wconf 73' lang='lat' dir='ltr'>vicinia_Petersh</span> <span class='ocrx_word' id='word_1_701' title='bbox 3374 3845 3486 3918; x_wconf 86' lang='lat' dir='ltr'>usii</span> <span class='ocrx_word' id='word_1_702' title='bbox 3509 3846 3745 3918; x_wconf 89' lang='lat' dir='ltr'>positus</span> 
     </span>
    </p>
   </div>
   <div class='ocr_carea' id='block_1_108' title="bbox 2091 3859 3744 3989">
    <p class='ocr_par' dir='ltr' id='par_1_108' title="bbox 2091 3859 3744 3989">
     <span class='ocr_line' id='line_1_109' title="bbox 2093 3859 3744 3968; baseline 0.002 -70"><span class='ocrx_word' id='word_1_703' title='bbox 2093 3859 2271 3898; x_wconf 80' lang='lat' dir='ltr'>abbas</span> <span class='ocrx_word' id='word_1_704' title='bbox 2285 3859 2568 3898; x_wconf 81' lang='lat' dir='ltr'>ulcenuus</span> <span class='ocrx_word' id='word_1_705' title='bbox 2583 3859 2800 3968; x_wconf 59' lang='grc' dir='ltr'>θει,(ἷυι</span> <span class='ocrx_word' id='word_1_706' title='bbox 2821 3861 2881 3898; x_wconf 88' lang='lat' dir='ltr'>1n</span> <span class='ocrx_word' id='word_1_707' title='bbox 2903 3861 3114 3899; x_wconf 79' lang='lat' dir='ltr'>v1c1n1a</span> <span class='ocrx_word' id='word_1_708' title='bbox 3130 3859 3362 3901; x_wconf 69' lang='lat' dir='ltr'>Petersn</span> <span class='ocrx_word' id='word_1_709' title='bbox 3374 3863 3486 3901; x_wconf 86' lang='lat' dir='ltr'>usu</span> <span class='ocrx_word' id='word_1_710' title='bbox 3509 3859 3744 3918; x_wconf 67' lang='lat' dir='ltr'>posutus</span> 
     </span>
     <span class='ocr_line' id='line_1_110' title="bbox 2091 3913 3744 3989; baseline 0.007 -27"><span class='ocrx_word' id='word_1_711' title='bbox 2091 3937 2118 3963; x_wconf 84' lang='lat'><strong>«</strong></span> <span class='ocrx_word' id='word_1_712' title='bbox 2142 3915 2296 3968; x_wconf 87' lang='lat' dir='ltr'>vices</span> <span class='ocrx_word' id='word_1_713' title='bbox 2319 3913 2503 3989; x_wconf 82' lang='lat' dir='ltr'>sancti</span> <span class='ocrx_word' id='word_1_714' title='bbox 2527 3931 2712 3989; x_wconf 65' lang='lat' dir='ltr'>pressu</span> <span class='ocrx_word' id='word_1_715' title='bbox 2745 3915 2816 3983; x_wconf 89' lang='lat' dir='ltr'>is,</span> <span class='ocrx_word' id='word_1_716' title='bbox 2834 3915 3266 3989; x_wconf 85' lang='lat' dir='ltr'>episcopalibus</span> <span class='ocrx_word' id='word_1_717' title='bbox 3286 3917 3505 3972; x_wconf 91' lang='lat' dir='ltr'>muniis</span> <span class='ocrx_word' id='word_1_718' title='bbox 3525 3919 3744 3989; x_wconf 66' lang='lat' dir='ltr'>saepius</span> 
     </span>
    </p>
   </div>
   <div class='ocr_carea' id='block_1_109' title="bbox 2089 3985 3739 4061">
    <p class='ocr_par' dir='ltr' id='par_1_109' title="bbox 2089 3985 3739 4061">
     <span class='ocr_line' id='line_1_111' title="bbox 2089 3985 3739 4061; baseline 0.002 -21"><span class='ocrx_word' id='word_1_719' title='bbox 2089 3986 2413 4061; x_wconf 75' lang='lat' dir='ltr'>occupati,»</span> <span class='ocrx_word' id='word_1_720' title='bbox 2444 3985 2717 4061; x_wconf 82' lang='lat' dir='ltr'>supplere</span> <span class='ocrx_word' id='word_1_721' title='bbox 2739 3985 2985 4061; x_wconf 78' lang='lat' dir='ltr'>potuit,«</span> <span class='ocrx_word' id='word_1_722' title='bbox 3008 3985 3148 4061; x_wconf 73' lang='lat' dir='ltr'>cura</span> <span class='ocrx_word' id='word_1_723' title='bbox 3167 3987 3401 4061; x_wconf 86' lang='lat' dir='ltr'>interim</span> <span class='ocrx_word' id='word_1_724' title='bbox 3424 3985 3739 4061; x_wconf 76' lang='lat' dir='ltr'>principali</span> 
     </span>
    </p>
   </div>
   <div class='ocr_carea' id='block_1_110' title="bbox 2089 4006 3737 4128">
    <p class='ocr_par' dir='ltr' id='par_1_110' title="bbox 2089 4006 3737 4128">
     <span class='ocr_line' id='line_1_112' title="bbox 2089 4006 3737 4061; baseline 0.002 -21"><span class='ocrx_word' id='word_1_725' title='bbox 2089 4006 2413 4055; x_wconf 75' lang='lat' dir='ltr'>occupati,»</span> <span class='ocrx_word' id='word_1_726' title='bbox 2444 4006 2717 4057; x_wconf 75' lang='lat' dir='ltr'>supplere</span> <span class='ocrx_word' id='word_1_727' title='bbox 2739 4006 2985 4058; x_wconf 73' lang='lat' dir='ltr'>p0tu1t,«</span> <span class='ocrx_word' id='word_1_728' title='bbox 3008 4006 3148 4042; x_wconf 90' lang='lat' dir='ltr'>cura</span> <span class='ocrx_word' id='word_1_729' title='bbox 3167 4006 3401 4044; x_wconf 76' lang='lat' dir='ltr'>interim</span> <span class='ocrx_word' id='word_1_730' title='bbox 3466 4006 3737 4061; x_wconf 80' lang='lat' dir='ltr'>rlnclpan</span> 
     </span>
     <span class='ocr_line' id='line_1_113' title="bbox 2089 4006 3737 4128; baseline 0.004 -18"><span class='ocrx_word' id='word_1_731' title='bbox 2089 4057 2377 4128; x_wconf 88' lang='lat' dir='ltr'>residente</span> <span class='ocrx_word' id='word_1_732' title='bbox 2409 4073 2585 4128; x_wconf 88' lang='lat' dir='ltr'>penes</span> <span class='ocrx_word' id='word_1_733' title='bbox 2618 4057 2812 4128; x_wconf 91' lang='lat' dir='ltr'>ipsum</span> <span class='ocrx_word' id='word_1_734' title='bbox 2847 4059 2904 4113; x_wconf 89' lang='lat' dir='ltr'>S.</span> <span class='ocrx_word' id='word_1_735' title='bbox 2925 4059 3246 4114; x_wconf 89' lang='lat' dir='ltr'>antistitem</span> <span class='ocrx_word' id='word_1_736' title='bbox 3267 4082 3295 4108; x_wconf 88' lang='lat'>»</span> <span class='ocrx_word' id='word_1_737' title='bbox 3335 4006 3737 4126; x_wconf 54' lang='lat' dir='ltr'>Geghardum,</span> 
     </span>
    </p>
   </div>
   <div class='ocr_carea' id='block_1_111' title="bbox 2086 4127 3738 4201">
    <p class='ocr_par' dir='ltr' id='par_1_111' title="bbox 2086 4127 3738 4201">
     <span class='ocr_line' id='line_1_114' title="bbox 2086 4127 3738 4201; baseline 0.004 -20"><span class='ocrx_word' id='word_1_738' title='bbox 2086 4132 2151 4201; x_wconf 88' lang='lat' dir='ltr'>ut</span> <span class='ocrx_word' id='word_1_739' title='bbox 2183 4127 2357 4201; x_wconf 83' lang='lat' dir='ltr'>habet</span> <span class='ocrx_word' id='word_1_740' title='bbox 2383 4127 2570 4201; x_wconf 80' lang='lat' dir='ltr'>Gallia</span> <span class='ocrx_word' id='word_1_741' title='bbox 2600 4127 2811 4184; x_wconf 86' lang='lat' dir='ltr'>Christ.</span> <span class='ocrx_word' id='word_1_742' title='bbox 2847 4131 2912 4201; x_wconf 92' lang='lat' dir='ltr'>(t.</span> <span class='ocrx_word' id='word_1_743' title='bbox 2945 4129 3012 4184; x_wconf 90' lang='lat' dir='ltr'>V.</span> <span class='ocrx_word' id='word_1_744' title='bbox 3045 4148 3103 4201; x_wconf 92' lang='lat' dir='ltr'>p.</span> <span class='ocrx_word' id='word_1_745' title='bbox 3167 4131 3347 4201; x_wconf 88' lang='grc'>1033),</span> <span class='ocrx_word' id='word_1_746' title='bbox 3401 4131 3502 4185; x_wconf 92' lang='lat' dir='ltr'>ubi</span> <span class='ocrx_word' id='word_1_747' title='bbox 3559 4131 3738 4188; x_wconf 88' lang='lat' dir='ltr'>etiam</span> 
     </span>
    </p>
   </div>
   <div class='ocr_carea' id='block_1_112' title="bbox 2086 4198 3216 4269">
    <p class='ocr_par' dir='ltr' id='par_1_112' title="bbox 2086 4198 3216 4269">
     <span class='ocr_line' id='line_1_115' title="bbox 2086 4198 3216 4269; baseline 0.004 -18"><span class='ocrx_word' id='word_1_748' title='bbox 2086 4198 2165 4269; x_wconf 92' lang='lat' dir='ltr'>(p.</span> <span class='ocrx_word' id='word_1_749' title='bbox 2199 4199 2326 4266; x_wconf 78' lang='lat'>933)</span> <span class='ocrx_word' id='word_1_750' title='bbox 2361 4199 2737 4268; x_wconf 89' lang='lat' dir='ltr'>supplendus</span> <span class='ocrx_word' id='word_1_751' title='bbox 2760 4198 2867 4255; x_wconf 88' lang='lat' dir='ltr'>iste</span> <span class='ocrx_word' id='word_1_752' title='bbox 2895 4198 3216 4256; x_wconf 80' lang='lat' dir='ltr'>Pezelinus.</span> 
     </span>
    </p>
   </div>
   <div class='ocr_carea' id='block_1_113' title="bbox 2154 4269 3741 4345">
    <p class='ocr_par' dir='ltr' id='par_1_113' title="bbox 2154 4269 3741 4345">
     <span class='ocr_line' id='line_1_116' title="bbox 2154 4269 3741 4345; baseline 0.003 -23"><span class='ocrx_word' id='word_1_753' title='bbox 2154 4269 2330 4345; x_wconf 36' lang='grc'>(73.1)</span> <span class='ocrx_word' id='word_1_754' title='bbox 2363 4270 2553 4345; x_wconf 67' lang='lat' dir='ltr'>Edidit</span> <span class='ocrx_word' id='word_1_755' title='bbox 2599 4270 2756 4345; x_wconf 77' lang='lat' dir='ltr'>hanc</span> <span class='ocrx_word' id='word_1_756' title='bbox 2805 4271 3065 4345; x_wconf 80' lang='lat' dir='ltr'>chartam</span> <span class='ocrx_word' id='word_1_757' title='bbox 3098 4273 3444 4345; x_wconf 87' lang='lat' dir='ltr'>Herrgottus</span> <span class='ocrx_word' id='word_1_758' title='bbox 3497 4273 3741 4345; x_wconf 82' lang='lat' dir='ltr'>(Geneal.</span> 
     </span>
    </p>
   </div>
   <div class='ocr_carea' id='block_1_114' title="bbox 2083 4340 3744 4465">
    <p class='ocr_par' dir='ltr' id='par_1_114' title="bbox 2083 4340 3744 4465">
     <span class='ocr_line' id='line_1_117' title="bbox 2083 4340 3744 4465; baseline 0.004 -72"><span class='ocrx_word' id='word_1_759' title='bbox 2083 4340 2285 4465; x_wconf 51' lang='lat' dir='ltr'>tflairsb.</span> <span class='ocrx_word' id='word_1_760' title='bbox 2318 4344 2360 4394; x_wconf 89' lang='lat' dir='ltr'>t.</span> <span class='ocrx_word' id='word_1_761' title='bbox 2397 4341 2467 4394; x_wconf 94' lang='lat' dir='ltr'>II.</span> <span class='ocrx_word' id='word_1_762' title='bbox 2499 4357 2554 4412; x_wconf 92' lang='lat' dir='ltr'>p.</span> <span class='ocrx_word' id='word_1_763' title='bbox 2587 4343 2700 4411; x_wconf 87' lang='lat'>88),</span> <span class='ocrx_word' id='word_1_764' title='bbox 2736 4343 2833 4397; x_wconf 91' lang='lat' dir='ltr'>sed</span> <span class='ocrx_word' id='word_1_765' title='bbox 2881 4360 3180 4415; x_wconf 90' lang='lat' dir='ltr'>perperam</span> <span class='ocrx_word' id='word_1_766' title='bbox 3242 4340 3315 4399; x_wconf 74' lang='lat' dir='ltr'>ad</span> <span class='ocrx_word' id='word_1_767' title='bbox 3365 4360 3462 4398; x_wconf 91' lang='lat' dir='ltr'>an.</span> <span class='ocrx_word' id='word_1_768' title='bbox 3493 4340 3602 4399; x_wconf 81' lang='lat'>985</span> <span class='ocrx_word' id='word_1_769' title='bbox 3654 4362 3744 4400; x_wconf 85' lang='lat' dir='ltr'>re-</span> 
     </span>
     <span class='ocr_line' id='line_1_118' title="bbox 2107 4427 2214 4465; baseline -0.009 0"><span class='ocrx_word' id='word_1_770' title='bbox 2107 4427 2169 4465; x_wconf 91' lang='lat' dir='ltr'>er</span> <span class='ocrx_word' id='word_1_771' title='bbox 2204 4453 2214 4464; x_wconf 93' lang='lat'>.</span> 
     </span>
    </p>
   </div>
   <div class='ocr_carea' id='block_1_115' title="bbox 2107 4427 2214 4465">
    <p class='ocr_par' dir='ltr' id='par_1_115' title="bbox 2107 4427 2214 4465">
     <span class='ocr_line' id='line_1_119' title="bbox 2107 4427 2214 4465; baseline -0.009 0"><span class='ocrx_word' id='word_1_772' title='bbox 2107 4427 2214 4465; x_wconf 76' lang='lat' dir='ltr'>8PT..</span> 
     </span>
    </p>
   </div>
   <div class='ocr_carea' id='block_1_116' title="bbox 2154 4481 3743 4556">
    <p class='ocr_par' dir='ltr' id='par_1_116' title="bbox 2154 4481 3743 4556">
     <span class='ocr_line' id='line_1_120' title="bbox 2154 4481 3743 4556; baseline 0.004 -22"><span class='ocrx_word' id='word_1_773' title='bbox 2154 4481 2308 4551; x_wconf 85' lang='lat'>(632)</span> <span class='ocrx_word' id='word_1_774' title='bbox 2350 4481 2546 4536; x_wconf 91' lang='lat' dir='ltr'>Chuzo</span> <span class='ocrx_word' id='word_1_775' title='bbox 2575 4482 2674 4556; x_wconf 82' lang='lat' dir='ltr'>vel</span> <span class='ocrx_word' id='word_1_776' title='bbox 2697 4483 2834 4538; x_wconf 86' lang='lat' dir='ltr'>Utzo</span> <span class='ocrx_word' id='word_1_777' title='bbox 2877 4483 2928 4556; x_wconf 84' lang='lat' dir='ltr'>is</span> <span class='ocrx_word' id='word_1_778' title='bbox 2986 4486 3109 4556; x_wconf 89' lang='lat' dir='ltr'>ipse</span> <span class='ocrx_word' id='word_1_779' title='bbox 3149 4485 3383 4556; x_wconf 80' lang='lat' dir='ltr'>videtur</span> <span class='ocrx_word' id='word_1_780' title='bbox 3432 4484 3743 4541; x_wconf 89' lang='lat' dir='ltr'>Udalricus</span> 
     </span>
    </p>
   </div>
   <div class='ocr_carea' id='block_1_117' title="bbox 2084 4553 3742 4624">
    <p class='ocr_par' dir='ltr' id='par_1_117' title="bbox 2084 4553 3742 4624">
     <span class='ocr_line' id='line_1_121' title="bbox 2084 4553 3742 4624; baseline 0.003 -18"><span class='ocrx_word' id='word_1_781' title='bbox 2084 4553 2425 4622; x_wconf 87' lang='lat' dir='ltr'>advocatus,</span> <span class='ocrx_word' id='word_1_782' title='bbox 2459 4570 2638 4624; x_wconf 89' lang='lat' dir='ltr'>supra</span> <span class='ocrx_word' id='word_1_783' title='bbox 2655 4554 2777 4620; x_wconf 83' lang='lat' dir='ltr'>jam</span> <span class='ocrx_word' id='word_1_784' title='bbox 2802 4557 2828 4621; x_wconf 65' lang='grc' dir='ltr'><strong>ἓ</strong></span> <span class='ocrx_word' id='word_1_785' title='bbox 2858 4555 2962 4608; x_wconf 90' lang='lat' dir='ltr'>9in</span> <span class='ocrx_word' id='word_1_786' title='bbox 3009 4553 3209 4610; x_wconf 77' lang='lat' dir='ltr'>charta</span> <span class='ocrx_word' id='word_1_787' title='bbox 3249 4554 3541 4611; x_wconf 89' lang='lat' dir='ltr'>Gebhardi</span> <span class='ocrx_word' id='word_1_788' title='bbox 3575 4561 3742 4612; x_wconf 90' lang='lat' dir='ltr'>nota-</span> 
     </span>
    </p>
   </div>
   <div class='ocr_carea' id='block_1_118' title="bbox 2084 4624 3736 4696">
    <p class='ocr_par' dir='ltr' id='par_1_118' title="bbox 2084 4624 3736 4696">
     <span class='ocr_line' id='line_1_122' title="bbox 2084 4624 3736 4696; baseline 0.004 -19"><span class='ocrx_word' id='word_1_789' title='bbox 2084 4628 2199 4696; x_wconf 83' lang='lat' dir='ltr'>tus,</span> <span class='ocrx_word' id='word_1_790' title='bbox 2243 4640 2438 4678; x_wconf 89' lang='lat' dir='ltr'>comes</span> <span class='ocrx_word' id='word_1_791' title='bbox 2461 4624 2606 4678; x_wconf 85' lang='lat' dir='ltr'>forte</span> <span class='ocrx_word' id='word_1_792' title='bbox 2635 4624 3032 4696; x_wconf 83' lang='lat' dir='ltr'>Brigantinus,</span> <span class='ocrx_word' id='word_1_793' title='bbox 3068 4627 3126 4681; x_wconf 91' lang='lat' dir='ltr'>S.</span> <span class='ocrx_word' id='word_1_794' title='bbox 3187 4625 3481 4682; x_wconf 86' lang='lat' dir='ltr'>Gebhardi</span> <span class='ocrx_word' id='word_1_795' title='bbox 3537 4628 3736 4684; x_wconf 89' lang='lat' dir='ltr'>frater.</span> 
     </span>
    </p>
   </div>
   <div class='ocr_carea' id='block_1_119' title="bbox 2061 4694 3735 4766">
    <p class='ocr_par' dir='ltr' id='par_1_119' title="bbox 2061 4694 3735 4766">
     <span class='ocr_line' id='line_1_123' title="bbox 2061 4694 3735 4766; baseline 0.003 -18"><span class='ocrx_word' id='word_1_796' title='bbox 2061 4694 2393 4766; x_wconf 86' lang='lat' dir='ltr'>Chuzonem</span> <span class='ocrx_word' id='word_1_797' title='bbox 2426 4694 2766 4766; x_wconf 82' lang='lat' dir='ltr'>Herrgottus</span> <span class='ocrx_word' id='word_1_798' title='bbox 2799 4697 3112 4752; x_wconf 88' lang='lat' dir='ltr'>comitibus</span> <span class='ocrx_word' id='word_1_799' title='bbox 3132 4697 3507 4753; x_wconf 89' lang='lat' dir='ltr'>Vitoduranis</span> <span class='ocrx_word' id='word_1_800' title='bbox 3529 4713 3735 4755; x_wconf 88' lang='lat' dir='ltr'>accen-</span> 
     </span>
    </p>
   </div>
   <div class='ocr_carea' id='block_1_120' title="bbox 2065 4765 3734 4831">
    <p class='ocr_par' dir='ltr' id='par_1_120' title="bbox 2065 4765 3734 4831">
     <span class='ocr_line' id='line_1_124' title="bbox 2065 4765 3734 4831; baseline 0.004 -12"><span class='ocrx_word' id='word_1_801' title='bbox 2065 4769 2174 4831; x_wconf 87' lang='lat' dir='ltr'>eet,</span> <span class='ocrx_word' id='word_1_802' title='bbox 2208 4765 2330 4820; x_wconf 91' lang='lat' dir='ltr'>min</span> <span class='ocrx_word' id='word_1_803' title='bbox 2350 4783 2418 4820; x_wconf 92' lang='lat' dir='ltr'>us</span> <span class='ocrx_word' id='word_1_804' title='bbox 2451 4765 2603 4821; x_wconf 87' lang='lat' dir='ltr'>recte</span> <span class='ocrx_word' id='word_1_805' title='bbox 2634 4787 2653 4831; x_wconf 87' lang='lat'><strong><em>;</em></strong></span> <span class='ocrx_word' id='word_1_806' title='bbox 2686 4783 2819 4821; x_wconf 91' lang='lat' dir='ltr'>cum</span> <span class='ocrx_word' id='word_1_807' title='bbox 2855 4768 3008 4822; x_wconf 87' lang='lat' dir='ltr'>inter</span> <span class='ocrx_word' id='word_1_808' title='bbox 3038 4768 3309 4824; x_wconf 87' lang='lat' dir='ltr'>Luitfridi</span> <span class='ocrx_word' id='word_1_809' title='bbox 3339 4769 3512 4831; x_wconf 89' lang='lat' dir='ltr'>primi</span> <span class='ocrx_word' id='word_1_810' title='bbox 3570 4769 3734 4825; x_wconf 86' lang='lat' dir='ltr'>Vito-</span> 
     </span>
    </p>
   </div>
   <div class='ocr_carea' id='block_1_121' title="bbox 2067 4835 3728 4898">
    <p class='ocr_par' dir='ltr' id='par_1_121' title="bbox 2067 4835 3728 4898">
     <span class='ocr_line' id='line_1_125' title="bbox 2067 4835 3728 4898; baseline 0.005 -8"><span class='ocrx_word' id='word_1_811' title='bbox 2067 4837 2276 4891; x_wconf 89' lang='lat' dir='ltr'>durani</span> <span class='ocrx_word' id='word_1_812' title='bbox 2307 4837 2540 4892; x_wconf 87' lang='lat' dir='ltr'>comitis</span> <span class='ocrx_word' id='word_1_813' title='bbox 2567 4835 2720 4893; x_wconf 81' lang='lat' dir='ltr'>filios</span> <span class='ocrx_word' id='word_1_814' title='bbox 2764 4838 2966 4895; x_wconf 89' lang='lat' dir='ltr'>nullus</span> <span class='ocrx_word' id='word_1_815' title='bbox 3014 4840 3207 4895; x_wconf 91' lang='lat' dir='ltr'>Chuzo</span> <span class='ocrx_word' id='word_1_816' title='bbox 3264 4835 3356 4895; x_wconf 90' lang='lat' dir='ltr'>veI</span> <span class='ocrx_word' id='word_1_817' title='bbox 3413 4839 3728 4898; x_wconf 89' lang='lat' dir='ltr'>Udalricus</span> 
     </span>
    </p>
   </div>
   <div class='ocr_carea' id='block_1_122' title="bbox 2067 4912 2359 4963">
    <p class='ocr_par' dir='ltr' id='par_1_122' title="bbox 2067 4912 2359 4963">
     <span class='ocr_line' id='line_1_126' title="bbox 2067 4912 2359 4963; baseline -0.014 0"><span class='ocrx_word' id='word_1_818' title='bbox 2067 4912 2359 4963; x_wconf 87' lang='lat' dir='ltr'>occurrat.</span> 
     </span>
    </p>
   </div>
   <div class='ocr_carea' id='block_1_123' title="bbox 2135 4979 3721 5054">
    <p class='ocr_par' dir='ltr' id='par_1_123' title="bbox 2135 4979 3721 5054">
     <span class='ocr_line' id='line_1_127' title="bbox 2135 4979 3721 5054; baseline 0.003 -23"><span class='ocrx_word' id='word_1_819' title='bbox 2135 4979 2486 5054; x_wconf 68' lang='lat' dir='ltr'>(733)_1_&quot;_orte</span> <span class='ocrx_word' id='word_1_820' title='bbox 2517 4983 2787 5054; x_wconf 55' lang='lat' dir='ltr'>&#39;Ijayngen</span> <span class='ocrx_word' id='word_1_821' title='bbox 2831 4981 2891 5037; x_wconf 93' lang='lat' dir='ltr'>in</span> <span class='ocrx_word' id='word_1_822' title='bbox 2925 4981 3194 5054; x_wconf 84' lang='lat' dir='ltr'>Hegovia.</span> <span class='ocrx_word' id='word_1_823' title='bbox 3243 4979 3406 5054; x_wconf 80' lang='lat' dir='ltr'>Cels.</span> <span class='ocrx_word' id='word_1_824' title='bbox 3471 4980 3721 5054; x_wconf 77' lang='lat' dir='ltr'>Cerber-</span> 
     </span>
    </p>
   </div>
   <div class='ocr_carea' id='block_1_124' title="bbox 2063 5050 3715 5122">
    <p class='ocr_par' dir='ltr' id='par_1_124' title="bbox 2063 5050 3715 5122">
     <span class='ocr_line' id='line_1_128' title="bbox 2063 5050 3715 5122; baseline 0.003 -19"><span class='ocrx_word' id='word_1_825' title='bbox 2063 5053 2160 5104; x_wconf 88' lang='lat' dir='ltr'>tus</span> <span class='ocrx_word' id='word_1_826' title='bbox 2216 5050 2268 5104; x_wconf 88' lang='lat' dir='ltr'>in</span> <span class='ocrx_word' id='word_1_827' title='bbox 2307 5050 2449 5122; x_wconf 73' lang='lat' dir='ltr'>Hist.</span> <span class='ocrx_word' id='word_1_828' title='bbox 2505 5050 2851 5122; x_wconf 35' lang='lat' dir='ltr'>Silee‘Nig.</span> <span class='ocrx_word' id='word_1_829' title='bbox 2912 5057 2954 5108; x_wconf 90' lang='lat' dir='ltr'>t.</span> <span class='ocrx_word' id='word_1_830' title='bbox 3013 5050 3111 5117; x_wconf 81' lang='lat' dir='ltr'>III,</span> <span class='ocrx_word' id='word_1_831' title='bbox 3171 5052 3403 5107; x_wconf 82' lang='lat' dir='ltr'>exhibet</span> <span class='ocrx_word' id='word_1_832' title='bbox 3449 5050 3715 5122; x_wconf 85' lang='lat' dir='ltr'>chartam</span> 
     </span>
    </p>
   </div>
   <div class='ocr_carea' id='block_1_125' title="bbox 2064 5120 3718 5191">
    <p class='ocr_par' dir='ltr' id='par_1_125' title="bbox 2064 5120 3718 5191">
     <span class='ocr_line' id='line_1_129' title="bbox 2064 5120 3718 5191; baseline 0.002 -16"><span class='ocrx_word' id='word_1_833' title='bbox 2064 5121 2501 5185; x_wconf 86' lang='lat' dir='ltr'>transactionis,</span> <span class='ocrx_word' id='word_1_834' title='bbox 2529 5138 2644 5191; x_wconf 89' lang='lat' dir='ltr'>qua</span> <span class='ocrx_word' id='word_1_835' title='bbox 2664 5120 3008 5177; x_wconf 79' lang='lat' dir='ltr'>Gebhardus</span> <span class='ocrx_word' id='word_1_836' title='bbox 3032 5125 3215 5177; x_wconf 90' lang='lat' dir='ltr'>abbas</span> <span class='ocrx_word' id='word_1_837' title='bbox 3246 5120 3718 5179; x_wconf 86' lang='lat' dir='ltr'>Petershusanus</span> 
     </span>
    </p>
   </div>
   <div class='ocr_carea' id='block_1_126' title="bbox 2063 5192 3718 5265">
    <p class='ocr_par' dir='ltr' id='par_1_126' title="bbox 2063 5192 3718 5265">
     <span class='ocr_line' id='line_1_130' title="bbox 2063 5192 3718 5265; baseline 0.002 -18"><span class='ocrx_word' id='word_1_838' title='bbox 2063 5209 2157 5247; x_wconf 82' lang='lat' dir='ltr'>an.</span> <span class='ocrx_word' id='word_1_839' title='bbox 2193 5192 2331 5245; x_wconf 80' lang='grc'>-1183</span> <span class='ocrx_word' id='word_1_840' title='bbox 2365 5192 2657 5265; x_wconf 88' lang='lat' dir='ltr'>Ti_etp_erto</span> <span class='ocrx_word' id='word_1_841' title='bbox 2718 5194 2912 5265; x_wconf 86' lang='lat' dir='ltr'>abbati</span> <span class='ocrx_word' id='word_1_842' title='bbox 2947 5196 3006 5249; x_wconf 92' lang='lat' dir='ltr'>S.</span> <span class='ocrx_word' id='word_1_843' title='bbox 3043 5193 3218 5248; x_wconf 86' lang='lat' dir='ltr'>Blasii</span> <span class='ocrx_word' id='word_1_844' title='bbox 3274 5193 3564 5265; x_wconf 75' lang='lat' dir='ltr'>permittit</span> <span class='ocrx_word' id='word_1_845' title='bbox 3613 5196 3718 5265; x_wconf 84' lang='lat' dir='ltr'>jus</span> 
     </span>
    </p>
   </div>
   <div class='ocr_carea' id='block_1_127' title="bbox 2063 5261 3718 5336">
    <p class='ocr_par' dir='ltr' id='par_1_127' title="bbox 2063 5261 3718 5336">
     <span class='ocr_line' id='line_1_131' title="bbox 2063 5261 3718 5336; baseline 0.002 -19"><span class='ocrx_word' id='word_1_846' title='bbox 2063 5261 3009 5336; x_wconf 64' lang='lat' dir='ltr'>patronatusEcclesiaaTeigingin</span> <span class='ocrx_word' id='word_1_847' title='bbox 3032 5281 3132 5335; x_wconf 91' lang='lat' dir='ltr'>pro</span> <span class='ocrx_word' id='word_1_848' title='bbox 3157 5261 3337 5320; x_wconf 89' lang='lat' dir='ltr'>fundo</span> <span class='ocrx_word' id='word_1_849' title='bbox 3361 5263 3419 5318; x_wconf 92' lang='lat' dir='ltr'>in</span> <span class='ocrx_word' id='word_1_850' title='bbox 3447 5261 3718 5321; x_wconf 79' lang='lat' dir='ltr'>Rinbart.</span> 
     </span>
    </p>
   </div>
   <div class='ocr_carea' id='block_1_128' title="bbox 2134 5332 2794 5404">
    <p class='ocr_par' dir='ltr' id='par_1_128' title="bbox 2134 5332 2794 5404">
     <span class='ocr_line' id='line_1_132' title="bbox 2134 5332 2794 5404; baseline 0.002 -18"><span class='ocrx_word' id='word_1_851' title='bbox 2134 5333 2282 5404; x_wconf 83' lang='grc'>(734)</span> <span class='ocrx_word' id='word_1_852' title='bbox 2317 5332 2445 5386; x_wconf 88' lang='lat' dir='ltr'>Vid.</span> <span class='ocrx_word' id='word_1_853' title='bbox 2473 5332 2624 5387; x_wconf 77' lang='lat' dir='ltr'>intra</span> <span class='ocrx_word' id='word_1_854' title='bbox 2651 5336 2678 5400; x_wconf 63' lang='grc' dir='ltr'><strong>ἓ</strong></span> <span class='ocrx_word' id='word_1_855' title='bbox 2708 5335 2794 5387; x_wconf 77' lang='grc'>40.</span> 
     </span>
    </p>
   </div>
   <div class='ocr_carea' id='block_1_129' title="bbox 2134 5403 3713 5478">
    <p class='ocr_par' dir='ltr' id='par_1_129' title="bbox 2134 5403 3713 5478">
     <span class='ocr_line' id='line_1_133' title="bbox 2134 5403 3713 5478; baseline 0.003 -23"><span class='ocrx_word' id='word_1_856' title='bbox 2134 5405 2283 5478; x_wconf 71' lang='lat'>[73.5)</span> <span class='ocrx_word' id='word_1_857' title='bbox 2318 5403 2807 5478; x_wconf 68' lang='lat' dir='ltr'>Langemvangeu</span> <span class='ocrx_word' id='word_1_858' title='bbox 2858 5405 3143 5478; x_wconf 78' lang='lat' dir='ltr'>parochias</span> <span class='ocrx_word' id='word_1_859' title='bbox 3199 5405 3441 5460; x_wconf 89' lang='lat' dir='ltr'>Fischen</span> <span class='ocrx_word' id='word_1_860' title='bbox 3477 5405 3535 5459; x_wconf 92' lang='lat' dir='ltr'>in</span> <span class='ocrx_word' id='word_1_861' title='bbox 3583 5422 3713 5478; x_wconf 90' lang='lat' dir='ltr'>cap.</span> 
     </span>
    </p>
   </div>
   <div class='ocr_carea' id='block_1_130' title="bbox 2067 5472 3127 5547">
    <p class='ocr_par' dir='ltr' id='par_1_130' title="bbox 2067 5472 3127 5547">
     <span class='ocr_line' id='line_1_134' title="bbox 2067 5472 3127 5547; baseline 0.002 -19"><span class='ocrx_word' id='word_1_862' title='bbox 2067 5472 2252 5547; x_wconf 72' lang='lat' dir='ltr'>rurali</span> <span class='ocrx_word' id='word_1_863' title='bbox 2279 5472 2749 5547; x_wconf 27' lang='lat' dir='ltr'>Stiefenhofens&#39;i,</span> <span class='ocrx_word' id='word_1_864' title='bbox 2785 5475 2842 5529; x_wconf 91' lang='lat' dir='ltr'>in</span> <span class='ocrx_word' id='word_1_865' title='bbox 2860 5472 3127 5547; x_wconf 49' lang='lat' dir='ltr'>&#39;Algovia.</span> 
     </span>
    </p>
   </div>
   <div class='ocr_carea' id='block_1_131' title="bbox 2134 5545 3715 5618">
    <p class='ocr_par' dir='ltr' id='par_1_131' title="bbox 2134 5545 3715 5618">
     <span class='ocr_line' id='line_1_135' title="bbox 2134 5545 3715 5618; baseline 0.003 -21"><span class='ocrx_word' id='word_1_866' title='bbox 2134 5545 2565 5618; x_wconf 64' lang='lat' dir='ltr'>(_7_3@_Pagum</span> <span class='ocrx_word' id='word_1_867' title='bbox 2618 5546 2868 5618; x_wconf 89' lang='lat' dir='ltr'>Erregou</span> <span class='ocrx_word' id='word_1_868' title='bbox 2922 5545 3194 5604; x_wconf 74' lang='lat' dir='ltr'>eumdem</span> <span class='ocrx_word' id='word_1_869' title='bbox 3255 5563 3382 5603; x_wconf 89' lang='lat' dir='ltr'>esse</span> <span class='ocrx_word' id='word_1_870' title='bbox 3414 5550 3576 5618; x_wconf 91' lang='lat' dir='ltr'>puto,</span> <span class='ocrx_word' id='word_1_871' title='bbox 3599 5547 3715 5618; x_wconf 6' lang='lat' dir='ltr'>(qui</span> 
     </span>
    </p>
   </div>
   <div class='ocr_carea' id='block_1_132' title="bbox 2065 5614 3720 5690">
    <p class='ocr_par' dir='ltr' id='par_1_132' title="bbox 2065 5614 3720 5690">
     <span class='ocr_line' id='line_1_136' title="bbox 2065 5614 3720 5690; baseline 0.004 -22"><span class='ocrx_word' id='word_1_872' title='bbox 2065 5615 2204 5690; x_wconf 68' lang='lat' dir='ltr'>alibi</span> <span class='ocrx_word' id='word_1_873' title='bbox 2233 5614 2591 5690; x_wconf 47' lang='lat' dir='ltr'>Erieng&#39;eyve,</span> <span class='ocrx_word' id='word_1_874' title='bbox 2625 5614 2934 5690; x_wconf 71' lang='lat' dir='ltr'>Eritgewe,</span> <span class='ocrx_word' id='word_1_875' title='bbox 2968 5619 3284 5676; x_wconf 86' lang='lat' dir='ltr'>Herekewe</span> <span class='ocrx_word' id='word_1_876' title='bbox 3299 5614 3536 5690; x_wconf 77' lang='lat' dir='ltr'>dicitur,</span> <span class='ocrx_word' id='word_1_877' title='bbox 3561 5614 3720 5675; x_wconf 73' lang='lat' dir='ltr'>circa</span> 
     </span>
    </p>
   </div>
   <div class='ocr_carea' id='block_1_133' title="bbox 2066 5685 3711 5762">
    <p class='ocr_par' dir='ltr' id='par_1_133' title="bbox 2066 5685 3711 5762">
     <span class='ocr_line' id='line_1_137' title="bbox 2066 5685 3711 5762; baseline 0.001 -20"><span class='ocrx_word' id='word_1_878' title='bbox 2066 5685 2434 5747; x_wconf 52' lang='lat' dir='ltr'>Buchaviam&#39;</span> <span class='ocrx_word' id='word_1_879' title='bbox 2453 5686 2592 5745; x_wconf 90' lang='lat' dir='ltr'>olim</span> <span class='ocrx_word' id='word_1_880' title='bbox 2623 5685 3579 5762; x_wconf 70' lang='lat' dir='ltr'>extensus.UndeRapirgabusam</span> <span class='ocrx_word' id='word_1_881' title='bbox 3602 5706 3711 5762; x_wconf 88' lang='lat' dir='ltr'>pro</span> 
     </span>
    </p>
   </div>
  </div>
