4152 6186
337 357 453 425 309

1259 367 1710 436 CHltONlCON
1756 369 2476 435 PETERSHUSANUM.
2513 405 2590 420 —
2617 372 2767 438 LIB.
2813 374 2860 439 Ῑ.

3618 371 3739 448 310

334 495 474 590 bus,
498 501 588 590 est
618 497 964 558 Constantia
993 503 1143 560 facta
1161 507 1335 576 atque
1361 505 1649 572 roborata,
1673 506 1976 578 presenti-
2010 512 2058 574 Α
2091 510 2292 562 aurato
2309 522 2490 578 capro
2511 507 2782 565 decenter
2801 514 3022 582 operta,
3047 510 3269 568 habens
3286 510 3571 587 imagines
3594 532 3736 590 qua-

332 585 444 642 bus
461 585 554 643 his
571 604 822 660 quorum
847 593 1087 648 nomina
1103 598 1241 649 sunt
1264 595 1528 665 sequenti
1553 594 1982 666 subscriptione

332 680 568 732 notata:
596 678 860 752 Mezingo
882 669 1031 753 (737)
1056 682 1559 754 archypresbyter,
1592 684 1850 755 Sigiboto
1881 684 1979 738 de-

331 780 538 832 canus,
561 767 709 822 Irinc
743 769 1215 841 archidiaconus,
1241 771 1488 826 Gerhart
1507 772 1976 839 archidiaconus,

257 894 264 900 -
327 853 584 920 Albrich,
603 855 913 925 Gunderic,
931 865 987 915 et
1013 860 1975 932 aliisquampluribus(sic).Actum

328 941 562 1013 publice
592 944 652 999 in
684 952 886 1002 sancta
915 949 1138 1019 synodo
1182 949 1650 1004 Constantiensis
1696 949 1973 1014 ecclesiae,

326 1047 481 1086 anno
506 1032 820 1089 Dominicis
863 1036 1289 1092 Incarnationis
1316 1038 1760 1108 nongentesimo
1794 1055 1972 1094 nona-

324 1119 550 1192 gesimo
576 1121 803 1193 quinto,
839 1123 982 1180 feria
1022 1143 1097 1191 Iv,
1134 1125 1337 1180 indict.
1371 1143 1451 1180 VII
1481 1126 1650 1197 (738).

1057 1232 1085 1303 Ξ
1118 1231 1232 1284 xv.

390 1314 476 1368 Ad
494 1314 651 1371 idem
677 1318 1102 1374 monasterium
1129 1318 1356 1391 primus
1380 1319 1750 1391 Ruodpertus
1776 1336 1972 1374 mona-

320 1398 468 1455 chus
487 1401 561 1455 ad
584 1405 1022 1460 conversionem
1044 1406 1218 1461 venit.
1245 1407 1322 1462 De
1346 1406 1490 1461 cella
1513 1424 1746 1478 quoque
1777 1408 1833 1463 S.
1860 1408 1971 1462 Me-

317 1487 549 1560 ginradi
572 1492 742 1562 (739),
777 1510 904 1565 quae
928 1495 1146 1549 dicitur
1174 1495 1244 1550 ad
1267 1496 1572 1560 Solitarios,
1600 1512 1736 1550 suos
1769 1512 1968 1550 mona-

317 1575 458 1632 chos
490 1579 872 1637 Gebehardus
905 1599 1170 1638 normam
1205 1583 1430 1638 vivendi
1464 1589 1521 1639 et
1552 1587 1814 1655 regimen
1865 1584 1967 1639 ha-

319 1665 453 1720 bere
469 1667 723 1724 decrevit
747 1688 758 1737 ;
782 1671 1059 1742 quoniam
1085 1673 1354 1728 monachi
1383 1672 1540 1728 illius
1558 1673 1804 1728 cmnobii
1828 1678 1968 1729 tunc

315 1756 599 1827 temporis
633 1757 872 1815 fuerunt
895 1760 1344 1832 religiosissimi.

422 1845 574 1901 307
609 1848 804 1914 §XVI.
846 1850 957 1917 Quo
985 1853 1224 1921 tempore
1258 1849 1512 1920 fundavit
1556 1851 1854 1906 ecclesiam.

385 1937 549 1989 Anno
581 1935 761 2008 igitur
799 1937 1111 1993 Dominicaa
1177 1939 1466 2000 Incarnat,
1523 1939 1965 2010 nongentesimo

312 2023 672 2094 octogesimo
701 2027 872 2081 tertio
893 2027 1037 2097 jecit
1091 2027 1478 2083 fundamenta
1510 2027 1796 2097 basilicae;
1834 2027 1968 2083 fecit

311 2118 510 2167 autem
559 2111 744 2168 vallos
801 2115 1017 2187 ubique
1066 2133 1170 2186 per
1207 2116 1401 2171 locum
1433 2118 1500 2172 ad
1552 2117 1962 2172 exsiccandum

311 2199 646 2270 humorem,
669 2207 726 2256 et
746 2203 1227 2275 obtulitquatuor
1247 2223 1456 2260 aureos
1473 2222 1618 2274 quos
1640 2206 1834 2276 posuit
1854 2207 1965 2260 sub

311 2289 579 2361 singulos
603 2290 860 2347 ecclesiae
882 2292 1311 2364 angulos.l"ecit
1332 2300 1597 2366 cryptam
1621 2296 1692 2348 ab
1707 2294 1965 2349 occiden-

311 2376 409 2433 tali
439 2381 630 2449 parte,
664 2379 723 2433 in
774 2397 893 2452 qua
940 2398 1104 2452 aqua:
1137 2387 1380 2454 puteum
1414 2382 1582 2449 fodit,
1614 2385 1670 2436 et
1697 2380 1878 2437 altare
1906 2382 1963 2436 in

306 2466 591 2522 honorem
618 2468 675 2523 S.
713 2468 947 2524 Martini
981 2471 1041 2525 in
1073 2487 1141 2526 ea
1189 2469 1516 2534 collocavit,
1553 2473 1708 2541 quod
1761 2477 1964 2542 postea

306 2554 691 2612 Gebehardus
723 2557 799 2611 Ill
831 2563 1069 2630 propter
1099 2559 1405 2615 humorem
1440 2559 1744 2615 destruxit.
1777 2559 1964 2630 Super

305 2649 572 2716 cryptam
607 2647 1009 2702 sanctuarium
1035 2647 1190 2714 fecit,
1223 2648 1322 2704 ubi
1346 2647 1668 2720 principale
1698 2647 1881 2703 altare
1902 2648 1960 2702 in

302 2732 589 2789 honorem
622 2734 679 2789 S.
714 2735 974 2808 Gregorii
1006 2753 1168 2808 papae
1220 2737 1546 2806 constituit,
1596 2753 1772 2808 super
1805 2737 1961 2808 quod

302 2821 594 2877 cibarium
628 2823 804 2879 nimis
832 2825 1163 2896 speciosum
1196 2825 1517 2881 fabricavit.

1021 2931 1050 3005 ἕ
1079 2931 1246 2987 XVII.

368 3018 518 3074 Cum
547 3018 734 3091 igitur
761 3019 1068 3076 columnas
1099 3024 1351 3092 quatuor
1380 3021 1450 3075 de
1499 3019 1657 3092 ligno
1702 3021 1851 3075 ilicis
1889 3021 1960 3074 fe-

301 3107 500 3173 cisset,
534 3113 594 3163 et
627 3109 846 3180 ﬁguras
877 3109 1012 3164 vitis
1042 3109 1098 3164 in
1135 3109 1218 3165 eis
1251 3109 1486 3164 formari
1512 3110 1757 3175 fecisset,
1793 3109 1960 3164 urba-

302 3200 408 3251 nos
437 3197 917 3253 Constantienses
951 3198 1008 3251 in
1055 3213 1236 3252 unum
1296 3198 1687 3270 congregavit,
1740 3215 1956 3268 uosque

307 3283 392 3338 sic
435 3286 643 3340 affatus
691 3285 810 3341 ait:
867 3309 893 3335 ‹‹
931 3286 1124 3342 Habeo
1176 3291 1426 3358 quatuor
1458 3286 1627 3352 filias,
1681 3304 1829 3358 quas
1862 3303 1954 3341 me

314 3377 541 3443 oportet
568 3375 768 3445 nuptui
801 3375 1046 3441 tradere,
1081 3376 1178 3430 sed
1237 3392 1350 3430 non
1400 3392 1639 3444 possum
1700 3392 1796 3430 cas
1828 3375 1955 3430 sine

312 3460 603 3530 adjutorio
631 3468 816 3517 vestro
849 3480 1094 3530 ornare;
1155 3480 1222 3518 ea
1273 3464 1344 3518 de
1397 3479 1575 3518 causa
1623 3480 1723 3518 vos
1783 3464 1954 3518 modo

304 3550 604 3614 convenio,
639 3556 695 3606 et
728 3557 792 3606 ut
824 3551 968 3606 mihi
1003 3551 1239 3622 aliquod
1291 3552 1568 3607 solatium
1620 3569 1722 3623 pro
1755 3552 1953 3622 acqui-

298 3639 498 3694 rendis
516 3639 882 3695 ornamentis
906 3657 1010 3711 pro
1039 3656 1208 3712 posse
1229 3644 1285 3694 et
1304 3639 1446 3694 velle
1473 3645 1664 3695 vestro
1687 3641 1956 3696 adhibea-

297 3727 368 3783 tis
399 3734 557 3800 peto.
582 3751 611 3777 ι)
630 3731 894 3800 Cumque
916 3746 1119 3784 omnes
1145 3730 1588 3800 respondissent
1610 3746 1672 3784 se
1696 3729 1956 3785 libentis-

296 3817 442 3872 sime
475 3819 745 3872 facturos
776 3833 1140 3889 quaecunque
1188 3817 1286 3872 ille
1343 3819 1735 3889 praecepisset,
1772 3819 1956 3888 jussit

294 3907 607 3961 columnas
630 3906 902 3976 proferri,
925 3911 984 3961 et
1005 3906 1153 3961 dixit
1174 3923 1235 3961 se
1257 3905 1362 3961 has
1389 3905 1693 3962 columnas
1716 3911 1954 3978 argento

294 3993 438 4050 velle
469 3994 700 4059 vestiri,
724 3999 781 4049 et
803 3999 866 4049 ut
888 3995 997 4050 sibi
1019 3995 1089 4050 ad
1117 3994 1226 4050 hoc
1249 3993 1529 4050 auxilium
1552 3994 1766 4050 ferrent
1785 3995 1956 4065 erepit

289 4082 551 4154 precari:
585 4083 744 4154 quod
767 4099 970 4139 omnes
989 4084 1186 4138 animo
1209 4081 1652 4155 promptissimo
1671 4083 1952 4138 fecerunt.

287 4170 436 4226 Nam
450 4187 662 4225 eorum
686 4170 894 4227 solatio
915 4170 1218 4226 columnas
1237 4174 1475 4242 argento
1492 4170 1712 4240 Optime
1726 4171 1956 4226 vestivit

279 4275 506 4332 easque
532 4275 715 4331 super
745 4260 915 4316 bases
947 4259 1208 4332 lapideas
1242 4259 1657 4314 decentissime
1689 4259 1952 4331 scalptas

279 4347 618 4415 constituit,
656 4365 832 4419 super
878 4348 1182 4405 columnas
1243 4365 1414 4403 arcus
1474 4352 1727 4418 quatuor
1759 4348 1954 4420 posuit

282 4452 430 4508 quos
467 4452 547 4490 ex
579 4451 698 4490 una
717 4440 878 4507 parte
902 4453 970 4492 ex
989 4441 1191 4491 aurato
1213 4440 1477 4508 argento,
1506 4451 1573 4490 ex
1606 4435 1788 4490 altera
1818 4452 1950 4491 vero

278 4525 346 4580 de
377 4527 606 4581 aurato
641 4540 820 4595 cupro
868 4525 1118 4580 vestivit.
1181 4525 1368 4596 Super
1415 4541 1589 4580 arcus
1634 4542 1865 4596 quoque
1896 4530 1953 4580 et

2090 597 2223 650 tuor
2252 596 2743 668 evangelistarum
2777 599 2925 655 elato
2947 617 3119 673 opere
3151 601 3413 674 aliasque
3436 605 3734 676 perplures

2091 685 2335 754 species.
2371 687 2433 740 In
2465 691 2801 742 transversa
2862 705 3094 760 quoque
3152 691 3280 760 ejus
3337 707 3440 762 per
3485 699 3736 764 quatuor

2091 777 2284 843 partes
2314 779 2480 828 erant
2511 775 2738 830 laminae
2782 777 2964 832 afﬁxa:
3015 785 3323 850 argenteae,
3377 781 3538 837 808
3587 783 3733 838 etin

2093 878 2444 934 unoquoque
2471 861 2646 918 latere
2670 865 3034 936 conscriptus
3075 883 3228 922 unus
3262 873 3386 924 erat
3406 885 3608 926 versus
3630 886 3732 925 au-

2089 951 2202 1005 reis
2237 950 2444 1006 litteris
2472 953 2800 1024 descriptus
2831 954 2901 1008 de
2932 955 3326 1027 subscriptis:

2214 1057 2320 1129 l-joc
2349 1071 2485 1129 opus
2504 1058 2766 1129 exiguum
2798 1060 3258 1129 diversisartibus
3279 1068 3493 1129 auctum

2209 1120 2325 1184 fert
2357 1120 2468 1184 tibi,
2498 1122 2731 1184 Gregori,
2763 1123 2988 1184 supplex
3018 1124 3230 1174 devotio
3260 1127 3418 1183 servi,

2209 1182 2454 1253 Ermsulis
2483 1183 2707 1253 indigni,
2740 1182 2990 1253 quémtu
3021 1200 3142 1253 cum
3179 1187 3330 1253 plebe
3362 1182 3506 1237 ﬁdeli

2208 1244 2515 1307 Conjungas
2547 1244 2733 1294 turmis
2756 1244 3031 1309 precibus,
3063 1244 3227 1307 Pate'r,
3278 1249 3410 1300 alme
3459 1251 3725 1313 supernis.

2776 1344 2803 1416 ἕ
2838 1344 3030 1399 XVIII.

2156 1427 2342 1498 Super
2373 1427 2582 1483 tabulae
2615 1428 2928 1485 fenestram
2975 1435 3098 1486 erat
3145 1433 3330 1488 cassis
3377 1431 3586 1506 ligneis
3634 1451 3726 1491 co-

2080 1514 2300 1570 lumnis
2316 1517 2562 1572 tornatis
2578 1519 2987 1589 superpositus
3003 1519 3326 1591 angulosus
3342 1522 3725 1578 etdeauratus

2079 1610 2134 1658 et
2160 1621 2334 1675 super
2363 1603 2518 1659 hunc
2550 1605 2738 1676 imago
2762 1607 2894 1678 agni
2927 1608 3159 1662 candidi
3189 1609 3260 1663 ad
3294 1609 3576 1681 populum
3599 1627 3727 1682 pro-

2078 1693 2397 1765 spicientis.
2435 1694 2630 1763 Ipsum
2673 1695 2845 1749 etiam
2873 1695 3052 1750 altare
3085 1703 3209 1752 erat
3239 1714 3465 1766 cavum,
3500 1699 3726 1756 habens

2077 1781 2147 1836 ab
2180 1781 2411 1836 Oriente
2443 1782 2700 1836 tabulam
2735 1800 2876 1838 auro
2921 1784 3143 1855 optimo
3175 1791 3231 1840 et
3261 1785 3554 1856 lapidibus
3600 1805 3726 1860 pre-

1998 1881 2042 1944 Β
2073 1870 2240 1925 tiosis
2272 1871 2599 1925 decoratam
2628 1889 2639 1937 ;
2665 1872 2736 1925 ab
2769 1871 3078 1928 Occidente
3097 1890 3228 1929 vero
3251 1873 3363 1927 alia
3383 1880 3508 1929 erat
3523 1875 3726 1931 tabula

2078 1962 2317 2030 argento
2335 1959 2859 2029 cooperta,habens
2883 1960 2941 2013 in
2970 1961 3159 2016 medio
3185 1961 3498 2033 imaginem
3524 1963 3581 2018 S.
3609 1965 3725 2019 Ma-

2075 2048 2171 2102 riae
2193 2047 2342 2104 elato
2365 2064 2534 2118 opere
2566 2048 2635 2102 de
2668 2065 2808 2103 auro
2841 2049 3080 2120 optimo,
3115 2051 3455 2121 appendens
3487 2051 3614 2106 auri
3639 2056 3724 2106 ta-

2072 2135 2320 2201 lentum,
2353 2152 2529 2206 quam
2563 2136 2906 2191 Bertholdus
2928 2137 3109 2193 abbas
3133 2142 3392 2208 tempore
3425 2138 3595 2194 famis
3616 2139 3721 2194 de-

2075 2225 2272 2298 posuit
2302 2230 2357 2279 et
2387 2225 2752 2289 comminuit,
2799 2241 2866 2279 ac
2918 2243 3022 2297 pro
3082 2218 3378 2281 frumento~
3427 2227 3718 2283 distraxit.

2075 2315 2262 2385 Super
2293 2312 2472 2368 altare
2494 2314 2824 2384 dependent
2845 2314 3071 2370 diversa
3092 2319 3428 2370 sanctorum
3463 2321 3720 2389 recepta-

2074 2401 2202 2457 cula
2218 2401 2619 2473 reliquiarum.
2636 2403 2718 2455 Ad
2745 2403 2939 2472 ipsum
2963 2402 3146 2458 altare
3162 2420 3264 2476 per
3281 2404 3422 2475 grad
3434 2420 3501 2458 us
3523 2404 3721 2476 plures

2073 2490 2499 2545 ascendebatur
2529 2491 2598 2544 de
2629 2490 2825 2556 choro,
2886 2507 3033 2563 quos
3090 2492 3274 2547 abbas
3331 2493 3720 2550 Theodericus

2073 2577 2334 2644 abstulit,
2368 2581 2601 2650 quando
2642 2579 2885 2634 chorum
2947 2580 3271 2652 ampliavit.
3325 2583 3387 2636 In
3445 2598 3720 2654 supremo

2072 2668 2410 2723 eorumdem
2469 2668 2759 2738 graduum
2794 2669 2850 2722 in
2914 2670 3223 2724 medietate
3279 2673 3405 2725 erat
3461 2671 3717 2742 spatium

2071 2757 2458 2823 submissum,
2495 2760 2782 2827 quantum
2806 2756 2986 2812 altare
3018 2758 3206 2812 fuerat
3236 2756 3444 2825 latum,
3479 2759 3720 2829 quadris

2071 2844 2368 2915 lapidibus
2381 2843 3233 2916 circumpositum,pertingens
3247 2860 3434 2916 usque
3448 2845 3520 2901 ad
3534 2845 3719 2901 altare

2071 2933 2168 2986 ubi
2213 2936 2445 2986 orantes
2475 2948 2668 3004 genua
2699 2932 3031 2987 ﬂecterent:
3072 2938 3129 2988 et
3178 2933 3348 3004 juxta
3393 2931 3574 2989 altare
3629 2938 3716 2990 ta-

2067 3019 2209 3075 bula
2240 3037 2568 3075 marmorea
2593 3020 2765 3074 viridi
2793 3021 3002 3076 coloris
3037 3021 3364 3093 pavimento
3416 3023 3712 3095 imposita,

2065 3110 2124 3164 in
2150 3123 2480 3181 quabgenua
2495 3110 2790 3164 ﬂectentes
2813 3110 3254 3165 deoscularentu
3266 3128 3310 3165 r.
3330 3110 3557 3166 Chorus
3578 3129 3712 3169 vero

2065 3204 2188 3253 erat
2218 3197 2383 3253 valde
2414 3214 2645 3268 parvus,
2681 3197 2957 3269 quoniam
2986 3215 3231 3254 ascensu
3266 3199 3556 3269 graduum
3587 3205 3713 3255 erat

2065 3287 2412 3342 diminutas.
2449 3286 2594 3340 Muri
2627 3303 2859 3357 quoque
2911 3287 3162 3342 basilicae
3200 3292 3367 3342 erant
3422 3303 3490 3342 ex
3545 3287 3702 3343 omni

2065 3380 2227 3447 parte
2249 3374 2639 3446 pulcherrime
2660 3375 2892 3445 depicti,
2908 3391 2975 3428 ex
2988 3375 3227 3430 sinistra
3241 3379 3402 3446 parte
3423 3374 3707 3430 habentes

2065 3464 2367 3518 materiam
2401 3464 2472 3516 de
2502 3463 2714 3532 Veteri,
2739 3480 2772 3517 a
2798 3463 2998 3518 dextro
3023 3468 3217 3518 autem
3244 3464 3314 3517 de
3337 3468 3491 3519 Novo
3514 3465 3710 3519 Testa-

2065 3558 2279 3620 mento,
2313 3555 2368 3606 et
2389 3551 2724 3622 ubicunque
2747 3551 2939 3622 imago
2965 3552 3195 3606 Domini
3227 3553 3432 3620 fuerat,
3465 3569 3710 3608 aureum

2063 3640 2218 3695 circa
2247 3643 2421 3710 caput
2446 3638 2728 3694 circulum
2755 3639 3024 3695 habebat.
3050 3636 3420 3694 Venetiorum
3456 3656 3712 3710 namque

2062 3729 2372 3800 episcopus
2394 3728 2541 3799 (740)
2602 3729 2862 3783 modium
2921 3728 3157 3799 plenum
3213 3727 3325 3782 sibi
3377 3728 3448 3782 de
3505 3728 3712 3783 Graico

2064 3817 2274 3884 colore,
2310 3816 2408 3887 qui
2441 3820 2682 3870 vocatur
2713 3815 2914 3880 Lazur,
2953 3815 3136 3887 gratis
3164 3831 3264 3885 pro
3298 3814 3581 3869 charitate
3610 3815 3710 3870 de—

2064 3907 2246 3971 derat,
2305 3904 2403 3975 qui
2457 3903 2631 3958 etiam
2665 3903 2924 3974 optimus
2977 3902 3135 3957 color
3181 3901 3712 3970 abundantissime,

2061 3996 2203 4050 sicut
2231 3994 2340 4064 ipsi
2357 3991 2611 4058 vidimus,
2646 3991 2833 4046 muris
2858 3991 3116 4062 undique
3137 3991 3322 4046 illitus
3353 3995 3508 4046 erat:
3533 4007 3711 4063 quam

2065 4083 2349 4154 picturam
2383 4080 2732 4134 Kuonradus
2764 4079 2944 4134 abbas
2975 4096 3043 4134 ex
3072 4084 3189 4134 toto
3221 4079 3532 4146 deleverat,
3563 4096 3714 4152 quo-

2063 4171 2219 4225 niam
2256 4168 2580 4240 antiquitas
2611 4168 2659 4222 ei
2686 4169 2812 4238 jam
2846 4169 3110 4223 decorem
3154 4168 3498 4224 abstulerat.
3559 4168 3714 4224 Fecit

2061 4257 2254 4313 valvas
2311 4256 2789 4328 incomparabilis
2849 4257 3095 4321 decoris,
3129 4261 3184 4311 et
3214 4263 3348 4312 ante
3407 4255 3711 4313 ecclesiam

2061 4347 2349 4419 porticum
2379 4345 2696 4400 admodum
2733 4345 3064 4416 parvulum,
3099 4361 3273 4416 quem
3322 4345 3712 4401 Theodericus

2061 4436 2242 4491 abbas
2274 4432 2574 4505 ampliavit
2604 4437 2661 4486 et
2691 4433 3033 4488 melioravit.

2541 4522 2695 4576 309
2727 4523 2754 4588 §
2785 4521 2927 4575 XIX.
2962 4523 3035 4576 De
3062 4523 3232 4592 fonte.

279 4629 463 4687 super
487 4611 813 4669 columnas
834 4614 1031 4685 posuit
1045 4613 1306 4669 tabulam
1330 4617 1504 4667 tantae
1529 4612 1952 4684 magnitudinis
1981 4605 2027 4668 D
2131 4612 2273 4666 Cum
2293 4611 2474 4682 igitur
2494 4609 2740 4665 ecclesia
2759 4625 2991 4664 summo
3014 4609 3211 4664 studio
3230 4607 3403 4662 variis
3421 4605 3714 4662 coloribus

272 4708 334 4758 ut
364 4709 578 4759 totum
612 4702 868 4772 operiret
898 4701 1206 4767 ciborium,
1227 4701 1450 4756 habens
1481 4701 1542 4755 in
1581 4701 1772 4756 medio
1807 4703 1955 4756 fene-

276 4795 470 4848 stram
508 4790 829 4844 rotundam
883 4796 939 4845 et
969 4791 1157 4862 ipsam
1207 4790 1266 4843 in
1308 4789 1552 4843 circuitu
1601 4789 1955 4844 intrinsecus

275 4885 492 4936 aurato
519 4895 709 4950 cupro
734 4883 1018 4950 apertam,
1044 4877 1287 4933 inferius
1311 4882 1505 4931 autem
1540 4877 1957 4932 habebatmar-

277 4968 485 5040 ginem
524 4967 986 5039 prominentem,
1021 4983 1196 5037 quem
1227 4969 1467 5036 argento
1496 4965 1745 5032 vestivit,
1797 4966 1951 5036 quod

277 5057 462 5111 etiam
484 5055 736 5127 quidam
761 5055 944 5110 abbas
966 5053 1412 5124 abstulitetipse
1426 5052 1737 5124 plumbum
1751 5053 1952 5108 aftixit.

274 5143 409 5216 Ipsa
443 5149 656 5200 autem
690 5142 891 5198 tabula
915 5149 1038 5198 erat
1063 5158 1166 5214 per
1195 5145 1377 5197 totum
1412 5157 1479 5195 ex
1509 5140 1771 5196 inferiori
1794 5148 1956 5212 parte

275 5267 672 5338 Riedbausen
697 5266 940 5338 accipio,
961 5265 1241 5338 parochia
1264 5281 1380 5320 non
1403 5263 1573 5336 longe
1596 5264 1731 5319 inde
1753 5264 1959 5321 dissita

273 5339 344 5393 ad
395 5337 760 5394 Ostracham
799 5337 857 5392 fl.

343 5410 516 5480 (737)
551 5412 751 5464 Testes
787 5408 882 5463 hic
912 5406 1228 5478 subscripti
1261 5406 1330 5461 ad
1383 5405 1778 5462 cathedralem
1811 5407 1956 5462 Con-

273 5481 689 5537 stantiensem
721 5484 1012 5550 spectant.

343 5552 514 5622 (738)
551 5553 662 5605 An.
695 5547 801 5606 995
831 5551 1103 5605 currebat
1133 5547 1376 5622 indictio
1409 5564 1529 5622 vIII.

349 5618 704 5704 (739)11inc
761 5622 1074 5704 habemus,
1101 5620 1288 5704 “unde
1338 5618 1561 5704 primos
1614 5620 1959 5704 monasterii

275 5690 372 5749 sui
407 5690 665 5751 colonos
699 5691 987 5766 acceperit
1013 5696 1071 5747 8.
1098 5690 1501 5758 Gebehardus,
1523 5706 1590 5747 ex
1614 5691 1964 5748 Einsidleusi

2063 4699 2493 4771 depingeretur,
2529 4695 2742 4752 accidit
2773 4703 2836 4751 ut
2878 4697 3132 4768 quodam
3183 4696 3278 4751 die
3333 4694 3462 4751 loco
3511 4695 3717 4752 eodem

2065 4787 2360 4842 secederet
2388 4789 2444 4839 et
2475 4783 2819 4854 aliquandiu
2854 4784 3042 4839 redire
3066 4800 3264 4839 moras
3290 4785 3522 4840 faceret.
3564 4785 3718 4840 Inte-

2066 4876 2176 4929 rim
2205 4889 2341 4944 ergo
2373 4873 2578 4944 perfidi
2614 4873 2864 4944 pictores
2897 4874 3150 4943 optimos
3183 4889 3451 4945 quosque
3499 4873 3722 4930 colores

2064 4961 2465 5017 fraudulenter
2481 4960 2813 5016 auferentes
2839 4961 2895 5016 in
2915 4961 3171 5017 vicinum
3195 4979 3406 5018 nemus
3427 4963 3720 5031 abierunt,

2065 5051 2492 5122 ibiqucterram
2515 5047 2783 5104 clanculo
2806 5050 3094 5106 fodientes
3115 5051 3719 5107 absconderant.Cum

2062 5157 2196 5195 vero
2223 5141 2461 5196 sanctus
2499 5137 2709 5208 presul
2732 5155 3000 5195 reversus
3023 5143 3195 5206 esset,
3219 5143 3521 5210 cceperunt
3543 5138 3720 5210 picto-

2067 5261 2292 5318 scilicet
2304 5259 2771 5332 cumobio,cujus
2789 5264 2964 5319 etiam
2989 5262 3265 5317 alumnus
3287 5260 3470 5314 fuisse
3489 5259 3720 5316 videtur

2069 5332 2416 5409 Perjcbenus
2431 5331 2683 5409 primus
2707 5333 2891 5409 abbas
2921 5332 3445 5409 Petersh‘usanus.“

2141 5406 2290 5476 (740)
2322 5399 2696 5458 Bollandistae
2716 5405 2798 5476 ad
2830 5404 3021 5476 Vitam
3047 5410 3102 5457 S.
3129 5399 3448 5476 Gebehardi
3493 5399 3716 5476 episco-

2113 5471 2210 5530 u'm
2244 5475 2399 5528 hunc
2429 5479 2637 5544 putant
2669 5475 2846 5530 fuisse
2893 5474 3102 5529 Ursum
3164 5471 3481 5544 venetum,
3519 5471 3620 5542 qui
3651 5488 3719 5528 ex

2113 5494 2210 5530 um
2244 5494 2399 5528 nunc
2429 5494 2637 5544 putant
2669 5494 2846 5530 Iuisse
2896 5494 3102 5529 ursum
3177 5494 3470 5537 venetum,
3519 5494 3620 5542 qlu
3651 5494 3717 5528 ex

2070 5494 2309 5618 ﬁghello
2342 5545 2471 5599 Ital.
2509 5546 2668 5600 Sacr.
2704 5553 2743 5601 t.
2781 5546 2846 5612 V,
2885 5564 2937 5618 ρ,
2971 5544 3127 5609 1200,
3163 5543 3235 5596 ab
3265 5559 3358 5597 an.
3386 5543 3489 5596 981
3528 5559 3717 5614 usque

2069 5615 2176 5673 992
2208 5617 2456 5688 praefuit.
2510 5619 2581 5670 At
2612 5633 2678 5670 ex
2714 5615 2980 5688 [IandulQ
3002 5619 3226 5688 933mm
3277 5619 3366 5688 3.9t
3395 5619 3536 5669 tunc
3566 5619 3712 5688 ten?-

2075 5684 2232 5762 poris
2263 5688 2321 5743 in
2341 5687 2576 5743 ‘Veneta
2605 5692 2741 5743 sede
2762 5688 2940 5743 fuisse
2965 5686 3278 5757 Marinum,
3301 5684 3342 5741 l.
3374 5702 3451 5754 c.,
3474 5702 3530 5758 p.
3553 5684 3713 5741 4212.
