4152 6186
438 324 572 399 »811

1158 334 1549 405 APPENDIX
1594 334 1697 403 AD
1742 335 2089 403 CHRONIG

2233 336 2654 411 ΗΕΒΜΑΝΝΙ
2699 338 3183 406 CONTRACTI.‘
3288 352 3293 359 ‘

3737 340 3857 405 312

462 483 557 527 res
573 469 926 545 importunis
940 470 1181 530 vocibus
1198 472 1419 530 colores
1437 474 1937 547 urgere,dicentes
1956 490 2105 545 opus
2132 474 2189 541 Α
2215 490 2416 530 verum
2446 474 2623 532 etiam
2644 475 2754 532 hoc
2774 476 2826 532 ei
2861 493 3202 535 concessum
3233 478 3322 535 est
3350 478 3416 534 ut
3444 492 3687 534 manum
3717 475 3858 534 mit-

463 575 582 632 praa
604 562 849 633 penuria
879 560 1139 618 colorum
1170 562 1531 635 negligenter
1559 564 1810 619 tardare.
1835 564 1998 629 Quod
2018 562 2107 617 vir

464 648 674 707 beatus
705 651 951 708 audiens
981 668 1297 723 parumper
1339 641 1527 719 siluit,
1572 656 1630 707 et
1659 656 1791 725 post
1836 652 1958 708 11830
1983 653 2100 708 ait:

465 760 496 789 «
530 740 595 795 Et
625 740 675 795 si
732 740 902 797 nobis
933 742 1105 796 modo
1132 742 1312 808 deest,
1374 745 1440 796 ut
1484 742 1824 813 acquiratur
1870 758 2105 798 necesse

465 832 573 885 est.
606 830 754 901 Ergo
781 830 993 897 venito,
1018 829 1331 900 sequimini
1364 848 1476 897 me,
1508 830 1753 887 forsitan
1795 831 1964 887 nobis
1994 833 2104 887 Do-

466 918 665 973 minus
700 935 806 973 sua
829 918 1183 990 benignitate
1215 919 1377 973 dabit
1398 920 1551 990 quod
1571 920 1852 990 quaeritis,
1875 925 1939 975 ut
1960 938 2115 993 opus

466 1011 761 1063 maturare
790 1006 1053 1063 valeatis.
1091 1030 1111 1055 ››
1160 1009 1241 1063 Ἐἰ
1288 1008 1454 1062 duxit
1509 1025 1607 1063 eos
1655 1008 1781 1064 sine
1811 1008 2003 1065 indice
2033 1011 2103 1065 ad

462 1094 656 1151 locum
688 1096 789 1151 ubi
820 1095 933 1168 ipsi
963 1096 1185 1153 colores
1216 1097 1663 1162 absconderant,
1696 1097 1894 1169 ibique
1922 1099 2105 1153 bacu-
2162 1160 2167 1165 ,

463 1180 588 1240 lum
620 1201 795 1240 suum
830 1185 885 1240 in
921 1189 1136 1242 terram
1183 1186 1381 1240 deﬁxit
1437 1186 1672 1241 dicens:
1726 1208 1753 1235 ‹‹
1786 1186 1888 1241 Hic
1918 1186 1976 1241 in
2008 1187 2105 1243 Dei

463 1274 699 1329 nomine
730 1273 927 1339 fodite,
953 1279 1010 1329 et
1038 1274 1087 1329 si
1118 1275 1339 1346 aliquid
1370 1274 1701 1341 inveniatis,
1731 1274 1940 1330 videte.
1975 1297 2004 1324 »
2033 1278 2107 1332 At

460 1360 731 1428 illi,mala
743 1362 1100 1417 conscientia
1118 1362 1728 1433 perterriti,fodientes
1741 1367 1957 1419 terram
1978 1380 2108 1437 ape-

458 1456 724 1519 ruerunt,
756 1454 812 1505 et
841 1450 1061 1506 colores
1094 1467 1239 1522 quos
1265 1450 1710 1520 absconderant,
1744 1469 2105 1525 quamquam

460 1536 644 1608 inviti,
664 1542 861 1594 tamen
881 1539 1267 1612 protulerunt.
1294 1540 1517 1604 Quibus
1537 1540 1624 1595 vir
1643 1541 1746 1596 Dei
1786 1540 1916 1597 laeto
1940 1541 2105 1598 vultu

460 1626 640 1682 dixit:
674 1651 702 1678 ‹‹
736 1628 867 1684 Jam
901 1646 1056 1683 nunc
1089 1628 1331 1701 pergite,
1364 1628 1557 1684 dilecti
1590 1630 1719 1698 ﬁlii,
1767 1635 1823 1686 et
1871 1631 1941 1687 de
1996 1631 2105 1687 hoc

460 1713 588 1787 ipso
621 1716 778 1787 quod
827 1716 1112 1772 Dominus
1143 1716 1398 1774 ostendit
1422 1717 1647 1773 enixius
1696 1719 2039 1790 operamini.
2074 1742 2102 1769 ››

2212 566 2361 619 teret
2383 565 2454 619 ad
2477 580 2688 635 corpus
2709 565 2773 620 B.
2806 566 3271 639 Gregorii'papzs,
3303 570 3361 621 et
3388 566 3499 623 hac
3528 565 3859 622 conditione

2213 651 2324 707 hoc
2344 652 2395 707 ei
2417 653 2767 723 permissum
2782 660 2888 722 est,
2915 659 2977 710 ut
2998 655 3279 727 quidquid
3304 671 3418 710 uno
3433 660 3591 711 tactu
3606 655 3678 710 de
3698 655 3861 713 sanis

2214 741 2448 797 ossibus
2477 758 2654 799 manu
2687 741 2920 811 levaret,
2953 744 3062 800 hoc
3091 744 3293 816 procul
3319 743 3496 799 dubio
3520 759 3719 801 secum
3759 744 3858 799 de—

2215 830 2407 886 ferret.
2442 830 2627 898 Unde,
2660 830 2759 886 Dei
2782 831 2991 903 gratia,
3024 837 3201 904 caput
3229 834 3358 904 ejus
3385 832 3535 904 (744)
3567 848 3700 888 cum
3730 832 3862 888 aliis

2215 918 2543 991 magniﬁcis
2563 921 2654 990 de}
2674 922 2803 990 ejus
2835 937 3073 992 corpore
3103 921 3368 991 reliquiis
3385 920 3644 991 sustulit,
3673 921 3861 977 omni-

2214 1007 2442 1077 busque
2474 1009 2546 1063 ad
2579 1007 2816 1064 libitum
2838 1026 3010 1064 suum
3035 1026 3398 1082 quaecunque
3426 1009 3655 1067 volebat
3678 1011 3863 1083 impe-

2213 1096 2403 1163 tratis,
2434 1095 2605 1153 laetus
2637 1097 2950 1170 repedavit.

2920 1187 2950 1259 §
2996 1186 3165 1241 xxu.

2284 1274 2432 1329 an
2468 1273 2586 1329 Hoc
2606 1274 2899 1345 siquidem
2923 1274 3202 1331 dilectum
3234 1279 3411 1348 caput
3442 1275 3774 1339 invenimus
3804 1278 3865 1333 in

2214 1378 2409 1433 capsa,
2434 1362 2572 1418 olim
2592 1363 2828 1434 quidem
2847 1362 3093 1419 ﬁrmiter
3112 1363 3278 1420 valde
3299 1364 3686 1433 solidata,sed
3710 1382 3867 1422 nunc

2205 1449 2335 1521 jam
2367 1466 2481 1521 prae
2516 1451 2870 1522 antiquitate
2899 1455 2956 1507 et
2984 1450 3280 1507 incautela
3308 1452 3542 1523 penitus
3587 1452 3862 1525 resoluta,

2215 1555 2342 1611 quae
2363 1538 2571 1609 priscis
2602 1540 2987 1611 temporibus,
3014 1539 3168 1596 sicut
3199 1541 3553 1609 audivimus,
3576 1542 3635 1597 in
3657 1541 3864 1599 altario

2212 1626 2271 1682 S.
2307 1626 2458 1682 Petri
2479 1626 2539 1681 in
2575 1627 2901 1683 meridiana
2946 1627 3120 1700 plaga
3148 1633 3274 1685 erat
3302 1629 3621 1699 recondita,
3652 1630 3715 1688 in
3746 1648 3865 1704 qua

2213 1720 2376 1786 parte
2397 1715 2573 1771 etiam
2595 1716 2790 1771 Romae
2812 1717 2939 1787 ejus
2957 1715 3295 1789 sepulcrum
3319 1734 3447 1774 esse
3468 1719 3858 1793 cognoscitur.

460 1803 548 1858 llli
579 1808 773 1859 autem
796 1804 1083 1875 perterriti
1108 1806 1397 1873 abierunt,
1424 1823 1622 1861 secum
1647 1806 1925 1864 mirantes
1947 1810 2102 1880 quod
2132 1833 2182 1899 B
2214 1804 2325 1899 Sed
2348 1803 3051 1899 nuncjeratibixsublata,
3083 1810 3141 1861 et
3169 1822 3346 1899 super
3373 1805 3556 1899 altare
3668 1810 3860 1864 Mariae

459 1890 679 1946 factum
708 1892 915 1947 fuerat.
950 1893 1030 1947 Ex
1059 1893 1185 1964 ipso
1218 1897 1413 1950 autem
1443 1894 1568 1950 loco
1599 1895 1727 1950 fons
1750 1897 1947 1951 statim
1969 1896 2100 1952 lim-

456 1979 775 2052 pidissimaa
808 1997 968 2051 aqua:
991 1982 1202 2052 erupit,
1226 1982 1327 2053 qui
1361 1999 1545 2054 usque
1566 1983 1623 2037 in
1642 2001 1898 2055 praesens
1923 1986 2100 2041 ﬂuere

456 2084 574 2124 non
606 2067 838 2124 desinit.
871 2070 1139 2126 Crastina
1158 2087 1291 2125 vero
1313 2071 1426 2139 die,
1455 2074 1597 2127 cum‘
1612 2073 1699 2127 vir
1714 2072 1815 2129 Dei
1836 2075 1908 2129 ad
1937 2091 2097 2130 men-

457 2173 585 2214 sam
611 2159 860 2225 sederet,
890 2163 947 2214 et
976 2157 1226 2230 pictores
1247 2160 1376 2231 jam
1407 2160 1545 2215 dicti
1577 2162 1805 2218 confusi
1837 2163 1995 2233 operi
2018 2164 2100 2219 in-

455 2249 700 2315 starent,
734 2246 927 2302 subito
959 2247 1340 2303 conciderunt
1367 2252 1424 2303 et
1462 2250 1630 2321 quasi
1679 2250 1977 2308 exanimes
2000 2253 2097 2323 ja-

456 2339 719 2391 cuerunt.
771 2336 932 2400 Quod
983 2353 1116 2392 cum
1149 2338 1211 2392 B.
1246 2336 1556 2393 Gebhardo
1613 2339 1802 2395 adhuc
1852 2341 2096 2412 prandio

455 2423 736 2480 assidenti
768 2441 901 2479 cum
946 2442 1163 2501 magno
1209 2426 1455 2497 strepitu
1497 2427 1835 2483 nuntiatum
1865 2430 2092 2500 fuisset,

452 2512 771 2586 tranquillo
827 2514 1024 2569 animo
1079 2514 1261 2571 dixit:
1321 2536 1349 2566 ‹‹
1398 2516 1605 2584 Sinite,
1664 2515 2095 2589 aliquantulum

452 2599 615 2658 luere
645 2601 971 2661 debuerunt
1020 2603 1176 2674 quod
1234 2602 1295 2665 in
1353 2608 1691 2659 sanctorum
1745 2606 1919 2661 rebus
1959 2607 2096 2662 deli-

454 2694 729 2763 querunt.
744 2713 773 2741 »
792 2691 922 2747 Haec
940 2691 1139 2747 dicens
1157 2693 1378 2764 absque
1395 2692 1833 2765 perturbatione
1856 2696 2093 2762 mansit,

454 2779 637 2835 donec
680 2797 710 2835 e
757 2796 963 2836 mensa
1019 2797 1152 2835 cum
1211 2780 1507 2837 alacritate
1537 2781 1825 2837 discessit.
1877 2783 2095 2840 Deinde

454 2867 717 2923 ascendit
732 2867 1407 2940 superinstrumcntum,
1430 2866 1531 2923 ubi
1554 2867 1636 2923 illi
1653 2870 2097 2939 jacebantvelut

454 2955 691 3026 mortui,
723 2960 779 3010 et
799 2956 1028 3021 baculo,
1052 2974 1224 3028 quem
1254 2974 1430 3012 manu
1454 2957 1709 3026 tenebat,
1732 2964 1978 3032 tangens
2000 2977 2096 3016 eos

454 3043 571 3099 ait:
608 3066 634 3093 ‹‹
659 3044 808 3112 Νοη,
839 3045 1100 3117 inquam,
1130 3044 1295 3101 vobis
1313 3063 1415 3118 pro
1438 3046 1545 3101 hoc
1569 3048 1893 3103 mercedem
1925 3049 2092 3104 datu-

2211 1891 2511 1962 collocata,
2536 1897 2593 1949 et
2613 1893 2742 1950 ideo
2758 1895 2885 1965 jam
2917 1894 3143 1950 dictum
3168 1894 3350 1951 altare
3369 1900 3424 1951 8.
3448 1895 3600 1953 Petri
3626 1913 3860 1954 reman-

2209 1987 2365 2037 serat
2383 1998 2635 2037 vacuum
2665 1985 2723 2037 et
2745 1981 3049 2052 violatum,
3096 1998 3161 2039 ac
3192 1987 3497 2056 propterea
3538 1989 3737 2056 postea
3765 2002 3859 2043 re-

2207 2074 2507 2138 novatum,
2540 2074 2598 2126 et
2626 2087 2658 2125 a
2687 2070 2997 2127 Kuonrado
3045 2071 3342 2128 Curiensis
3398 2072 3541 2144 (742)
3585 2072 3858 2131 Ecclesia:

2206 2159 2476 2231 episcopo
2507 2164 2597 2215 est
2626 2159 2984 2216 dedicatum.
3018 2160 3279 2232 Denique
3307 2160 3634 2233 aperientes
3663 2161 3857 2235 ipsam

2207 2243 2444 2320 capsam
2500 2247 2833 2304 invenimus
2890 2249 2950 2304 in
3000 2248 3131 2321 ipsa
3187 2264 3425 2321 capsam
3476 2249 3852 2319 rubricatam,

2206 2341 2542 2393 sanctorum
2564 2337 2858 2393 cineribus
2891 2336 3124 2410 plenam
3150 2354 3165 2406 ;
3198 2338 3350 2393 inter
3380 2355 3528 2410 quas
3553 2338 3854 2398 dilectissi-

2205 2441 2369 2481 mum
2383 2424 2588 2481 thesau
2597 2442 2661 2479 ru
2669 2424 2989 2498 mjreperim
2997 2442 3088 2494 us,
3103 2425 3311 2497 capitis
3324 2426 3548 2482 scilicet
3558 2428 3857 2485 sanctissi-

2204 2514 2286 2570 mi
2316 2531 2477 2586 papae
2507 2513 2789 2586 Gregorii,
2810 2515 2912 2570 sed
2935 2514 3366 2571 comminutum
3388 2532 3493 2586 per
3508 2516 3848 2588 particulas;

2205 2601 2502 2657 doluimus
2523 2602 2678 2673 quod
2700 2603 2855 2677 unde
2876 2602 3154 2657 acciderit
3175 2620 3333 2658 nunc
3348 2619 3535 2675 usque
3558 2604 3707 2661 scire
3732 2621 3852 2662 non

2203 2690 2522 2763 potuimus.
2545 2689 2705 2745 Alias
2734 2707 2876 2746 sane
2902 2689 3204 2763 perplures
3244 2691 3524 2764 reliquias
3548 2691 3608 2749 in
3647 2694 3854 2750 eadem

2202 2795 2377 2850 capsa
2410 2778 2755 2851 reperimus,
2808 2796 2958 2852 quas
2986 2780 3253 2851 ejusdem
3283 2782 3343 2837 S.
3376 2780 3563 2837 Patris
3589 2782 3852 2856 Gregorii

2202 2884 2331 2923 esse
2360 2884 2689 2940 speramus,
2723 2869 3003 2939 quoniam
3044 2872 3099 2925 et
3134 2869 3371 2925 nonnisi
3401 2887 3584 2927 unum
3615 2872 3850 2929 brevem

2202 2972 2336 3012 cum
2359 2957 2442 3013 eis
2472 2956 2826 3022 invenimus,
2859 2961 2915 3012 et
2964 2958 3278 3013 candorem
3323 2960 3453 3030 ejus
3506 2963 3849 3017 cmterorum

2202 3044 2426 3102 ossium
2457 3046 2846 3101 ostentabant.
2870 3046 2940 3100 Et
2969 3046 3198 3119 integra
3229 3045 3465 3118 quidem
3512 3063 3642 3103 osse
3674 3048 3845 3105 colle-

454 3148 557 3189 rus
586 3150 740 3203 sum,
766 3138 831 3189 ut
852 3151 1058 3190 somno
1080 3138 1374 3207 torpentes
1395 3135 1488 3190 hic
1509 3135 1811 3192 decubatis
1835 3155 1847 3204 ;
1874 3138 2094 3210 surgite
2132 3202 2165 3210 _
2202 3131 2420 3206 gimUS,
2459 3137 2516 3187 et
2547 3131 2689 3188 alias
2741 3133 3236 3205 transposuimus,
3268 3133 3489 3190 cineres
3515 3151 3648 3190 vero
3680 3153 3847 3209 repo-

453 3237 609 3294 ergo,
669 3227 727 3279 et
785 3222 1126 3295 cperemini.
1162 3202 1192 3273 ἦ
1246 3226 1319 3278 At
1376 3222 1458 3277 illi
1501 3224 1805 3279 confestim
1838 3202 2092 3282 levantes
2123 3202 2165 3269 (ἶ
2203 3221 2433 3277 suimus
2464 3220 2564 3276 ubi
2595 3225 2653 3277 et
2701 3221 2976 3292 primitus
3014 3221 3363 3279 invenimus.
3402 3223 3535 3287 Quae
3567 3240 3744 3296 capsa
3774 3225 3847 3281 ad

449 3311 641 3381 capita
671 3316 1050 3367 surrexerunt
1079 3312 1228 3377 sani,
1251 3315 1307 3367 et
1334 3311 1503 3382 quasi
1540 3311 1684 3367 nihil
1716 3314 1872 3385 passi
1904 3330 2088 3387 cmpe-

448 3402 585 3452 runt
603 3398 850 3469 operari.

554 3487 708 3542 310
738 3485 769 3558 §
798 3485 911 3540 XX.
946 3488 1058 3554 Quo
1086 3490 1323 3557 tempore
1363 3488 1647 3543 ecclesiam
1692 3489 1978 3545 dedicavit.

513 3576 680 3630 Anno
709 3574 1136 3630 Incarnationis
1157 3574 1389 3630 Domini
1413 3577 1856 3647 nongentesimo
1907 3595 2085 3635 nona-

440 3663 663 3735 gesimo
694 3663 971 3732 secundo,
1006 3662 1208 3719 indict.
1242 3681 1299 3730 v,
1331 3664 1557 3719 decimo
1588 3681 1739 3720 anno
1772 3671 2083 3738 postquam

440 3753 616 3825 coepit
672 3752 978 3818 aediﬁcare,
1039 3752 1162 3824 ipse
1218 3752 1281 3806 Β.
1340 3751 1719 3808 Gebehardus
1777 3754 2084 3826 episcOpus

440 3840 728 3898 dedicavit
783 3841 1086 3898 ecclesiam
1145 3857 1323 3913 quam
1377 3840 1703 3908 aediﬁcavit,
1758 3841 1852 3897 die
1891 3860 1926 3898 v
1956 3842 2081 3899 Kal.

438 3929 577 3985 Nov.
610 3930 670 3985 in
699 3930 916 3986 honore
947 3930 1009 3984 B.
1045 3930 1304 4003 Gregorii
1331 3946 1491 4002 papae
1523 3927 1583 3983 in
1616 3946 1829 4002 magna
1872 3929 2080 4003 gloria.

642 4018 673 4090 §
701 4019 840 4073 XXI.
877 4018 1145 4085 Quomodo
1170 4020 1531 4090 privilegium
1571 4020 1878 4091 acquisivit.

509 4105 773 4177 Denique
790 4106 1035 4161 Romam
1055 4107 1292 4162 veniens
1310 4108 1366 4161 in
1394 4110 1621 4162 tantum
1640 4123 1673 4162 a
1689 4125 1840 4181 papa
1857 4108 2081 4166 Joanne

438 4210 542 4268 pro
559 4192 652 4249 sui
672 4194 1041 4248 veneratione
1062 4193 1384 4250 honoratus
1409 4200 1516 4263 est,
1540 4196 1682 4251 adeo
1714 4204 1775 4251 ul
1805 4214 1921 4253 non
1950 4203 2077 4254 tan-

436 4286 563 4339 tum
594 4282 645 4337 ei
675 4281 1063 4354 privilegium,
1088 4287 1263 4355 prout
1282 4284 1408 4356 ipse
1431 4284 1683 4356 petebat,
1717 4287 2076 4355 concederet,

506 4389 653 4513 (741)
683 4388 1000 4470 Historiam
1023 4389 1498 4472 translatihujus
1527 4390 1734 4460 capitis
1783 4391 1923 4474 satis
1954 4394 2075 4448 sin-

506 4506 507 4513 η
538 4476 695 4513 arem
720 4460 998 4513 describit
1018 4460 1268 4513 Manlius
1297 4478 1356 4513 1n
1378 4461 1511 4513 Vita
1531 4462 1588 4513 S.
1623 4460 1911 4513 Gebhard1
1936 4480 1984 4513 ο-
2008 4465 2075 4513 45

432 4459 695 4532 gularem
720 4459 998 4515 describit
1018 4460 1268 4516 Manlius
1297 4461 1356 4515 in
1378 4461 1511 4516 Vita
1531 4459 1911 4517 SfGebhardi
1936 4480 1984 4518 c.
2008 4465 2077 4520 45

431 4536 489 4617 et
518 4532 607 4598 46,
652 4532 802 4614 quin
850 4535 1046 4617 tamen
1070 4532 1375 4617 exprimat
1403 4532 1679 4617 Magnine
1711 4549 1783 4614 an
1832 4532 2075 4617 alterius

431 4601 692 4675 Gregorii
742 4619 904 4675 papa
938 4602 1129 4658 fuerit.
1162 4601 1353 4658 _Certe
1400 4603 1461 4658 in
1509 4601 1800 4659 Chronico
1830 4608 1886 4658 S.
1921 4605 2073 4661 Petri

2104 4569 2153 4634 D

2202 3309 2649 3366 Mimminhusin
2667 3310 2813 3383 (743)
2831 3310 3083 3379 estdata,
3103 3311 3337 3383 quando
3359 3310 3503 3367 inibi
3524 3313 3846 3371 aediﬁcaba-

2197 3403 2296 3454 tur
2324 3399 2568 3472 capella.

2896 3488 2925 3561 ξ
2953 3487 3147 3543 xxm.

2267 3575 2386 3631 Hoc
2441 3578 2531 3631 est
2602 3573 2971 3647 privilegium
3041 3577 3196 3648 quod
3254 3576 3318 3631 B.
3377 3576 3756 3635 Gebehardus
3810 3597 3846 3636 a

2196 3663 2362 3719 Rom.
2396 3663 2501 3719 PP.
2549 3664 2773 3720 Joanne
2805 3664 2956 3737 (744)
3014 3681 3192 3737 super
3236 3664 3432 3721 locum
3464 3666 3660 3739 ipsum
3710 3684 3841 3741 per-

2192 3753 2363 3824 cepit.
2397 3750 2770 3825 Privilegium
2826 3753 3167 3817 monasterii
3212 3752 3273 3808 in
3330 3753 3511 3810 biblis
3564 3755 3843 3827 primitus

2192 3841 2500 3913 scriptum,
2524 3842 2681 3912 quod
2713 3844 2769 3896 et
2794 3840 3078 3897 hactenus
3105 3845 3194 3898 est
3221 3842 3280 3896 in
3316 3844 3670 3900 monasterio
3700 3860 3840 3901 con-

2192 3934 2508 3986 servatum.

2267 4042 2288 4069 α
2321 4022 2574 4075 Joannes
2596 4019 2926 4091 episcopus,
2950 4035 3154 4075 servus
3174 4033 3475 4075 servorum
3497 4020 3616 4076 Dei.
3642 4022 3707 4081 In
3731 4038 3839 4079 no-

2190 4106 2348 4163 mine
2380 4111 2591 4163 sanctaa
2622 4110 2680 4163 et
2709 4106 3024 4163 individuis
3056 4105 3382 4176 Trinitatis,
3405 4108 3598 4164 Patris
3630 4108 3840 4166 videli-

2188 4200 2298 4262 cet,
2325 4195 2469 4263 Filii,
2492 4198 2550 4251 et
2575 4195 2830 4268 Spiritus
2860 4194 3069 4251 sancti.

2264 4307 2285 4335 ι
2320 4284 2533 4339 Notum
2566 4300 2694 4340 esse
2723 4283 2993 4339 volumus
3024 4283 3302 4340 omnibus
3324 4283 3539 4341 Christi
3559 4284 3837 4343 ﬁdelibus

2186 4390 2639 4463 comminutum.
2672 4390 2735 4445 In
2760 4388 3169 4463 martyrologio
3192 4406 3335 4463 ms_o.
3360 4391 3635 4463 Pragensi
3665 4391 3729 4463 (ι.
3754 4409 3832 4462 c.,

2186 4408 2636 4446 comminutum.
2673 4408 2735 4445 in
2760 4408 2911 4445 mari
2952 4408 3169 4462 rciogio
3192 4408 3335 4447 mso.
3360 4408 3635 4463 rragensi
3690 4408 3729 4446 ι.
3754 4409 3832 4462 c.,

2186 4479 2243 4533 p.
2276 4461 2531 4534 430),βά
2588 4462 2744 4534 diem
2797 4462 2862 4516 12
2908 4408 3109 4534 ᾔει-ᾗῇ
3150 4460 3232 4534 ita
3278 4461 3527 4534 legitur:
3588 4490 3613 4512 υ
3643 4408 3833 4534 liujus

2184 4532 2372 4604 sancti
2403 4533 2711 4604 (Gregorii)
2730 4536 2904 4604 caput
2925 4532 3632 4604 serenissimus'princeps
3652 4532 3830 4590 Caro-

2181 4602 2274 4675 lus
2306 4604 2377 4675 ιν
2412 4602 2591 4660 Rom.
2651 4602 2842 4675 imp.I.
2902 4604 3205 4660 obtentum
3271 4603 3332 4658 in
3362 4602 3740 4661 'monasterio
3769 4610 3828 4661 8.

426 4673 553 4747 Vivi
603 4673 934 4747 (d’Aéasav,
977 4675 1171 4747 Spicil.
1204 4679 1248 4747 t7.
1285 4675 1353 4741 II,
1390 4691 1445 4745 p.
1481 4675 1603 4741 467,
1638 4690 1767 4747 nov.
1801 4676 1919 4747 ed.)
1944 4678 2070 4747 jam
2181 4673 2472 4730 Gebhardi
2504 4675 2566 4730 in
2619 4673 2851 4731 civitate
2892 4675 3363 4747 ,Constantiensi,
3385 4683 3440 4732 et
3468 4676 3830 4747 decoratum

428 4744 582 4819 circa
603 4744 697 4819 an.
721 4747 827 4800 876
846 4744 1101 4819 Joannes
1118 4745 1244 4801 VIII
1277 4744 1428 4817 papa
1443 4744 2069 4819 AnsegisoﬁSeno‘nensi
2179 4762 2322 4819 auro
2353 4750 2527 4819 atque
2576 4750 2813 4819 argento
2871 4746 3106 4819 donavit
3162 4745 3433 4819 ecclesiis
3465 4746 3767 4819 Pragensi.
3799 4771 3829 4798 ››

2176 4817 2255 4871 Ac
2286 4815 2447 4872 sane‘
2478 4818 2536 4871 in
2568 4815 2838 4887 Catalogo
2897 4815 3276 4941 reliquiarum
3334 4817 3514 4889 hujus
3569 4815 3828 4874 Ecclesiae

2180 4887 2476 4941 (BOLLAND.
2509 4892 2551 4941 t.
2584 4887 2786 4941 IJan..
2813 4903 2868 4941 ι).
2903 4888 3005 4941 108
3048 4889 3062 4941 )
3094 4891 3429 4941 recensetur
3470 4889 3529 4941 S.
3562 4888 3827 4941 Gregorii

2202 4892 2476 4968 Dougan.
2509 4888 2605 4968 t.‘I
2630 4887 2787 4968 Jan.2
2813 4903 2883 4968 Ρ...
2903 4887 3429 4968 iO84)_rece_nsetur
3470 4889 3529 4968 ε,
3562 4888 3828 4968 Gregorii

2238 4959 2380 5032 agni
2404 4962 2596 5032 caput,
2635 4958 2790 5032 quod
2814 4957 3024 5032 itidem
3048 4957 3128 5013 de
3158 4957 3355 5032 aliqua
3384 4960 3667 5032 duntaxat
3680 4957 3825 5032 'ejus

2176 5028 2338 5100 parte
2368 5028 2811 5154 intelligendum
2841 5029 2990 5097 erit;
3024 5029 3177 5101 quod
3217 5028 3352 5085 vero
3409 5047 3527 5086 non
3573 5028 3827 5103 impedit

2176 5102 2494 5154 quominus
2518 5117 2551 5154 a
2596 5099 2711 5154 huc
2740 5099 2937 5154 aliaua
2987 5100 3252 5154 eiusdem
3284 5101 3490 5154 canitis
3528 5119 3666 5154 nars
3717 5102 3823 5154 Pe-

2174 5099 2494 5175 Quominus
2518 5099 2711 5155 adhuc
2740 5099 2937 5172 aliqua
2987 5099 3823 5175 ejusdempapitis_pars:_Pe-

2174 5170 2451 5226 tershusii
2499 5170 2854 5237 asservetur,
2879 5170 3031 5226 cum‘
3064 5170 3338 5227 credibile
3355 5170 3633 5228 haud'sit
3661 5171 3825 5230 illius

2173 5241 2494 5315 monachos
2525 5259 2586 5315 se
2612 5247 2778 5315 tanto
2808 5242 3084 5315 thesauro
3114 5242 3375 5314 privasse
3403 5244 3664 5315 omnino,
3710 5244 3827 5304 etsi

2171 5313 2378 5368 exinde
2409 5312 2629 5385 aliquid
2658 5312 2861 5370 Carolo
2895 5313 2967 5369 1V
3000 5312 3143 5385 imp‘.
3168 5315 3583 5370 concesserint.

2241 5385 2389 5457 (7-52)
2420 5384 2655 5457 Praefuit
2685 5386 2756 5457 ab
2789 5402 2883 5440 an.
2920 5385 3059 5457 1122
3091 5384 3275 5455 usque
3304 5386 3462 5441 1150.

2262 5456 2387 5528 743)
2409 5454 2699 5528 Parochia
2719 5456 2778 5510 in
2810 5471 2958 5528 pago
2983 5454 3317 5528 iLinzgewe.

415 5458 736 5510 lationibus
767 5458 889 5510 ﬁeri
923 5460 1101 5522 amat,
1137 5460 1239 5510 aut
1270 5458 1467 5527 plures
1499 5458 1763 5527 ejusdem
1804 5458 2061 5513 nominis
2262 5458 2366 5509 743
2419 5458 2699 5511 Parochia
2719 5458 2778 5510 in
2810 5471 2958 5528 pago
2988 5458 3317 5528 Linzgewe.

415 5523 476 5600 in
503 5540 689 5600 unum
721 5526 852 5600 fere
867 5526 1115 5600 confusi,
1168 5533 1269 5600 aut
1315 5532 1501 5582 totum
1560 5530 1673 5599 pro‘
1710 5533 1871 5600 parte
1902 5528 2062 5585 acci-
2239 5458 2387 5600 $7443
2408 5526 2608 5582 Exstat
2636 5528 2811 5600 etiam
2844 5527 2999 5598 apud
3052 5526 3267 5600 Lunig.‘
3283 5525 3510 5581 Archiv.
3541 5525 3821 5600 Spicileg.

413 5593 717 5677 piendum.
744 5597 1014 5677 indicare
1045 5596 1110 5677 id_
1132 5599 1423 5677 videntur,
1457 5593 1583 5677 quae
1614 5593 1731 5670 522'
1761 5598 2056 5677 dicuntur,
2166 5593 2376 5677 coeles.
2401 5613 2458 5668 p.
2494 5614 2555 5667 ιι,
2580 5615 2636 5669 p.
2672 5598 2796 5665 454,
2829 5593 2963 5669 θίρ.
2998 5615 3137 5670 mp.
3170 5593 3295 5667 399,
3315 5614 3429 5655 non
3458 5593 3657 5654 tamén
3687 5593 3824 5655 sine

412 5670 588 5736 caput
617 5665 761 5723 illud
791 5668 852 5723 in
883 5684 1059 5739 capsa
1084 5668 1267 5725 fuisse
1292 5665 1587 5740 repertum
1610 5665 1714 5741 per
1742 5665 2057 5741 particulas
2166 5665 2415 5725 mendis.

426 4814 862 4890 archiepiscopo
892 4816 1122 4890 dedisse
1144 4814 1502 4890 memoratur
1520 4814 1701 4890 caput
1721 4818 1783 4890 B.
1809 4817 2069 4890 Gregorii

423 4899 585 4959 papa;
618 4883 987 4959 universalis,
1019 4885 1124 4959 ﬁlii
1155 4887 1452 4959 Gordiani,
1478 4883 1718 4959 plumbo
1748 4883 2064 4957 inclus'um,

423 4955 726 5032 guodﬂille
773 4972 981 5032 secum
1025 4956 1085 5032 in
1134 4957 1351 5032 Gallias
1385 4955 1688 5032 detulerit.
1723 4955 2066 5032 Quinprius

413 5027 540 5097 jam
571 5028 677 5083 826
706 5043 918 5098 corpus
948 5028 1006 5082 S.
1040 5029 1299 5098 Gregorii
1331 5030 1401 5084 ad
1434 5030 1851 5085 Suessionense
1874 5027 1929 5086 SI
1957 5031 2069 5087 Me-

421 5098 588 5153 dardi
613 5098 942 5154 ccsnobium
982 5098 1334 5155 translatum
1367 5101 1601 5156 dicitur.
1634 5101 1761 5155 Vid.
1796 5100 2060 5158 Bolland.

419 5173 463 5224 t.
489 5170 537 5225 II
569 5170 757 5225 Martii
782 5187 838 5241 p.
866 5169 972 5241 126
1001 5185 1166 5241 seqq.
1189 5174 1259 5225 Et
1277 5172 1658 5241 tamenjuxta
1686 5172 2064 5229 Anastasium

461 5246 621 5315 ostea
651 5240 912 5315 primum
946 5240 1260 5315 Gregorius
1287 5242 1364 5315 ιν
1407 5240 1561 5298 idem
1612 5260 1823 5315 corpus
1868 5245 2062 5299 Romae

441 5311 833 5387 evavit,'_quod
885 5311 1171 5387 hodieque
1204 5313 1300 5387 ibi
1353 5330 1483 5387 esse
1528 5311 1869 5387 perhibetur
1915 5315 1976 5387 (1.
2009 5332 2058 5372 c.

414 5398 473 5505 Ρ.
499 5382 646 5450 425).
667 5382 851 5448 Unde,
876 5389 1052 5468 prout
1082 5382 1141 5437 in
1165 5385 1452 5455 ejusmodi
1478 5382 1859 5457 reiiquiarum
1877 5382 2063 5441 trans-

441 5453 736 5505 utionibus
767 5457 889 5505 ﬁeri
923 5460 1100 5505 amat.
1137 5460 1239 5505 aut
1273 5456 1467 5505 nlures
1499 5458 1762 5505 eiusdem
1804 5457 2061 5505 nominis

441 5453 739 5527 ationibus
767 5453 896 5510 ﬁeri
923 5460 1101 5522 amat,
1137 5453 1239 5510 aut
1270 5456 1467 5527 plures
1499 5453 1763 5527 ejusdem
1804 5457 2061 5513 nominis
