4152 6186
301 350 418 413 3l3
1209 345 1660 410 caaomcorx
1702 301 2426 408 PETERSHUSANUM.
2456 377 2536 393 -
2564 345 2712 410 LIB.
2757 347 2807 410 1.
3589 359 3707 421 aii

304 479 555 555 qualiter
584 478 961 538 Gebehardus
991 478 1284 537 secundus
1315 476 1584 534 amabilis
1639 476 1950 550 episcopus
1979 477 2034 541 Α
2063 477 2356 533 recitetur.
2386 478 2494 542 Qui
2520 497 2653 536 vero
2684 482 2778 553 pio
2812 481 3031 539 intuitu
3062 488 3261 542 custos
3289 490 3345 543 et
3372 495 3711 560 procurator

302 575 521 629 sancta
550 569 819 626 Ecclesiae
850 569 1332 635 Constantiensis,
1365 566 1786 623 dilectissimus
1824 582 1956 620 con-
2065 565 2244 636 hujus
2275 568 2456 622 nostri
2485 571 2756 641 praecepti
2786 572 3093 643 exstiterit,
3122 575 3538 634 benedictionis
3579 596 3711 652 gra-

304 661 482 716 {rater
512 663 731 726 noster,
763 659 1045 714 orationis
1075 674 1256 713 causa
1304 658 1550 712 Romam
1600 655 1838 711 veniens
1883 655 1954 708 ad
2066 655 2210 710 tiam
2240 656 2538 728 vitamque
2568 663 2842 714 aternam
2905 661 2978 716 ah
3037 662 3166 735 ipso
3227 665 3472 722 Domino
3512 668 3628 724 Deo
3659 674 3716 726 et

302 750 512 805 limina
533 748 930 820 apostolorum
963 746 1295 818 principum
1356 745 1507 800 Petri
1567 762 1632 800 ac
1677 742 1859 807 Pauli,
1901 747 1958 798 et
2065 744 2354 801 Salvatore
2388 750 2584 801 nostro
2607 747 2747 802 Jesu
2778 749 3008 805 Christo
3031 755 3308 825 consequi
3332 761 3627 814 mereatur
3654 757 3715 813 in

306 842 716 895 antenostram
741 834 1457 908 praesentiam,retulitque
1478 834 1646 888 nobis
1667 836 1957 903 quatenus
2068 833 2282 889 saecula
2311 835 2684 890 sceculorum.
2745 839 2949 894 Amen.
3003 841 3296 913 Scriptum
3356 861 3458 916 per
3509 862 3719 903 manus

305 929 453 1001 ipse,
487 926 587 982 Dei
620 930 766 980 nutu
799 924 1159 995 compulsus,
1193 923 1497 978 ecclesiam
1533 922 1957 978 cmiiobitarum
2065 923 2317 978 Joannis
2347 924 2579 994 notarii,
2613 929 2668 980 et
2701 926 3011 997 regionarii
3044 935 3100 984 et
3129 932 3414 987 scriniarii
3449 935 3596 990 sacri
3617 936 3720 991 La-

307 1014 732 1072 construxisset
788 1029 963 1085 super
1019 1013 1208 1084 ripam
1262 1011 1526 1067 ﬂuminis
1559 1010 1715 1081 quod
1747 1009 1961 1063 dicitur

303 1104 568 1168 Rhenus,
603 1103 674 1158 ad
707 1102 988 1157 honorem
1013 1101 1076 1155 B.
1101 1099 1365 1171 Gregorii
1388 1098 1741 1155 confessoris
1763 1097 1959 1152 Chris-

303 1193 368 1261 ti,
404 1192 464 1246 in
497 1208 612 1264 quo
643 1191 768 1247 loco
801 1189 1064 1261 regulam
1106 1189 1165 1244 S.
1220 1188 1513 1243 Benedicti
1553 1188 1698 1244 312
1732 1185 1961 1241 abbatis

303 1286 361 1337 et
391 1280 818 1336 monachorum
852 1279 1097 1333 fratrum
1145 1275 1615 1332 luculentissime
1644 1274 1961 1343 ordinaret,

303 1371 407 1426 ubi
439 1367 818 1424 devotissime
846 1368 915 1422 de
947 1366 1074 1420 suis
1096 1365 1348 1437 propriis
1372 1363 1765 1434 praediis,quae
1791 1363 1966 1418 asuis

309 1458 658 1532 parentibus
678 1455 762 1510 illi
781 1459 1117 1521 evenerunt,
1142 1457 1198 1508 et
1220 1458 1440 1525 partem
1466 1453 1535 1507 de
1556 1453 1732 1507 rebus
1751 1455 1965 1506 sancta:

307 1565 429 1602 suae
449 1545 720 1601 Ecclesia
747 1543 1118 1600 devotissime
1140 1540 1447 1610 obtulit,ad
1483 1540 1966 1596 sustentationem

308 1640 365 1690 et
395 1632 765 1706 stipendium
795 1631 1030 1688 illorum
1063 1629 1334 1685 videlicet
1392 1629 1835 1693 monachorum,
1869 1626 1968 1698 qui

309 1725 369 1779 in
394 1724 526 1796 ipso
558 1726 762 1778 sancto
785 1718 1138 1777 monasterio
1160 1717 1362 1774 sedulo
1384 1717 1597 1772 Christi
1617 1716 1830 1771 laudes
1841 1731 1967 1787 per-

2068 1012 2395 1067 teranonsis
2428 1013 2626 1083 palatii
2685 1014 2742 1067 in
2795 1031 2996 1072 mense
3028 1019 3261 1088 Aprilis,
3295 1026 3350 1075 et
3403 1022 3720 1082 indictione

2071 1101 2347 1156 secunda.
2383 1101 2527 1155 Data
2557 1119 2638 1155 v11
2668 1102 2792 1157 Kal.
2848 1104 3031 1160 Maias
3082 1124 3183 1178 per
3214 1125 3423 1164 manus
3458 1111 3718 1184 Gregorii

2071 1189 2327 1260 episcopi
2359 1194 2569 1244 sancta:
2599 1191 2755 1247 313
2790 1193 3126 1250 Portuensis
3183 1197 3469 1266 Ecclesia,
3520 1206 3577 1254 et
3633 1201 3722 1255 bi-

2072 1277 2433 1333 bliothecarii
2465 1278 2522 1331 S.
2587 1279 2743 1334 sedis
2799 1281 3151 1352 apostolica),
3207 1302 3356 1341 anno
3418 1283 3765 1358 pontiﬁcaf

2073 1372 2170 1422 tus
2203 1366 2424 1422 domini
2456 1366 2641 1424 nostri
2678 1368 2922 1426 Joannis
2954 1371 3311 1428 sanctissimi
3361 1391 3524 1446 papas
3556 1393 3725 1449 quar-

2074 1460 2133 1510 to
2164 1457 2334 1524 (745).

2077 1544 2321 1615 §XXIV.
2358 1546 2627 1610 Quomodo
2656 1545 2726 1600 ad
2753 1548 3063 1618 sepulcrum
3113 1549 3166 1603 S.
3219 1550 3495 1608 Uodalrici'
3532 1558 3725 1611 oravit.

2150 1633 2398 1688 Rediens
2428 1633 2626 1704 itaque
2660 1639 2719 1689 Β.
2763 1637 3020 1706 pontifex
3041 1638 3418 1696 Gebehardus
3450 1659 3484 1696 a
3511 1640 3728 1698 limini-

2077 1721 2190 1776 bus
2220 1721 2620 1792 apostolorum
2666 1729 2936 1796 percepto
2968 1726 3265 1798 privilegio
3297 1745 3363 1783 ac
3394 1735 3728 1788 sanctorum

313 1811 538 1904 solvere
571 1811 992 1904 diunoctuque
1016 1825 1141 1904 non
1171 1811 1424 1904 cessant.
1457 1807 1566 1904 Pro
1615 1805 1832 1876 quibus
1860 1819 1969 1904 no-
1999 1839 2048 1904 B
2081 1808 2369 1880 reliquiis,
2402 1814 2465 1864 ut
2495 1827 2674 1882 supra
2705 1812 2997 1882 digestum
3030 1819 3135 1880 est,
3172 1832 3304 1869 cum
3336 1803 3510 1889 A'lpes
3539 1823 3730 1876 trans-

311 1907 446 1958 strze
480 1898 837 1956 humilitatis
864 1896 1214 1969 supplicavit
1241 1895 1636 1962 clementiam,
1674 1900 1740 1950 ut
1768 1893 1971 1965 praedi-

311 1994 446 2046 ctus
477 1989 646 2044 locus
671 1987 798 2058 ipse
836 1986 946 2040 sub
975 1984 1220 2040 tuitione
1250 1989 1309 2039 et
1338 1982 1673 2039 defensione
1703 1984 1760 2038 S.
1791 1981 1968 2048 Petri,

312 2085 368 2136 et
400 2082 611 2133 nostra
640 2079 1094 2145 nostrorumque
1117 2089 1521 2128 successorum
1545 2071 1891 2144 pontiﬁcum
1911 2070 1970 2124 in

314 2172 670 2241 perpetuum
688 2167 942 2230 maneat,
965 2163 1047 2218 ita
1066 2167 1263 2218 tamen
1286 2167 1352 2217 ut
1371 2160 1571 2216 nullus
1593 2164 1819 2228 rex,aut
1833 2159 1969 2226 dux,

313 2272 508 2328 neque
538 2253 825 2324 marchio,
857 2268 960 2308 nec
988 2253 1162 2308 etiam
1195 2251 1523 2321 episcopus,
1554 2249 1653 2320 qui
1686 2265 1789 2320 per
1824 2252 1970 2303 tem-

315 2363 458 2418 pora
489 2345 548 2398 in
583 2344 712 2414 ipso
742 2341 1037 2413 episcopio
1068 2340 1266 2406 fuerit,
1297 2344 1398 2394 aut
1444 2337 1566 2394 ulla
1597 2353 1848 2410 persona
1877 2353 1972 2391 au~

314 2435 494 2490 deant
524 2432 599 2487 de
631 2431 907 2486 omnibus
964 2446 1089 2500 quae
1146 2428 1366 2484 ibidem
1413 2428 1485 2484 ab
1517 2428 1643 2498 ipso
1661 2427 1788 2497 jam
1822 2425 1972 2480 dicto

315 2520 665 2580 Gebehardo
687 2535 962 2575 concessa
979 2522 1120 2573 sunt
1139 2517 1412 2583 alienare,
1437 2521 1541 2572 aut
1564 2515 1975 2587 quoquomodo

315 2613 542 2683 deipso
565 2613 768 2665 sancto
793 2607 1146 2664 monasterio
1186 2606 1504 2662 extrahere.
1540 2604 1889 2669 Constituta,
1922 2607 1979 2658 et

318 2699 584 2758 stabilita
618 2703 793 2770 atque
824 2699 996 2752 firma
1025 2713 1213 2768 usque
1242 2697 1302 2750 in
1333 2695 1532 2752 futura
1556 2698 1822 2766 tempora
1841 2709 1978 2748 con-

315 2790 586 2848 cedimus
613 2787 1033 2859 permanenda.

385 2878 540 2935 «Sed
567 2880 627 2933 et
646 2876 755 2931 hoc
774 2873 1094 2946 apostolica
1114 2873 1525 2946 praeceptione,
1542 2874 1779 2944 rogante
1801 2885 1981 2940 supra

317 2969 470 3025 dicto
498 2966 796 3023 confratre
819 2969 1038 3030 nostro,
1058 2962 1464 3018 interdicimus
1505 2962 1566 3016 in
1615 2959 1848 3016 nomine
1870 2957 1977 3012 Do-

319 3059 463 3113 mini
489 3055 681 3111 nostri
701 3054 844 3109 Jesu
867 3052 1185 3120 Christi,ne
1209 3050 1422 3123 aliquis
1468 3050 1658 3107 eidem
1694 3050 1984 3104 monaste-

321 3148 402 3201 rio
435 3142 814 3216 praeficiatur,
847 3140 961 3196 nisi
992 3157 1167 3212 quem
1200 3140 1498 3196 communi
1541 3155 1830 3194 consensu
1862 3137 1978 3190 fra-

324 3203 456 3290 tres‘
479 3232 697 3287 ibidem
759 3203 1244 3286 Christo-sedulo
1303 3228 1619 3284 servientes
1673 3225 1974 3296 elegerint,
2006 3203 2048 3268 C

335 3321 688 3390 electumque
703 3320 1018 3391 episcopus
1040 3317 1466 3374 benedictionis
1483 3317 1652 3372 titulo
1665 3315 1979 3373 conﬁrma-

336 3427 395 3466 re
424 3413 713 3480 procuret;
740 3412 798 3463 et
827 3407 939 3462 hoc
969 3406 1165 3479 ipsum
1198 3408 1268 3462 de
1299 3406 1558 3462 advocati
1590 3406 1867 3463 electione
1888 3409 1982 3464 de-

338 3498 490 3554 cerni
509 3497 742 3570 placuit.
766 3497 824 3551 Si
848 3513 1000 3564 vero,
1035 3496 1190 3568 quod
1214 3496 1402 3551 absit:
1444 3494 1765 3567 aliquando
1799 3498 1978 3552 conti-

328 3587 471 3656 gerit
492 3591 555 3642 ut
583 3588 899 3659 episcopus
929 3585 1195 3656 ejusdem
1217 3588 1428 3640 sanctae
1452 3585 1722 3640 Ecclesiae
1746 3585 1980 3641 haereti-

320 3693 423 3732 cus
469 3675 562 3732 vel
623 3673 1039 3730 schismaticus
1110 3673 1339 3740 existat,
1390 3673 1602 3729 fratres
1657 3675 1981 3746 supradicti

317 3763 674 3821 monasterii
705 3780 774 3820 ex
805 3762 1150 3819 auctoritate
1191 3762 1348 3818 sedis
1369 3762 1699 3834 apostolicae
1729 3763 1984 3821 habeant

316 3858 678 3926 potestatem
694 3851 1119 3908 ecclesiasticos
1133 3850 1367 3906 ordines
1387 3850 1721 3923 requirendi
1736 3852 1982 3908 ubicun-

312 3959 428 4015 que
450 3940 817 4000 catholicum
837 3944 1258 3996 noveruntesse
1270 3940 1854 4011 episcopum,necille
1873 3942 1984 3996 ini-

311 4048 474 4104 quus
555 4029 750 4086 dehoc
765 4029 1021 4100 aliquam
1059 4028 1988 4101 eisinjuriaminferrepraasumat

311 4120 461 4177 Nam
486 4120 544 4176 si
566 4119 782 4190 aliquis
804 4118 1415 4188 homo,cujuscunque
1440 4118 1520 4172 sit
1539 4113 1760 4174 ordinis
1784 4119 1872 4175 vel
1891 4135 1987 4191 po-

308 4207 744 4278 testatis,quod
769 4223 884 4262 non
903 4206 1242 4276 credimus,[
1249 4205 1359 4260 hoc
1381 4205 1848 4279 privilegium]in
1880 4207 1986 4264 ali-

2079 1899 2244 1966 isset,
2274 1902 2330 1954 et
2361 1899 2418 1953 in
2449 1898 2853 1954 Alemanniam
2903 1903 3284 1972 pervenisset,
3336 1905 3568 1961 devenit
3609 1913 3731 1962 Au-

2084 1991 2317 2058 gustam
2351 1988 2736 2058 Vindelicam,
2787 1993 2844 2043 et
2896 1990 2966 2043 ad
3027 1991 3362 2062 sepulcrum
3403 1993 3732 2051 beatissimi

2085 2075 2375 2131 Uodalrici
2408 2077 2674 2148 ejusdem
2708 2077 2958 2132 civitatis
2987 2079 3367 2152 episcopi,qui
3392 2082 3516 2153 jam
3548 2083 3730 2141 ferme

2083 2169 2216 2220 ante
2247 2165 2583 2236 quindecim
2615 2182 2796 2222 annos
2818 2182 2847 2221 e
2870 2168 3089 2223 mundo
3112 2169 3180 2223 ad
3207 2169 3521 2226 Dominum
3543 2177 3730 2229 trans-

2081 2253 2248 2320 ierat,
2314 2258 2588 2309 oraturus
2637 2255 2914 2320 accessit;
2965 2272 3218 2328 cumque
3272 2257 3393 2314 illic
3452 2262 3733 2318 attentius

2083 2347 2292 2410 oraret,
2326 2342 2548 2398 audivit
2575 2359 2770 2398 vocem
2803 2345 2976 2414 quasi
3026 2346 3097 2400 de
3143 2347 3372 2402 tumulo
3404 2355 3734 2419 sonantem,

2085 2430 2313 2502 sibique
2343 2431 2632 2486 dicentem
2659 2448 2672 2486 :
2711 2454 2738 2481 «
2772 2433 2921 2498 Quid
2954 2434 3190 2506 quaeris,
3222 2435 3309 2491 vel
3361 2436 3500 2509 quid
3530 2447 3736 2510 postu-

2084 2519 2192 2585 las,
2220 2519 2555 2574 Gebeharde
2576 2519 2603 2573 ‘?
2635 2542 2662 2570 ››
2694 2521 2767 2575 At
2798 2519 2917 2587 ille,
2952 2523 3120 2593 quasi
3151 2531 3489 2582 consuetam
3535 2544 3736 2584 vocem

2087 2608 2332 2675 audiret,
2363 2608 2650 2680 intrepide
2680 2611 3016 2681 respondit:
3079 2633 3107 2660 «
3158 2613 3463 2683 Quoniam,
3524 2617 3736 2688 inquit,

2087 2714 2274 2770 nuper
2304 2697 2497 2752 locum
2525 2697 2774 2754 Domino
2804 2697 3194 2755 dedicandum
3239 2703 3561 2771 construxi,
3605 2710 3736 2775 peto

2087 2790 2156 2840 ut
2185 2785 2370 2840 isdem
2400 2784 2565 2840 locus
2587 2791 2688 2841 tuo
2711 2787 3037 2857 patrocinio
3059 2787 3404 2858 illustretur,
3431 2796 3487 2846 et
3533 2791 3604 2847 de
3643 2809 3734 2848 sa-

2090 2873 2420 2929 cratissimo
2453 2890 2690 2944 corpore
2717 2879 2816 2930 tuo
2873 2875 3080 2948 aliquae
3112 2877 3370 2949 reliquia
3410 2878 3549 2935 illuc
3579 2880 3736 2937 defe-

2089 2963 2280 3018 rendae
2313 2980 2416 3034 pro
2448 2967 2552 3018 tua
2580 2964 2797 3034 pietate
2846 2966 3258 3022 concedantur.
3288 2989 3316 3018 »
3370 2967 3473 3023 Cui
3520 2968 3733 3025 iterum

2090 3051 2260 3123 quasi
2291 3052 2360 3106 de
2390 3051 2595 3106 tumba
2626 3067 2974 3123 responsum
3009 3058 3132 3108 est:
3187 3077 3216 3104 «
3249 3055 3396 3122 Nou,
3437 3057 3734 3127 inquiens,

2090 3139 2197 3195 hoc
2229 3137 2347 3194 ullo
2377 3139 2548 3194 modo
2582 3140 2703 3194 ﬁeri
2727 3144 2941 3211 potest,
2973 3141 3249 3212 quoniam
3282 3143 3576 3216 integrum
3617 3163 3736 3200 cor-

2087 3227 2394 3301 puscalum
2428 3243 2624 3282 meum
2657 3227 2765 3283 hoc
2795 3228 2854 3282 in
2887 3228 3010 3284 loco
3041 3230 3194 3285 diem
3245 3247 3589 3302 supremum
3637 3251 3733 3290 ex-

2089 3320 2350 3388 spectare
2380 3315 2547 3383 volo;
2581 3321 2639 3370 et
2668 3316 2808 3388 quia
2857 3333 2950 3372 me
3007 3317 3124 3373 tuis
3181 3319 3456 3390 precibus
3502 3321 3736 3392 pulsare

2089 3410 2147 3461 et
2167 3404 2490 3475 inquietare
2519 3405 2972 3477 praesumpsisti,
3006 3407 3303 3479 continuo,
3337 3425 3470 3464 cum
3517 3413 3734 3467 terrain

2091 3492 2430 3549 monasterii
2463 3493 2550 3548 tui
2599 3493 2883 3566 attigeris,
2944 3493 3225 3552 ultionem
3271 3498 3515 3569 proinde
3561 3516 3734 3572 expe-

2091 3581 2279 3638 rieris.
2299 3603 2326 3632 »
2348 3581 2473 3637 Tali
2491 3581 2726 3638 oraculo
2748 3588 3018 3656 percepto
3049 3586 3370 3653 recessit,et
3400 3587 3470 3642 ad
3503 3589 3738 3659 propria

2091 3671 2387 3727 remeavit.
2425 3671 2609 3743 Igitur
2637 3689 2768 3727 cum
2830 3673 2901 3726 ad
2954 3678 3272 3729 extremam
3337 3679 3560 3746 partem
3589 3677 3733 3748 agri,

2093 3760 2194 3832 qui
2224 3760 2296 3816 ad
2330 3761 2749 3817 monasterium
2782 3760 3126 3832 pertinebat,
3185 3763 3562 3833 pervenisset,
3606 3779 3736 3820 ecce

2093 3849 2285 3922 vepris
2307 3849 2546 3921 spinosa
2567 3865 2744 3920 super
2758 3849 2912 3903 viam
2934 3849 3269 3921 dependens
3287 3849 3536 3924 caligam
3551 3855 3736 3908 trans-

2094 3937 2287 3994 euntis
2307 3937 2561 4010 episcopi
2593 3937 3001 4009 apprehendit,
3024 3937 3194 4011 eique
3233 3938 3439 3995 tibiam
3469 3939 3737 3996 vulnera-

2093 4027 2212 4094 vit;
2247 4026 2346 4098 qui
2374 4042 2509 4081 cum
2535 4025 2790 4082 dolorem
2821 4043 2890 4081 ex
2922 4025 3094 4098 plaga
3123 4028 3565 4098 sensisset,voce
3582 4029 3742 4088 clara

2095 4115 2274 4172 dixit:
2314 4137 2341 4165 «
2375 4116 2518 4170 Ecce
2549 4115 2704 4186 quod
2739 4115 2795 4170 S.
2821 4113 3165 4172 Uodalricus
3220 4117 3393 4173 verbo
3450 4119 3740 4190 praedixit,

2096 4219 2265 4275 opere
2287 4202 2616 4274 complevit.
2675 4225 2702 4251 »
2761 4202 2890 4259 Haec
2949 4203 3119 4276 plaga
3170 4211 3370 4276 postea
3427 4207 3498 4262 de
3554 4207 3649 4262 die
3677 4208 3739 4262 in

306 4314 424 4368 quo
449 4297 836 4366 disrumpere
861 4294 1167 4350 tentaverit
1188 4295 1286 4365 [et]
1305 4311 1372 4349 ea
1390 4311 1516 4366 quae
1539 4296 1610 4351 ab
1627 4295 1754 4368 ipso
1768 4298 1892 4367 jam
1907 4296 1989 4351 di-

305 4392 394 4443 cto
417 4384 731 4442 confratre
751 4387 952 4438 nostro
973 4382 1033 4438 in
1057 4383 1332 4455 praedicto
1347 4384 1696 4439 monasterio
1710 4402 1988 4441 concessa

305 4480 472 4542 sunt,
514 4491 555 4528 a
583 4473 715 4542 jure
745 4476 803 4526 et
859 4471 1077 4526 ditione
1134 4469 1324 4542 ipsius
1371 4473 1713 4528 monasterii
1759 4476 1987 4530 auferre

302 4561 594 4626 voluerit,
630 4558 744 4613 nisi
769 4559 1096 4630 resipiscat,
1120 4560 1660 4616 excommunicatus
1684 4578 1717 4616 a
1746 4579 1982 4635 corpore
2011 4567 2058 4632 D

300 4657 356 4708 et
376 4649 695 4723 sanguine
712 4647 940 4703 Domini
962 4648 1144 4703 nostri
1182 4647 1322 4703 Jesu
1356 4647 1568 4703 Christi
1591 4649 1891 4719 consistat,
1923 4657 1980 4706 et

300 4737 860 4797 anathematizatus
883 4754 916 4792 a
935 4736 1034 4792 SS.
1059 4737 1333 4792 Patribus
1353 4736 1715 4807 omnibus,et
1734 4757 1767 4794 a
1789 4739 1975 4806 nobis;

299 4847 407 4884 nec
433 4829 502 4884 in
538 4825 704 4882 exitu
736 4824 860 4879 vita:
893 4824 1304 4889 communicet,
1361 4827 1463 4880 sed
1522 4826 1703 4882 etiam
1751 4832 1980 4884 mortuo

298 4934 533 4973 nomen
573 4915 705 4984 ejus
731 4913 883 4968 inter
904 4913 1222 4969 missarum
1283 4912 1569 4970 solemnia
1618 4915 1775 4972 nullo
1808 4918 1980 4973 modo

365 5023 538 5149 ἕξιίῷ
574 5021 785 5074 Annus
816 5022 1058 5099 quartus
1087 5018 1464 5103 pontiﬁcatus
1494 5020 1738 5078 Joannis
1768 5023 1983 5092 XVI,et

411 5099 565 5148 ictio
599 5107 642 5146 II
673 5107 740 5145 ac
798 5107 1022 5146 mensis
1076 5090 1296 5149 Aprilis
1327 5091 1590 5147 indicant
1621 5109 1846 5149 annum
1875 5098 1982 5149 989

299 5089 565 5149 indicti'o
599 5107 642 5146 II
673 5107 740 5145 ac
798 5089 1022 5161 mensis
1076 5089 1296 5161 Aprilis
1327 5089 1590 5147 indicant
1621 5109 1846 5150 annum
1875 5089 1982 5152 989

299 5166 387 5220 uti
417 5170 485 5220 et
520 5160 841 5217 memorati
870 5166 898 5228 §
926 5163 999 5216 24
1020 5160 1143 5232 seq.
1176 5161 1497 5232 quintecim
1527 5164 1666 5218 anni
1716 5167 1787 5221 ab
1819 5169 1978 5224 obitu

301 5238 363 5292 S.
399 5233 701 5313 Udalrici,
734 5249 911 5313 quem
944 5233 1097 5286 idem
1131 5249 1282 5304 papa
1315 5237 1515 5304 postea
1545 5251 1636 5289 an.
1672 5237 1778 5292 993
1829 5239 1983 5295 inter

300 5312 560 5363 sanctos
597 5302 822 5359 retulit.

374 5378 544 5449 (746)
568 5376 651 5449 De
673 5374 918 5449 brachio
938 5374 997 5430 S.
1023 5372 1273 5445 Philippi
1296 5374 1715 5449 Hierosolymis
1737 5382 1982 5436 an.120~’i

305 5445 684 5506 Florentiam
718 5445 1003 5502 translato
1027 5451 1201 5517 agent
1229 5445 1370 5501 socii
1413 5445 1676 5503 Bolland.
1715 5455 1756 5504 t.
1795 5453 1815 5506 Ι
1846 5452 1982 5507 Maii

303 5537 360 5592 p.
399 5520 610 5585 11-15,
647 5518 761 5592 ubi;
780 5517 958 5592 etiam
997 5533 1230 5592 _gorpus
1269 5517 1397 5592 ejus
1447 5519 1691 5592 Romam
1721 5521 1981 5578 delatum

303 5587 714 5676 dicuntnnde
731 5589 974 5676 Garolus
995 5587 1067 5643 IV
1086 5587 1333 5676 alterum
1352 5590 1979 5676 brachiumacceperit.

305 5660 839 5733 Constantinopoli
871 5675 1103 5732 quoque
1134 5661 1397 5731 ejusdem
1437 5662 1682 5735 apostoli
1701 5660 1982 5738 ,reliquiae

2096 4293 2252 4348 diem
2283 4292 2345 4346 in
2384 4293 2554 4364 pejus
2611 4293 2876 4360 accrevit,
2929 4300 2985 4348 et
3032 4309 3220 4364 usque
3275 4295 3345 4349 ad
3403 4295 3578 4351 ﬁnem
3609 4296 3738 4351 vitae

2095 4383 2225 4454 ejus
2253 4379 2414 4435 nullo
2467 4397 2732 4451 unquam
2791 4381 3066 4452 deinceps
3124 4381 3514 4438 medicamine
3545 4385 3738 4438 curari

2096 4469 2309 4542 potuit.

2294 4558 2323 4631 §
2349 4556 2516 4612 XXV.
2550 4558 2624 4612 De
2656 4557 2874 4612 brachio
2906 4557 2959 4612 S.
2995 4556 3250 4627 Philippi
3291 4557 3538 4628 apostoli.

2161 4646 2290 4702 Otto
2325 4661 2559 4717 quoque
2589 4644 2907 4716 imperator
2936 4661 3172 4714 capsam
3201 4644 3253 4700 ei
3303 4645 3462 4701 dedit
3501 4651 3740 4718 argento

2088 4735 2451 4800 vestitam,in
2484 4750 2598 4804 qua
2616 4732 2921 4788 brachium
2944 4733 3002 4787 S.
3031 4733 3284 4806 Philippi
3320 4735 3568 4808 apostoli
3593 4737 3743 4810 (746)

2089 4841 2224 4879 cum
2258 4823 2389 4879 aliis
2423 4820 2752 4894 magnificis
2806 4825 2862 4876 et
2921 4821 3346 4894 multiplicibus
3403 4830 3744 4883 sanctorum
3778 4810 3796 4828 ’

2090 4915 2245 4970 314
2278 4911 2542 4983 reliquiis
2570 4911 2930 4980 habebatur;
2965 4911 3118 4983 quod
3154 4912 3390 4984 quidem
3435 4915 3744 4972 brachium

2091 5020 2274 5075 fuisse
2301 5024 2720 5087 memorantur,
2783 5020 2939 5074 unde
2988 5017 3156 5075 facile
3205 5035 3428 5086 earum,
3491 5039 3556 5077 ac
3601 5023 3745 5076 forte

2091 5091 2268 5146 etiam
2299 5089 2781 5171 brachii‘partem
2816 5090 3024 5171 marito
3042 5107 3153 5171 sup
3183 5091 3378 5171 Ottoni
3493 5093 3633 5171 inmp.
3660 5107 3744 5171 se-

2090 5180 2225 5246 cum
2259 5161 2431 5246 silere
2461 5161 2651 5231 potuit
2674 5161 3362 5246 ‘TheOphaniaL‘Romna‘ni
3408 5161 3745 5246 ll'Qrient’i‘s

2091 5235 2235 5302 imp.
2270 5232 2411 5298 ﬁlia,
2446 5248 2623 5302 quam
2654 5232 2788 5314 dein
2820 5231 3024 5288 eorum
3058 5233 3377 5314 ﬁlius.0tto
3411 5232 3484 5285 lll
3507 5231 3741 5314 imp..S.

2091 5303 2434 5380 Gebehardo
2461 5304 2693 5380 donavit
2719 5321 2731 5370 ;
2757 5304 2823 5380 _i_d
2850 5305 3001 5380 quod
3022 5305 3094 5380 ob
3118 5306 3530 5380 antiquitatem
3555 5319 3742 5380 majo-

2091 5392 2213 5431 rem
2245 5375 2418 5429 lidem
2453 5377 2727 5429 meretur.
2755 5373 2922 5430 Forte
2942 5377 2998 5429 in
3018 5375 3214 5444 aliqua
3244 5373 3537 5428 dictarum
3556 5378 3747 5430 trans-

2091 5447 2374 5502 lationum
2407 5445 2716 5518 Philippus
2772 5445 3071 5518 apostolus
3127 5445 3408 5518 confusus
3466 5449 3744 5518 estrcum

2089 5518 2357 5644 Fhilippo
2392 5534 2508 5574 uno
2537 5514 2624 5572 ex
2663 5514 2882 5587 septem
2931 5514 3213 5583 diaconis,
3240 5515 3340 5587 qui
3369 5518 3405 5571 6
3456 5517 3616 5575 Junii
3649 5536 3744 5576 co-

2112 5607 2129 5644 i
2160 5606 2249 5644 ur.

2112 5606 2249 5644 Itur.
