4152 6186
451 358 568 426 315

1144 361 1536 428 APPENDIX
1578 363 1680 426 AD
1725 355 2177 424 CHRONICON
2223 353 2644 420 HERMANNI
2687 354 3154 421 CONTRACTI.

3729 352 3848 416 316

453 497 817 571 temporibus
837 496 1180 554 Theoderici
1213 497 1442 555 abbatis
1500 497 1798 552 inventum
1851 498 1962 560 est,
1993 493 2094 548 sed
2127 502 2180 567 Α
2209 491 2332 547 rius
2363 491 2482 547 vice
2513 490 2782 564 Willigisi
2815 491 3239 564 archiepiscopi
3272 486 3594 563 recognovi.
3628 484 3772 543 Data
3798 503 3853 542 Iv

453 585 512 641 in
545 587 759 642 frustra
789 586 1238 654 comminutum,
1291 591 1524 658 postea.
1545 601 1678 640 vero
1729 582 2095 655 temporibus

453 674 747 730 Bertholdi
782 675 1012 730 abbatis
1043 693 1075 730 ει
1110 675 1417 730 Kuonrado
1450 675 1576 742 ejus
1607 678 1744 727 tunc
1777 670 2096 742 capellano,

452 764 552 819 sed
585 769 785 835 postea
817 765 1046 830 abbate,
1082 769 1137 818 et
1167 781 1201 818 a
1239 763 1461 818 cateris
1506 761 1781 816 fratribus
1810 777 1974 824 auro,
2008 777 2096 813 ar-

449 856 643 924 gento,
672 858 729 907 et
757 852 1006 924 gemmis
1039 854 1374 907 decoratum
1409 851 1581 917 est,in
1605 851 1774 920 cujus
1792 848 1912 903 basi
1944 863 2098 901 unus

450 941 733 996 articulus
763 941 1077 1013 digitorum
1139 941 1195 994 S.
1252 939 1510 1011 Gregorii
1569 955 1727 1010 papa
1780 954 1913 991 cum
1965 934 2096 990 aliis

450 1029 652 1084 multis
684 1028 947 1099 reliquiis
979 1028 1313 1084 reconditus
1345 1032 1448 1083 est.
1486 1027 1668 1082 Mater
1715 1024 1928 1097 quippe
1969 1025 2093 1094 jam

449 1119 588 1172 dicti
618 1117 900 1189 principis
930 1117 1155 1172 Ottonis
1185 1117 1257 1172 de
1315 1115 1531 1171 Graecia
1588 1114 1840 1168 adducta
1887 1113 2094 1179 fuerat,

448 1207 602 1261 unde
632 1206 1061 1262 etiam'dictum
1094 1205 1399 1261 brachium
1459 1219 1659 1258 secum
1706 1202 1944 1256 veniens
1991 1217 2092 1272 ap-

448 1299 796 1368 portaverat.

679 1385 706 1450 §
739 1381 926 1435 XXVI.
963 1381 1319 1450 Privilez‘gum
1349 1396 1512 1450 super
1549 1377 1848 1447 Worndorf.

518 1471 706 1525 Isdem
740 1470 1054 1540 imperator
1084 1473 1283 1541 rogatu
1320 1468 1655 1539 Marquardi
1699 1467 1948 1533 comitis,
1985 1467 2092 1520 fra-

447 1557 556 1613 tris
587 1557 809 1613 scilicet
835 1562 893 1612 B.
911 1557 1416 1630 Gebehardi(747),
1434 1555 1774 1628 praediolum
1794 1555 2089 1626 quoddam

446 1644 633 1702 eidem
662 1645 1015 1700 monasterio
1047 1645 1355 1711 concessit,
1388 1661 1564 1716 super
1593 1644 1747 1716 quod
1777 1642 1889 1698 tale
1921 1642 2088 1715 privi-

446 1733 664 1806 legium
695 1734 984 1800 conscribi
1019 1735 1182 1790 fecit:

518 1844 547 1873 «
571 1823 634 1877 In
661 1823 895 1877 nomine
920 1826 1132 1877 sancta:
1163 1827 1218 1878 et
1247 1822 1558 1877 individua:
1581 1822 1904 1877 Trinitatis.
1938 1821 2086 1876 ΟΤΤο

446 1910 643 1966 divina
672 1911 897 1965 favente
929 1911 1239 1966 clementia
1270 1927 1386 1965 rex.

521 1997 826 2053 «Omnium
843 1997 1105 2056 fidelium
1128 2005 1458 2054 nostrorum
1475 1999 1847 2071 praesentium
1861 2002 1918 2054 et
1942 1999 2091 2053 futu-

446 2102 642 2142 rorum
676 2086 782 2158 piae
812 2087 1098 2142 devotioni
1134 2093 1328 2159 pateat
1358 2087 1858 2158 quemadmodum
1883 2087 2088 2154 nos,ob

447 2174 786 2247 petitionem
821 2175 1292 2231 etinterventum
1350 2177 1681 2248 Marquardi
1737 2175 1990 2242 comitis,
2035 2179 2091 2230 et

446 2279 548 2335 pro
580 2279 777 2317 amore
820 2262 1006 2318 ﬁdelis
1059 2265 1239 2319 nostri
1303 2265 1763 2320 Constantiensis
1823 2263 2087 2320 Ecclesia:

442 2349 788 2405 venerabilis
811 2349 1066 2423 episcopi
1099 2351 1443 2418 Gebehardi,
1478 2353 1576 2423 qui
1617 2353 1785 2408 nobis
1814 2353 2086 2408 devotum

444 2437 743 2493 servitium
765 2438 978 2509 saepius
1008 2439 1291 2506 exhibuit,
1316 2441 1388 2495 ad
1421 2440 1723 2496 ecclesiam
1744 2444 1799 2495 S.
1825 2440 2086 2512 Gregorii

443 2525 502 2580 in
533 2524 658 2581 loco
685 2525 1036 2582 Petreshusa
1085 2532 1284 2584 vocato
1338 2529 1760 2585 honorabiliter
1813 2535 2083 2585 constru-

443 2618 617 2680 ctam,
651 2614 743 2668 cui
777 2615 948 2670 modo
982 2617 1323 2672 Bericherus
1354 2619 1704 2674 reverendus
1753 2624 1810 2673 et
1859 2618 2084 2690 primus

441 2703 590 2773 (748)
619 2703 800 2758 abbas
831 2703 1118 2774 praesidet,
1153 2706 1223 2761 de
1266 2713 1464 2762 nostra
1513 2707 1866 2778 proprietate
1923 2705 2083 2761 dedi-

442 2808 576 2847 mus
613 2791 900 2864 quidquid
949 2793 1268 2850 habuimus
1315 2795 1374 2850 in
1429 2795 1582 2851 villis
1639 2796 1970 2860 Worndort‘,
2029 2799 2086 2849 et

439 2879 766 2937 Crumacha
795 2882 942 2952 (749)
975 2883 1165 2950 dictis,
1193 2884 1248 2938 in
1300 2901 1446 2957 pago
1503 2883 2084 2940 Goldinneshundere

440 2969 587 3040 (750)
610 2973 827 3037 vocato,
890 2987 954 3026 ac
1007 2972 1285 3028 comitatu
1335 2973 1520 3045 ipsius
1556 2974 1682 3044 jam
1742 2973 1880 3028 dicti
1928 2972 2080 3028 815

441 3055 775 3128 Marquardi
819 3060 1053 3115 comitis
1084 3061 1230 3130 sitis,
1267 3067 1441 3135 atque
1466 3064 1728 3118 eamdem
1762 3062 2082 3134 proprieta-

438 3149 557 3200 tem
589 3163 723 3201 cum
755 3149 1030 3204 omnibus
1055 3151 1406 3206 utensilibus
1436 3152 1507 3206 ad
1567 3167 1695 3206 eam
1755 3150 1859 3207 rite
1901 3151 2082 3222 perti-

2210 580 2524 637 Non.Junii
2555 597 2704 635 anno
2727 580 3040 636 Dominicaz
3063 578 3486 637 Incarnationis
3512 591 3848 644 nccccxcm,

2209 669 2524 726 indictione
2552 685 2628 736 v1,
2661 686 2812 724 anno
2843 675 3037 725 autem
3072 671 3221 726 tertii
3272 667 3498 725 Ottonis
3549 665 3850 739 regnantis

2211 757 2457 813 decimo.
2487 759 2694 811 Actum
2726 756 2960 830 Birgila.
2996 780 3022 806 ››

2207 867 2234 931 §
2266 865 2485 919 XXVII.
2519 863 2789 932 Quomodo
2819 866 2880 918 Β.
2913 864 3254 920 Gebehardus
3291 865 3498 918 milites
3526 877 3651 918 suos
3682 859 3846 916 eccle-

2846 938 2944 991 siis
2975 935 3211 996 donavit.

2277 1022 2486 1078 Omnia
2516 1040 2879 1096 quascunque
2903 1024 3108 1079 habuit
3161 1022 3251 1079 vel
3308 1023 3606 1093 acquirere
3657 1018 3846 1092 potuit

2205 1111 2602 1180 Gebehardus,
2637 1113 2706 1167 ad
2739 1130 2912 1167 suum
2965 1112 3385 1168 monasterium
3437 1109 3680 1165 ﬁdeliter
3731 1113 3844 1163 Deo

2203 1199 2434 1267 obtulit,
2460 1201 2571 1256 nisi
2606 1202 2892 1274 quosdam
2927 1202 2996 1257 de
3028 1200 3506 1257 ministerialibus
3553 1198 3701 1261 suis.
3745 1196 3844 1268 qui

2201 1289 2441 1343 ditiores
2470 1295 2528 1344 et
2559 1291 2910 1360 potentiores
2941 1294 3140 1356 erant;
3176 1288 3362 1343 noluit
3411 1286 3548 1342 illuc
3594 1286 3843 1350 tradere,

2199 1381 2476 1448 reputans
2510 1379 2826 1448 prudenter
2863 1395 2934 1434 ne
2966 1380 3112 1433 forte
3141 1378 3297 1432 tenui
3333 1377 3458 1431 loco
3489 1375 3844 1430 detrimento

2202 1465 2398 1536 potius
2429 1471 2625 1521 essent
2650 1484 2826 1538 quam
2859 1467 3282 1540 supplemento.

2661 1557 2688 1622 §
2720 1546 2962 1610 XXVIII.
2994 1557 3069 1610 De
3103 1556 3378 1611 Nuiheim.

2265 1643 2699 1698 Possessionsm
2757 1644 2902 1699 satis
2959 1644 3338 1700 honorificam
3364 1643 3521 1714 apud
3572 1640 3841 1696 Nuiheim

2196 1732 2342 1802 (751)
2373 1731 2751 1787 commutavit
2779 1733 2986 1787 beatus
3017 1732 3104 1786 vir
3135 1749 3168 1786 a
3209 1730 3803 1788 Marchdort'ensibus.

2438 1822 2464 1888 §
2497 1820 2684 1875 XXIX.
2710 1821 2783 1875 De
2812 1821 3169 1889 Tegirwilare
3197 1823 3247 1875 et
3275 1820 3602 1875 Gottliubon.

2121 1869 2167 1932 B
2269 1869 2540 1972 Quaedam
2571 1909 2748 1964 etiam
2775 1869 3040 1964 matrona
3069 1907 3280 1963 nobilis
3340 1907 3498 1963 dedit
3555 1908 3604 1962 ei
3663 1921 3846 1962 suum

2199 1997 2487 2068 praedium
2510 1997 3208 2070 apudTegirwilare(75'z)
3226 1995 3847 2066 etGottiliubon,quod

2197 2085 2403 2140 exinde
2433 2103 2536 2158 per
2564 2086 2788 2142 diverso
2820 2091 3085 2158 tempora
3115 2088 3557 2157 augmentatum
3580 2087 3844 2150 est;nam

2198 2175 2354 2230 816
2376 2175 2502 2230 duas
2522 2174 2664 2230 inibi
2681 2175 2857 2230 vineae
2893 2178 3261 2230 commutatae
3275 2177 3414 2228 sunt
3433 2172 3664 2227 duobus
3677 2187 3842 2226 man-

2198 2262 2453 2335 sis,quas
2475 2264 2750 2319 dominus
2772 2263 3020 2334 Adilgoz
3041 2264 3112 2317 de
3129 2259 3845 2331 Marstettin(‘.35)dederat

2198 2351 2550 2407 monasterio
2572 2352 2633 2406 in
2663 2351 2787 2406 loco
2811 2351 2910 2423 qui
2944 2351 3157 2405 dicitur
3172 2347 3624 2405 Ottinberch.lbi
3644 2348 3841 2420 acqui-

2196 2439 2347 2495 situs
2376 2444 2465 2496 est
2496 2439 2858 2512 temporibus
2892 2438 3180 2495 Uodalrici
3215 2437 3468 2510 episcOpi
3496 2436 3546 2491 Il
3590 2452 3694 2509 pro
3725 2452 3840 2508 quo

2194 2526 2346 2583 alius
2377 2528 2635 2600 optimus
2666 2545 2915 2583 mansus
2963 2528 3136 2583 datus
3179 2531 3268 2582 est
3310 2526 3464 2598 apud
3508 2524 3840 2596 Stalringen

2193 2617 2360 2688 (754).
2399 2619 2541 2672 Item
2592 2616 2741 2671 alius
2791 2633 3055 2681 mansus,
3105 2631 3354 2688 quorum
3411 2613 3838 2687 possessionem

2193 2705 2487 2776 mancipia
2515 2705 2837 2772 constituit,
2874 2708 2936 2759 ut
2965 2703 3223 2776 quotidie
3254 2704 3312 2758 in
3361 2703 3490 2775 ipsa
3531 2701 3678 2758 cella
3726 2702 3840 2756 Ira-

2189 2793 2402 2858 tribus,
2437 2793 2771 2864 ubicunque
2802 2809 3038 2848 necesse
3098 2796 3270 2855 esset,
3306 2792 3612 2857 servirent,
3663 2790 3839 2846 sicuti

2191 2886 2248 2937 et
2276 2881 2335 2936 hi
2363 2882 2463 2953 qui
2495 2883 2554 2936 in
2599 2881 2722 2953 ipso
2741 2881 2865 2937 loco
2897 2881 3247 2947 habitarent,
3281 2885 3338 2937 et
3367 2886 3432 2936 ut
3471 2882 3542 2935 de
3565 2879 3836 2935 Nuiheim

2192 2972 2446 3026 arefacta
2473 2970 2631 3042 ligna
2662 2971 3034 3039 adveherent,
3066 2974 3123 3027 et
3147 2987 3382 3043 semper
3412 2971 3483 3025 ad
3527 2983 3698 3024 omne
3726 2968 3837 3023 mi-

2191 3060 2500 3116 nisterium
2535 3060 2722 3132 parati
2749 3064 2968 3115 essent.

2599 3153 2626 3217 §
2654 3149 2817 3203 XXX.
2851 3151 2924 3204 De
2964 3148 3431 3206 Ministerzalibus.

439 3235 736 3304 nentibus,
772 3237 829 3290 in
863 3239 1034 3303 areis,
1067 3240 1346 3306 aediﬁciis,
1389 3240 1561 3296 terris
1592 3239 1764 3295 cultis
1811 3245 1869 3295 et
1900 3239 2080 3296 incnl-
2113 3233 2155 3299 C
2265 3238 2333 3292 Et
2364 3240 2428 3292 ut
2449 3238 2520 3292 de
2549 3237 2807 3305 vasallis,
2833 3238 2940 3294 hoc
2971 3243 3059 3294 est
3081 3238 3582 3305 ministerialibus,
3604 3236 3840 3310 plenius

436 3323 533 3389 tis,
559 3323 734 3394 agris,
769 3326 970 3395 pratis,
1003 3328 1248 3398 campis,
1285 3327 1536 3399 pascuis,
1588 3328 1771 3394 silvis,
1816 3329 2079 3384 venatio-

439 3409 631 3478 nibus,
665 3411 832 3481 aquis
884 3429 1288 3487 aquarumque
1341 3417 1708 3486 decursibus,
1744 3417 2079 3487 piscationi-

436 3497 1071 3566 bus.molendinis,viis
1101 3508 1154 3558 et
1178 3505 1370 3570 inviis,
1402 3504 1652 3559 exitibus
1683 3509 1740 3561 et
1770 3505 2076 3572 reditibus,

437 3586 699 3659 quaesitis
731 3592 787 3642 et
816 3588 1548 3664 inquirendis,cunctisque
1571 3592 1700 3648 aliis
1718 3593 2079 3665 appendiciis

437 3693 566 3747 quae
597 3675 788 3732 adhuc
843 3677 958 3732 dici
1011 3686 1278 3750 possunt,
1313 3683 1385 3736 ad
1436 3682 1733 3752 praefatam
1773 3681 2078 3738 ecclesiam

433 3765 725 3820 tradimus
750 3791 764 3833 ;
789 3782 855 3822 ea
875 3767 1141 3824 videlicet
1173 3771 1395 3826 ratione
1419 3775 1481 3826 ut
1506 3771 1709 3826 eadem
1754 3773 2078 3843 proprietas

435 3853 646 3910 dehinc
667 3855 776 3910 sub
801 3855 988 3927 ipsius
1005 3858 1260 3915 ecclesiae
1278 3861 1411 3930 jure
1429 3860 1652 3932 absque
1686 3859 1951 3916 omnium
1983 3861 2081 3916 ho-

436 3941 665 3996 minum
687 3945 1144 4002 contradictione
1175 3947 1587 4019 perpetualiter
1603 3949 1906 4005 consistat.
1924 3949 1992 4004 Et
2017 3953 2082 4004 ut

434 4027 558 4083 haec
589 4036 798 4085 nostrae
828 4031 1192 4090 celsitudinis
1223 4036 1458 4091 donatio
1498 4053 1602 4107 per
1630 4037 1826 4092 futura
1861 4041 2079 4109 tempo-

436 4133 566 4170 rum
598 4119 888 4175 curricula
921 4121 1268 4179 inviolabilis
1310 4130 1656 4195 perseveret,
1691 4125 1798 4180 hoc
1830 4143 2077 4198 praecep-

434 4207 562 4259 tum
591 4203 726 4260 inde
757 4211 1150 4282 conscriptum
1185 4211 1360 4284 sigilli
1393 4213 1575 4267 nostri
1598 4212 1984 4284 impressione
2005 4215 2080 4270 si-

435 4293 1248 4370 gnarejussimus,manuque
1271 4301 1525 4371 propria,
1556 4304 1621 4355 ut
1652 4300 1802 4356 infra
1832 4303 2075 4371 videtur,

436 4381 959 4440 corroboravimus.
990 4386 1340 4444 Hiltiboldus
1371 4387 1678 4459 episcopus
1709 4394 1767 4444 et
1795 4390 2078 4446 cancella-

505 4521 656 4598 (747)
689 4524 765 4578 De
796 4524 904 4598 hoc
928 4527 1283 4598 Marquardo
1323 4528 1534 4583 comite
1565 4528 1923 4598 Brigantino,
1951 4532 2079 4588 vide

433 4593 590 4670 dicta
622 4611 802 4670 supra
831 4597 890 4650 in
923 4593 1178 4669 Disquis.
1211 4604 1239 4668 §
1272 4600 1357 4664 l8,
1391 4617 1448 4670 p.
1479 4601 1604 4653 286.
1638 4593 1795 4654 lianc
1817 4593 1949 4656 vero
1981 4603 2081 4658 do-
2112 4595 2159 4660 D

435 4666 692 4744 nationis
721 4666 995 4744 chartam
1017 4666 1234 4744 pariter
1267 4666 1422 4727 sistit
1437 4671 1638 4742 Lunig.
1674 4672 1946 4744 Spicileg.
1982 4675 2083 4729 Ec-

436 4687 692 4721 nauonis
721 4687 987 4724 cnartam
1057 4693 1059 4720 ε

435 4736 903 4810 οιᾳξηηρκιιιλρ.
935 4687 1059 4796 408.

506 4806 656 4886 (748)
705 4806 1067 4878 Beriéherus,
1103 4812 1518 4900 ‘Perriggerus,
1578 4810 1666 4894 vel
1737 4813 2084 4939 Beringlerus

511 4892 666 4931 imus
691 4878 873 4936 abbas
905 4899 996 4936 an.
1029 4883 1135 4936 993
1163 4889 1520 4939 constitutus
1551 4887 1727 4939 (Infra
1757 4887 1784 4939 δ
1816 4886 1904 4939 44)
1969 4886 2082 4939 aud

435 4878 685 4954 pri_mus_
691 4878 873 4954 abbas
905 4899 996 4936 an.
1029 4883 1135 4936 993
1163 4878 1520 4939 constitutus
1551 4885 1727 4954 (infra
1757 4887 1784 4952 §
1816 4878 2082 4954 44)baud

435 4945 615 5019 dubie
645 4946 1028 5019 Einsidlensis
1056 4955 1379 5010 monachus
1409 4955 1540 5019 fuit,
1559 4945 1694 5010 cum
1718 4945 1783 5012 S:
1802 4945 2086 5012 Gebehar-

435 5017 548 5099 dus
578 5018 784 5099 exinde
808 5043 829 5068 ε
857 5024 1174 5099 monachos
1206 5043 1345 5099 suos
1377 5017 1642 5099 normam
1665 5026 1893 5082 vivendi
1917 5035 1972 5082 et
2002 5045 2084 5083 re-

433 5088 874 5178 git‘nen'baber‘e
897 5113 923 5144 α
953 5095 1267 5178 decreverit
1380 5097 1487 5178 15).
1509 5097 1658 5152 Dum
1690 5113 1824 5153 vero
1857 5099 2084 5178 primus

433 5159 620 5239 abbas
641 5160 1037 5239 Petershunus
1068 5159 1698 5239 (dicitur‘Beringerus,
1753 5159 2082 5227 necassario

431 5231 738 5288 Pezelinus
759 5234 818 5290 in
850 5234 1006 5294 hunc
1030 5237 1230 5294 album
1259 5239 1418 5296 haud
1449 5231 1798 5296 inserendus
1819 5249 1922 5296 est.
1949 5242 2078 5296 Vid.
2116 5259 2118 5261 ‘

435 5319 616 5371 supra
643 5307 671 5371 §
701 5304 787 5360 43.

535 5375 1087 5455 749)Worndor_f_et
1130 5381 1464 5438 Krumbach
1523 5398 1678 5437 nunc
1735 5381 1794 5437 in
1841 5383 2080 5454 capituli

437 5440 929 5524 Mosslfirchensis
961 5451 1272 5508 distructu.

505 5512 788 5596 (75(3),ch
846 5537 1031 5596 pagus
1078 5524 1135 5578 in
1189 5524 1470 5596 Chronico
1506 5522 1904 5596 Gottwiceinsi
1945 5541 2081 5596 pars

435 5580 621 5710 ﬁngitis:
648 5580 861 5643 dicitur:
902 5580 1036 5665 pagi
1093 5597 1314 5667 Uegove
1371 5595 1430 5649 in
1489 5593 1756 5649 districtu
1804 5580 2080 5652 Mosskir-

437 5669 642 5711 εωῑιηο.

2192 3326 2421 3381 dicam:
2452 3326 2762 3398 quemdam
2797 3327 3142 3382 Makkonem
3178 3332 3476 3399 parentem
3507 3325 3836 3398 Ruodolphi

2189 3415 2554 3470 Arhonensis
2579 3416 2726 3486 (755)
2749 3417 2992 3488 ejusque
3013 3415 3300 3488 stirpis,et
3329 3419 3596 3487 parentes
3611 3415 3838 3471 Hacho-

2189 3503 2282 3558 nis
2309 3508 2366 3559 et
2394 3504 2521 3574 ejus
2551 3504 2922 3576 cognationis
2951 3505 3021 3560 de
3071 3504 3363 3576 Bollingin
3396 3521 3530 3560 cum
3561 3504 3838 3560 omnibus

2189 3609 2316 3664 qua:
2348 3592 2746 3664 possidebant,
2780 3592 3037 3649 ecclesiae
3096 3594 3525 3649 Constantiensi
3571 3592 3834 3648 tradidit.

2185 3679 2317 3734 Jam
2347 3679 2539 3735 dictus
2568 3685 2763 3735 tamen
2799 3681 3009 3736 Makko
3033 3685 3252 3753 postea,
3287 3697 3533 3755 pergens
3564 3681 3834 3736 Hieroso-

2187 3766 2424 3841 lymam,
2455 3767 2810 3840 quibusdam
2871 3770 3133 3826 donariis
3188 3769 3540 3826 monasterio
3582 3769 3740 3825 datis
3773 3787 3836 3853 se

2187 3857 2452 3923 redemit,
2484 3856 2687 3912 dicens
2718 3875 2790 3912 ne
2822 3857 2966 3913 forte
3022 3858 3276 3930 alicujus
3312 3858 3530 3916 servitii
3580 3857 3702 3913 illic
3732 3858 3834 3913 ob-

2187 3945 2396 4001 noxius
2428 3950 2602 4013 esset,
2635 3963 2700 4002 eo
2729 3947 2884 4018 quod
2933 3947 3084 4002 beati
3134 3948 3240 4003 viri
3274 3947 3543 4020 proprius
3574 3946 3836 4002 famulus

2186 4035 2744 4098 fuisset.Quemdam
2766 4051 2898 4091 vero
2916 4035 3152 4092 nomine
3175 4036 3541 4092 Vurlandum
3567 4036 3833 4108 ejusdem

2188 4123 2426 4180 familiae
2455 4125 2512 4179 et
2540 4123 2860 4179 nobilitatis
2890 4128 3064 4196 atque
3095 4125 3428 4181 divitiarum
3481 4125 3836 4180 monasterio

2186 4212 2450 4282 tradidit,
2484 4212 2654 4283 cujus
2705 4212 3016 4283 posteritas
3075 4231 3261 4285 usque
3310 4214 3369 4269 in
3392 4230 3647 4285 praesens
3681 4213 3838 4284 apud

2187 4301 2468 4372 Owingeo
2491 4302 2640 4372 (756)
2671 4301 2843 4372 viget.
2904 4301 3304 4373 Pamperiores
3358 4318 3592 4374 quoque
3640 4301 3845 4373 plures

2190 4389 2545 4445 monasterio
2568 4389 3054 4460 contulit,quibus
3076 4391 3352 4447 omnibus
3382 4391 3491 4446 hoc
3509 4391 3614 4462 jus
3632 4387 3845 4445 conati.

2261 4530 2672 4602 (75l)Videtur
2700 4546 2828 4602 esse
2857 4530 2997 4586 villa
3029 4548 3184 4586 nunc
3198 4531 3474 4589 Neuhaus
3504 4531 3844 4599 dicta,haud

2192 4602 2389 4728 procul
2424 4601 2881 4682 Markdorﬁodn
2913 4603 3258 4683 Linzgovia;
3312 4620 3445 4675 cum
3491 4604 3647 4658 enim
3706 4602 3844 4658 inde

2219 4690 2355 4728 lgna
2390 4673 2460 4728 ad
2495 4676 2914 4726 monasterium
2975 4674 3190 4728 fuerint
3246 4675 3584 4728 advehenda
3641 4675 3689 4728 (S
3727 4674 3844 4728 29).

2195 4673 2355 4746 ligna
2390 4673 2460 4728 ad
2495 4673 2914 4726 monasterium
2975 4673 3190 4756 fuerint
3246 4673 3584 4756 advehenda
3641 4674 3846 4800 (ἕω),

2195 4745 2353 4824 haud
2386 4745 2528 4824 adeo
2558 4741 2728 4814 longe
2749 4743 2918 4824 abeo
2951 4744 3160 4800 dlSSlta
3188 4763 3315 4800 esse
3347 4750 3558 4818 potuit,
3582 4761 3616 4801 a
3705 4745 3840 4798 ark-

2195 4815 2570 4872 dorfensibus
2601 4815 2911 4885 acquisita.

2267 4887 2412 4958 (752)
2446 4882 2857 4958 Taegervveilen
2888 4882 3041 4958 intra
3069 4886 3470 4942 Constantiam
3527 4886 3588 4941 in
3615 4886 3847 4958 Turgo-

2192 4954 2303 5024 via,
2338 4954 2491 5012 haud
2550 4954 2754 5029 procul
2813 4973 2846 5010 ο.
2893 4957 3237 5026 Gottlieben,
3299 4958 3358 5013 in
3413 4959 3592 5029 cujus
3630 4954 3848 5012 vicinia

2194 5031 2371 5085 etiam
2403 5032 2492 5083 est
2519 5028 2852 5099 Ottenberg.

2265 5099 2416 5170 (753)
2472 5098 3142 5172 Marstettenldynastia
3197 5116 3376 5172 prope
3449 5099 3846 5172 Memmingen

2193 5169 2348 5227 nunc
2378 5169 2692 5244 comitibus
2721 5170 2792 5225 de
2821 5169 3165 5244 Kmnigseck
3193 5169 3443 5244 parens;
3477 5169 3634 5227 aliud
3668 5169 3851 5226 Mars-

2192 5247 2370 5298 tetten
2403 5247 2490 5296 est
2522 5242 2580 5295 in
2611 5241 2918 5312 Turgovia.
2993 5241 3007 5285 ἶ

2263 5313 2414 5384 (754)
2444 5313 2612 5367 Forte
2645 5308 2968 5384 Sta'rengen
2999 5311 3058 5366 in
3107 5311 3524 5384 Stockachensi
3558 5308 3839 5384 capitulo.

2261 5380 2409 5454 (753)
2441 5384 2786 5454 Stumpﬁus,
2819 5380 2882 5438 in
2912 5382 3124 5439 Chron.
3183 5383 3224 5439 l.
3284 5402 3337 5451 ν,
3369 5401 3418 5440 c.
3466 5384 3521 5452 9,
3551 5380 3846 5454 nobilium

2195 5452 2521 5511 deArbona
2551 5452 2838 5521 meminit,
2874 5454 2956 5508 uti
2984 5459 3039 5508 et
3069 5454 3504 5511 Guillimannus
3565 5453 3626 5509 in
3657 5452 3848 5508 Haba-

2194 5525 2636 5614 buggilc‘isMYidu.
2672 5524 2948 5614 Lew_lex.

2263 5592 2411 5668 (πθ)
2434 5595 2583 5651 Villa
2613 5597 2672 5650 in
2705 5595 2955 5667 capitulo
2974 5596 3331 5668 Heigerloch,
3365 5597 3567 5665 infra§
3597 5610 3721 5666 seq.
3753 5592 3845 5664 di-

2197 5668 2348 5725 citur
2375 5668 2715 5740 Uowingen.
