4152 6186
253 334 373 400 317

1157 340 1607 403 CHRONICON
1652 331 2373 401 PETERSHUSANUM.
2408 371 2487 385 —
2517 339 2666 402 LIB.
2711 338 2760 402 I.

3537 341 3656 406 318

251 469 388 537 tuit,
411 473 478 525 ut
497 486 632 526 cum
657 471 864 528 abbate
885 471 1234 545 equitarent,
1259 474 1428 544 eique
1460 473 1616 527 domi
1641 471 1897 542 forisque
1927 468 1980 533 Α
2011 467 2069 524 S.
2105 469 2364 540 Gregorii
2399 469 2648 542 pleniter
2681 471 3060 528 ministraret.
3085 472 3294 528 Postea
3315 487 3448 529 vero
3476 491 3654 547 quam
3739 507 3742 510 ~

253 557 680 625 ministrarent,
702 576 882 630 equos
906 577 1044 616 suos
1065 566 1185 615 tam
1209 561 1402 615 abbati
1423 578 1597 631 quam
1624 558 1900 613 fratribus

251 646 395 710 suis,
423 664 774 719 quocunque
814 666 1047 704 necesse
1099 655 1314 716 essent,
1364 653 1727 720 prmstarent,
1776 663 1900 701 mo-

250 736 574 791 nasterium
590 754 695 808 pro
711 754 882 808 posse
900 755 1006 792 suo
1023 739 1413 804 defensarent,
1433 737 1653 792 nullius
1667 734 1899 792 servitio

245 841 494 896 prorsus
516 826 910 894 subjacerent,
935 832 1173 898 excepto
1201 825 1384 882 solius
1405 826 1634 881 abbatis
1656 826 1900 896 ejusque

249 913 699 969 monachorum.

641 1005 668 1069 §
699 1003 886 1058 XXXI.
909 1004 982 1057 De
1011 1003 1132 1058 dote
1163 1005 1507 1058 monasterii.

318 1090 452 1145 Haec
467 1095 626 1157 sunt,
644 1108 770 1162 quae
794 1092 856 1146 B.
882 1092 1260 1148 Gebehardus
1282 1091 1592 1162 episcopus
1608 1094 1900 1145 monaste-

243 1178 332 1234 rio
365 1196 475 1234 suo
502 1181 575 1234 de
622 1179 958 1235 hareditate
1007 1185 1315 1252 parentum
1368 1197 1611 1236 suorum
1658 1177 1902 1233 tradidit

189 1335 196 1339 .
241 1268 334 1322 vel
368 1267 606 1323 aliunde
653 1269 1003 1340 acquisivit:
1059 1269 1405 1340 Uowingen,
1459 1268 1702 1324 Suldorf
1724 1267 1898 1337 (757),

243 1355 762 1413 Anslechiswilare
838 1357 1009 1428 (758),
1087 1357 1570 1428 Rinisgemunde,
1631 1360 1688 1411 et
1743 1355 1898 1427 apud

241 1445 463 1517 Hogste
494 1446 641 1517 (759)
699 1451 756 1500 et
811 1446 1027 1518 Brugg,
1093 1447 1251 1500 Rede
1309 1447 1480 1515 (760),
1538 1446 1686 1501 817
1755 1445 1901 1498 Stet-

241 1533 331 1588 tin
363 1534 538 1604 (76l),
571 1533 874 1604 Miilheim,
908 1533 1457 1589 Wanhartiswilare
1508 1535 1678 1604 (765),
1719 1533 1896 1599 Slate,

240 1622 418 1692 (763),
452 1623 712 1677 Rinhard
744 1624 912 1694 (764),
948 1627 1170 1694 partem
1204 1627 1476 1694 quartam
1510 1621 1898 1693 possessionis

240 1712 401 1782 apud
422 1711 744 1783 Epﬁndorf,
769 1716 825 1766 et
846 1712 1145 1783 Togingen
1169 1713 1241 1766 de
1263 1711 1694 1766 Constantiensi
1723 1709 1900 1766 eccle-

2010 556 2318 630 epiSCOpus
2351 560 2536 615 factus
2567 549 2672 627 est,
2709 560 3130 616 monasterium
3156 560 3437 629 fundavit,
3461 565 3654 634 etjam

2010 645 2165 701 dicta
2194 649 2410 718 praedia
2435 666 2501 704 ea
2527 650 2653 720 ipsa
2684 667 2800 721 qua
2849 650 3108 705 diximus
3153 650 3485 706 conditione
3517 651 3655 708 illuc

2010 736 2317 800 concessit,
2343 743 2398 792 et
2419 755 2585 792 versa
2605 739 2726 793 vice
2747 739 2966 794 eisdem
3001 739 3284 795 fratribus
3328 739 3653 807 constituit,

2009 828 2075 877 ut
2123 828 2210 878 ter
2258 825 2313 879 in
2363 843 2516 880 anno
2567 826 2813 881 solemni
2862 828 3231 898 processione
3263 829 3657 883 communiter

2008 907 2268 982 idipsum
2302 916 2721 970 monasterium
2762 915 2994 981 adeant,
3047 920 3103 970 et
3149 915 3400 987 singulis
3429 917 3656 973 vicibus

2009 1016 2111 1070 pro
2135 1003 2262 1072 ejus
2285 1003 2481 1058 anima
2495 1003 2737 1059 missam
2755 1008 3010 1071 cantent,
3028 1005 3478 1075 etsuperhzccin
3497 1006 3653 1061 festi-

2007 1088 2181 1146 vitate
2210 1095 2264 1144 s.
2297 1093 2557 1164 Gregorii
2589 1091 2882 1162 publicam
2918 1092 3161 1148 missam
3213 1093 3283 1147 de
3333 1110 3398 1148 eo
3453 1094 3655 1150 festive

2009 1194 2141 1233 cum
2169 1179 2446 1235 fratribus
2464 1181 2792 1247 decantent,
2808 1187 2863 1236 et
2886 1181 3156 1235 monachi
3171 1182 3413 1236 chorum
3428 1186 3651 1254 regant,

2008 1269 2065 1321 et
2090 1267 2159 1321 ad
2185 1267 2364 1323 altare
2382 1269 2742 1335 ministrent,
2780 1275 2837 1324 et
2854 1269 3082 1324 clericis
3107 1285 3172 1324 ea
3193 1270 3307 1339 die,
3340 1269 3492 1324 sicut
3515 1269 3656 1324 dixi-

2010 1370 2164 1419 mus,
2192 1356 2262 1410 de
2293 1358 2647 1429 supradictis
2679 1358 2912 1430 praediis
2929 1358 3044 1412 duo
3067 1357 3287 1413 talenta
3315 1361 3371 1412 et
3401 1363 3652 1429 quatuor

2009 1442 2180 1498 solidi
2213 1445 2283 1499 ad
2317 1446 2617 1501 servitium
2649 1447 2880 1502 dentur.

2694 1535 2967 1608 gxxxv.

2079 1621 2286 1678 Modus
2316 1628 2512 1679 autem
2538 1624 2844 1678 ministerii
2874 1624 3135 1693 ejusdem
3162 1623 3270 1678 iste
3304 1628 3394 1680 est
3429 1641 3441 1680 :
3466 1625 3656 1697 primo

2007 1713 2124 1763 tres
2148 1711 2324 1764 modii
2351 1712 2626 1766 frumenti
2662 1713 2733 1766 ad
2768 1729 2947 1782 panes
2975 1713 3269 1767 faciendos
3295 1730 3307 1778 ;
3347 1712 3556 1769 deinde
3585 1715 3657 1768 de

241 1800 338 1855 sia
356 1799 690 1871 acquisivit,
713 1800 867 1854 datis
887 1799 1029 1854 illuc
1068 1799 1326 1854 vicissim
1373 1799 1443 1854 de
1484 1799 1607 1854 suis
1641 1798 1894 1871 praediis,
1929 1834 1977 1899 B
2007 1797 2348 1854 occidentali
2373 1817 2575 1854 mensa
2596 1800 2655 1853 in
2676 1799 2976 1854 retectorio
2997 1800 3068 1854 de
3092 1799 3375 1871 piscibus,
3400 1804 3456 1855 et
3481 1800 3655 1855 dimi-

241 1888 354 1942 hoe
402 1893 508 1954 est,
545 1887 887 1959 Luitwanga
924 1892 979 1942 et
1030 1887 1510 1958 Ratpirgahusin,
1544 1887 1898 1942 Eichstetten
1931 1886 1976 1899 ⁸’
2010 1886 2144 1941 dius
2176 1887 2408 1942 modius
2439 1888 2584 1942 milii
2625 1887 2738 1960 pilo
2776 1888 2958 1954 tunsi,
2991 1893 3047 1942 et
3078 1893 3196 1942 tres
3232 1904 3391 1942 urnae
3423 1889 3492 1942 de
3523 1889 3654 1943 vino

243 1977 419 2047 (765),
435 1977 756 2048 Epfindorf,
773 1975 1063 2040 Nuiheim,
1078 1975 1495 2048 Tegerwilare,
1513 1975 1896 2041 Gottiliubon,

240 2065 580 2120 Tuscinanc
611 2066 780 2135 (766),
813 2070 868 2120 et
890 2065 1308 2136 Oberwangin,
1343 2081 1592 2135 quorum
1618 2082 1803 2119 unum
1827 2065 1898 2119 de

241 2153 548 2225 episcopii,
582 2152 741 2208 aliud
774 2155 846 2209 de
895 2154 1234 2209 monasterii
1285 2154 1460 2209 rebus
1511 2153 1895 2225 comparavit,

239 2241 570 2298 Obirndorf
589 2243 658 2297 de
689 2242 962 2314 episcopo
994 2243 1302 2297 concessit.

552 2332 582 2404 §
612 2331 827 2386 XXXII.
870 2333 943 2386 De
967 2332 1216 2386 libertate
1244 2333 1593 2387 monasterii.

315 2419 561 2475 Nullum
593 2437 733 2475 sane
764 2421 1088 2484 servitium,
1131 2437 1320 2491 neque
1366 2421 1678 2485 tributum,
1712 2437 1900 2492 neque

237 2508 513 2581 vectigal,
540 2525 727 2580 neque
755 2508 1129 2580 legationem,
1159 2525 1346 2580 neque
1376 2509 1626 2579 alicujus
1660 2511 1899 2565 omnino

238 2598 558 2654 ministerii
597 2597 952 2652 iunctionem
983 2602 1104 2652 tam
1137 2598 1396 2652 Romano
1429 2598 1688 2669 pontifici
1721 2616 1898 2670 quam

237 2686 610 2758 imperatori,
643 2687 744 2742 sed
779 2703 963 2758 neque
992 2687 1264 2757 episcopo
1304 2687 1760 2756 Constantiensi,
1793 2705 1900 2743 nec

240 2775 424 2832 alicui
446 2792 732 2848 personae,
751 2777 1155 2846 cujuscunque
1178 2775 1482 2846 potestatis
1495 2774 1573 2830 sit
1593 2781 1695 2831 aut
1715 2777 1900 2848 digni-

239 2865 406 2930 tatis,
431 2864 503 2919 de
526 2864 638 2919 hoc
661 2864 1016 2919 monasterio
1053 2865 1115 2919 B.
1144 2864 1524 2920 Gebehardus
1565 2864 1898 2936 impendere

241 2952 573 3017 constituit,
598 2952 710 3007 nisi
735 2951 843 3007 soli
856 2953 991 3007 Deo.
1007 2952 1318 3024 Propterea
1331 2957 1386 3007 et
1400 2952 1524 3023 ipse
1538 2952 1701 3009 locus
1714 2971 1901 3026 usque

242 3043 300 3096 in
331 3058 594 3112 praesens
613 3039 964 3095 inviolabilis
981 3045 1332 3112 perseverat,
1355 3040 1436 3096 ita
1460 3046 1521 3096 ut
1544 3042 1743 3098 nullus
1765 3060 1898 3099 eum

243 3135 536 3186 temerare
566 3134 900 3200 praesumat.

929 3218 1220 3291 §xxan

327 3305 461 3360 AIia
480 3323 682 3378 nempe
704 3308 1082 3376 monasteria,
1109 3325 1236 3379 quae
1259 3307 1444 3363 libera
1471 3313 1770 3374 vocantur,
1796 3326 1898 3364 an-

247 3394 685 3449 nuatimRoms:
696 3401 944 3451 aureum
959 3414 1269 3452 nummum
1285 3397 1547 3468 quinque
1574 3397 1898 3452 solidorum

244 3481 510 3555 pretium
555 3482 860 3540 habentem
921 3485 1249 3557 persolvere
1300 3486 1550 3552 debent;
1602 3486 1897 3542 Petrishu-

250 3571 446 3627 sensis
475 3576 662 3628 autem
697 3573 858 3630 locus
909 3591 1100 3646 neque
1149 3575 1358 3641 Somze,
1394 3592 1583 3646 neque
1616 3575 1898 3631 Constan-

243 3661 359 3730 tia,
395 3679 583 3734 neque
615 3662 947 3736 Moguntiae,
982 3679 1168 3735 neque
1200 3664 1342 3735 regi,
1375 3681 1562 3735 neque
1607 3664 1761 3730 duci,
1795 3666 1895 3719 sed

239 3767 346 3806 nec
379 3750 488 3806 ulli
522 3750 744 3823 aliquid
779 3753 968 3818 debet,
1002 3753 1112 3808 nisi
1145 3756 1376 3808 tantum
1413 3751 1664 3824 regulari
1696 3769 1898 3810 vacare

241 3839 536 3912 religioni.

311 3931 341 3996 ξ
370 3927 618 3983 XXXIV.
651 3925 726 3983 De
747 3931 1055 3985 ministerio
1079 3932 1138 3984 in
1157 3931 1450 4000 festivitate
1472 3931 1526 3985 S.
1555 3930 1822 4000 Gregorii.

311 4017 469 4072 Sane
488 4016 649 4088 quod
668 4017 835 4072 nobis
853 4017 1095 4088 quidam
1119 4018 1634 4090 solentuimputare,
1659 4021 1814 4092 quod
1836 4021 1894 4074 in

241 4104 556 4161 festivitate
583 4106 642 4160 S.
686 4105 945 4177 Gregorii
994 4124 1155 4178 papae
1203 4108 1746 4164 Constantiensibus
1780 4109 1895 4164 fra-

240 4194 429 4249 tribus
451 4193 746 4249 debemus
763 4195 1135 4265 prabendam
1158 4195 1315 4263 dare,
1341 4196 1607 4251 noverint
1629 4198 1737 4252 hoc
1762 4201 1895 4253 ante

241 4281 636 4337 constitutum
650 4297 827 4352 quam
840 4281 948 4336 hoc
963 4283 1386 4338 monasterium
1404 4287 1558 4338 esset
1571 4284 1716 4339 inca:
1724 4290 1893 4356 ptum

239 4368 569 4441 Siquidem,
597 4370 746 4424 sicut
768 4370 1042 4442 superius
1072 4370 1378 4426 retulimus
1409 4372 1581 4444 (767),
1613 4374 1674 4428 B.
1709 4373 1891 4429 Gebe-

236 4458 476 4525 hardus,
512 4461 830 4530 antequan
881 4460 1044 4516 ﬁeret
1085 4459 1414 4532 episcopus,
1464 4463 1892 4518 Constantiensi

2008 1980 2065 2031 et
2086 1977 2349 2047 quinque
2380 1976 2548 2032 solidi
2572 1993 2971 2032 nummorum.
3007 1977 3123 2031 Hoc
3147 1980 3235 2031 est
3258 1975 3654 2032 ministerium

2011 2081 2124 2135 quo
2157 2065 2475 2120 debebatur
2503 2065 2756 2138 singulis
2798 2065 2959 2120 ansis
3012 2065 3082 2120 de
3132 2064 3508 2136 supradictis.
3542 2065 3654 2120 Sed

2010 2154 2308 2209 Conradus
2338 2154 2518 2209 abbas
2551 2155 2773 2226 redegit
2801 2154 2958 2208 istud
2992 2155 3063 2208 ad
3105 2153 3233 2220 hoc,
3285 2157 3348 2208 ut
3377 2154 3657 2210 darentur

2010 2242 2094 2298 eis
2124 2242 2239 2298 duo
2269 2242 2486 2299 talenta
2511 2247 2567 2297 et
2595 2243 2854 2314 quinque
2885 2241 3079 2297 solidi.

2433 2336 2460 2400 §
2492 2331 2733 2386 XXXVI.
2770 2336 2853 2386 De
2881 2331 3226 2386 Eichstettin.
3320 2331 3334 2349 "

2079 2421 2215 2475 Erat
2234 2420 2474 2491 quidam
2496 2437 2713 2485 comes,
2739 2420 2975 2475 nomine
2992 2419 3348 2476 Adilhardus
3374 2422 3548 2493 (768),
3571 2421 3660 2478 vir

2009 2509 2141 2580 pius
2164 2515 2219 2564 et
2241 2509 2545 2581 religiosus
2567 2526 2631 2564 ac
2656 2509 2867 2564 timens
2896 2509 3103 2576 Deum,
3136 2509 3290 2564 beati
3329 2509 3437 2564 viri
3468 2510 3658 2566 Gebe-

2007 2597 2175 2653 hardi
2205 2599 2374 2669 juxta
2417 2599 2612 2654 carnis
2661 2597 3234 2668 consanguinitatem
3265 2599 3652 2670 prepinquus,

2010 2702 2380 2757 nequaquam
2402 2691 2598 2742 tamen
2620 2688 2966 2758 Suevigena,
2991 2686 3092 2740 sed
3127 2685 3399 2740 habitans
3420 2686 3477 2740 in
3502 2691 3658 2742 terra

2007 2774 2345 2847 longinqua,
2367 2776 2459 2830 cui
2476 2778 2610 2845 jure
2633 2776 2690 2829 in
2713 2775 3112 2830 haereditatem
3128 2778 3423 2829 cesserant
3441 2791 3656 2846 magna

2010 2869 2067 2918 et
2087 2863 2276 2918 multa
2301 2865 2518 2936 praedia
2540 2865 2596 2918 in
2620 2880 2768 2936 pago
2785 2862 3029 2934 Ilrigove
3047 2863 3139 2930 (76
3175 2865 3217 2930 ),
3233 2861 3341 2917 hoc
3363 2873 3470 2929 est,
3496 2863 3651 2934 apud

2009 2953 2292 3008 Eichstatt
2338 2957 2394 3008 et
2441 2953 2832 3018 Breitinbacb,
2886 2951 3089 3006 Riedin
3142 2955 3199 3007 et
3246 2951 3432 3006 Husin
3481 2956 3654 3024 atque

2007 3041 2338 3097 Steinbach.
2357 3043 2409 3096 Is
2435 3058 2570 3113 ergo
2585 3042 3074 3112 quandocumque,
3096 3041 3166 3094 de
3189 3043 3344 3096 terra
3361 3057 3470 3095 sua
3491 3041 3656 3096 adve-

2010 3131 2198 3198 niens,
2229 3130 2355 3200 jam
2396 3130 2551 3184 dicta
2587 3146 2695 3184 sua
2731 3129 2947 3201 praedia
2980 3128 3243 3196 adiisset,
3273 3129 3428 3200 quod
3458 3133 3652 3184 tamen

1928 3195 1971 3262 (ἶ
2011 3195 2308 3275 rarissime
2341 3218 2607 3284 faciebat,
2643 3195 3002 3273 festinabant
3048 3195 3251 3272 omnes
3288 3195 3652 3273 habitatores

2007 3311 2072 3363 ut
2092 3323 2226 3362 eum
2240 3323 2375 3362 cum
2394 3305 2764 3362 munusculis
2787 3306 2911 3362 suis
2933 3306 3259 3372 visitarent,
3277 3305 3430 3360 sicut
3448 3322 3652 3361 omnes

2009 3395 2156 3451 servi
2178 3394 2435 3450 dominis
2477 3395 2601 3450 suis
2643 3395 2834 3449 facere
2873 3393 3082 3449 solent.
3106 3392 3318 3459 Atille,
3342 3409 3478 3448 cum
3499 3398 3656 3449 esset

2006 3485 2294 3556 benignus
2312 3488 2368 3539 et
2383 3483 3139 3555 misericors,interrogabat
3152 3483 3290 3554 quid
3310 3482 3422 3538 sibi
3442 3482 3656 3539 vellent

2005 3573 2117 3629 ista
2138 3574 2414 3628 facientes
2436 3573 2462 3627 ?
2484 3574 2747 3644 Cumque
2779 3571 3200 3643 responderent
3232 3571 3339 3626 hos
3363 3588 3492 3628 esse
3514 3589 3654 3628 suos

2006 3662 2296 3729 homines,
2321 3665 2377 3717 et
2407 3679 2541 3716 cum
2573 3661 2772 3716 debita
2803 3659 3202 3716 benedictione
3249 3659 3553 3715 advenisse
3592 3666 3655 3715 ut

2005 3768 2140 3806 eum
2157 3750 2478 3818 visitarent,
2502 3748 2738 3820 illesubj
2753 3749 2949 3804 unxit:
2979 3769 3006 3801 α
3028 3747 3240 3813 Facite,
3265 3747 3476 3818 inquit,
3497 3749 3587 3804 31
3603 3751 3650 3803 9

2007 3856 2310 3910 unumque
2354 3855 2556 3894 eorum
2606 3855 2715 3893 sua
2764 3835 3119 3892 munuscula
3162 3835 3400 3891 interim
3493 3837 3649 3908 apud

2006 3945 2068 3984 se
2089 3944 2450 3992 conservare,
2473 3942 2661 3998 usque
2692 3927 2832 3980 dum
2863 3929 2993 3997 post
3022 3924 3336 3997 prandium
3369 3924 3493 3996 ipse
3528 3924 3650 3980 haec

2008 4034 2108 4090 per
2132 4021 2345 4072 memet
2377 4016 2602 4071 valeam
2634 4014 2986 4085 conspicere.
3012 4036 3038 4064 »
3078 4013 3320 4080 Deinde,
3375 4013 3651 4071 omnibus

2005 4105 2172 4178 plene
2193 4109 2249 4158 et
2287 4102 2796 4159 abundantissime
2829 4101 3080 4169 satiatis,
3108 4102 3362 4157 addebat
3381 4100 3498 4158 illis
3520 4119 3650 4159 mu-

2005 4192 2252 4250 nuscula
2268 4193 2338 4247 de
2359 4192 2504 4261 suis,
2528 4191 2674 4247 nihil
2714 4191 3006 4264 accipiens
3035 4191 3106 4246 ab
3138 4191 3304 4264 ipsis,
3339 4195 3396 4248 et
3425 4192 3651 4248 dimisit

2004 4300 2101 4339 eos
2125 4283 2303 4347 abire,
2328 4282 2409 4336 ita
2439 4287 2501 4335 ut
2539 4281 2859 4353 gauderent
2899 4297 2960 4336 se
2989 4278 3127 4335 illuc
3160 4280 3514 4353 pervenisee.
3548 4280 3650 4335 Hic

2001 4389 2137 4444 ergo
2160 4371 2318 4426 dedit
2337 4370 2692 4442 Brigantinis
2726 4369 2991 4442 cognatis
3019 4370 3143 4425 suis
3183 4367 3466 4440 praadium
3493 4368 3649 4439 apud

2002 4460 2336 4525 Steinbach,
2360 4459 2513 4530 quod
2539 4463 2740 4530 postea
2761 4474 2862 4530 per
2881 4457 3178 4530 sponsalia
3197 4455 3427 4511 devenit
3457 4456 3514 4510 in
3545 4473 3649 4527 po-

232 4547 486 4603 ecclesiae
502 4563 681 4602 suum
696 4548 999 4619 proprium
1017 4547 1196 4614 dedit,
1211 4550 1367 4619 quod
1382 4550 1534 4621 apud
1553 4550 1884 4620 Obirndorf,
1925 4557 1965 4620 ι)
1995 4554 2265 4606 testatcm
2295 4547 2919 4618 Chilichbergensium.

226 4634 589 4707 Pilolfingin,
614 4635 1016 4707 Hagilimbach
1051 4641 1107 4691 et
1131 4637 1577 4694 Luitheresdort‘
1593 4639 1808 4711 qtbuit,
1831 4643 1888 4695 et

223 4723 348 4794 ipse
371 4723 498 4779 hac
530 4723 588 4777 in
613 4723 963 4779 beneficium
998 4725 1233 4796 recepit,
1268 4741 1336 4781 ea
1374 4726 1526 4782 318
1552 4727 1886 4783 conditione

222 4812 576 4885 uttamipse
591 4829 770 4884 quam
809 4812 1145 4885 quicunque
1179 4813 1436 4886 hocpost
1457 4831 1518 4871 se
1534 4815 1884 4871 beneﬁcium

216 4900 492 4970 haberet,
534 4903 657 4971 jam
679 4901 846 4958 dictae
881 4901 1135 4958 ecclesiae
1161 4902 1442 4958 fratribus
1473 4904 1531 4958 in
1564 4903 1882 4960 festivitate

316 5062 449 5130 757)
482 5061 798 5127 Sauldortl‘,
840 5061 899 5116 in
932 5061 1105 5132 capit.
1140 5061 1490 5117 Mosskirch.

314 5135 445 5203 758)
478 5133 919 5198 ForteAndwil,
944 5133 1002 5186 in
1026 5133 1296 5189 districtu
1336 5134 1393 5189 S.
1428 5133 1597 5189 Galli.

298 5203 446 5278 (759)
480 5203 726 5278 IIochst,
757 5203 1008 5278 ibidem,
1033 5205 1114 5278 uti
1140 5209 1203 5278 (et
1234 5205 1522 5278 Bruggen.

297 5275 450 5346 (760)
483 5275 637 5346 Roth
669 5292 850 5346 prope
880 5275 1168 5330 Sauldorf.

217 5413 266 5469 li
298 5343 445 5416 (761)
479 5343 768 5407 Mulhéim
782 5343 1102 5402 cumﬁliali
1123 5348 1437 5415 Stetten,in
1455 5347 1882 5420 capit.Wurm-

271 5432 445 5469 naen.

243 5431 445 5472 ωαεῐι.

481 5489 654 5576 forte
690 5487 1284 5576 r\‘Nal‘ptla‘rtschxireiler,
1310 5488 1376 5569 _in
1407 5490 1753 5547 Mosskirch.

323 5558 444 5632 763)
480 5561 650 5615 Forte
690 5558 943 5632 Schlatt,
971 5560 1030 5614 in
1058 5560 1346 5632 Engeﬁnsi.

320 5631 443 5702 76i)
474 5629 1016 5702 Repartschweiler
1052 5631 1112 5686 in
1143 5629 1529 5704 Sulgaviensi.
1565 5632 1695 5689 Vid.
1730 5633 1758 5706 §
1791 5635 1876 5690 14.

1993 4655 2314 4725 §XXXVII.
2334 4653 2683 4716 Adit/tardus
2731 4652 2868 4708 dono
2922 4650 3066 4725 dedit
3105 4647 3428 4725 _Gebchardo
3470 4650 3649 4705 Eiste-

2437 4727 2536 4790 tin,
2581 4725 2953 4793 Breitinbacg,
2988 4721 3200 4777 Riedin.

2068 4818 2194 4887 Ipse
2225 4813 2582 4870 Adilhardus
2642 4812 2772 4884 pius
2832 4827 3026 4866 comes
3083 4809 3243 4864 dedit
3302 4810 3500 4880 nepoti
3543 4826 3689 4886 suo.

1994 4905 2054 4959 Β.
2091 4903 2432 4960 Gebehardo
2463 4901 2736 4973 episcopo
2768 4898 3054 4972 quidquid
3105 4898 3312 4954 habuit
3343 4899 3649 4972 proprium

2063 5064 2212 5134 (765)
2246 5062 2633 5128 Aichstetten,
2666 5061 2723 5115 in
2757 5061 3028 5117 stensi.
3061 5060 3194 5134 Vid.
3229 5063 3256 5129 §
3286 5063 3374 5134 367.

1991 5132 2548 5261 v.876?))Tus§z§ng,
2583 5134 2640 5188 in
2671 5133 3112 5199 Stekbornensi,
3149 5133 3232 5187 uti
3261 5137 3318 5188 et
3346 5132 3636 5202 Wengen.

2044 5225 2061 5261 1
2111 5248 2122 5260 .
2181 5224 2192 5259 I
2247 5223 2333 5261 ,ιι
2466 5247 2478 5260 .

2044 5223 2258 5270 10.110,
2294 5223 2395 5270 IIQ
2424 5223 2478 5260 ό.

2067 5209 2122 5261 d.
2157 5209 2258 5270 lib,
2294 5223 2333 5260 II
2366 5209 2395 5277 ξ
2424 5209 2478 5260 3.

2065 5279 2212 5348 (767)
2238 5281 2428 5350 §upra
2459 5276 2558 5342 §9.
2766 5346 2780 5350 _
3034 5343 3078 5350 __
3304 5339 3316 5350 .
3431 5340 3444 5350 _
3493 5337 3556 5350 η,

2065 5336 2518 5427 (768)11argove,
2545 5362 2727 5427 pagus
2743 5346 2999 5427 ducatus
3017 5339 3468 5427 {tiemanpia3_ab
3492 5336 3645 5395 Hila-

1992 5410 2251 5475 ra'iluvio
2271 5410 2483 5485 dicvtus,
2505 5410 2563 5472 in
2589 5410 2859 5491 districto
2882 5415 3112 5491 Buralis
3149 5410 3391 5491 capituli
3415 5411 3643 5491 Yspen-

1991 5492 2094 5559 sis,
2129 5491 2186 5544 in
2221 5507 2335 5560 quo
2365 5482 2488 5544 sitae
2513 5494 2654 5543 sunt
2679 5488 2823 5542 villae
2847 5488 2941 5560 hic
2965 5487 3293 5560 memoratae
3328 5482 3637 5553 Aichstett,

1991 5553 2396 5626 Braitenbach,
2432 5560 2595 5627 Ried,
2631 5561 2883 5626 Hausen,
2917 5553 3252 5613 Steinbach.
