4152 6186
465 381 583 446 319

1161 374 1554 442 APPENDIX
1598 373 1698 436 AD
1743 365 2191 435 CHRONICON
2239 366 2658 431 HERMANNI
2703 363 3162 437 CONTBACTI.

3738 347 3862 415 320

467 518 623 593 apud
648 513 961 573 Eichstetin
1001 516 1058 571 et
1088 511 1459 571 Breitinbach
1491 514 1548 568 et
1598 506 1802 564 Riedin
1835 509 1893 560 et
1921 503 2106 593 Husin
2137 511 2190 576 Α
2220 520 2323 576 per
2342 501 2742 559 auctoritatem
2765 506 2821 557 et
2841 498 3210 574 privilegium
3232 491 3460 553 Ottonls
3481 483 3858 565 imperatoris

469 592 540 666 ad
565 606 1208 682 quadragintamansus
1229 611 1280 658 el
1303 619 1367 657 eo
1387 597 1736 672 amplius,in
1760 594 1917 666 agris
1939 592 2111 648 cultis

470 704 527 755 et
547 698 750 772 pratis,
775 694 1026 766 exceptis
1040 689 1494 748 duntaxatsilvis
1509 687 1672 742 valde
1691 683 1965 757 spatiosis
1979 699 2111 737 cum

470 771 735 860 populari
769 782 1030 848 ecclesia,
1057 787 1112 836 et
1144 779 1384 836 decimis
1418 777 1637 840 multis,
1687 780 1743 830 et
1775 771 2026 844 pascuis,
2059 775 2115 825 et

472 859 918 950 piscationibus,
952 876 1007 926 et
1038 868 1410 936 molendinis,
1443 871 1498 922 et
1531 864 1744 919 multos
1776 859 2114 916 tributarios

471 982 604 1020 cum
638 961 928 1019 universis
950 959 1307 1015 utensilibus
1347 973 1473 1028 quae
1515 954 1711 1009 haberi
1737 951 1822 1006 vel
1847 949 1956 1003 dici
1984 964 2114 1020 pos-

471 1058 628 1118 sunt,
646 1054 771 1123 jam
788 1051 976 1106 dictus
998 1066 1192 1104 comes
1214 1045 1572 1100 Adilhardus
1591 1039 1929 1098 Gebehardo
1950 1053 2116 1091 vene-

471 1141 639 1197 rabili
667 1141 939 1212 episcopo
972 1137 1164 1208 nepoti
1201 1152 1305 1190 suo
1328 1135 1384 1187 in
1413 1131 1825 1204 proprietatem
1859 1125 2117 1197 legitime

470 1228 840 1294 contradidit,
876 1233 932 1282 et
955 1227 1077 1297 ipse
1101 1226 1305 1278 beatus
1326 1223 1412 1276 vir
1438 1217 1790 1274 monasterio
1813 1231 1939 1280 suo,
1961 1213 2114 1283 quod

470 1320 529 1374 in
553 1319 771 1372 honore
794 1317 845 1368 S.
871 1312 1130 1385 Gregorii
1157 1329 1315 1382 papae
1340 1312 1765 1371 construxerat,
1799 1301 2117 1375 promptis-

470 1408 623 1461 sima
653 1403 956 1459 devotione
988 1403 1209 1470 absque
1239 1397 1358 1452 ulla
1390 1393 1844 1451 contradictione
1870 1390 1941 1444 ad
1967 1385 2118 1442 utili-

467 1498 648 1549 tatem
678 1493 924 1546 fratrum
953 1487 1035 1545 ibi
1065 1488 1178 1542 Dco
1210 1485 1583 1540 servientium
1607 1481 1878 1551 deinceps
1899 1491 2122 1549 perma-

471 1581 728 1636 nendum
761 1595 956 1634 coram
985 1576 1209 1631 idoneis
1239 1574 1488 1629 testibus
1522 1569 1881 1643 perdonavit.

793 1669 822 1740 §
855 1664 1154 1720 XXXVIII.
1191 1668 1267 1717 Dc
1299 1660 1611 1716 Burchardo
1643 1658 1795 1712 duce.

543 1760 652 1814 Per
671 1757 824 1811 idem
849 1763 1081 1825 tempus
1103 1751 1476 1806 Burch'ardus
1501 1746 1644 1817 (770)
1684 1742 1980 1816 religionis
2002 1742 2122 1797 dnx

469 1852 527 1903 et
543 1844 811 1900 Adiwich
837 1845 965 1911 eius
995 1842 1227 1911 conjux,
1263 1854 1394 1893 cum
1440 1853 1555 1891 non
1597 1834 1877 1890 haberent
1920 1847 2120 1886 carna-
2150 1876 2166 1911 ἶ

469 1935 608 2005 Iern,
640 1933 933 1988 Christum
965 1930 1077 1985 sibi
1108 1928 1412 1999 elegerunt
1441 1925 1750 1988 haercdem,
1785 1938 1850 1976 ac
1877 1920 2119 1992 proinde

469 2024 530 2079 in
553 2021 790 2079 castello
806 2037 934 2085 suo,
948 2018 1101 2090 quod
1118 2017 1280 2072 estin
1295 2020 1491 2070 monte
1508 2011 1710 2068 Duello
1729 2010 1898 2080 (771),
1917 2024 2115 2062 mona-

471 2112 715 2169 sterium
739 2108 1190 2172 constituerunt,
1215 2105 1367 2161 320
1400 2103 1498 2158 ubi
1530 2103 1600 2157 ad
1635 2098 2116 2156 sustentationem

474 2199 896 2257 monachorum
915 2195 1129 2268 prazdia
1146 2199 1201 2249 et
1218 2194 1331 2249 alia
1354 2191 1626 2248 utensilia
1653 2185 2118 2245 sufficientisime

471 2289 857 2354 tradiderunt,
876 2285 1100 2357 reliqua
1121 2299 1254 2339 vero
1275 2300 1375 2354 per
1398 2281 1514 2336 alia
1536 2277 1890 2334 monasteria
1916 2274 2121 2330 divise-

474 2382 631 2434 runt.
656 2376 801 2431 Huic
816 2373 1166 2429 monasterio
1185 2373 1408 2442 primus
1424 2388 1536 2442 pra:
1547 2369 1652 2423 fuit
1670 2367 1849 2422 abbas
1873 2368 2113 2419 sanctus

473 2471 532 2524 et
558 2463 905 2522 venerabilis
937 2463 1040 2528 vir,
1074 2461 1310 2517 nomine
1339 2459 1684 2514 Walfridus.
1723 2457 1880 2511 Idem
1915 2469 2116 2508 mona—

477 2555 721 2612 sterium
736 2557 936 2624 postea
948 2551 1020 2607 ab
1034 2551 1276 2605 Henrico
1291 2550 1643 2620 imperatore
1661 2563 1694 2600 a
1705 2547 1904 2599 monte
1916 2540 2119 2597 Duello

475 2643 848 2711 translatum,
899 2645 954 2696 et
983 2639 1043 2696 in
1094 2640 1221 2711 ripa
1264 2638 1471 2701 Rheni,
1518 2636 1644 2690 loco
1694 2633 1892 2689 Steine
1941 2631 2119 2696 dicto,

477 2733 862 2791 constitutum
894 2734 999 2785 est.
1025 2730 1092 2784 Et
1123 2727 1398 2800 quoniam
1433 2727 1585 2780 idem
1615 2740 1714 2779 rex
1761 2720 1960 2777 omnia
1991 2735 2118 2790 quae

479 2825 718 2879 fuerunt
746 2818 1064 2875 Burchardi
1098 2815 1403 2882 ducis,sibi
1435 2815 1495 2869 in
1517 2811 1910 2868 hereditatem
1932 2808 2119 2863 vindi-

479 2916 726 2976 caverat,
759 2907 945 2963 multa
975 2908 1044 2962 de
1074 2907 1276 2962 eodem
1319 2903 1671 2960 monasterio
1724 2899 2032 2966 subtraxit,
2066 2901 2123 2952 et

437 3049 440 3054 .
479 3003 732 3066 tantum,
767 3014 893 3069 quae
925 2995 1127 3068 paucis
1172 2994 1450 3050 fratribus
1500 2992 1854 3058 sufﬁcerent,
1886 2986 2123 3059 reliquit

482 3088 632 3160 (772)
657 3105 672 3155 ',
704 3103 767 3141 ac
787 3086 1028 3141 demum
1048 3089 1168 3139 tam
1196 3082 1387 3155 ipsam
1406 3081 1700 3137 abbatiam
1724 3095 1902 3150 quam
1926 3074 2123 3131 omnia

483 3193 610 3249 qua:
642 3176 714 3232 ad
747 3191 876 3230 eam
910 3174 1298 3246 pertinebant,
1332 3175 1388 3226 et
1419 3186 1548 3243 qua:
1577 3169 1703 3240 ipse
1731 3168 2118 3231 subtraxerat,

2150 1881 2196 1944 B

2222 609 2407 663 usque
2437 592 2495 647 in
2528 609 2781 664 praesens
2812 591 3082 656 obtinuit,
3116 591 3386 660 quartam
3408 588 3605 639 tamen
3629 581 3858 651 partem

2221 682 2485 754 ejusdem
2514 679 2659 736 villae
2691 681 2991 736 Steinense
3022 675 3445 734 monasterium
3479 669 3720 727 obtinet.

2961 767 2991 841 §
3022 767 3130 823 XL.

2294 884 2321 911 ‹‹
2357 861 2418 916 In
2439 859 2672 914 nomine
2695 862 2906 913 sancta
2929 862 2984 912 et
3010 855 3318 910 individuae
3366 847 3671 909 Trinitatis
3696 845 3870 919 (774),

2225 951 2373 1008 ΟΤΤο
2405 948 2599 1004 divina
2630 948 2853 1002 favente
2884 945 3189 1002 clementia
3222 959 3339 998 rex.

2301 1063 2320 1088 υ
2345 1037 2521 1111 Sipiis
2535 1035 2912 1110 petitionibus
2926 1009 3469 1103 sacerdotiim,quas
3488 1025 3867 1101 proEcclesiis

2226 1129 2335 1184 sibi
2350 1126 2684 1182 commissis
2696 1125 2937 1180 auribus
2952 1124 3166 1179 nostris
3184 1121 3526 1184 infuderint,
3547 1117 3867 1188 benignum

2226 1217 2647 1290 praebuerimus
2671 1215 2958 1280 auditum,
2984 1213 3092 1267 hoc
3112 1209 3311 1283 procul
3335 1209 3511 1265 dubio
3528 1207 3598 1261 ad
3621 1222 3865 1279 praesen-

2225 1306 2301 1362 tis
2320 1306 2481 1377 regni
2506 1303 2690 1359 nostri
2713 1306 2957 1366 statum,
2975 1305 3032 1356 et
3049 1301 3118 1354 ad
3134 1307 3349 1355 aeterna
3365 1293 3698 1352 beatudinis
3715 1293 3860 1349 321

2229 1394 2527 1467 praamiam
2552 1394 2719 1448 nobis
2741 1393 3111 1463 profuturum
3135 1388 3255 1444 fore
3275 1386 3587 1442 credimus.
3614 1385 3872 1453 Quapro-

2229 1490 2356 1556 pter
2379 1483 2646 1539 omnium
2677 1479 2940 1535 ﬁdelium
2973 1483 3326 1545 nostrorum,
3351 1480 3472 1530 tam
3494 1471 3872 1545 praesentium

2231 1587 2408 1643 quam
2441 1574 2498 1625 et
2530 1570 2881 1633 futurorum,
2914 1565 3136 1621 noverit
3176 1563 3357 1619 solers
3413 1559 3701 1616 industria
3731 1573 3875 1630 quo-

2231 1660 2403 1715 modo
2435 1658 2709 1714 dominus
2741 1655 3141 1721 Gebehardus,
3175 1655 3389 1710 sanctaa
3410 1646 3874 1706 Constantiensis

2230 1748 2494 1805 Ecclesiae
2525 1743 2872 1802 venerabilis
2899 1743 3231 1815 episcopus,
3274 1745 3537 1797 nostram
3563 1737 3782 1810 regiam
3813 1752 3877 1791 a-

2232 1837 2396 1893 diens
2434 1835 2862 1906 celsitudinem,
2895 1831 3104 1888 obnixe
3143 1831 3389 1903 rogabat
3431 1844 3546 1900 quo
3591 1821 3876 1898 praedium

2228 1926 2520 1999 quoddam
2543 1921 3185 1995 Epfindorfvocitatum,
3203 1935 3338 1973 cum
3364 1917 3488 1972 suis
3510 1913 3878 1987 appendicis,

2226 2017 2286 2071 in
2309 2015 2449 2070 locis
2472 2013 2601 2069 etin
2620 2012 2770 2066 villis
2789 2010 3038 2081 Bosinga
3058 2007 3228 2080 (775),
3268 2005 3527 2078 Mesinga
3543 2002 3714 2075 (776),
3746 2007 3879 2055 An-

2226 2103 2559 2160 cencimbra
2579 2102 2748 2173 (777),
2766 2099 3058 2154 Harthusa
3077 2097 3248 2170 (778),
3265 2088 3881 2164 Ursilinga(770),sitis

2227 2195 2285 2249 in
2320 2209 2465 2264 pago
2498 2195 2664 2255 Para,
2694 2194 2750 2245 et
2782 2189 2842 2243 in
2892 2187 3169 2243 comitatu
3221 2181 3563 2239 Hilthibaldi
3595 2179 3744 2250 (780)
3777 2194 3875 2232 co-

2231 2283 2389 2337 mitis
2421 2281 2622 2346 situm,
2643 2279 2714 2333 ad
2739 2275 3161 2333 monasterium
3186 2274 3243 2329 S.
3269 2268 3549 2344 Gregorii,
3579 2266 3730 2340 quod
3747 2267 3878 2338 jam

2228 2372 2442 2439 dictus,
2492 2371 2607 2426 Deo
2675 2373 2732 2423 et
2780 2364 3117 2422 hominibus
3166 2361 3432 2427 dilectus,
3499 2355 3877 2414 Gebehardus

2227 2460 2603 2533 episcopusa
2657 2456 3042 2510 fundamento
3101 2452 3160 2506 in
3218 2465 3392 2506 usum
3451 2445 3877 2502 monachorum

2229 2549 2374 2604 inibi
2405 2549 2519 2604 Deo
2577 2547 2686 2602 sub
2746 2542 2950 2616 regula
3005 2542 3063 2598 S.
3125 2537 3422 2596 Benedicti
3475 2533 3877 2601 servientium,

2228 2639 2302 2694 ob
2329 2637 2654 2693 remedium
2678 2635 2886 2689 animae
2909 2649 3027 2687 suae
3051 2632 3472 2702 parentumque
3494 2641 3756 2692 suorum,
3781 2623 3886 2679 de-

2228 2731 2355 2783 vota
2376 2741 2569 2781 mente
2587 2721 2927 2789 construxit,
2949 2724 3148 2776 nostro
3169 2717 3326 2790 regio
3344 2715 3627 2772 vellemus
3646 2713 3882 2768 tradere

2228 2821 2285 2872 et
2307 2815 2651 2871 confirmare
2674 2814 2978 2884 praecepto.
3005 2808 3174 2875 Nam,
3216 2809 3283 2862 ut
3311 2805 3497 2861 relatu
3539 2806 3879 2859 nostrorum

2229 2904 2542 2961 didicimus
2563 2901 2844 2970 fidelium,
2869 2917 2971 2972 per
2991 2896 3365 2953 traditionem
3397 2894 3560 2949 bonae
3582 2891 3879 2947 memoria:

2229 2995 2478 3051 domina:
2518 2991 2851 3063 Hadewigze
2901 2988 3068 3044 ducis
3117 2985 3267 3058 (781)
3320 2980 3878 3055 supranominatum

2231 3084 2516 3158 praedium
2532 3078 2837 3153 Epﬁndorf
2845 3093 2978 3133 cum
2996 3075 3268 3132 omnibus
3286 3073 3355 3129 ad
3377 3090 3436 3129 se
3454 3069 3886 3143 respicentibus

2233 3172 2488 3245 legitime
2511 3171 2582 3226 ad
2606 3170 2733 3240 jam
2764 3168 2987 3223 dictum
3024 3161 3287 3236 Gregorii
3317 3161 3566 3233 pertinet
3587 3159 3886 3214 monaste-

481 3245 946 3336 Babinbergengi
1002 3263 1292 3334 episc0po,
1327 3260 1480 3332 quod
1512 3259 1637 3330 ipse
1669 3259 1795 3329 jam
1845 3262 1984 3311 tunc
2015 3253 2129 3327 pri-
2164 3246 2205 3312 C
2244 3263 2416 3318 rium.
2443 3260 2604 3315 Unde
2625 3275 2751 3324 nos,
2779 3259 2913 3312 vota
2934 3259 2990 3310 et
3011 3253 3317 3327 petitiones
3339 3255 3460 3306 tam
3477 3248 3610 3304 boni
3637 3252 3694 3303 et
3712 3245 3887 3302 nobis

483 3353 664 3408 mitus
696 3356 1117 3417 construxerat,
1147 3349 1413 3418 subjecit.

660 3439 690 3509 §
716 3437 1004 3491 XXXVIX.
1047 3435 1316 3504 Quomodo
1335 3436 1622 3506 Epfmdorf
1643 3436 1946 3504 acquisivit.

555 3526 737 3598 Igitur
766 3523 1106 3595 supradicta
1133 3524 1434 3588 Hadewic,
1459 3522 1660 3576 relicta
1681 3520 1998 3576 Burchardi
2019 3521 2126 3575 du-

481 3615 585 3684 cis,
611 3618 743 3686 post
761 3613 988 3668 obitum
1011 3611 1200 3684 ipsius
1222 3611 1381 3666 dedit
1402 3611 1462 3664 B.
1489 3611 1608 3665 viro
1640 3608 1980 3664 Gebehardo
2005 3609 2126 3680 epi-

484 3721 658 3776 scopo
693 3702 888 3775 nepoti
922 3719 1028 3758 suo
1061 3703 1210 3772 (773)
1242 3699 1531 3773 praedium
1559 3698 2125 3770 Epﬁndorfdictum,

484 3795 557 3851 ad
589 3792 948 3865 stipendium
979 3792 1226 3846 fratrum
1258 3790 1318 3844 in
1352 3787 1704 3844 monasterio
1735 3788 1936 3860 ipsius,
1972 3788 2127 3859 quod

485 3883 701 3939 dicitur
729 3880 1122 3948 Peterishusa,
1156 3880 1271 3935 Deo
1303 3878 1683 3934 servientium
1710 3895 1723 3945 ;
1751 3877 1905 3949 quod
1932 3877 2129 3949 ipsum

557 3986 706 4058 (770)
737 3987 864 4040 Vid.
895 3991 1092 4042 Herm.
1129 4003 1222 4040 an.
1255 3987 1381 4056 973,
1414 3990 1470 4041 et
1498 3987 1554 4040 in
1585 3984 1803 4040 monito
1827 3985 2036 4056 praevio
2058 3984 2129 4040 ad

487 4075 614 4129 ejus
645 4058 860 4129 Vitam,
893 4074 1074 4129 supra
1103 4075 1158 4128 p.
1199 4058 1324 4129 240.

559 4128 708 4198 (701)
739 4127 904 4182 Nunc
924 4126 1290 4183 Hohentwiel
1314 4127 1714 4183 munitissima
1746 4126 2010 4199 Hegovias
2030 4145 2133 4182 arx

489 4200 704 4280 ducum
727 4199 1374 4280 VVuEtembergensium
1386 4242 1408 4280 ._
1420 4208 1458 4280 ᾼ
1468 4200 1552 4280 git
1564 4200 1638 4280 de
1651 4199 1758 4278 hoc
1776 4199 2131 4280 monasterio

490 4270 822 4335 Bucelinus,
849 4268 1294 4325 G-ermanfr’acr.
1319 4275 1362 4334 t,
1394 4268 1538 4334 [μὲι
1560 4269 1821 4337 Crusius,
1850 4270 2056 4326 Annal.
2091 4270 2130 4324 1.

490 4359 546 4376 τυ
602 4359 634 4376 n
704 4359 743 4376 Π
827 4356 853 4376 ι’·
936 4343 970 4376 Ο
1051 4341 1111 4376 Tn
1175 4357 1240 4376 an
1298 4345 1490 4376 innxon
1552 4341 1826 4376 Aonnnfnu
1882 4347 1968 4376 ραι
2032 4347 2130 4376 nn-

489 4359 655 4424 1v,.p.
704 4359 766 4407 11,
827 4356 876 4394 c.
936 4343 989 4395 9.
1051 4341 1240 4422 In.eo
1298 4345 1493 4395 tamen
1552 4341 1828 4411 deceptus
1882 4347 1972 4397 est
2032 4347 2132 4397 Bu-

490 4411 1338 4484 celmus,quod7Hadwmgem
1370 4410 1602 4484 Ruidolti
1644 4412 2131 4484 Burgundionum

492 4485 652 4564 regis.
677 4481 859 4564 filiam
881 4483 1055 4564 dicat,
1074 4481 1411 4564 cum'fuerit
1427 4481 1657 4564 genrici
1678 4481 1920 4564 Bavarize
1943 4485 2132 4550 ducis,

493 4553 690 4636 fratris
720 4553 1002 4636 Ottonisnl
1033 4555 1175 4636 imp:
1225 4554 1389 4636 Obiit
1426 4553 1966 4636 Barchardus‘dux.
2004 4557 2133 4636 ejus

493 4627 744 4682 maritus
774 4643 848 4681 an
877 4625 1020 4692 973;
1061 4625 1214 4681 unde
1262 4626 1332 4680 de
1375 4630 1638 4697 tempore
1679 4625 1906 4697 fundati
1953 4626 2133 4697 hujus

494 4697 835 4753 monasterii
862 4701 1090 4752 constat
1113 4713 1177 4768 ;q
1189 4715 1270 4751 uae
1283 4701 1476 4750 tamen
1497 4696 1792 4767 antiquior
1803 4714 1931 4752 esse
1943 4696 2132 4766 debet,

494 4768 698 4849 sivera
719 4768 927 4849 scribit
958 4767 1230 4849 IylabilIOn
1270 4769 1491 4849 (Annal,
1520 4772 1563 4821 t.
1593 4767 1695 4849 III,
1730 4785 1785 4839 p,
1818 4770 1944 4849 B77)
1970 4769 2136 4849 VYal-

495 4839 714 4892 fridum
733 4855 834 4894 seu
853 4838 1240 4910 Walfredum,
1267 4839 1367 4909 qui
1391 4839 1484 4893 hic
1521 4838 1748 4910 primus
1789 4838 1968 4894 abbas
1998 4840 2134 4895 dici-

495 4915 612 4990 tur,
628 4910 754 4990 jam
781 4909 1220 4990 a..880.obii‘s'se.
1245 4914 1406 4965 Certe
1425 4911 1482 4964 in
1514 4910 1924 4990 antiquissimo
1945 4911 2139 4990 Socie-

497 4983 684 5034 tatum
705 4980 1084 5050 Augiensium
1105 4981 1253 5035 libro
1277 4985 1633 5036 memoratur
1658 4980 1689 5030 ἒς
1717 4981 1903 5037 Duelli
1929 4983 2138 5039 domus

498 5051 681 5106 abbas
712 5051 1061 5122 Wralfredus.
1093 5075 1119 5100 ››
1150 5053 1260 5106 Sex
1289 5052 1482 5106 adhuc
1503 5053 1632 5122 ejus
1659 5069 2025 5109 successores
2045 5061 2138 5110 ab-

500 5124 666 5202 bates
703 5121 937 5202 exhibet
964 5121 1159 5202 Gallia
1179 5123 1512 5202 Christiana
1612 5123 1680 5194 V,
1728 5142 1782 5195 p.
1813 5125 1934 5202 933_
1952 5143 2140 5202 usque

499 5194 1045 5275 adfljrudwingum,
1062 5195 1181 5275 sub
1223 5212 1356 5275 quo‘
1374 5196 1595 5275 a,_.10t)5
1625 5194 2142 5275 monasteriumjl-

497 5265 600 5320 lud
621 5265 877 5320 Steinam
897 5265 1255 5320 translatum
1280 5269 1385 5321 est.
1421 5266 1583 5322 Unde
1616 5267 1769 5323 Quod
1801 5268 2004 5322 scribit
2033 5269 2139 5323 Ec-

499 5337 797 5418 liehardus
823 5353 950 5418 cap.
985 5339 1051 5418 1_0
1081 5337 1151 5418 de
1179 5342 1305 5418 Cas.
1340 5340 1395 5392 S.
1427 5337 1970 5418 Gallinlladwingen
1994 5356 2142 5418 mor-

498 5412 598 5462 tuo
621 5409 830 5462 marito
860 5409 1192 5464 Burchardo
1217 5409 1382 5476 duce,
1408 5427 1460 5464 a.
1491 5411 1596 5463 973
1635 5409 2054 5465 monasterium
2081 5411 2141 5466 in

504 5483 704 5560 monte
719 5479 916 5560 Duello
934 5485 1186 5560 statuere
1200 5498 1284 5560 cm
1293 5480 1464 5560 pisse,
1486 5481 1516 5533 d
1527 5497 1555 5534 e
1579 5480 1786 5560 prioris
1801 5482 2142 5536 monasterii

500 5551 923 5630 restauratione
945 5552 1281 5630 accipienda
1293 5550 1348 5605 in
1361 5550 1613 5630 videtur;
1638 5550 1696 5604 in
1712 5568 1886 5621 quem
1900 5568 2140 5607 sensum

501 5623 559 5694 et
577 5618 676 5694 alii
705 5625 970 5694 auctores
1007 5618 1448 5694 interpretandi.
1485 5618 1770 5694 Caeterum
1814 5622 1968 5694 inter
1998 5623 2142 5679 istos

501 5690 740 5749 abbates
767 5690 1256 5752 Watzemannum
1288 5691 1495 5750 Duellii
1518 5692 1788 5748 abbatem
1811 5693 2142 5751 Eckehardo

2164 4615 2210 4682 Ι)
2242 4630 2406 4687 Silva
2437 4634 2480 4685 t.
2515 4628 2555 4683 l.

2237 3350 2432 3406 dilecti
2451 3347 2557 3404 viri
2580 3349 2913 3419 sequentes,
2933 3344 3223 3399 donamus
3236 3344 3409 3412 atque
3427 3337 3710 3411 largimur
3731 3352 3888 3407 saepe

2228 3441 2356 3510 jam
2375 3438 2597 3493 dictum
2621 3435 2904 3508 praadium
2925 3431 3567 3505 Epfindorfcunctaque
3589 3444 3696 3483 sua
3712 3425 3892 3498 perti-

2239 3528 2454 3597 nentia,
2468 3524 2690 3582 scilicet
2707 3540 2839 3578 cum
2855 3521 3025 3588 areis,
3042 3519 3324 3589 aedificiis,
3345 3516 3655 3589 mancipiis
3669 3514 3894 3571 utrius-

2239 3633 2352 3688 que
2369 3631 2540 3671 sexus
2553 3659 2566 3682 ,
2583 3612 2754 3667 terris
2767 3609 2940 3667 cultis
2957 3613 3014 3664 et
3029 3609 3289 3675 incultis,
3309 3607 3486 3681 agris,
3512 3604 3719 3678 pratis,
3735 3621 3894 3660 cam-

2238 3704 2350 3776 pis,
2373 3702 2628 3774 pascuis,
2649 3699 2856 3766 vineis,
2878 3698 3108 3765 vinetis,
3134 3697 3316 3764 silvis,
3343 3695 3512 3768 aquis
3530 3709 3892 3767 aquarumve

2238 3792 2602 3856 decursibus,
2629 3788 3075 3862 piscationibus,
3096 3784 3471 3852 molendinis,
3491 3783 3599 3838 viis
3617 3787 3672 3838 et
3690 3781 3890 3850 inviis,

2240 3880 2489 3936 exitibus
2504 3883 2560 3935 et
2575 3875 3152 3948 reditibus,quaesitis
3167 3879 3224 3931 et
3238 3867 3894 3946 inquirendis,cunctis-

2240 3986 2452 4044 seniori
2475 3985 2902 4042 amicissimum
2923 3985 3061 4040 circ.
3087 4001 3139 4038 a.
3184 3982 3291 4037 975
3338 3979 3521 4036 fuisse
3569 3976 3772 4034 scribit
3789 3977 3894 4048 ju-

2243 4060 2390 4124 nior,
2423 4057 2462 4113 l.
2497 4075 2569 4124 c.,
2604 4074 2738 4127 cap.
2761 4055 2852 4126 H,
2886 4072 2940 4127 p.
2972 4055 3062 4109 53.

2312 4117 2459 4201 (772)
2483 4117 2784 4184 Contraria
2804 4117 2920 4201 hac
2940 4129 3083 4201 sunt
3108 4123 3182 4180 iis
3208 4141 3334 4195 quae
3374 4123 3432 4201 i_n
3457 4117 3893 4201 GalliaCh-rist.

2241 4201 2280 4257 l.
2315 4189 2366 4257 ὸ.
2399 4189 2708 4267 habentur,
2741 4198 3062 4254 Steineinse
3092 4189 3516 4267 monasterium
3539 4209 3592 4267 a
3625 4189 3895 4267 S._Hein-

2242 4274 2360 4328 rico
2391 4273 2534 4344 imp.
2577 4262 2804 4344 egregie
2834 4271 3047 4344 fuisse
3105 4269 3414 4344 dotatum.‘
3453 4262 3895 4344 Subjectionem

2240 4362 2372 4400 vero
2397 4345 2466 4399 ad
2478 4332 2810 4399 'Eccltasiam
2834 4341 3319 4412 Bambergensem
3340 4337 3518 4395 etiam
3556 4332 3767 4461 probat
3791 4332 3897 4388 0t-

2241 4416 2397 4461 tnnie
2414 4413 2667 4461 enignnni
2688 4413 2935 4461 enistnla
2951 4414 3019 4461 ad
3040 4413 3332 4461 subiectos
3350 4407 3462 4461 sibi
3479 4407 3551 4461 ab
3598 4411 3721 4460 ates
3738 4404 3897 4458 circa

2241 4416 2397 4472 tonis
2414 4413 2670 4486 episcopi
2688 4413 3021 4486 epistolaad
3040 4407 3332 4486 subjectos
3350 4407 3462 4486 sibi
3479 4407 3721 4486 abbates
3738 4407 3900 4486 circa

2243 4433 2670 4541 tomsgnscopi
2688 4433 2935 4486 epistma
2951 4433 3021 4468 aa
3040 4433 3107 4468 su
3118 4433 3332 4482 ojectos
3350 4433 3462 4465 sun
3479 4433 3721 4463 auuqu
3738 4433 3900 4458 υιιύσ.

2243 4505 2295 4543 a.
2332 4489 2391 4541 11
2495 4503 2507 4542 :
2540 4488 2692 4540 inter
2716 4484 3058 4556 quosetiam
3077 4488 3170 4556 est
3189 4484 3320 4556 Qtto
3357 4478 3638 4556 abbasin
3653 4475 3901 4556 steinde

2239 4559 2309 4614 D.
2346 4557 2537 4613 Blasio
2563 4546 2801 4612 missus.
2833 4555 2964 4611 Vid.
2997 4555 3144 4611 Cels.
3177 4553 3485 4618 Gebertus,
3518 4549 3668 4604 llist.
3701 4546 3900 4620 Nigra:

2242 4630 2406 4682 Silvae
2437 4634 2480 4682 t.
2515 4628 2555 4682 1.
2601 4645 2654 4682 D.
2689 4628 2817 4682 433.

2327 4647 2406 4685 va
2437 4645 2480 4685 t.
2516 4645 2555 4683 1.
2601 4645 2654 4700 p.
2689 4645 2817 4682 4.5.3.

2321 4702 2469 4782 (233)
2493 4699 2632 4782 ,Υἱός
2664 4699 2921 4782 Deque:
2953 4697 2983 4782 ἓ
3016 4698 3102 4765 ί4ν
3135 4714 3193 4782 P-
3221 4697 3348 4782 23.32-

2318 4759 2465 4842 (774)
2493 4772 2691 4827 Exstat
2725 4759 2833 4826 hoc
2868 4759 3206 4842 diplomain
3230 4764 3503 4842 AGerberti
3530 4762 3678 4842 Hist.
3722 4759 3900 4816 Silvae

2246 4833 2501 4925 Nigrae't,
2637 4859 2695 4925 Ρ.
2714 4833 2957 4925 ηερῐῶ
2978 4837 3491 4925 Βᾳρὶςὶἰὸρίοξιᾷε.
3510 4833 3715 4892 eccles.
3734 4849 3904 4903 p.1n,

2248 4913 2370 4988 p.71
2411 4915 2462 4988 4,
2495 4914 2603 4988 etsi
2621 4913 2692 4988 in
2723 4913 2933 4988 ultimo
2965 4913 3110 4988 satis
3135 4914 3513 4988 corruptum.

2341 4979 2468 5055 775)
2503 4986 2811 5057 Bosingen,
2843 4985 2904 5057 in
2936 4979 3514 5057 capituloBottweil.

2341 5060 2470 5124 776)
2500 5055 3058 5127 Hoeh-Mossingen,
3089 5055 3328 5127 ibidem.

2341 5119 2468 5194 777)
2497 5129 2847 5192 Zimmeren,
2888 5119 3116 5192 itidem,
3183 5125 3272 5180 vel
3337 5119 3907 5178 Herrenzimmeren.

2343 5200 2470 5268 778)
2504 5198 2744 5262 Filialis,
2773 5199 2882 5253 sub
2916 5195 3504 5268 Epﬁndorihibidem.

2324 5266 2472 5339 (779)
2504 5268 2838 5339 Urslingen,
2872 5266 3026 5323 infra
3054 5266 3393 5322 Rotwilam.

2323 5333 2470 5411 (780)
2515 5333 2867 5394 Hiltibaldus
2916 5339 3316 5394 accensendus
3346 5340 3437 5411 est
3474 5333 3793 5411 comitibus
3846 5333 3918 5390 in

2252 5405 2721 5475 Bertho'ltisbara,
2757 5427 2905 5480 quos
2947 5411 3138 5465 varios
3159 5427 3190 5465 e
3221 5410 3440 5465 chartis
3472 5407 3706 5480 exhibet
3730 5405 3917 5461 Herr-

2252 5487 2472 5554 gottus,
2489 5481 2621 5554 t,_I_I,
2642 5481 2712 5554 ad
2733 5478 2867 5554 saec.
2890 5498 2991 5535 vm
3015 5487 3072 5554 et
3094 5498 3167 5549 Ix,
3192 5481 3421 5554 nullum
3441 5496 3574 5554 vero
3596 5478 3779 5549 hujus
3800 5493 3918 5533 no-

2254 5552 2451 5609 minis.
2485 5552 2616 5625 \fid,
2651 5552 2988 5625 Gerbertus,
3023 5552 3059 5607 Ι.
3093 5569 3142 5608 c.
3169 5558 3209 5609 t.
3245 5553 3285 5621 l,
3318 5570 3375 5625 p7.
3406 5553 3530 5607 150.

2324 5624 2472 5696 (781)
2505 5623 2788 5696 Defuncto.
2819 5617 2999 5696 igitur
3020 5626 3148 5696 jam
3169 5617 3298 5681 erat
3320 5617 3471 5696 'hoc
3488 5620 3760 5696 anno._ln
3777 5617 3917 5696 Ne-

2253 5690 2394 5754 crol.
2417 5690 2745 5756 Petershus.
2767 5690 2921 5752 adizB
2936 5690 3086 5769 Aug.
3108 5701 3342 5755 notatur
3356 5693 3631 5756 Hadewic
3653 5690 3916 5748 ductrix.
