4152 6186
271 320 385 391 381

268 546 547 616 possunt,
576 543 767 601 eidem
808 547 951 617 jam.
993 547 1150 605 dicto
1209 552 1562 608 monasterio
1595 552 1656 608 in
1704 553 1924 611 honore

265 630 328 688 S.
352 630 622 705 (ἰκεοῶ
650 638 1006 707 constructo,
1040 652 1145 693 nec
1172 655 1288 694 non
1336 644 1393 696 et
1450 641 1753 698 monachis
1809 644 1921 700 sub

266 737 477 779 norma
504 721 565 781 Ss
597 714 896 781 Benedicti
927 725 1047 782 Deo
1077 726 1157 782 ibi
1188 727 1602 798 militantibus,
1632 735 1808 805 atque
1854 749 1923 789 ex

264 808 494 882 integre
517 810 1025 884 denostrojurein
1054 831 1257 871 eorum
1289 819 1761 877 transfundimus
1794 822 1917 893 jus.

264 897 519 969 Insuper
543 898 727 957 etiam
740 901 939 957 omnia
954 907 1158 959 nostra
1187 905 1350 977 regia
1403 908 1748 964 auctoritate
1778 926 1919 965 con-

267 986 604 1055 ﬁrmamus,
637 1006 763 1061 qua:
784 990 965 1061 jama
996 998 1195 1049 nostro
1246 992 1457 1051 dilecto
1484 996 1753 1069 episcopo
1813 998 1919 1055 Ge-

268 1074 552 1142 bebardo,
574 1077 660 1133 vel
690 1078 763 1132 ab
797 1078 913 1134 alia
943 1079 1208 1151 qualibet
1237 1098 1507 1153 persona.
1536 1101 1751 1157 magna
1799 1087 1922 1143 sive

266 1179 471 1234 parva,
500 1165 575 1221 ad
605 1166 869 1238 idipsum
901 1170 1325 1226 monasterium
1374 1172 1590 1229 tradita
1638 1179 1779 1231 sunt
1831 1176 1920 1231 vel

264 1252 556 1315 tradenda
579 1260 775 1322 erunt,
815 1256 897 1313 ita
927 1261 993 1312 ut
1016 1258 1188 1315 ﬁrma
1215 1264 1274 1315 et
1302 1259 1649 1318 inconvulsa
1678 1280 1744 1319 ac
1791 1281 1919 1337 per-

266 1342 582 1413 petualiter
610 1344 685 1400 ab
712 1345 872 1401 omni
903 1345 1277 1404 infestatione
1307 1348 1645 1423 incorrupta
1692 1369 1920 1424 perma-

268 1436 463 1499 neant,
500 1448 609 1489 nec
636 1433 1076 1506 importunitate
1112 1436 1567 1509 malignantium
1591 1458 1756 1497 sacro
1796 1442 1922 1498 loco

263 1519 465 1593 aliqum
483 1521 773 1583 inferatur
800 1525 1089 1581 molestia.
1124 1527 1210 1594 Et,
1244 1532 1308 1582 ut
1368 1527 1477 1584 hac
1509 1534 1717 1586 nostra:
1768 1532 1922 1589 32!

264 1609 439 1685 regis:
458 1610 797 1670 donationis
837 1614 1072 1671 traditio
1118 1615 1191 1670 ab
1248 1615 1358 1672 hac
1413 1617 1557 1673 hora
1630 1624 1698 1675 ut.
1752 1625 1924 1677 antea

263 1699 435 1757 ﬁrma
459 1701 769 1766 consistat,
802 1701 911 1758 hoc
940 1708 1151 1759 nostra:
1184 1704 1517 1761 donationis
1570 1713 1921 1781 praeceptum

262 1787 409 1846 inde
428 1790 832 1863 conscriptum
865 1791 1043 1863 sigilli
1061 1794 1246 1849 nostri
1275 1794 1662 1866 impressione
1691 1798 1925 1870 signare
1951 1834 2000 1899 Β

259 1877 881 1953 jussimus,manuque
911 1882 1164 1954 propria,
1201 1888 1265 1939 ut
1293 1883 1442 1940 infra
1474 1884 1918 1957 videtur,eorro-

269 1966 632 2027 boravimns.

337 2080 365 2106 «
394 2057 635 2128 Signum
663 2057 874 2115 domini
901 2060 1116 2117 Gitonis
1137 2062 1526 2133 gloriosissimi
1552 2068 1714 2137 regis.
1750 2066 1918 2123 Hilti-

269 2146 481 2203 boldus
508 2148 824 2220 episcopus
852 2155 912 2205 et
928 2150 1316 2208 cancellarius
1345 2153 1468 2209 vice
1507 2154 1785 2228 Willigisi
1822 2174 1919 2211 ar—

268 2235 625 2309 chiepiscOpi
660 2238 983 2310 recognovi.

338 2348 367 2375 ι(
399 2324 547 2381 Data
568 2343 609 2381 ιι
630 2326 1100 2393 Non.Novemb.,
1131 2348 1285 2387 anno
1307 2332 1616 2388 Dominiees
1652 2336 1922 2389 lnearna-

260 2414 439 2471 tionis
458 2416 1283 2489 nccocxcrv(782),indictionc
1300 2437 1565 2487 vu,anno
1589 2427 1786 2478 autem
1810 2428 1923 2479 ter-

264 2503 576 2559 tiiOttonis
598 2505 900 2577 regnantis
922 2508 1219 2563 XLActum
1243 2508 1593 2581 Ingilnheim
1617 2510 1874 2568 feliciter.
1896 2533 1923 2561 »

619 2646 651 2720 §
672 2646 814 2703 XLI.
847 2648 922 2704 De
951 2651 1294 2705 ornamentis
1314 2650 1576 2708 ecclesia.

339 2768 683 2826 Multasane
702 2770 766 2825 B.
790 2770 1171 2828 Gebehardus
1188 2773 1334 2829 satis
1364 2773 1643 2845 praeclara
1663 2779 1722 2831 et
1750 2776 1929 2832 hono-

276 2861 437 2915 riﬁca
461 2859 708 2915 mobilia
734 2864 1081 2916 ornamenta
1108 2860 1321 2917 dilecto
1344 2862 1454 2917 sibi
1502 2862 1627 2919 loco
1676 2864 1930 2937 acquisi-

288 2948 506 3021 vitquze
520 2964 739 3021 magna
749 2964 815 3004 ex
828 2953 989 3021 parte
1004 2966 1189 3021 quoru
1200 2951 1395 3007 mdam
1410 2951 1717 3008 hominum
1733 2954 1935 3027 nequi-

287 3038 365 3094 tia
393 3037 773 3110 dissipavit...

986 3136 1016 3209 §
1046 3136 1213 3192 XLII.

1154 327 1607 391 CHRONICON
1652 332 2371 399 PETERSHUSANUM.
2406 371 2483 384 —
2515 340 2667 401 LIB.
2711 340 2789 403 II.

271 468 386 526 que
415 452 531 510 alis
560 454 915 515 utensilibus
945 475 1073 530 qua:
1107 459 1299 517 adhuc
1322 460 1436 517 diei
1469 467 1571 519 aut
1628 464 1917 522 nominari
1944 466 2002 534 Α

3561 345 3679 409 322

2100 558 2266 613 Anno
2283 560 2595 617 Dominicaa
2610 561 2812 618 Incarn
2821 564 3035 619 ationis
3055 552 3526 639 occecxcm,post
3545 587 3683 625 con-

2030 646 2412 704 secrationem
2434 652 2774 707 monasterii
2793 670 2945 710 anno
2963 654 3530 729 II,Periggerus(983)
3557 659 3681 730 pri-

2030 751 2165 790 mus
2202 737 2389 793 abbas
2420 739 2776 796 constitutus
2796 746 2903 797 est.

2074 826 2101 891 §
2131 824 2297 880 XLV.
2325 827 2438 894 Quo
2486 835 2723 900 tempore
2761 831 2825 884 Β.
2860 831 3203 887 Gebehardus
3234 834 3405 887 vitam
3433 834 3636 903 ﬁnivit.

2101 913 2321 969 Dehinc
2348 932 2502 971 anno
2534 923 2765 989 quarto,
2798 918 2908 974 hoc
2933 925 3040 985 est,
3062 920 3375 976 Dominicae
3408 924 3681 979 Incarna-

2027 999 2209 1056 tionis
2226 1018 2527 1060 cccccxcw
2551 1008 2722 1077 (784),
2757 1007 3144 1063 ordinationis
3158 1008 3682 1080 ipsiusxvx,beatus

2029 1094 2086 1145 et
2113 1092 2462 1149 venerabilis
2496 1095 2807 1168 episcopus
2866 1096 3244 1152 Gebehardus
3294 1098 3679 1170 temporalem

2030 1180 2186 1235 823
2214 1181 2397 1236 vitam
2430 1182 2639 1248 ﬁnivit,
2671 1189 2728 1239 et
2757 1185 2828 1240 ad
2856 1189 3132 1240 aeternam
3180 1186 3471 1251 transivit,
3528 1204 3683 1244 anno

2029 1284 2111 1322 xu
2136 1268 2365 1346 imperii
2389 1270 2621 1326 Ottonis
2649 1273 3044 1340 tertii,indict,
3078 1291 3154 1340 Ix,
3180 1273 3563 1347 sepultusque
3593 1281 3684 1333 est

2028 1355 2090 1410 in
2114 1356 2359 1413 ecclesia
2382 1375 2560 1429 quam
2588 1360 2714 1432 ipse
2753 1366 3175 1426 construxerat,
3236 1363 3293 1417 in
3355 1364 3679 1420 meridiana

2031 1444 2257 1509 absida,
2289 1446 2532 1503 feliciter
2559 1454 2732 1519 atque
2761 1449 3030 1521 gloriose.
3055 1450 3314 1523 Denique
3345 1453 3680 1524 sepulcrum

2032 1534 2159 1603 ejus
2187 1535 2599 1591 venustissime
2625 1539 2961 1593 decoratum
2996 1539 3290 1610 praeclaris
3320 1542 3683 1597 ornamentis

2032 1624 2465 1694 conspeximus.
2499 1626 2642 1681 Nam
2667 1644 2701 1679 a
2731 1626 2918 1698 capite
2940 1628 3147 1682 habuit
3178 1628 3361 1685 altare
3388 1630 3448 1683 in
3464 1629 3685 1686 honore

2031 1714 2087 1764 S.
2122 1711 2415 1767 Benedicti
2450 1714 2806 1781 dedicatum,
2841 1715 2940 1771 ubi
2990 1716 3251 1787 quotidie
3295 1718 3454 1788 prior
3501 1719 3686 1776 missa

2031 1800 2370 1855 cauebatur.
2410 1802 2605 1857 Eidem
2640 1802 2845 1858 altario
2870 1805 3134 1875 apposita
3190 1811 3315 1860 erat
3362 1806 3565 1862 tabula
3623 1807 3683 1863 in

2027 1887 2286 1944 inferiori
2310 1895 2471 1961 parte
2495 1891 2719 1945 habens
2750 1891 3071 1963 imaginem
3114 1892 3374 1960 Domini,
3408 1895 3480 1947 ad
3515 1895 3685 1965 cujus

2026 1979 2290 2033 dextram
2310 1978 2504 2051 imago
2534 1980 2592 2034 S.
2619 1979 2899 2052 Gregorii,
2932 1979 2991 2033 in
3024 1980 3265 2035 sinistra
3295 1996 3428 2035 vero
3475 1983 3534 2037 S.
3569 1982 3678 2038 Ge-
3713 1969 3737 1992 ’

2027 2065 2290 2134 behardi,
2317 2064 2377 2121 in
2409 2060 2695 2140 superiori
2718 2072 2910 2123 autem
2939 2072 3103 2140 parte
3158 2069 3423 2140 ejusdem
3473 2069 3684 2126 tabulas

2027 2159 2199 2210 erant
2225 2153 2457 2209 laminae
2489 2156 2559 2210 de
2590 2172 2770 2227 cupro
2802 2156 2965 2211 facta;
2995 2157 3201 2224 alfixzn,
3236 2156 3292 2210 in
3328 2158 3548 2228 quibus
3574 2158 3683 2215 hoc

2028 2241 2390 2315 epitaphium
2444 2244 2635 2299 aureis
2665 2243 2873 2299 litteris
2894 2249 2983 2299 est
3013 2244 3406 2316 conscriptum
3433 2265 3446 2302 :

2187 2331 2373 2395 Debita
2402 2345 2526 2393 pars
2555 2335 2731 2388 terrm,
2763 2331 3006 2381 fallentia
3032 2336 3276 2395 tempora
3302 2348 3514 2395 sperne,

2184 2393 2249 2442 Et
2277 2407 2571 2457 memorare
2602 2400 2723 2445 tuae.
2758 2408 2920 2457 quam
2951 2393 3177 2444 testatur
3205 2393 3346 2446 cinis
3382 2400 3499 2447 iste.

2188 2456 2569 2524 Gentishonor
2595 2461 2792 2524 nostra:
2810 2456 2953 2520 jacet
2976 2458 3079 2524 hic,
3106 2460 3278 2524 gentis
3299 2458 3465 2524 dolor,
3499 2463 3658 2524 atque

2191 2518 2408 2582 Praefuit
2437 2518 2522 2566 hic
2553 2519 2696 2582 urbi.
2721 2518 2912 2567 cuncto
2944 2520 3035 2569 sed
3068 2518 3271 2582 profuit
3298 2522 3433 2577 orbi,

2195 2581 2446 2644 Haecque
2478 2582 2584 2629 Deo
2611 2581 2793 2631 sedem
2824 2582 3006 2643 templi
3030 2581 3277 2632 fundavit
3305 2588 3358 2632 et
3384 2584 3573 2643 aedem,

2192 2644 2337 2692 Harti
2366 2647 2594 2692 terrenae
2625 2645 2761 2693 Deus
2792 2645 3046 2704 ignocens
3076 2646 3348 2701 miserere,

2196 2706 2376 2754 Redde
2406 2706 2571 2753 vicem
2598 2705 2775 2767 justm,
2808 2707 2935 2768 quia
2963 2710 3014 2755 te
3045 2706 3301 2756 dilexerat
3330 2710 3426 2757 iste
3460 2709 3615 2771 (785).

2428 2787 2456 2850 ἒ
2485 2784 2674 2840 XLVI.
2702 2786 2773 2840 De
2802 2793 2999 2840 ornatu
3028 2789 3283 2857 sepulcri.

2111 2874 2173 2929 In
2202 2873 2453 2928 circuitu
2486 2872 2737 2944 sepulcri
2777 2872 2833 2927 in
2860 2890 3026 2930 muro
3086 2874 3346 2947 quinque
3401 2874 3688 2932 columna:

2036 2966 2203 3019 erant
2231 2962 2302 3017 de
2319 2978 2501 3034 gypso
2520 2960 2959 3031 factae,quarum
2991 2963 3262 3035 capitella
3291 2969 3349 3021 et
3378 2982 3550 3021 arcus
3572 2965 3683 3022 ele-

2038 3050 2200 3125 ganti
2226 3050 2530 3123 sculptura
2557 3050 2765 3118 ornati,
2790 3050 2891 3106 sed
2922 3055 2980 3106 et
3000 3052 3252 3125 desuper
3280 3059 3446 3110 erant
3466 3054 3607 3111 vites
3632 3058 3691 3112 et

2040 3139 2300 3195 volatilia
2318 3144 2375 3195 et
2396 3138 2799 3210 quadrupedia
2828 3140 3099 3196 decenter
3122 3141 3391 3210 formata,
3420 3143 3491 3198 ad
3515 3147 3693 3216 caput

350 3241 572 3298 Verum
603 3243 848 3299 antistes
878 3243 1259 3300 Gebehardus
1290 3245 1439 3301 duas
1461 3261 1707 3301 coronas
1728 3262 1930 3319 argen-

2044 3232 2239 3285 autem
2271 3228 2399 3298 ejus
2434 3225 2631 3299 imago
2666 3227 2959 3293 Crueiﬁxi,
2983 3232 3097 3298 eta
3128 3230 3327 3286 dextro
3374 3229 3556 3286 latere
3603 3232 3692 3304 ja-

286 3335 417 3387 teas
445 3331 668 3398 fecerat,
699 3348 953 3403 quarum
984 3333 1238 3388 unamin
1270 3333 1466 3402 choro,
1500 3335 1743 3391 alteram
1796 3352 1930 3391 sus-

289 3419 470 3492 pendi
498 3419 695 3476 fecerat
716 3425 852 3476 ante
880 3437 1113 3477 crucem
1144 3422 1205 3476 in
1235 3422 1596 3479 vestibulo...

977 3550 1004 3615 ς
1036 3546 1224 3601 XLIII.

350 3668 675 3741 Laquearia
702 3668 994 3741 siquidem
1026 3669 1282 3725 basilicis
1314 3669 1573 3742 undique
1606 3686 1707 3742 per
1757 3670 1931 3727 inter-

273 3756 426 3812 valta
456 3757 640 3814 bullis
657 3758 955 3814 deauratis
977 3759 1224 3825 ornavit,
1258 3775 1435 3830 super
1453 3759 1697 3814 chorum
1718 3776 1850 3816 vero
1865 3760 1927 3816 in

275 3845 478 3903 tabula
505 3846 794 3919 singulari
828 3846 1143 3918 imaginem
1189 3847 1246 3901 S.
1297 3847 1399 3902 Dei
1440 3847 1683 3920 genitris
1739 3851 1927 3905 Marias

274 3951 415 3991 auro
430 3939 495 3990 et
513 3933 756 4007 optimis
776 3934 1069 3990 coloribus
1091 3932 1326 4007 depingi
1352 3935 1565 4001 fecit,et
1590 3952 1693 4009 per
1713 3937 1928 3994 circui-

273 4025 395 4080 tum
408 4022 846 4097 ejusimagines
858 4041 941 4079 xu
958 4022 1359 4097 apostolorum
1375 4022 1436 4079 in
1453 4026 1695 4082 modum
1714 4027 1927 4095 erucis;

274 4128 398 4186 qua:
427 4113 640 4170 omnia
670 4113 798 4169 istis
808 4114 935 4185 jam
963 4114 1331 4185 temporibus
1374 4114 1699 4186 antiquitas
1741 4116 1929 4189 coegit

276 4202 559 4259 desistere
589 4217 720 4258 esse
750 4202 906 4274 quod
940 4203 1239 4257 fuerant...

2037 3316 2222 3373 centis
2251 3316 2448 3387 imago
2480 3315 2666 3387 ipsius
2700 3316 2755 3369 in
2790 3316 2980 3371 medio
3012 3321 3291 3390 tanquam
3320 3319 3391 3373 ad
3424 3318 3685 3375 ofﬁcium

2036 3404 2237 3461 altaris
2251 3403 2437 3475 parati
2471 3403 2908 3475 pontificalibus
2940 3406 3420 3473 indumentis,cui
3445 3407 3683 3463 assiste-

2035 3495 2224 3550 banta
2249 3494 2450 3549 dextra
2472 3494 2723 3565 laevaque
2754 3492 3158 3549 ministrorum
3180 3496 3308 3566 ejus
3340 3496 3687 3568 ﬁgurae,una

2036 3582 2260 3639 habens
2291 3582 2530 3646 librum,
2563 3581 2741 3637 altera
2772 3599 2904 3638 vero
2930 3583 3196 3652 linteum,
3230 3589 3286 3639 et
3332 3584 3443 3639 hoc
3494 3589 3683 3641 totum

2037 3673 2256 3745 optime
2276 3672 2347 3726 de
2368 3688 2552 3744 gypso
2565 3672 3107 3745 formatumesum
3132 3677 3326 3728 autem
3347 3674 3684 3744 sepulcrum

2037 3766 2161 3818 erat
2186 3764 2350 3831 juxta
2371 3766 2582 3833 cryptae
2612 3759 2914 3815 introitum
2938 3777 3006 3815 ex
3034 3761 3252 3816 tabulis
3283 3760 3591 3832 quadrinis
3650 3779 3685 3817 a

2035 3855 2193 3908 terra
2223 3849 2610 3914 sublevatum,
2639 3853 2812 3920 atque
2843 3848 3020 3919 tapeti
3047 3848 3267 3920 jugiter
3323 3853 3683 3919 coopertum,

2038 3939 2236 4008 ubi,ad
2261 3937 2781 3993 demonstrandam
2807 3936 3145 3991 meritorum
3170 3939 3298 4007 ejus
3334 3936 3691 4009 magnitudi-

2037 4043 2193 4093 nem,
2228 4026 2537 4081 miserator
2564 4029 2621 4079 et
2648 4023 2978 4080 misericors
3009 4025 3292 4081 Dominus
3337 4026 3687 4099 plerumque

2037 4113 2286 4171 diversis
2315 4113 2670 4186 aegrimoniis
2694 4130 2798 4186 pro
2820 4131 2927 4169 sua
2950 4115 3166 4189 pietate
3196 4115 3469 4172 medetur
3498 4130 3689 4188 usque

2035 4203 2097 4259 in
2130 4207 2476 4275 praesentem
2508 4203 2663 4259 diem
2695 4202 2863 4276 (786).

1237 4337 1643 4425 INCIPIT
1705 4340 2048 4428 LIBER
2107 4338 2744 4427 SECUNDI‘S.

439 4487 602 4545 824
632 4489 660 4555 §
692 4488 733 4543 l.
768 4487 1039 4557 Quomodo
1070 4489 1371 4544 Tuscinanc
1400 4492 1749 4562 acquisitum.

343 4576 664 4649 Postquam
677 4578 738 4632 Β.
774 4577 1031 4650 pontifex
1059 4577 1437 4634 Gebehardus
1460 4594 1528 4635 ex
1557 4579 1667 4635 hoe
1706 4582 1927 4638 mundo

343 4701 497 4785 (782)
527 4702 659 4785 Non
676 4719 830 4785 ergo.
856 4702 1112 4785 primum
1162 4720 1259 4759 an.
1320 4703 1459 4785 4907
1517 4704 1637 4785 haec
1691 4706 1927 4785 traditio

279 4771 425 4846 facta
456 4771 570 4838 est,
605 4778 669 4829 ut
698 4771 902 4830 scribit
929 4774 1193 4835 Crusius,
1228 4775 1397 4846 p.II,I.
1425 4793 1478 4829 v.
1512 4793 1561 4831 c.
1594 4780 1649 4844 2,
1678 4782 1736 4832 et
1778 4778 1925 4833 Bru—

276 4844 869 4929 schhlns,‘quo‘errore
898 4845 1072 4929 etiam
1100 4844 1734 4929 galliachristiana-(I.
1865 4866 1921 4921 p,

278 4914 433 4987 ωας)
464 4914 710 4989 abrepta
737 4916 972 4983 cst,haae
1003 4918 1075 4973 ad
1100 4917 1453 4973 Erlemboldi
1500 4914 1728 4973 abbatis
1775 4914 1922 4975 tem-

280 5003 413 5057 pora
436 4988 717 5044 referens.

340 5059 492 5128 (783)
526 5065 602 5114 De
634 5060 743 5115 hoc
774 5058 983 5114 abbate
1011 5058 1129 5114 vid.
1165 5076 1346 5131 supra
1375 5059 1406 5131 §
1435 5060 1525 5113 26.

338 5131 492 5197 (785)
522 5135 897 5187 Hermannus
928 5131 1101 5187 habet
1130 5130 1385 5199 anf995,
1411 5132 1511 5187 sed
1544 5130 1783 5187 indictio
1833 5149 1920 5189 re-

312 5206 515 5256 mmet.

275 5216 696 5346 puéggi'auud
723 5273 959 5328 additur
985 5272 1344 5346 epitaphium
1368 5289 1436 5346 ex
1456 5272 1720 5346 antiquo
1772 5273 1920 5329 libro

268 5344 594 5417 Steinensis
621 5346 979 5413 monasterii,
1004 5344 1061 5400 in
1085 5344 1201 5416 quo
1231 5361 1286 5398 vI
1310 5344 1919 5417 Kal.Sept.defunctus

272 5414 486 5470 dicitur
512 5432 617 5488 seu
641 5418 710 5468 27
724 5418 888 5488 Aug.

1953 4494 2001 4558 D
2033 4490 2104 4546 ad
2138 4488 2397 4545 cmlestia
2426 4488 2712 4557 transivit,
2746 4488 2797 4544 ei
2852 4489 3199 4562 Lampertus
3254 4486 3576 4543 monachus
3625 4486 3686 4542 in

2038 4579 2375 4651 episcopatu
2410 4578 2715 4647 successit,
2738 4582 2795 4633 et
2817 4578 3161 4650 Periggerus
3192 4577 3372 4632 abbas
3395 4575 3453 4629 in
3484 4590 3686 4629 mona-

2033 4700 2316 4759 vertentia
2344 4717 2534 4758 annus
2563 4701 2703 4756 1224
2733 4702 2987 4772 ponitur.
3040 4700 3120 4756 De
3177 4699 3371 4771 prima
3424 4696 3687 4771 corporis

2035 4776 2165 4844 ejus
2196 4773 2929 4844 elevationcgagiturinfra,
2964 4774 3000 4827 l.
3032 4776 3134 4839 v,§
3166 4775 3190 4826 1
3230 4789 3394 4844 seqq.
3430 4794 3455 4821 ‹‹
3515 4784 3684 4844 anno

2033 4841 2207 4901 Verbi
2246 4842 2533 4899 incarnati
2568 4841 2724 4908 1239,
2750 4842 2951 4898 indict.
2984 4861 3085 4909 XII,
3120 4861 3175 4898 v1
3207 4842 3332 4897 Kal.
3365 4843 3555 4914 Sept.,
3589 4841 3684 4898 die

2034 4915 2695 4987 Sabbatimanifestata}
2731 4919 2865 4969 sunt
2928 4914 3186 4987 reliquiae
3250 4914 3577 4970 fundatoris
3631 4918 3690 4971 et

2033 4988 2262 5060 patroni
2296 4987 2479 5060 nostri
2515 4985 2699 5060 sancti
2724 4991 2935 5060 aeADeo
2968 4985 3161 5060 dilecti
3209 4987 3566 5060 confessoris
3596 4991 3686 5041 at-

2031 5056 2145 5131 que
2176 5057 2471 5133 pontificis
2491 5056 2840 5121 Gebehardi,
2863 5063 2919 5113 et
2948 5059 3215 5131 reposita:
3233 5060 3300 5133 in_
3326 5057 3686 5133 sarcophago

2031 5130 2200 5195 novo,
2226 5134 2464 5212 argento
2495 5133 2553 5184 et
2583 5145 2725 5212 auro
2758 5130 3048 5212 contecto,
3079 5148 3215 5186 eum
3271 5130 3575 5212 devotione
3626 5130 3685 5181 et

2031 5198 2350 5279 reverentia
2381 5204 2437 5279 et
2466 5198 2708 5279 canticis
2740 5198 3199 5279 spiritualibusn
3228 5198 3443 5279 multis.
3487 5212 3680 5279 coram

2030 5273 2239 5345 positis
2269 5269 2549 5345 praelatis,
2577 5268 2908 5345 monachis,
2939 5271 3233 5345 canonicis
3263 5275 3319 5325 et
3349 5268 3478 5345 aliis
3524 5268 3681 5345 litte-

2032 5335 2172 5419 ratis
2206 5335 2492 5419 personis,
2514 5341 2678 5419 laicis
2703 5342 2969 5419 pluribus
2992 5344 3129 5398 viris
3183 5357 3252 5419 ac
3311 5335 3678 5419 mulieribus.

2028 5407 2326 5469 Colloeata:
2345 5419 2482 5469 sunt
2513 5407 2772 5469 etiamin
2797 5415 2999 5470 eodem
3031 5410 3388 5482 sarcophago
3423 5407 3681 5480 reliquiis

332 5488 486 5566 (78_6)
513 5486 580 5542 In
608 5480 863 5566 antique
888 5485 1260 5566 missali_ms;
1292 5485 1916 5566 ej_usdem_monasterii
2025 5485 2125 5566 SS.
2158 5502 2215 5539 ιιι
2248 5485 2498 5566 millium
2520 5484 3160 5566 virginum,et.aliorur_n
3188 5480 3509 5566 multorum
3539 5496 3681 5566 san-

267 5555 384 5632 hpc
414 5550 737 5632 leguntur;
760 5550 897 5632 quas
918 5559 1095 5632 etiam
1125 5557 1185 5614 in
1220 5550 1483 5632 Gefberti
1538 5557 1689 5615 Hist.
1749 5557 1917 5632 Silvis
2026 5560 2276 5632 ciorum,
2296 5556 2384 5632 ad
2415 5550 2648 5632 laudem
2681 5562 2738 5613 et
2767 5550 3014 5632 gloriam
3037 5558 3095 5610 et
3114 5553 3395 5632 honorem
3412 5550 3681 5632 Salvato-

263 5627 524 5708 Nigrae}.
552 5628 650 5699 ΙΙΙ,
685 5645 743 5707 p.
774 5627 902 5704 {20,
924 5629 1237 5701 habentur,
1259 5628 1360 5687 ubi
1401 5632 1603 5688 tamen
1660 5628 1915 5690 exinad-

2028 5628 2111 5689 ris
2143 5626 2376 5688 Domini
2395 5627 2579 5689 nostri
2606 5627 2746 5689 Jesu
2766 5623 3004 5701 Christi,
3035 5624 3137 5705 qui
3167 5640 3304 5687 cum
3325 5623 3675 5689 Patremeto.
