4152 6186
260 269 359 329 325

260 405 472 472 rogaret
503 404 569 456 ut
597 406 656 458 et
675 402 820 474 ipse,
846 404 1015 460 sicuti
1039 407 1226 461 caatcri
1251 407 1530 480 episcopi,
1559 410 1630 464 de
1656 427 1764 466 sua
1791 412 1887 466 Ec-
1923 414 1972 478 Α

260 489 416 544 clesia
447 491 560 544 sibi
593 492 828 563 aliquod
879 494 1210 550 subsidium
1261 498 1578 568 subrogare
1629 499 1881 554 deberet.

259 578 400 634 Unde
419 578 642 635 factum
666 585 756 636 est
773 584 838 636 ut
860 581 1013 637 idem
1036 583 1403 656 Lampertus,
1437 602 1507 641 ex
1533 587 1886 643 monasterio

259 667 391 739 quod
409 667 475 722 B.
492 668 872 725 Gebehardus
892 673 1509 742 construxerat,mu1ta
1523 675 1595 730 de
1611 676 1887 731 thesauro

261 772 412 828 quem
445 757 573 828 ipse
594 758 720 829 jam
753 758 946 814 dictus
967 759 1344 817 Gebehardus
1367 763 1481 818 Deo
1503 764 1642 834 etﬁB.
1669 765 1888 838 Grego~

259 845 332 900 rio
359 846 688 913 donaverat,
723 862 827 917 per
856 848 973 902 vim
1019 850 1391 907 subtraheret
1423 856 1486 907 ut
1518 852 1886 924 imperatoris

257 933 528 989 voluntati
558 935 946 992 satisfaceret.

1002 1045 1134 1112 δν.

323 1147 430 1202 Iste
458 1153 549 1202 est
578 1147 890 1205 thesaurus
913 1150 1236 1207 Gebehardi
1259 1155 1719 1211 Constantiensis
1746 1157 1888 1212 divae

259 1236 536 1291 memoriae
565 1236 841 1310 episcopi.
874 1255 1049 1310 quem
1080 1239 1177 1296 ille
1207 1241 1366 1296 dedit
1397 1243 1467 1298 ad
1500 1242 1690 1299 locum
1715 1262 1889 1315 quem

260 1329 646 1380 construxerat
675 1325 735 1381 in
779 1326 1064 1383 honorem
1110 1331 1170 1384 Β.
1221 1330 1482 1402 Gregorii
1522 1348 1705 1402 papae,
1737 1334 1884 1391 827

258 1430 415 1484 quem
438 1415 688 1470 abstulit
714 1416 1062 1488 Lampertus
1084 1417 1395 1490 episcopus
1417 1437 1720 1476 successor
1739 1424 1886 1494 ejus.

258 1501 477 1575 Nappus
500 1521 658 1559 unus
680 1520 814 1560 cum
838 1521 981 1561 auro
1003 1511 1258 1578 paratus.
1284 1507 1535 1564 Pechina
1555 1509 1670 1564 duo
1693 1527 1891 1584 argen-

256 1596 353 1646 tea.
381 1592 568 1664 Nappi
600 1592 780 1648 etiam
813 1595 1069 1666 argentei
1102 1595 1238 1649 duo.
1269 1596 1522 1652 Scutella
1545 1616 1660 1654 una
1685 1616 1889 1672 argcn«

255 1684 356 1746 tea,
384 1681 709 1738 cochlearia
756 1683 871 1738 duo
920 1689 1212 1756 argentea,
1263 1685 1611 1742 candelabra
1652 1688 1766 1744 duo
1798 1706 1889 1744 ar-

255 1775 479 1842 gentea:
513 1787 796 1827 numerus
827 1773 1072 1842 argenti,
1107 1790 1285 1827 xxvm
1321 1772 1477 1828 librae
1517 1776 1587 1829 ad
1639 1777 1887 1848 pondus.
1922 1778 1968 1842 B

255 1857 505 1914 Dorsalia
533 1861 670 1915 duo.
705 1860 956 1915 Pechina
984 1861 1120 1915 duo.
1155 1862 1362 1917 Pecten
1397 1880 1582 1918 unum
1613 1863 1886 1936 elephan-

257 1947 454 2017 tinum,
509 1965 652 2003 auro
703 1953 989 2020 paratum.
1043 1949 1322 2005 Mensalia
1371 1957 1615 2022 septem,
1651 1954 1891 2008 mantile

258 2053 447 2102 unum,
469 2036 837 2108 tapetiolum,
862 2055 1066 2092 unum.
1093 2038 1356 2111 Scypbus
1381 2057 1534 2096 unus
1555 2047 1885 2113 argenteus.

252 2123 394 2180 Stola
430 2141 548 2179 una
581 2141 776 2192 aurea,
805 2130 862 2180 et
893 2126 1168 2197 mappula
1190 2128 1454 2197 ejusdem
1482 2129 1696 2200 operis,
1721 2131 1890 2200 cujus

251 2213 740 2284 praependiculum
773 2214 1014 2284 quidam
1060 2216 1130 2269 de
1180 2216 1482 2272 monachis
1515 2219 1808 2291 subripuit
1838 2224 1895 2275 et

251 2301 567 2372 abscondit,
602 2303 755 2374 quod
783 2308 838 2358 et
861 2303 1053 2359 adhuc
1073 2303 1153 2359 ibi
1176 2303 1444 2373 habetur,
1468 2307 1634 2362 valde
1656 2309 1892 2380 pretiosi

251 2391 454 2462 operis.

981 2501 1008 2566 §
1049 2500 1148 2553 v1.

312 2601 698 2658 Ellimboldus
727 2605 874 2675 (793)
908 2605 1109 2675 abbas,
1136 2607 1235 2677 qui
1260 2606 1564 2680 Periggero
1588 2611 1890 2676 successit,

248 2693 311 2746 de
339 2707 398 2747 se
429 2691 605 2747 nobis
638 2693 1066 2748 monimentum
1097 2693 1352 2766 reliquit.
1381 2696 1512 2767 (Hic
1541 2699 1599 2752 in
1625 2698 1802 2754 codice
1821 2707 1898 2755 est

254 2782 491 2851 lacuna.)

976 2873 1002 2938 ἓ
1042 2872 1160 2928 VII.

309 2976 677 3032 Waltharius
735 2977 886 3045 (794)
935 2978 1117 3035 abbas
1165 2980 1420 3035 secundo
1466 2997 1618 3037 anno
1664 2982 1894 3054 imperii

1119 269 1566 337 CHRONICON
1615 276 2328 339 PETERSHUSANUM.
2366 312 2440 321 —
2483 279 2634 339 LIB.
2681 277 2758 338 II.

3521 285 3636 348 326

2731 413 2741 466 Ξ
2782 411 2928 466 Vlll.

2731 413 2738 426 '
2782 413 2928 466 Vlll.

2067 496 2398 568 Sigifridus,
2460 413 2742 569 primum§
2777 499 3243 557 Constantiensis
3301 506 3637 572 canonicus,

1995 585 2203 642 deinde
2234 587 2554 642 monachus
2585 589 2740 659 apud
2773 588 2978 644 cellam
3015 590 3073 646 S.
3108 591 3450 663 Meginradi,
3485 599 3539 648 et
3569 597 3640 650 ad

1996 677 2318 729 extremum
2363 676 2544 730 abbas
2595 677 2950 732 constitutus
3001 683 3090 734 est
3133 679 3289 750 apud
3335 680 3393 735 S.
3426 680 3641 754 Grego-

1996 779 2172 817 rium.

2744 853 2772 925 ἓ
2805 854 2897 908 1x.

2067 940 2489 996 Erchinboldus
2545 942 2692 1012 (795)
2750 943 2931 998 abbas
2997 943 3140 998 nihil
3196 948 3644 1003 memorandum

1997 1027 2251 1100 reliquit.

1995 1116 2206 1183 828§
2265 1120 2331 1169 Χ.
2392 1119 2756 1188 Privz'legz'um
2803 1136 2966 1190 super
3016 1121 3289 1190 prazdium
3345 1124 3638 1180 Rz'etilz'nis.

2064 1204 2372 1276 Folmarus
2405 1207 2587 1262 abbas
2619 1208 2928 1278 acquisivit
2970 1212 3321 1266 monasterio
3353 1213 3644 1269 Rietilinis

1997 1298 2053 1348 et
2085 1294 2400 1365 Wegefaza,
2435 1294 2587 1350 sicut
2635 1296 3002 1367 subsequens
3053 1298 3427 1371 privilegium
3461 1305 3642 1357 testa-

1997 1385 2092 1436 tur
2123 1382 2296 1452 (796).

2069 1493 2096 1519 ‹‹
2122 1471 2184 1525 In
2205 1471 2439 1526 nomine
2461 1477 2673 1528 sanctae
2692 1479 2748 1528 et
2764 1473 3076 1530 individuze
3101 1475 3640 1534 Trinitatis.Notum

1997 1560 2073 1616 sit
2094 1559 2368 1634 omnibus
2390 1560 2602 1616 Christi
2626 1562 2919 1629 fidelibus,
2944 1565 3327 1634 presentibus
3348 1566 3569 1622 scilicet
3590 1572 3651 1623 et

1998 1648 2230 1717 futuris,
2256 1649 2408 1720 quod
2432 1665 2533 1717 ego
2556 1649 2905 1718 Erimbretb,
2930 1657 3132 1723 rogatu
3153 1653 3468 1709 Eberhardi
3495 1657 3644 1711 Con-

1999 1735 2339 1791 stantiensis
2370 1736 2637 1791 Ecclesiae
2668 1737 2946 1809 epis00pi,
2994 1739 3106 1793 tale
3156 1741 3437 1811 praedium
3471 1742 3646 1813 quale

1999 1825 2159 1880 visus
2190 1840 2322 1880 sum
2354 1824 2566 1879 habere
2596 1824 2655 1878 in
2688 1842 2835 1896 pago
2866 1827 3198 1899 Nibelgewe
3221 1829 3388 1899 (797),
3414 1830 3474 1884 in
3503 1830 3644 1886 locis

2002 1912 2268 1968 ltitilines
2288 1917 2344 1968 et
2364 1912 2698 1983 Wegesaza,
2721 1914 3048 1982 curtilibus,
3075 1923 3249 1986 agris,
3280 1918 3484 1988 pratis,
3515 1936 3648 1990 pas-

2000 2002 2147 2066 cuis,
2180 2002 2348 2072 aquis
2378 2018 2784 2074 aquarumque
2804 2004 3170 2070 decursibus,
3195 2004 3366 2060 cultis
3387 2011 3445 2061 et
3470 2006 3651 2062 incul-

2001 2091 2096 2152 tis.
2130 2090 2312 2145 itibus
2341 2094 2398 2145 et
2428 2091 2736 2160 reditibus,
2759 2097 2814 2146 et
2835 2091 2891 2146 in
2928 2091 3074 2147 silva
3103 2093 3357 2148 Arinane
3389 2111 3457 2149 ex
3487 2100 3650 2167 parte

2002 2179 2114 2233 mei
2142 2177 2358 2250 praedii,
2381 2183 2668 2249 quantum
2695 2179 2787 2234 his
2811 2181 2961 2235 areis
2980 2181 3036 2234 in
3061 2181 3352 2252 praedictis
3374 2181 3516 2238 locis
3535 2185 3651 2238 suf-

2003 2267 2158 2322 ﬁciat
2184 2268 2254 2321 ad
2299 2266 2708 2322 aediﬁcandum
2755 2272 2812 2323 et
2857 2268 3017 2340 ligna
3067 2270 3483 2339 incidendum;
3517 2288 3650 2328 cum

2003 2355 2257 2427 pascuis,
2293 2355 2472 2410 itibus
2504 2360 2559 2410 et
2587 2356 2862 2425 exitibus,
2894 2374 3028 2412 cum
3062 2376 3239 2414 manu
3277 2359 3471 2416 uxoris
3509 2376 3651 2416 meae

2005 2443 2400 2516 Irmingardaa,
2425 2444 2550 2499 sine
2571 2445 2728 2499 omni
2755 2447 3228 2515 contradictione,
3253 2453 3362 2504 Deo
3382 2454 3438 2504 et
3458 2450 3656 2506 S.Gre-

2003 2533 2163 2604 gorio
2195 2534 2254 2586 in
2289 2532 2412 2587 loco
2459 2533 2557 2604 qui
2603 2534 2817 2589 dicitur
2865 2536 3231 2601 Petershusa,
3263 2541 3318 2592 et
3348 2538 3653 2594 monachis

2003 2622 2118 2678 Deo
2142 2621 2260 2676 illic
2282 2622 2667 2678 servientibus
2689 2625 3035 2694 potestativa
3058 2642 3235 2680 manu
3259 2626 3650 2680 tradidi.Prae-

2001 2715 2160 2766 terea
2204 2715 2406 2766 notum
2450 2728 2577 2766 esse
2622 2712 2911 2777 desidero,
2956 2713 3110 2783 quod
3158 2713 3495 2767 Eberhadus
3528 2715 3650 2784 epi-

2005 2815 2217 2870 scopus
2247 2817 2378 2854 cum
2413 2817 2588 2854 manu
2623 2800 2872 2854 Folmari
2905 2801 3167 2870 ejusdem
3193 2799 3299 2856 loci
3322 2801 3570 2867 abbatis,
3595 2807 3653 2857 et

2005 2888 2351 2943 Heremanni
2382 2888 2664 2956 advocati,
2698 2889 2955 2960 idipsum
2989 2890 3268 2960 praedium
3303 2889 3363 2944 in
3394 2891 3652 2962 praefatis

2004 2977 2146 3032 locis
2179 2977 2491 3032 Rietelines
2523 2982 2578 3031 et
2625 2978 2936 3047 Wegesaza
2975 2984 3364 3049 susceperunt
3393 2981 3562 3052 (798),
3598 2985 3654 3035 et

248 3064 490 3120 Heinrici
523 3064 681 3136 regis
711 3065 1023 3136 acquisivit
1053 3067 1405 3123 monasterio
1439 3069 1717 3140 praedium
1742 3073 1894 3143 apud
1936 3140 1962 3143 _
2006 3065 2444 3136 quatuordecim
2480 3082 2722 3120 mansus
2753 3066 2809 3118 in
2833 3064 2957 3120 loco
2979 3066 3238 3122 Eicbstat
3259 3069 3409 3138 (799)
3435 3069 3574 3122 mihi
3598 3072 3654 3122 et

241 3154 471 3225 campis
502 3162 560 3208 et,
580 3153 828 3220 Egganc,
857 3159 914 3209 et
946 3156 1276 3220 Quambilis
1308 3173 1409 3228 per
1430 3140 1836 3216 concambiuﬁl
1862 3177 1896 3215 ο,
1923 3140 1964 3204 C
2009 3154 2165 3208 uxori
2189 3170 2325 3209 mea:
2348 3170 2528 3222 usque
2545 3155 2610 3207 al
2632 3152 2856 3208 obitum
2880 3155 3008 3209 vita:
3032 3159 3241 3209 nostra:
3273 3155 3332 3210 in
3366 3155 3647 3210 beneficio

237 3242 500 3313 quodam
531 3242 890 3310 Burchardo,
922 3244 1014 3298 cui
1047 3245 1248 3300 datum
1278 3250 1367 3301 est
1395 3246 1456 3301 in
1488 3251 1695 3303 mutua
1723 3249 1892 3304 vicis-

232 3327 508 3384 situdine
534 3345 570 3382 a
599 3331 970 3398 monasterio,
1005 3333 1158 3404 quod
1183 3333 1392 3389 habuit
1415 3336 1713 3407 proprium
1738 3339 1892 3408 apud

233 3420 501 3483 Burron,
533 3422 590 3472 et
615 3420 762 3489 apud
798 3420 999 3497 Berge,
1034 3426 1090 3476 et
1121 3423 1271 3493 apud
1307 3423 1464 3478 aliud
1499 3425 1696 3497 Berge,
1731 3431 1786 3481 et
1808 3443 1895 3482 ec-

236 3504 488 3560 clesiam
520 3507 670 3577 apud
705 3493 990 3570 Libidinis,
1015 3509 1169 3580 quod
1197 3511 1434 3581 quidem
1459 3493 1740 3582 prredium
1763 3514 1893 3585 qui-

235 3594 379 3648 dam
395 3597 699 3667 presbyter
714 3596 952 3651 nomine
975 3597 1238 3653 Dietbere
1256 3616 1358 3671 per
1375 3603 1568 3671 partes
1591 3602 1896 3674 acquisivit

222 3683 605 3754 temporibus
637 3683 868 3739 Ottonis
897 3685 1288 3757 imperatoris.
1323 3689 1507 3760 Super
1537 3691 1691 3761 quod
1725 3690 1896 3762 plura

225 3772 477 3843 quidem
509 3772 817 3845 privilegia
847 3773 1155 3832 habentur.
1181 3777 1279 3831 sed
1305 3777 1386 3832 ita
1411 3795 1523 3833 non
1556 3784 1695 3834 sunt
1726 3781 1895 3835 dicti-

225 3866 450 3927 tata,ut
480 3877 551 3916 ea
582 3861 680 3916 hic
701 3861 954 3919 inserere
975 3864 1246 3919 velimus.

297 4020 458 4096 (793)
493 4019 788 4096 ln_(_3allia_
811 4021 1142 4096 Christiana
1191 4023 1596 4083 Erlemboldus
1632 4035 1893 4096 vocatur,

227 4089 517 4168 Bucelino
549 4091 929 4160 Elenboldus,
957 4097 1126 4164 cujus
1152 4099 1415 4168 tempora
1444 4103 1500 4152 et
1528 4104 1654 4154 acta
1676 4089 1897 4156 incerta

230 4167 397 4216 sunt.

300 4234 456 4302 {794)
481 4232 590 4287 Hic
613 4230 671 4286 in
695 4232 880 4288 Gallia
901 4234 1111 4290 Christ.
1137 4253 1204 4290 ex
1227 4237 1512 4293 monacho
1543 4239 1893 4297 Einsidlensi

233 4318 327 4381 an.
367 4305 507 4382 l9_21
548 4304 731 4382 abbas
765 4307 952 4382 tactus
992 4307 1227 4368 dicitur,
1260 4325 1564 4382 perperam
1594 4314 1814 4382 tamen,
1846 4313 1896 4368 si

225 4372 352 4440 jam
407 4374 650 4448 Henrici
694 4375 927 4448 imperii
975 4394 1128 4432 anno
1179 4372 1432 4434 secundo
1481 4398 1584 4435 seu
1638 4383 1772 4438 1016
1800 4372 1896 4439 hic

233 4451 568 4524 memorata
612 4445 738 4524 loga
768 4445 1093 4524 acquisivit,
1125 4449 1184 4504 in
1219 4451 1438 4524 Rbeetia
1466 4452 1727 4508 Curicnsi
1760 4456 1893 4524 sita,

230 4514 370 4570 (3am
422 4518 474 4572 is
507 4533 613 4572 seu
647 4517 822 4574 Gams
849 4514 869 4583 ξ
897 4514 1112 4575 Essanc
1139 4538 1240 4576 seu
1276 4522 1495 4578 Eschen
1523 4541 1535 4589 ;
1569 4514 1896 4588 Quarabilis

231 4603 337 4640 seu
373 4535 602 4643 Erabs:
636 4589 688 4642 et
723 4590 1005 4643 Lindinis.
1068 4593 1120 4643 id
1179 4598 1266 4643 est
1326 4594 1494 4643 Lienz
1550 4597 1816 4643 snnerinr
1840 4602 1896 4643 at

231 4603 337 4667 seu
373 4589 1005 4667 Grabs_;_et_Lindinis,
1068 4593 1120 4646 id
1179 4598 1266 4648 est
1325 4594 1494 4649 Lienz
1550 4597 1816 4667 superior
1840 4602 1897 4653 et

232 4657 504 4713 inferior.
551 4659 664 4714 νίιὶ.
698 4663 817 4715 Lew
845 4663 951 4717 lex.
1358 4681 1360 4683 ‘

305 4730 581 4808 (795)__De
625 4731 916 4808 ambobus
969 4732 1063 4788 his
1120 4733 1433 4790 abbatibus
1481 4737 1698 4808 pariter
1751 4738 1898 4793 nihil

233 4801 399 4870 apud
436 4801 586 4856 alios
620 4802 728 4856 nisi
762 4804 1017 4859 nomina.

309 4873 469 4952 (796)
531 4873 762 4944 Legitur
794 4874 929 4952 bsic
977 4876 1180 4930 charta
1227 4877 1380 4947 apud
1433 4878 1640 4951 Lunig.
1694 4879 1894 4952 Spicil.

234 4942 456 5016 eccles.
491 4961 548 5016 p.
589 4942 673 5010 ιῐι,
700 4962 755 5016 ρ.
781 4948 904 5000 402.

330 5015 467 5094 797)
499 5015 761 5094 Necdum
793 5018 948 5094 satis
994 5017 1417 5094 determinatus
1465 5021 1732 5094 est_s_itus
1765 5023 1896 5094 pagi

233 5081 948 5160 ﬁibilgewe.7Nibalgow
995 5105 1093 5143 seu
1146 5089 1525 5160 Nibalgauge.
1569 5091 1732 5147 Hunc
1766 5081 1897 5149 Gol-

235 5154 454 5229 dastus
486 5175 545 5211 n.
572 5159 658 5221 10,
683 5164 736 5212 et
758 5154 889 5229 post
907 5176 1039 5213 eum
1064 5154 1356 5215 Besseliu‘s
1378 5154 1742 5218 ianhronico
1767 5165 1896 5220 Gol-

235 5227 537 5303 tjvieensi,
563 5227 974 5303 ex_Tsehudio,
995 5231 1072 5303 de
1097 5231 1319 5285 haetia
1342 5248 1469 5303 cap.
1487 5234 1578 5298 24,
1598 5234 1656 5288 in
1683 5235 1900 5291 Rhaetia

236 5295 514 5379 guriensi
565 5299 810 5379 collocat
859 5303 930 5355 ad
962 5295 1267 5379 degteram
1313 5295 1493 5379 Rheni
1520 5295 1691 5379 inter
1720 5323 1898 5379 pagos

235 5370 653 5443 Brechtagow,
674 5371 940 5442 Walgow
957 5377 1012 5426 et
1031 5372 1278 5443 Ringow
1298 5390 1396 5428 seu
1424 5374 1702 5430 hodierno
1721 5370 1900 5432 ὀί)ῖηί-

232 5443 362 5521 ἔδει]
387 5442 1209 5521 Μοοεεομῖιθηείνίηςιυολῐηκῖθ
1223 5443 1895 5521 Μμηξιεξιῖιξωροεωοειό

232 5508 273 5565 l.
307 5529 399 5581 ιιι,
437 5519 492 5570 et
521 5512 818 5570 Zeilerum
845 5508 958 5571 sita
985 5508 1109 5571 erat
1137 5514 1319 5570 curtis
1358 5515 1660 5574 Feldkirch
1695 5536 1798 5576 seu
1812 5508 1899 5576 Vad

235 5581 494 5662 Campos,
518 5585 603 5644 uti
636 5585 1056 5663 interpretatur
1076 5585 1386 5647 Besselius.
1409 5587 1471 5648 P.
1495 5589 1749 5670 Neugart
1766 5609 1898 5653 vero

2002 3242 2262 3298 tradidit.

2078 3355 2099 3381 ι
2136 3335 2279 3386 Acta
2307 3335 2448 3386 sunt
2476 3335 2671 3386 autem
2705 3331 2823 3386 haec
2855 3349 3007 3387 anno
3044 3331 3350 3387 Dominicae
3385 3332 3654 3387 lncarna—

2003 3419 2175 3474 tionis
2206 3436 2408 3485 MXLIII,
2442 3419 2758 3475 indictione
2788 3437 2867 3486 x1,
2893 3421 3114 3491 epactis
3138 3425 3382 3492 septem,
3408 3437 3653 3476 concur-

2005 3509 2266 3563 rentibus
2297 3508 2575 3579 quinque,
2608 3525 2701 3563 XVI
2735 3508 2836 3562 Kal
2887 3509 3053 3575 Julii,
3079 3508 3217 3564 luna
3245 3527 3281 3564 v
3307 3510 3482 3576 329,
3518 3527 3658 3582 prae-

2004 3599 2268 3653 sentibus
2299 3597 2388 3651 bis
2420 3597 2697 3652 testibus:
2736 3596 3040 3652 Udalricus
3073 3598 3449 3669 Brigantibus
3482 3599 3651 3669 (800),

2005 3686 2276 3748 Switker,
2308 3685 2524 3749 Wezel,
2576 3686 2860 3757 Swigger,
2910 3687 3136 3749 Ernest,
3188 3686 3402 3748 Gerolt,
3439 3687 3652 3756 Buger,

2005 3774 2266 3840 Landolt,
2301 3775 2497 3845 Otgoz,
2526 3775 2822 3845 Lutprebt,
2849 3775 3162 3845 Sigipreth,
3187 3773 3436 3840 Hartnit,
3460 3773 3654 3844 Engil-

2005 3864 2220 3930 scalch,
2240 3863 2456 3927 Eneeli,
2481 3863 2793 3932 Simpreht.
2820 3862 3076 3924 Humolt,
3107 3863 3287 3934 Eppo,
3311 3861 3456 3928 Ello,
3482 3861 3652 3916 Albe-

2005 4024 2063 4077 in
2092 4022 2228 4077 Cod.
2263 4020 2404 4092 dipl.
2434 4019 2620 4092 Alem.
2657 4025 2789 4089 vet.,
2825 4021 2881 4074 in
2931 4021 3087 4076 notis
3129 4022 3199 4075 ad
3231 4021 3493 4076 chartam
3526 4039 3650 4089 xnv,

2006 4094 2172 4148 illum
2205 4092 2357 4146 circa
2397 4091 2686 4164 civitatem
2737 4091 3098 4164 imperialeni
3153 4093 3463 4148 Leutkirch
3495 4110 3653 4164 quaa-

2006 4164 2252 4220 rendum
2279 4180 2407 4217 esse
2432 4162 2745 4235 existimat,
2765 4162 2846 4217 uti
2874 4163 2998 4218 loca
3021 4165 3268 4220 subinde
3290 4162 3569 4235 adjuncta
3593 4165 3651 4220 in

2005 4235 2222 4291 chartis
2271 4233 2788 4307 San-Gallensibus
2839 4235 3260 4302 demonstrent,
3311 4233 3652 4307 quanquam

2008 4308 2147 4362 urbs
2175 4307 2287 4360 ista
2317 4305 2460 4359 alias
2511 4321 2657 4377 pago
2705 4305 2953 4377 Algoviae
3005 4305 3444 4374 annumeretur,
3480 4305 3649 4377 cuius

2008 4381 2150 4463 torte
2181 4381 2468 4463 parsoer‘at
2499 4377 2904 4463 [IllDOP‘Ptl‘gu'S
2930 4377 3464 4463 Nihilgevve.‘§erte
3483 4379 3652 4463 enim

2006 4451 2066 4504 in
2097 4449 2296 4503 charta
2325 4448 2495 4511 infra,
2533 4450 2571 4503 Ι.
2601 4465 2683 4510 111,

2707 4447 2736 4519 §
2759 4447 2844 4516 41,
2870 4447 3066 4502 insula
3089 4447 3260 4503 Rotse
3285 4448 3652 4519 Petershusio

1931 4505 1975 4568 D
2009 4523 2225 4576 donata
2253 4520 2312 4574 in
2345 4505 2493 4590 pago
2523 4505 2893 4590 Nibilgouvve
2925 4520 3034 4573 sita
3064 4520 3298 4590 dicitur,
3329 4518 3428 4590 qui
3454 4523 3651 4574 tamen

2007 4592 2170 4647 locus
2202 4589 2407 4645 Rottscc
2434 4589 2669 4644 notatur
2698 4592 2756 4644 in
2792 4591 2983 4645 Rurali
3019 4589 3272 4660 capitulo
3307 4589 3552 4658 lSnensi,
3580 4590 3652 4644 ad

2008 4663 2160 4734 quod
2196 4662 2409 4734 pariter
2439 4665 2658 4734 spectat
2688 4662 2967 4734 oppidum
3001 4660 3332 4734 Leutkirch.
3359 4660 3653 4734 Besselius

2007 4731 2102 4788 hic
2125 4751 2157 4786 a
2181 4731 2424 4802 Lunigio
2444 4733 2720 4802 deceptus
2743 4750 2845 4804 pro
2869 4733 3076 4786 Rotsee
3097 4731 3236 4803 legit
3261 4732 3459 4801 Rethe,
3477 4733 3654 4804 idque

2009 4821 2215 4859 nomen
2249 4820 2316 4858 ex
2347 4821 2451 4876 suo
2484 4809 2798 4874 systemate
2836 4803 2892 4857 in
2914 4804 3120 4876 Bottis
3168 4820 3343 4876 prope
3379 4803 3656 4860 Montiort

2008 4876 2243 4947 quzerit;
2278 4875 2374 4947 sed
2431 4880 2715 4947 constans
2767 4882 2851 4929 est
2911 4874 3078 4947 lectio
3113 4874 3318 4931 Rotse'e
3363 4875 3423 4930 in
3457 4880 3655 4934 nostro

2009 4945 2221 5019 codice,
2247 4946 2338 5019 cui
2365 4946 2538 5019 etiam
2565 4945 2768 5019 insulae
2789 4945 3096 5017 appellatio
3123 4947 3333 5002 melius
3354 4948 3653 5019 competit.

2010 5018 2137 5074 Vid.
2171 5017 2340 5080 infra,
2377 5016 2414 5070 l.
2448 5035 2501 5081 v,
2535 5018 2642 5083 siti.
2681 5016 2861 5088 Prope
2894 5019 3124 5074 Rottsee
3156 5026 3212 5074 et
3243 5019 3466 5074 Arnach
3490 5016 3653 5074 situs

2009 5096 2096 5145 est
2127 5090 2286 5143 vicus
2318 5088 2636 5159 Riedlings,
2673 5089 2770 5159 qui
2805 5089 2896 5143 hic
2930 5091 3201 5146 Rnilenes
3225 5091 3474 5153 dicitur;
3509 5090 3652 5144 forte

2007 5163 2182 5216 etiam
2220 5160 2552 5230 Wegesaza,
2588 5162 2756 5228 cujus
2790 5165 2982 5216 tamen
3018 5163 3271 5217 nominis
3303 5162 3464 5215 locus
3491 5159 3644 5214 haud

2009 5231 2264 5302 amplius
2295 5231 2564 5285 occurrit.

2080 5305 2227 5374 (798)
2260 5302 2390 5374 μεὶς.
2424 5304 2678 5374 tsuscepit.

2098 5374 2230 5455 2992
2261 5373 2389 5455 Yid-
2425 5372 2524 5455 13!):
2562 5375 2773 5455 5.336.
2840 5446 2903 5455 ,.
2998 5445 3029 5455 ,.
3114 5443 3206 5455 η.
3267 5442 3278 5455 .
3499 5443 3570 5455 η..

2098 5377 2230 5441 799)
2263 5377 2389 5426 Vid.
2425 5377 2524 5426 lib.
2562 5391 2600 5440 1,
2633 5377 2659 5439 ἕ
2692 5377 2760 5428 36
3352 5421 3359 5426 .

2077 5377 2231 5515 (800)
2279 5445 2378 5498 Hic
2437 5444 2687 5498 Udalrici
2745 5445 2940 5500 fratris
2996 5445 3053 5498 S.
3110 5442 3434 5498 Gebehardi
3496 5443 3652 5503 ﬁlius

2008 5517 2187 5572 fuisse
2207 5515 2455 5582 videtur,
2481 5516 2581 5588 qui
2603 5516 2757 5588 apud
2783 5517 3014 5588 Lazium
3034 5515 3482 5588 haudoccurrit.
3513 5517 3649 5581 Vid.

2005 5589 2158 5647 infra
2185 5589 2212 5662 §
2239 5588 2329 5658 20,
2361 5591 2418 5648 et
2447 5586 2626 5664 supra
2643 5586 2716 5647 'in
2748 5586 3160 5662 disquisitione
3189 5586 3217 5658 §
3246 5586 3337 5648 24.
