4152 6186
426 284 540 343 327

1117 281 1516 348 APPENDIX
1560 288 1664 348 AD
1710 287 2161 351 CHRONICON
2207 292 2620 356 HERMANNI
2665 295 3134 369 CONTBAC’I‘I.

3703 284 3824 354 328

428 414 567 470 rich.
618 413 940 488 Episcopus
992 417 1361 475 Eberhardus
1376 419 1561 491 jussit
1605 418 1755 475 hanc
1807 419 2068 476 chartam
2096 427 2153 494 Α
2182 441 2385 482 mosus
2416 424 2674 500 corpore.
2722 428 2877 485 Obiit
2926 446 3081 486 anno
3126 427 3544 485 Incarnationis
3578 416 3823 483 Domini

428 503 553 559 ﬁeri
586 525 615 553 »

1175 598 1207 664 §
1241 596 1333 651 XI.

498 681 775 739 Prazterea
804 682 985 737 fertur
1034 684 1185 754 quod
1247 699 1482 754 aurum,
1540 684 1696 755 quod
1737 683 1797 738 in
1851 683 2074 740 ostiolis

427 772 616 826 luerat
643 770 801 826 illius
822 770 1033 825 tabulae
1079 787 1209 841 quae
1226 770 1536 843 principali
1559 771 1726 827 altari
1753 778 1876 827 erat
1895 789 2071 844 appo-

426 861 705 928 sita,tunc
726 859 902 914 etiam
929 860 1003 914 sit
1032 857 1316 927 ablatum,
1334 869 1392 914 et
1411 876 1515 930 pro
1530 860 1657 929 jam
1680 860 1835 916 dicto
1856 862 2072 933 praedio

426 951 651 1016 datum,
711 952 886 1018 atque
940 948 1288 1002 deauratum
1347 954 1656 1022 argentum
1714 950 1927 1006 tabulae
1985 955 2074 1007 est

425 1038 685 1092 al‘tixum.

637 1124 669 1196 §
704 1123 823 1178 XII.
856 1123 1228 1192 Privilegium
1263 1140 1427 1196 super
1466 1124 1855 1194 Ouwiltingz'n.

424 1212 711 1269 Adelberti
766 1211 911 1283 (801)
962 1211 1191 1267 abbatis
1234 1212 1618 1285 temporibus,
1675 1214 1836 1269 dedit
1882 1214 2072 1287 Swig-

422 1318 601 1374 gerus
620 1300 1098 1373 praedium,apud
1120 1300 1605 1373 Ouwiltingin,de
1627 1318 1741 1374 quo
1763 1302 1879 1358 tale
1899 1303 2073 1374 privi-

424 1392 644 1463 legium
678 1389 829 1459 (802)
860 1387 1109 1442 habetur
1130 1406 1143 1443 :

498 1501 523 1528 (ι
556 1478 810 1532 Noscant
838 1491 1041 1530 omnes
1071 1480 1387 1548 praesentes
1411 1481 1587 1549 atque
1617 1478 1799 1533 futuri
1822 1478 2073 1550 qualiter

423 1583 529 1638 ego
563 1565 904 1638 Swiggerus
933 1564 1122 1631 trado,
1158 1582 1292 1621 cum
1326 1583 1500 1622 manu
1527 1567 1723 1624 uxoris
1743 1583 1885 1623 meae
1905 1567 2069 1623 Adel-

392 1655 611 1729 rheidea
637 1659 695 1710 et
721 1653 828 1709 lilii
885 1652 1001 1709 mei
1059 1653 1468 1724 Godeshalchi,
1527 1657 1601 1711 ad
1646 1655 2072 1713 monasterium

423 1746 461 1798 S
516 1743 775 1815 Gregorii
806 1742 865 1796 in
896 1742 1025 1813 ripa
1055 1741 1243 1797 Rheni
1273 1743 1453 1797 situm
1481 1743 1542 1798 in
1573 1760 1817 1798 manum
1842 1743 2072 1799 abbatis

426 1832 739 1897 Adelberti,
770 1831 1017 1901 ejusque
1039 1831 1299 1886 advocati
1326 1830 1558 1886 comitis
1577 1831 1898 1887 Eberhardi
1923 1831 2073 1901 (803)

424 1922 791 1974 medietatem
824 1917 960 1973 talis
990 1918 1192 1988 praedii
1223 1919 1396 1990 quale
1414 1936 1522 1992 ego
1544 1922 1889 1991 potestative
1910 1920 2073 1977 visus

423 2024 556 2065 sum
586 2007 798 2063 habere
825 2005 886 2061 in
915 2006 1052 2062 villa
1089 2023 1216 2077 quae
1263 2012 1501 2063 vocatur
1543 2008 1872 2081 Oweltinga
1900 2009 2070 2080 (804),

423 2099 481 2153 in
515 2113 664 2169 pago
685 2096 1014 2167 Linzgowe,
1034 2096 1094 2151 in
1117 2095 1395 2151 comitatu
1418 2096 1645 2153 Ottonis
1666 2098 2070 2169 (805)comitis;

424 2205 493 2241 ea
520 2184 786 2241 videlicet
835 2185 1058 2239 ratione
1107 2189 1165 2239 et
1215 2190 1383 2256 pacto
1433 2191 1518 2253 ut,
1563 2185 1824 2256 quandiu
1877 2203 1982 2258 ego
2016 2190 2073 2240 et

426 2277 871 2349 praedictaluxor
899 2290 1031 2328 mea
1060 2272 1344 2341 vivamus,
1379 2274 1878 2346 quandocumque
1905 2274 2072 2330 nobis

425 2368 629 2419 adesse
658 2362 901 2435 placeat,
960 2362 1020 2416 in
1076 2362 1338 2417 aediliciis
1396 2366 1454 2417 et
1508 2362 1566 2417 in
1618 2364 1779 2418 omni
1823 2364 2073 2418 fratrum

427 2454 675 2507 utilitate
705 2452 1021 2505 fraternam
1052 2450 1529 2506 communionem
1560 2452 1902 2507 habeamus.
1939 2451 2075 2506 Post

428 2549 673 2597 mortem
729 2556 861 2595 vero
920 2543 1206 2606 nostram,
1262 2555 1495 2611 semper
1548 2540 1731 2595 nostri
1790 2540 2075 2595 memoria

426 2642 576 2686 sicut
607 2628 783 2685 unius
838 2629 1085 2683 fratrum
1141 2627 1484 2696 celebretur,
1546 2634 1621 2696 et,
1675 2629 1724 2685 si
1773 2628 1896 2684 ﬁeri
1938 2645 2072 2700 pos-

427 2723 525 2787 sit,
589 2721 646 2773 in
702 2718 1009 2789 utriusque
1065 2716 1118 2772 si
1174 2734 1291 2773 non
1350 2718 1408 2772 in
1467 2717 1628 2773 illius
1675 2719 1846 2789 cujus
1876 2719 2075 2773 anima

427 2810 590 2882 prius
618 2825 650 2864 e
681 2822 920 2878 corpore
947 2806 1200 2874 recedat,
1230 2806 1622 2862 anniversario
1655 2807 1747 2862 die
1797 2806 2073 2861 fratribus

419 2902 590 2969 juxta
617 2896 1093 2952 constitutionem
1125 2895 1383 2968 praedicti
1415 2895 1718 2969 dignitatis
1750 2895 2073 2951 reverendae

428 2986 657 3044 abbatis
708 2984 1168 3040 administretur.
1214 2990 1425 3039 Actum
1473 2992 1559 3040 est
1606 2985 1714 3040 hoc
1759 2985 1820 3039 in
1870 2985 2074 3040 eadem

430 3079 489 3134 S.
525 3074 787 3147 Gregorii
817 3073 1063 3129 ecclesia
1091 3090 1243 3129 anno
1289 3075 1361 3130 ab
1408 3074 1812 3129 Incarnatione
1841 3074 2075 3129 Domini

2181 532 2297 571 ιω
2326 515 2494 587 (809).

2888 610 2916 675 §
2965 606 3112 663 XIV.

2252 694 2426 766 Siggo
2469 693 2618 765 (810)
2661 696 2945 752 successit
2984 696 3293 752 Adelberto
3345 695 3514 768 (811).
3568 696 3691 761 Quo
3722 694 3828 751 de-

2182 782 2381 838 functo
2409 782 2701 839 Arnoldus
2745 785 3057 853 successit;
3088 783 3382 841 Arnoldus
3428 784 3742 856 deponitur
3772 786 3831 841 et

2182 870 2557 944 Meginradus
2578 871 2974 928 substituitur.

2916 964 2944 1030 §
2984 962 3098 1016 xv.

2254 1048 2629 1121 Meginradus
2668 1048 2850 1104 abbas
2902 1053 3163 1121 tempore
3215 1050 3514 1121 aliquanto
3544 1065 3679 1107 cum
3704 1049 3827 1123 epi-

2182 1154 2395 1209 scopus
2425 1137 2886 1193 Constantiensis
2918 1138 2990 1194 ad
3020 1137 3213 1210 regale
3261 1138 3560 1197 servitium
3593 1138 3830 1199 deberet

2180 1241 2511 1298 properare,
2543 1226 2717 1298 ccepit
2745 1227 2927 1297 ajam
2978 1226 3130 1283 dicto
3176 1227 3386 1283 abbate
3432 1232 3825 1284 commeatum

2180 1316 2516 1387 importune
2544 1331 2820 1386 quaerere,
2854 1315 3055 1371 dicens
3077 1314 3189 1371 sibi
3211 1333 3279 1372 ex
3296 1317 3428 1386 jure
3448 1316 3645 1371 deberi
3669 1333 3737 1373 ex
3760 1334 3828 1373 eo

2182 1403 2538 1459 monasterio
2573 1404 2756 1476 spado
2779 1405 2931 1475 (812)
2949 1421 3080 1460 cum
3100 1403 3357 1461 limbone
3378 1406 3546 1477 (813).
3569 1410 3830 1476 Cumque

2182 1492 2558 1564 Meginradus
2606 1492 2787 1547 abbas
2834 1492 3208 1549 vehementer
3250 1492 3583 1561 reluctaret,
3630 1494 3830 1550 dicens

2182 1579 2326 1635 nihil
2358 1580 2410 1636 ei
2443 1579 2639 1636 omnio
2672 1580 2879 1636 exinde
2908 1596 2977 1636 ex
2997 1581 3134 1653 jure
3183 1580 3401 1649 deberi,
3435 1586 3494 1637 et
3520 1580 3831 1653 episcopus

2183 1668 2553 1741 pertinaciter
2571 1668 2870 1725 insisteret
2891 1672 2956 1723 ut
2975 1668 3230 1736 daretur,
3256 1668 3354 1725 ille
3374 1669 3587 1740 abjecit
3607 1669 3829 1742 virgam

2180 1757 2484 1830 regiminis
2514 1774 2547 1812 a
2576 1760 2671 1818 se;
2704 1756 2903 1812 dicens
2952 1774 3257 1829 nunquam
3303 1774 3366 1813 se
3418 1774 3660 1829 prorsus
3687 1757 3831 1815 velle

2179 1845 2507 1901 consentire
2537 1849 2603 1900 ut
2630 1861 2794 1901 sacer
2822 1844 2986 1901 locus
3016 1844 3344 1901 libertatem
3376 1863 3546 1902 suam
3577 1864 3682 1919 per
3707 1847 3829 1902 vio-

2179 1933 2420 1989 lentiam
2449 1938 2693 2007 cogatur
2717 1935 2981 1990 amittere
3007 1952 3019 2002 ;
3044 1938 3120 2000 et,
3144 1934 3418 2007 quoniam
3436 1935 3582 2005 jam,
3606 1935 3826 2007 inquit,

2180 2040 2295 2079 non
2325 2022 2485 2078 valeo
2515 2022 2818 2089 obsistere,
2873 2022 3073 2078 milius
3121 2028 3208 2079 est
3240 2023 3383 2078 mihi
3415 2024 3705 2079 abbatiam
3737 2024 3831 2078 di-

2179 2109 2427 2167 mittere.
2454 2112 2549 2167 Sic
2569 2110 2668 2167 ille
2689 2111 2984 2167 abbatiam
3006 2112 3253 2181 dimisit,
3276 2116 3333 2168 et
3351 2112 3660 2185 episcopus
3681 2111 3833 2167 nihil

2181 2199 2261 2255 ibi
2286 2200 2619 2271 acquisivit.
2641 2202 2713 2254 At
2732 2204 2953 2268 tamen,
2979 2205 3179 2273 postea
3209 2201 3331 2256 sedi
3356 2218 3475 2257 suae
3497 2200 3828 2269 restitutus,

2180 2304 2315 2343 cum
2345 2287 2559 2344 iterum
2593 2289 2845 2359 quadam
2875 2289 2969 2344 die
2999 2287 3311 2361 episcopus
3359 2288 3487 2343 sine
3517 2288 3707 2360 ipsius
3736 2304 3828 2344 ro-

2180 2381 2317 2449 gatu
2351 2378 2594 2432 missam
2626 2377 2685 2431 in
2734 2377 2935 2432 eodem
2954 2368 2967 2382 ’
2987 2376 3342 2433 monasterio
3371 2376 3542 2432 vellet
3572 2382 3830 2444 cantare,

2180 2466 2456 2522 baculum
2503 2464 2855 2538 pastoralem
2908 2482 3085 2537 super
3133 2465 3314 2521 altare
3362 2465 3711 2537 projccit,et
3740 2482 3829 2521 re-

2180 2554 2376 2610 cessit.

2324 2643 2472 2698 881
2505 2644 2532 2711 §
2562 2641 2701 2698 XVI.
2733 2644 2813 2698 Dc
2835 2644 3043 2714 capella
3074 2642 3129 2697 S.
3152 2644 3379 2700 Joannis
3405 2642 3684 2715 Baptistae.

2251 2732 2414 2786 Circa
2444 2732 2563 2787 haec
2592 2738 2856 2804 tempora
2905 2731 3290 2789 Wolueradus
3321 2732 3469 2804 (814)
3499 2731 3587 2787 vir
3617 2726 3833 2789 nobilis

2181 2822 2253 2877 de
2286 2820 2518 2887 Wilare,
2550 2826 2608 2876 et
2636 2821 2763 2891 ejus
2784 2838 2929 2876 uxor
2951 2821 3229 2877 Gotistric
3252 2821 3510 2889 nomine,
3538 2820 3825 2877 Rumaldo

2182 2910 2527 2983 praesidente
2558 2909 2987 2965 Constantiensi
3036 2910 3327 2974 Ecclesia),
3379 2914 3834 2966 construxerunt

2183 2998 2463 3070 capellam
2514 2998 2571 3052 in
2619 2998 2947 3053 cmmeterio
2994 2997 3329 3054 monasterii
3363 2997 3421 3053 in
3454 2998 3733 3054 honorem
3766 2998 3827 3054 S.

2182 3087 2427 3143 Joannis
2460 3086 2730 3159 Baptista:
2761 3092 2813 3141 et
2847 3088 2904 3141 S.
2937 3086 3154 3142 Nicolai
3196 3091 3254 3142 et
3299 3085 3550 3142 aliorum
3598 3091 3829 3142 sancto-

430 3182 615 3223 MLVIII
648 3165 823 3229 880,
854 3163 949 3218 his
980 3163 1387 3234 praesentibus,
1412 3180 1663 3235 quorum
1685 3163 1925 3219 nomina
1944 3164 2077 3218 sub-

2198 3194 2364 3243 rum;
2428 3175 2682 3247 illucque
2741 3174 3116 3230 Uodilshusin
3175 3175 3322 3247 (815)
3387 3178 3445 3231 et
3502 3176 3831 3231 Ludintun-

428 3256 810 3328 scripsimus:
844 3251 1100 3307 Ruodoll‘
1124 3268 1319 3308 comes
1349 3254 1521 3324 (806),
1544 3253 1846 3321 Eberhart,
1870 3252 2073 3309 Uodal-

427 3345 574 3412 rich,
605 3340 897 3406 Adelbret,
930 3340 1100 3409 Hezo,
1144 3340 1327 3406 Hezil,
1369 3341 1622 3410 Adelolt,
1655 3341 1869 3409 Gerolt,
1900 3342 2073 3397 Here-

431 3450 590 3500 man,
646 3428 896 3495 Alwich,
946 3428 1250 3494 Adelbero,
1311 3428 1768 3497 Ratolt,~chel,
1801 3428 2070 3496 Ruodolf,

431 3521 764 3576 Marcwart.
788 3517 903 3589 Ego
928 3516 1300 3573 Bernbardus
1320 3517 1604 3575 diaconus
1633 3518 1839 3591 scripsi
1861 3528 1919 3574 et
1939 3519 2073 3573 sub-

432 3609 666 3682 scripsi,
696 3614 972 3680 regnante
1028 3606 1267 3678 parvulo
1324 3613 1532 3678 quarto
1589 3608 1857 3663 Heinrico
1916 3623 2069 3679 rege,

433 3698 688 3755 secundo
719 3702 853 3769 post
882 3695 1108 3752 obitum
1137 3697 1321 3768 patris
1351 3699 1443 3753 sui
1481 3714 1654 3765 anno,
1688 3697 2072 3752 ordinationis

433 3793 628 3847 autem
686 3787 866 3843 beata:
918 3789 1217 3843 memoria:
1270 3786 1579 3843 Rumoaldi
1624 3786 1773 3857 (807)
1805 3786 2072 3857 praesulis

431 3884 701 3956 septimo,
727 3879 1045 3936 indictione
1074 3893 1156 3932 xu
1183 3878 1352 3951 (808).
1387 3901 1415 3929 ››

1139 3970 1167 4035 §
1212 3967 1358 4022 xm.

506 4061 642 4116 Erat
660 4062 856 4114 autem
878 4058 1018 4113 item
1039 4058 1394 4123 Adilbertus,
1417 4054 1629 4111 nobilis
1649 4070 1857 4128 genere
1878 4059 1935 4111 et
1966 4056 2075 4111 for-

506 4184 655 4256 (801)
683 4181 1030 4256 Adelbertus
1068 4181 1251 4256 abbas
1284 4187 1470 4256 antea
1515 4181 1839 4256 monachus
1868 4183 2075 4238 eremi-

436 4252 755 4343 tarius,'qui
777 4253 932 4343 a‘pprd
954 4252 1187 4308 Buchau
1207 4252 1403 4307 subita
1423 4256 1607 4307 morte
1629 4254 1775 4308 obiit
1794 4271 1888 4309 au.
1917 4256 2076 4321 1060,

435 4330 589 4384 intra
620 4325 769 4395 lflv,
799 4326 827 4393 §
856 4325 943 4379 19.

436 4396 919 4525 coggaclmgitur
936 4409 1169 4467 quoque
1190 4394 1346 4466 apud
1370 4394 1573 4467 Lunig.
1598 4393 1636 4449 l.
1660 4412 1733 4463 c.,
1757 4412 1815 4467 p.
1840 4396 2079 4466 403,sed

436 4487 724 4543 corrupte.

508 4534 659 4612 (803)
694 4541 859 4595 Hunc
888 4537 1131 4612 omnino
1159 4553 1288 4612 esse
1317 4541 1474 4612 puto
1506 4536 1673 4591 illum
1713 4537 2088 4612 Nellenb'urgi
2119 4534 2165 4598 D

438 4607 736 4692 comitem,
757 4611 899 4692 __qui
951 4624 1102 4664 anno
1137 4610 1284 4692 .1051
1322 4607 1716 4692 Scal'husensle
1761 4607 2087 4665 caenobiufn

439 4679 725 4741 condidit.
757 4679 890 4737 Vid.
924 4697 1104 4741 supra
1134 4680 1192 4735 in
1226 4679 1509 4735 Bcrnoldo
1540 4680 1609 4735 ad
1645 4680 1810 4736 illum
1844 4694 2085 4736 annum.

511 4756 662 4826 (804)
690 4755 960 4826 Mendose
988 4751 1278 4826 Suiltinga
1308 4751 1463 4823 apud
1500 4752 1792 4826 [ἐπίεζε-βε
1822 4753 1880 4806 in
1912 4752 2088 4807 Chro-

440 4823 571 4881 nico
602 4824 981 4880 Gottwicensi
1019 4869 1029 4879 .
1067 4824 1307 4879 Videtur
1330 4838 1465 4877 esse
1505 4823 1952 4895 Ober-Ultingen
1986 4840 2085 4878 seu

442 4895 943 4967 Unter-Ultingen,
995 4895 1152 4950 haud
1208 4908 1406 4965 procul
1472 4894 1542 4949 ab
1602 4910 1732 4950 arce
1774 4894 2089 4967 episcopali

444 4968 769 5021 Mersbure.

444 4969 769 5023 Mersburtz.

513 5037 660 5109 (805)
695 5034 925 5092 Rbeatize
956 5036 1276 5109 Curiensigs,
1316 5036 1376 5090 in
1400 5034 1626 5109 charta,
1655 5053 1706 5090 a.
1743 5036 1900 5103 1050,
1934 5038 2089 5109 apud

444 5106 732 5190 Herrgott.
759 5108 1195 5190 et‘Brigant‘ini.‘
1219 5107 1257 5160 κ
1279 5108 1352 5162 ιιι.
1382 5106 1630 5190 disquis.
1661 5111 1687 5173 ξ
1714 5109 1802 5190 24.

511 5177 639 5254 808)
671 5181 919 5235 Notatur
948 5177 1006 5233 in
1040 5179 1242 5234 charta
1285 5195 1337 5234 a.
1370 5177 1525 5254 _10§8
1571 5183 1628 5233 et
1658 5196 1751 5233 an.
1788 5180 1928 5254 1050
1954 5196 2087 5254 cum

444 5248 651 5311 Ottone
693 5268 826 5307 mox
873 5257 1196 5306 memorato
1236 5248 1404 5322 apud
1434 5248 1720 5322 Herrgott,
1754 5254 1795 5304 t.
1832 5251 1873 5322 Ι,
1908 5267 1962 5321 p.
1996 5252 2088 5315 75,

444 5344 636 5380 comes
670 5325 812 5378 fm'Ie
844 5322 1226 5378 Montisfortis
1256 5320 1358 5377 aut
1388 5320 1925 5376 Pl'ullendorlensis.

514 5399 660 5467 (807)
691 5395 1035 5463 ltumoldus,
1056 5393 1519 5467 Gonsgtantiensis
1543 5393 1851 5467 episcopus
1872 5409 1937 5467 τι.Δ
1952 5391 2080 5447 1951

445 5462 941 5537 ῖειὰιυε’ρινίιηυω,
978 5462 1030 5520 a.
1086 5465 1226 5520 1069
1282 5462 1678 5537 obiit_,__unde_
1712 5462 1889 5517 verba
1920 5463 2091 5521 beatae

446 5532 732 5620 mqu
756 5553 791 5591 a
818 5532 1019 5620 nostro
1048 5532 1559 5620 scriptpreaddita
1587 5533 1884 5620 videntur.

518 5609 667 5687 (808)
695 5608 975 5669 Currebat
1004 5607 1125 5668 hac
1152 5605 1395 5667 fndiotio
1440 5621 1475 5666 a
1521 5620 1723 5665 mense
1762 5605 2088 5682 Septembri

2183 3266 2355 3321 bercb
2390 3265 2535 3335 (816)
2567 3265 2625 3319 in
2659 3265 2853 3319 dotem
2895 3264 3267 3330 contradidit,
3299 3264 3606 3337 ipsamque
3638 3263 3831 3337 capel-

2181 3353 2295 3409 lam
2317 3354 2616 3426 proprium
2637 3353 2848 3408 habere
2862 3353 3218 3407 sacerdotem
3238 3351 3630 3408 instituit.Ubi
3650 3353 3831 3408 etiam

2180 3442 2305 3515 ipse
2326 3448 2383 3496 et
2403 3459 2546 3498 uxor
2561 3444 2689 3511 ejus
2711 3449 2845 3497 ante
2867 3441 3266 3497 sanctuarium
3289 3441 3348 3495 in
3371 3441 3621 3514 singulis
3643 3440 3837 3513 sepul-

2181 3532 2510 3600 crisjaccnt
2528 3528 3017 3594 tumulati,unum
3038 3530 3158 3600 (sic)
3178 3533 3236 3584 in
3258 3530 3477 3594 dextro,
3496 3529 3747 3585 alterum
3770 3530 3831 3585 in

2182 3619 2422 3673 sinistro
2452 3618 2692 3690 pariete,
2724 3617 2834 3672 Sed
2868 3622 2926 3672 et
2977 3617 3315 3688 Sigil‘ridus,
3348 3617 3507 3673 filius
3531 3618 3659 3689 jam
3692 3618 3834 3674 dicti

2182 3706 2533 3772 Wolveradi,
2556 3705 2920 3777 temporibus
2937 3704 3133 3759 Ottoni
3142 3723 3169 3761 s
3181 3706 3439 3778 episcopi
3458 3706 3627 3779 (817),
3645 3710 3835 3763 orato-

2182 3796 2335 3850 rium
2363 3796 2420 3850 S.
2454 3794 2652 3849 Jacobi
2682 3793 2928 3865 apostoli
2979 3793 3204 3849 addidit
3244 3794 3433 3851 eidem
3487 3794 3743 3867 capellae,
3776 3799 3837 3851 et

2182 3883 2319 3938 illuc
2350 3883 2408 3937 in
2440 3882 2634 3938 dotem
2665 3882 2820 3937 dedit
2868 3881 3065 3949 Bozze,
3099 3882 3567 3952 Gisilmarisruti,
3600 3884 3833 3940 Swabi-

2179 3971 2570 4041 richishusin,
2605 3968 2943 4043 sepulcrum
2987 3970 3099 4025 sibi
3149 3972 3279 4043 ipso
3328 3973 3578 4028 oratorio
3612 3973 3839 4029 consti-

2182 4062 2324 4131 tuit;
2345 4059 2939 4128 sed,Romamiens,in
2956 4060 3251 4116 redeundo
3272 4062 3428 4133 apud
3444 4061 3675 4118 Clavine
3690 4061 3844 4138 (818)

2187 4185 2323 4243 anni
2358 4186 2516 4239 1058.

2279 4257 2401 4328 809)
2430 4256 2605 4311 Juxta
2632 4254 2857 4328 Necrol.
2887 4255 2961 4310 23
2991 4254 3177 4327 April.

2279 4260 2401 4328 809)
2430 4260 2605 4311 Juxta
2632 4260 2857 4311 Necrol.
2887 4260 2961 4310 23
2991 4260 3177 4327 April.

2255 4260 2405 4399 (810)
2437 4327 2540 4399 Hic
2568 4327 2739 4395 infra,
2758 4327 2815 4399 ΑΙ.
2840 4343 2915 4399 1v.
2940 4328 3079 4399 §10,
3102 4327 3393 4385 confracta
3415 4327 3589 4384 dorso
3626 4328 3848 4386 abiisse

2189 4397 2612 4525 dioitpgﬁgltero
2644 4397 3029 4453 ordinationis
3054 4415 3171 4454 suae
3202 4416 3377 4468 anno,
3403 4400 3667 4472 adeoque
3689 4402 3850 4459 circa

2196 4489 2290 4525 an.
2474 4512 2488 4524 .

2196 4489 2267 4528 an
2279 4513 2290 4523 .
2326 4489 2348 4525 ’1
2359 4489 2488 4525 υΟΖ.

2266 4541 2415 4612 (811)
2447 4541 2548 4612 Hic
2578 4539 2637 4594 in
2671 4540 2868 4612 codice
2899 4555 3217 4612 permagna
3251 4540 3485 4609 lacuna,

2448 4611 2572 4693 ltal.
2594 4611 2859 4693 spatione,
2888 4610 3049 4693 ensis
3080 4610 3371 4693 militaris,
3392 4612 3770 4693 ‘rbomphaaa.

2267 4681 2416 4757 (818)
2449 4684 2561 4737 Seu
2592 4681 2794 4757 limbo,
2819 4687 2907 4737 est
2927 4687 3121 4757 autem
3143 4682 3363 4739 limbus
3388 4687 3522 4757 toga
3544 4681 3843 4752 militaris,

2198 4755 2702 4828 paludamentum,
2730 4754 3161 4828 _Wappenrock_.

2269 4827 2415 4898 (8M)
2451 4826 2509 4880 In
2544 4822 2777 4898 Necrol.
2802 4822 3096 4898 notaturﬁ
3126 4824 3282 4898 Jan.,
3309 4826 3408 4880 ubi
3434 4841 3582 4898 uxor
3598 4827 3852 4898 vocatur

2196 4895 2485 4963 Gotistiv,,
2516 4900 2574 4951 et
2603 4895 2820 4966 prmdia
2850 4895 3228 4950 Uoldishusin
3260 4901 3317 4951 et
3343 4896 3844 4952 Judintunberch.

2197 4968 2421 5024 Nobilis
2452 4983 2583 5022 vero
2608 4966 2735 5038 Abazc
2768 4967 2991 5021 familia
3018 4968 3234 5038 ignota.

2267 5042 2415 5109 (815)
2447 5036 2883 5111 Oggelshausen
2915 5039 2985 5093 ad
3017 5036 3209 5094 lacum
3242 5037 3599 5110 plumarium
3623 5037 3683 5093 in
3712 5054 3844 5111 cap.

2196 5128 2319 5166 rur.
2352 5108 2739 5164 Biberacensi.

2268 5181 2414 5259 (.816)
2442 5180 2755 5259 Ittenberg,
2807 5178 3093 5259 parochias
3142 5178 3526 5259 Burgweiler,
3559 5178 3660 5234 ubi
3678 5178 3849 5259 _f9rte

2198 5249 2364 5334 sedes
2394 5249 2517 5306 erat
2546 5249 2830 5305 nobilium
2863 5250 2933 5303 de
2962 5249 3203 5319 Wilare,
3255 5249 3311 5305 in
3361 5268 3489 5324 cap.
3524 5268 3644 5306 rur.
3678 5250 3848 5306 Men-

2237 5340 2382 5378 ens}.

2196 5340 2430 5520 88838113)
2439 5392 2575 5518 Ptto
2606 5390 2954 5446 Constantia:
3004 5389 3315 5464 cpiscopus
3355 5394 3711 5450 constitutus
3752 5395 3850 5449 est

2198 5482 2291 5520 an.
2475 5504 2487 5516 .

2198 5482 2291 5520 an.
2326 5482 2487 5520 IUll.

2267 5535 2414 5607 (818)
2447 5534 2614 5592 Forte
2645 5531 3029 5607 Clavsnnzein
3067 5533 3301 5592 dimcesi
3352 5535 3643 5607 Comensi,
3678 5533 3850 5597 Italis

2195 5605 2546 5681 Ch'iavenna,
2579 5621 2705 5683 quae
2738 5620 2893 5665 nunc
2923 5605 3268 5668 Grisonibus
3297 5612 3480 5685 paret.
