4152 6186
391 244 503 308 331

1087 236 1481 304 APPENDIX
1527 240 1628 301 AD
1673 230 2121 301 CHRONICON
2166 232 2583 301 HERMANNI
2626 236 3094 305 CONTRACTI.

3678 235 3795 306 332

389 382 546 438 334
575 374 938 451 temporibus
968 376 1311 434 Theoderici
1356 374 1585 432 abbatis
1630 369 2038 428 venerabiliter
2064 372 2120 438 Α
2151 388 2339 445 usque
2367 373 2428 428 in
2458 373 2657 440 ﬁnem,
2689 379 2755 431 ut
2783 377 3100 446 credimus,
3134 377 3330 434 navim
3360 375 3460 433 Dei
3506 376 3797 434 inundare

389 467 556 526 valde
586 468 646 523 in
685 467 888 523 eodem
924 466 1279 523 monasterio
1311 466 1685 520 conversatus
1733 464 1821 516 est
1851 475 2039 531 usque

390 558 463 614 ad
490 557 715 614 obitum
748 573 945 623 suum,
979 557 1144 628 prius
1175 556 1233 610 in
1264 553 1642 611 barbatorum
1684 548 1913 617 habitu,
1944 548 2039 604 de-

388 646 524 703 inde
553 647 613 702 in
642 646 1085 702 monachorum.

688 765 715 831 §
752 761 945 817 XXIII.
979 763 1052 816 De
1083 760 1342 815 Hez'nrz'co
1374 773 1496 827 rege
1526 758 1736 827 quarto.

462 884 631 934 Anno
661 877 734 932 ab
757 874 1155 931 incarnatione
1176 873 1405 927 Domini
1429 870 1781 943 uLvn[MLv1]
1814 869 2037 925 Heinri-

393 985 498 1026 cus
526 966 735 1023 tertius
766 964 1082 1035 imperator
1112 960 1274 1027 obiit,
1304 966 1362 1017 et
1391 961 1547 1015 ﬁlius
1586 960 1714 1031 ejus
1734 958 2039 1015 Heinricus

394 1059 640 1129 quartus
689 1052 976 1108 successit
1021 1052 1213 1106 adhuc
1273 1067 1435 1122 puer,
1477 1066 1767 1105 annorum
1816 1046 2040 1103 scilicet

394 1159 598 1203 novem
631 1142 804 1213 (838),
837 1141 935 1211 qui
986 1157 1088 1212 per
1137 1138 1527 1211 quadraginta
1566 1144 1622 1193 et
1678 1141 1806 1192 octo
1851 1152 2036 1191 annos

393 1230 563 1305 quasi
580 1230 705 1285 titio
732 1229 1028 1300 fumigans
1045 1228 1244 1283 oculos
1267 1226 1530 1281 ﬁdelium
1573 1224 1903 1281 terebravit.
1937 1225 2035 1279 Et-

388 1322 545 1377 enim
571 1317 972 1375 felicissimum
994 1317 1320 1372 Romanum
1361 1314 1677 1387 imperium
1713 1330 1846 1368 cum
1873 1329 2033 1368 acce-

390 1410 575 1482 pisset
596 1406 1061 1473 serenissimum,
1098 1422 1200 1477 per
1224 1404 1423 1460 omnia
1463 1403 1717 1459 reddidit
1762 1402 2035 1475 turpissi-

390 1512 551 1552 mum
584 1499 640 1549 et
659 1492 1135 1549 turbulentum...
1172 1494 1235 1547 In
1258 1495 1483 1548 tantam
1523 1496 1719 1547 autem
1739 1492 2035 1547 vesaniam

389 1584 653 1657 prorupit
676 1586 805 1639 ut...
830 1581 1028 1638 omnia
1066 1580 1464 1638 ecclesiastica
1485 1580 1677 1637 ofﬁcia
1720 1579 2037 1637 simoniace

386 1673 743 1742 venderet,et
763 1687 1146 1743 quoscunque
1160 1670 1461 1743 religiosos
1482 1669 1785 1742 episcopos
1798 1686 1903 1724 sua
1922 1686 2038 1725 sce-

388 1762 509 1818 lera
531 1742 898 1817 exsecrantes
920 1742 1291 1828 resciret,eos
1306 1759 1557 1831 propriis
1582 1759 1821 1814 sedibus
1844 1758 2037 1829 priva-
2067 1742 2116 1807 Β

388 1851 553 1917 vit,et
573 1851 697 1922 ipse
719 1849 862 1905 alios
885 1848 1008 1904 suis
1027 1848 1262 1920 ﬂagitiis
1286 1848 1542 1904 faventes
1556 1846 1818 1904 ecclesiis
1834 1850 2036 1917 praetu-

389 1940 541 2007 lit,et
570 1939 769 1995 omnia
789 1943 907 1993 tam
949 1937 1339 1994 ecclesiastica
1369 1953 1546 2009 quam
1583 1935 2039 2007 saeculariajura

392 2026 950 2085 confudit.Pervenit
967 2026 1124 2081 enim
1146 2029 1285 2080 tunc
1308 2042 1485 2096 super
1501 2024 1828 2079 Romanum
1852 2024 2036 2096 impe-

392 2119 546 2174 rium
570 2116 671 2172 illa
691 2115 1044 2184 maledictio,
1069 2131 1194 2186 qua:
1220 2132 1252 2169 a
1274 2112 1583 2170 Salomone
1607 2112 2037 2185 praescriptale-

391 2208 551 2281 gitur
580 2224 592 2261 :
632 2208 719 2263 νω
743 2209 923 2271 terrm,
954 2204 1112 2275 cujus
1141 2220 1241 2259 rex
1267 2219 1404 2273 puer
1433 2211 1511 2257 est
1542 2202 1732 2270 (Eccle.
1762 2204 1859 2269 x);
1892 2207 1949 2257 et
1975 2202 2036 2257 in

389 2296 496 2352 Job
524 2313 536 2350 :
572 2296 677 2362 Qui
706 2309 935 2364 regnare
962 2294 1097 2363 facit
1128 2292 1403 2347 hominem
1451 2291 1793 2363 hypocritam
1818 2294 2039 2363 propter

385 2387 606 2457 peccata
628 2382 821 2454 pepuli
850 2381 966 2454 (Job
994 2381 1207 2453 xxxrv).

457 2599 623 2653 Anno
655 2612 831 2652 MLXix
863 2593 1186 2651 Rumaldus
1234 2593 1698 2649 Constantiensis
1727 2594 2038 2666 episcopus

388 2686 554 2753 obiit,
584 2690 643 2741 et
671 2684 910 2740 Carolus
930 2683 1323 2755 (339)quidam
1347 2699 1450 2755 per
1464 2682 1788 2739 Simoniam
1805 2699 1839 2737 a
1865 2682 2037 2738 Hein-

391 2775 511 2831 rico
536 2789 667 2846 rege
688 2772 876 2828 eidem
900 2770 1165 2826 Ecclesiae
1180 2770 1241 2826 in
1259 2770 1601 2842 episcopum
1618 2770 2035 2837 transmissus;

392 2864 493 2919 sed
527 2863 585 2917 in
600 2864 726 2933 jam
748 2861 903 2916 dicta
940 2859 1146 2916 haeresi
1194 2859 1614 2931 deprehensus,
1649 2877 1683 2915 a
1712 2858 1865 2915 clero
1890 2858 2037 2915 Con-

392 2950 702 3008 stantiensi
721 2951 1007 3005 refutatus
1028 2949 1421 3019 inpraesentia
1448 2948 1756 3020 regis,ipso
1772 2948 2041 3019 quamvis

2146 464 2203 517 et
2233 460 2468 534 pulsare
2499 480 2615 519 non
2647 464 2909 520 desinit.

2844 584 2872 648 §
2912 581 3103 638 XXVI.

2215 688 2380 740 Anno
2427 702 2660 743 MLxxvu
2715 686 3039 744 Ruodolfus
3087 690 3206 745 dux
3264 690 3585 746 Suevorum
3651 685 3799 760 (8H)

2126 773 2313 843 zjussu
2344 772 2601 844 Gregorii
2636 790 2819 845 papa,
2852 778 2911 830 et
2935 775 3176 832 consilio
3206 775 3501 832 Bertholdi
3533 773 3722 843 ducis,
3741 776 3803 831 et

2150 861 2433 918 Welfonis
2466 861 2857 917 Baioariorum
2890 864 3077 933 ducis,
3102 864 3468 937 aliorumque
3490 861 3800 936 quamplu-

2146 950 2429 1006 rimorum
2462 948 2883 1006 catholicorum
2910 952 2967 1006 in
2980 952 3445 1009 villaForicheim
3470 969 3569 1009 rex
3585 952 3799 1008 consti-

2144 1039 2351 1107 tuitur,
2386 1038 2485 1110 qui
2517 1038 2708 1094 tribus
2738 1043 2795 1094 et
2831 1040 3076 1096 dimidio
3125 1058 3276 1098 anno
3316 1058 3563 1116 regnum
3594 1045 3797 1097 contra

2146 1127 2481 1183 Heinricum
2513 1128 2721 1183 tenuit.
2756 1128 3142 1198 Initium,imo
3170 1131 3599 1187 incrementum
3630 1128 3794 1186 dolo-

2148 1233 2274 1271 rum
2310 1216 2592 1284 hmcmam
2624 1216 2759 1271 inde
2788 1221 2985 1273 exorta
3018 1222 3157 1274 sunt
3181 1218 3378 1291 praelia
3398 1223 3455 1275 et
3478 1218 3796 1276 seditiones

2144 1308 2200 1359 et
2230 1304 2428 1360 multa:
2459 1305 2765 1376 sanguinis
2796 1305 3132 1376 effusiones,
3154 1312 3211 1363 et
3235 1307 3392 1379 quod
3422 1311 3511 1363 est
3539 1307 3795 1363 deterius

2145 1392 2464 1447 multarum
2497 1392 2827 1448 animarum
2864 1393 3239 1465 perditiones.

2822 1507 3107 1580 §xxvn.

2215 1606 2381 1660 Anno
2412 1623 2598 1661 mxxx
2629 1605 2934 1662 Heinricus
2965 1623 3064 1662 rex
3117 1606 3648 1665 anathematizatus
3679 1607 3792 1665 Ro-

2145 1710 2302 1750 mam
2325 1711 2457 1750 cum
2476 1710 2688 1767 magno
2702 1694 2811 1750 sibi
2829 1694 3055 1750 favente
3067 1696 3321 1751 exercitu
3336 1697 3493 1753 tendi
3501 1702 3798 1770 t,eamque

2147 1783 2259 1838 sibi
2294 1800 2408 1838 non
2439 1783 2732 1838 immerito
2763 1788 3189 1856 repugnantem
3223 1785 3471 1853 obsedit,
3494 1788 3797 1858 armisque

2146 1873 2300 1945 cepit
2328 1873 2497 1943 (842),
2522 1872 2862 1944 Gregorium
2902 1889 3115 1944 papam
3155 1874 3291 1929 sede
3320 1874 3639 1946 apostolica
3668 1874 3799 1947 pul-

2147 1978 2278 2016 sum
2310 1962 2370 2015 in
2400 1959 2671 2015 exsilium
2702 1960 2844 2016 ortis
2895 1960 3075 2033 impie
3104 1962 3299 2029 trusit,
3351 1966 3408 2018 et
3462 1963 3795 2034 Wipertum

2147 2049 2537 2104 Ravennatem
2571 2048 3098 2122 archiepiscopum,
3148 2050 3220 2105 ob
3271 2050 3491 2107 scelera
3534 2068 3642 2108 sua
3667 2052 3794 2122 jam

2147 2137 2449 2211 septennio
2480 2138 3050 2194 excommunicatum
3089 2139 3255 2210 (843),
3307 2139 3635 2211 apostolica:
3665 2139 3794 2196 sedi

2147 2225 2509 2299 imposuit,et
2530 2227 2601 2281 ab
2623 2243 2688 2282 eo
2706 2243 2980 2282 coronam
3002 2227 3236 2300 imperii
3259 2227 3372 2283 sibi
3394 2228 3616 2301 imponi
3635 2228 3794 2284 fecit.

2148 2316 2249 2371 Hic
2293 2314 2751 2371 nefandissimus
2795 2315 3185 2372 haeresiarcha
3231 2320 3496 2372 sanctam
3546 2320 3793 2374 matrem

2145 2404 2464 2462 Ecclesiam
2497 2404 2792 2460 infestavit
2817 2404 3134 2478 plusquam
3156 2405 3356 2461 decem
3379 2410 3436 2461 et
3465 2422 3668 2463 novem
3691 2423 3795 2464 an-

2146 2495 2258 2551 nis.
2295 2498 2429 2550 Erat
2449 2498 2644 2550 tamen
2676 2492 2886 2550 litteris
2906 2494 3171 2568 apprime
3200 2495 3485 2564 eruditus,
3504 2499 3560 2551 et
3590 2494 3796 2569 lingua

2147 2582 2632 2651 facundissimus,
2662 2586 2717 2638 et
2748 2582 2796 2638 si
2822 2583 3047 2654 justus,
3080 2582 3219 2639 huic
3248 2583 3439 2640 ofﬁcio
3469 2584 3611 2641 satis
3639 2589 3798 2642 esset

2146 2672 2413 2727 idoneus.

2820 2758 3126 2832 §xxan

2218 2853 2361 2904 Cum
2388 2848 2567 2921 igitur
2596 2847 2897 2905 Heinricus
2928 2865 3026 2905 rex
3054 2848 3453 2906 ecclesiastica
3489 2850 3699 2920 ofﬁcia,
3730 2853 3799 2907 ut

2150 2937 2427 3005 diximus,
2456 2953 2722 3010 perverse
2754 2940 3045 3006 tractaret,
3088 2942 3145 2994 et
3167 2938 3295 3010 jam
3345 2938 3540 2995 divino
3569 2939 3795 3011 judicio

392 3040 642 3097 nimium
674 3038 1269 3110 furente,reprobatus
1291 3043 1398 3093 est.
1422 3038 1584 3093 'l‘unc
1618 3054 1715 3091 rex
1739 3037 2044 3093 iracundia
2151 3025 2420 3081 contritio
2452 3030 2508 3081 et
2530 3024 2839 3081 infelicitas
2870 3026 2980 3082 viis
3001 3027 3129 3097 ejus
3159 3027 3599 3100 propinquaret,
3624 3029 3798 3101 capit

396 3133 699 3203 permotus
725 3128 837 3184 ait:
871 3128 1142 3195 Quoniam
1196 3127 1451 3181 idoneum
1508 3133 1844 3198 spreverunt,
1892 3128 2041 3182 acci-
2073 3110 2115 3177 C
2154 3114 2305 3171 viam
2357 3114 2518 3187 pacis
2567 3114 2928 3187 perturbare.
2975 3119 3032 3170 θῐ
3076 3132 3179 3172 nec
3227 3115 3330 3172 Πθί
3379 3117 3647 3173 timorem
3677 3134 3794 3190 pm

392 3222 554 3293 piant
585 3221 886 3290 ignavum;
919 3221 976 3271 et
1006 3220 1147 3271 tunc
1194 3215 1465 3271 Ottonem
1516 3216 1834 3287 quemdam
1864 3219 2041 3271 Saxo-

398 3324 532 3363 nem
562 3322 773 3379 genere
805 3304 966 3360 dedit
993 3303 1079 3359 eis
1108 3303 1469 3376 episcopum.

1097 3407 1127 3479 §
1167 3407 1327 3463 xxv.

462 3502 628 3555 Anno
649 3514 839 3553 MLxxv
866 3514 996 3551 cum
1022 3512 1120 3550 rex
1140 3495 1447 3551 Heinricus
1480 3513 1583 3567 per
1620 3499 1816 3553 omnia
1837 3502 2037 3569 tyran-

389 3588 518 3646 nice
542 3587 775 3653 viveret,
806 3592 995 3641 etnec
1028 3584 1210 3638 Deum
1259 3600 1365 3638 nec
1413 3584 1682 3639 homines
1723 3591 2034 3653 vereretur,

389 3680 445 3734 et
474 3674 849 3732 investituras
880 3672 1289 3747 episcoporum
1338 3677 1396 3727 et
1450 3673 1730 3728 abbatum
1762 3691 1866 3745 pro
1892 3673 2038 3730 velle

388 3783 495 3823 suo
520 3764 979 3825 distribueret.et
999 3779 1132 3819 cum
1158 3779 1260 3834 pro
1300 3761 1407 3817 hoc
1440 3777 1591 3833 saepe
1613 3779 1647 3817 a
1665 3760 1873 3834 legatis
1903 3763 2039 3819 Gre-

387 3855 531 3927 gorii
564 3871 725 3927 papae
757 3851 1095 3908 admonitus
1126 3854 1301 3916 esset,
1330 3866 1434 3906 nec
1497 3851 1810 3906 emendare
1840 3850 2033 3922 vellet,

377 3944 506 4015 jam
539 3944 729 3998 dictus
762 3958 913 4014 papa
967 3940 1300 4011 Gregorius,
1336 3940 1435 4011 qui
1495 3944 1553 3995 et
1608 3939 2033 4010 Hiltibrandus,

387 4035 736 4105 congregata
767 4029 987 4101 synodo
1018 4029 1165 4100 (849)
1196 4029 1725 4084 cxcommunicavit
1774 4046 1933 4097 eum,
1981 4034 2038 4085 et

387 4136 590 4178 omnes
613 4118 764 4175 335
789 4134 1069 4189 sequaces
1086 4119 1237 4189 ejus,
1263 4121 1318 4172 et
1328 4117 1845 4190 juratosilliatque
1859 4119 2034 4175 foede-

386 4213 544 4266 ratos
576 4206 848 4273 absolvit,
882 4209 940 4260 et
969 4204 1321 4261 abalienavit
1350 4221 1449 4260 eos
1499 4206 1572 4260 ab
1620 4203 1739 4274 illo,
1773 4210 1831 4261 et
1860 4207 2038 4262 inter-

384 4298 528 4354 dixit
556 4315 627 4352 ne
658 4296 873 4368 aliquis
903 4294 974 4349 ab
1006 4310 1072 4349 eo
1130 4292 1591 4349 ecclesiasticum
1642 4294 1902 4350 ofﬁcium
1944 4294 2034 4351 vel

383 4386 785 4443 investituram
839 4383 1198 4455 susciperet;
1233 4382 1473 4455 insuper
1507 4381 1730 4438 clericis
1761 4384 2033 4457 conjugia

2150 3203 2334 3259 oculis
2366 3203 2597 3271 habere,
2620 3220 2723 3259 nec
2743 3203 3104 3271 hominibus,
3123 3220 3249 3276 quae
3266 3206 3429 3276 justa
3446 3205 3798 3276 erant,exhi-

2149 3294 2300 3349 bere.
2336 3294 2405 3348 Et
2436 3297 2499 3348 ut
2548 3309 2734 3364 pauca
2782 3294 2853 3349 de
2900 3292 3102 3349 multis
3151 3293 3363 3365 dicam,
3415 3294 3609 3351 Otloni
3656 3296 3794 3352 duci

2148 3381 2546 3453 Bajoariorum
2579 3382 2858 3438 ducatum
2890 3381 3150 3446 abstulit,
3183 3386 3240 3438 et
3264 3382 3515 3440 Well'oni
3540 3384 3611 3440 de
3630 3383 3796 3441 Ravi-

2148 3470 2426 3525 nisburch
2452 3470 2597 3541 (844)
2621 3471 2774 3525 336
2796 3471 3381 3528 tradidit.Bertolfum
3406 3472 3796 3546 (845)quoque

2147 3557 2218 3611 de
2246 3557 2513 3629 Zaringin
2547 3557 2762 3612 ducatu
2793 3558 3229 3614 Carinthiorum
3261 3559 3527 3632 privavit,
3568 3565 3626 3617 et
3656 3561 3795 3617 Lui-

2147 3644 2304 3700 toldo
2335 3644 2626 3701 Genuensi
2657 3645 2805 3717 (846)
2836 3646 3107 3702 dedit.Ad
3134 3646 3258 3703 haec
3287 3665 3423 3705 cum
3453 3648 3512 3705 in
3544 3650 3800 3708 Saxonis.

2147 3749 2299 3805 saepe
2329 3736 2745 3797 moraretur,eo
2776 3734 2930 3805 quod
2955 3734 3084 3807 ipsa
3097 3736 3397 3807 provincia
3424 3737 3800 3811 imperatoris

2146 3821 2400 3893 coquina
2430 3837 2557 3878 esse
2590 3822 2948 3893 perhibetur,
2964 3823 3138 3896 coepit
3167 3828 3288 3881 tam
3320 3826 3599 3899 coniuges
3620 3842 3802 3899 quam

2144 3909 2294 3966 ﬁlias
2320 3909 2648 3983 principum
2673 3915 3054 3984 constuprare
3075 3917 3132 3969 et
3149 3912 3208 3969 in
3223 3912 3567 3985 hujusmodi
3585 3914 3798 3973 facino-

2146 3999 2309 4054 ribus
2338 3998 2576 4053 modum
2611 4015 2727 4054 non
2757 3999 3115 4057 habere.Has
3145 4001 3500 4074 ignominias
3541 4003 3796 4060 Saxones

2145 4104 2261 4143 non
2292 4088 2538 4144 ferentes
2552 4088 2622 4143 ad
2656 4087 3056 4145 rebellandum
3080 4095 3220 4146 sunt
3249 4090 3473 4147 incitati
3498 4096 3557 4149 et
3584 4092 3795 4152 exinde

2143 4177 2340 4251 gravia
2369 4176 2566 4249 praelia
2596 4181 2652 4232 et
2677 4177 2995 4235 seditiones
3025 4184 3165 4236 sunt
3193 4178 3433 4252 experti.

2978 4294 3091 4350 ’[Χ.

2212 4383 2302 4451 Et,
2334 4386 2401 4437 ut
2422 4383 2492 4437 ad
2521 4382 2822 4454 superiora
2844 4293 3113 4456 ῗθξιζοιεα
3127 4400 3444 4459 parumper
3456 4385 3787 4454 redeamus,

384 4477 495 4533 sub
526 4472 918 4532 anathematis
967 4469 1196 4527 vinculo
1250 4470 1570 4526 interdixit.
1605 4475 1723 4527 Hac
1755 4472 1826 4527 de
1853 4488 2032 4528 causa
2061 4476 2107 4540 D
2138 4487 2291 4527 anno
2321 4470 2741 4528 incarnationis
2767 4472 3082 4529 Dominicaa
3114 4491 3325 4531 MLxxrv
3355 4476 3525 4548 (847),
3556 4475 3788 4532 Heinri-

382 4570 545 4621 tanta
568 4563 820 4637 procella
866 4561 1183 4617 Ecclesiam
1234 4558 1490 4632 impulit,
1523 4575 1655 4632 quae
1684 4559 2027 4617 innumeros

382 4653 684 4722 subvertit,
718 4657 775 4709 et
805 4652 1089 4707 hactenus
1140 4666 1326 4721 usque
1377 4649 1435 4703 in
1480 4663 1756 4721 praesens,
1790 4650 1891 4705 sed
1923 4665 2028 4705 nec

478 4832 603 4900 838)
631 4832 754 4901 Leg.
790 4836 1031 4902 septem.
1499 4900 1505 4902 Α
1620 4900 1628 4902 Α
1725 4833 1732 4840 ’

481 4903 606 4959 837)
636 4900 766 4956 Vid.
804 4900 1149 4957 Bertholdus
1180 4900 1552 4957 Constant.in
1572 4900 1863 4959 Chron.ad
1887 4900 1945 4956 h.
1970 4919 2023 4957 a.

453 4972 1008 5101 (ffagniiomex
1064 4972 1376 5028 Bertholdo
1433 4973 1630 5029 Const.
1696 4972 1752 5027 in
1810 4973 2024 5029 Chron.

386 5044 538 5102 infra
566 5049 707 5099 tom.
742 5044 810 5099 II.

457 5116 762 5189 (861)Yid.
798 5132 929 5189 mox
958 5116 1130 5182 infra,

457 5185 767 5315 534%)3Haac
799 5188 870 5242 ad
902 5202 1126 5242 annum
1173 5185 1310 5239 1084
1368 5186 1678 5257 pertinent.
1712 5188 1842 5241 Vid.
1876 5186 2028 5242 infra

387 5263 415 5331 §
443 5262 533 5325 32,
564 5262 652 5315 33.

457 5332 605 5398 (853)
636 5330 984 5386 Bertholdus
1015 5328 1084 5384 ad
1119 5345 1211 5383 an.
1250 5327 1403 5383 1084.

470 5399 604 5483 ltili)
746 5403 1056 5492 cn‘m'itibus
1086 5399 1142 5454 in
1193 5400 1374 5492 All‘orl'

387 5473 650 5543 Origines
682 5474 1032 5544 Guelphicm,
1065 5488 1133 5526 ex
1160 5472 1374 5543 quibus
1427 5472 1607 5526 Wcll'o
1638 5474 1703 5525 IV
1735 5472 1827 5527 an.
1866 5473 2018 5526 1071.

388 5546 505 5607 dux
532 5543 805 5599 Baioariae
837 5545 1193 5602 constitutus
1221 5546 1327 5599 est.
1362 5542 1543 5598 Barth.

459 5614 605 5697 (845)
633 5612 792 5675 Alias
814 5613 1351 5677 Bertholdum.Vid.
1379 5612 1727 5675 Lambertus
1743 5611 2021 5673 Schafna-

2135 4577 2240 4617 cus
2272 4576 2368 4615 rex
2398 4564 2749 4633 congregato
2767 4561 3023 4617 exercitu
3044 4563 3354 4618 Saxoniam
3372 4562 3484 4619 sibi
3507 4562 3793 4620 rebellan-

2136 4654 2254 4705 tem
2276 4647 2569 4704 hostiliter
2601 4648 2859 4715 intravit,
2876 4652 2935 4705 et
2954 4650 3110 4721 apud
3136 4666 3320 4722 aquas
3351 4650 3633 4708 Unstruot
3651 4666 3790 4709 cum

2137 4827 2330 4900 burg.,
2365 4845 2459 4883 an.
2496 4826 2653 4900 1072.

2205 4897 2353 4968 (846)
2383 4904 2505 4954 Imo
2539 4898 2888 4971 Marquardo
2926 4897 3152 4955 Luitolﬁ
3186 4898 3564 4971 patri,comiti
3596 4899 3791 4956 Murs-

2135 4970 2353 5043 talensi
2371 4975 2428 5026 et
2455 4970 2829 5043 Avelanzensi
2861 4971 2917 5025 in
2952 4973 3139 5043 Styria
3187 4970 3495 5043 superiori,
3529 4971 3791 5029 Heinrici

2137 5042 2210 5114 IV
2242 5041 2392 5114 regis
2426 5040 2875 5113 propinquo,cui
2899 5059 3003 5097 cur
3020 5040 3346 5099 Genuensis
3364 5043 3794 5111 dicatur,nobis

2139 5113 2567 5168 incompertum
2600 5116 2708 5167 est.

2209 5181 2359 5253 (847)
2405 5181 2655 5237 Bertold.
2706 5183 2776 5237 ad
2828 5200 2921 5237 an.
2986 5185 3139 5249 1075,
3173 5185 3255 5238 uti
3306 5188 3365 5240 et
3412 5184 3790 5244 Lambertus.

2134 5254 2495 5325 Ernestusin
2512 5253 2620 5325 hac
2640 5270 2837 5325 pugna
2852 5254 3079 5325 occisus
3100 5260 3222 5310 erat
3240 5256 3488 5311 Austrise
3502 5255 3791 5314 marchio.-

2135 5325 2362 5381 Ernesti
2396 5324 2441 5379 II
2470 5322 2824 5379 Alemannis:
2854 5324 3019 5380 ducis
3050 5324 3226 5389 ﬁlius,
3247 5326 3565 5383 Eberhardi
3586 5331 3790 5387 autem

2134 5395 2565 5467 Nellenburgici
2589 5394 2740 5450 ﬁlios
2756 5395 3088 5467 IIeinricum
3104 5397 3576 5455 etEberhardum
3598 5399 3792 5457 nomi-

2137 5476 2235 5523 nat
2266 5465 2587 5545 Chrgpicon
2723 5465 2912 5531 Illusii,
2947 5485 3093 5545 quos
3125 5467 3307 5528 Lucas
3338 5486 3393 5545 p.
3435 5470 3788 5533 l052Alber.

2134 5546 2260 5597 tum
2291 5545 2348 5606 et
2375 5537 2774 5596 Theobaldum
2808 5537 3078 5627 appellat.
