4152 6186
276 323 396 383 333

276 456 363 511 eis
383 457 690 529 pugnavit,
731 472 948 530 eosque
994 458 1206 517 devicit
1236 461 1560 533 multisque
1619 461 1827 518 occisis
1875 467 1932 519 et
1958 475 2011 539 Α

274 544 552 617 plurimis
585 547 823 620 fugatis,
855 549 1206 620 quibusdam
1233 550 1410 605 etiam
1445 550 1571 606 sine
1601 551 1930 632 conditione

275 633 386 690 sibi
415 635 676 704 traditis,
705 636 1010 693 victoriam
1035 638 1282 710 adeptus
1309 642 1398 694 est
1419 656 1535 695 non
1569 657 1674 696 suo
1696 640 1927 708 merito,

273 724 398 791 sed,
426 727 493 779 ut
522 725 841 792 credimus,
870 727 980 782 Deo
1004 726 1232 783 felicem
1259 727 1585 784 Romanam
1605 729 1927 802 rempubli-

271 829 401 868 cam
422 813 769 871 honorante.
796 816 859 870 In
881 815 991 872 hoc
1012 815 1164 872 bello
1185 834 1320 873 cum
1342 833 1478 890 rege
1500 819 1735 874 fuerunt
1751 820 1928 875 duces

272 901 623 972 Suevorum,
673 903 1000 960 Ruodolfus
1031 909 1233 978 postea
1262 922 1385 974 rex,
1429 911 1487 962 et
1541 907 1699 963 Welf
1753 912 1928 979 atque

272 990 645 1060 Bertholdus,
677 993 947 1064 quamvis
977 993 1026 1048 ei
1047 995 1306 1067 suspecti
1336 1000 1551 1051 essent.
1579 997 1664 1050 Ibi
1696 995 1925 1052 occisus

270 1084 361 1135 est
386 1096 457 1135 ex
477 1085 641 1152 parte
661 1081 813 1154 regis
834 1081 1027 1138 Ernist
1043 1083 1303 1139 marchio
1325 1083 1660 1153 Orientis,et
1680 1085 1796 1140 duo
1821 1084 1926 1139 filii

265 1169 589 1226 Eberhardi
619 1171 851 1226 comitis
873 1171 944 1226 de
961 1170 1362 1239 Nellinburch,
1388 1173 1488 1244 qui
1522 1173 1925 1230 Shafhusense

267 1258 698 1315 monasterium
723 1259 1010 1316 fundavit.

973 1367 1001 1439 Ξ
1048 1367 1215 1422 xxx.

333 1454 522 1527 Igitur
540 1455 668 1526 jam
696 1455 835 1510 dicti
871 1456 1049 1512 duces
1068 1456 1529 1512 Alemannorum
1557 1458 1756 1513 statim
1790 1463 1922 1530 post

262 1544 416 1599 hanc
445 1561 706 1617 pugnam
740 1544 859 1616 regi
888 1544 1166 1600 rebellare
1189 1551 1510 1617 coeperunt,
1544 1563 1609 1602 ac
1640 1547 1741 1602 diu
1770 1547 1922 1603 inter

265 1648 327 1688 se
360 1636 605 1688 tractato
638 1633 881 1690 consilio
905 1633 974 1689 ad
1006 1632 1280 1690 ultimum
1305 1651 1438 1690 cum
1471 1635 1770 1692 voluntate
1788 1636 1920 1692 Gre-

264 1721 410 1794 gorii
446 1738 635 1794 papae,
680 1721 780 1793 qui
813 1726 872 1778 et
929 1721 1353 1792 Hiltibrandus,
1407 1729 1803 1781 convenerunt
1859 1726 1918 1780 in

1177 325 1624 390 CHRONICON
1668 326 2385 393 PETERSHUSANUM.
2422 364 2498 379 -
2529 332 2676 396 LIB.
2724 336 2800 397 II.

3569 345 3688 407 334

2725 470 2754 541 §
2789 470 3000 525 xxxn.

2111 557 2250 609 Post
2285 554 2408 610 haec
2440 556 2748 613 Heinricus
2779 576 2878 615 rex
2936 559 3161 615 Italiam
3212 564 3464 632 perrexit
3515 567 3686 640 (852),

2040 641 2284 698 Romam
2306 660 2439 699 cum
2465 645 2716 702 exercitu
2737 647 2895 703 venit
2915 664 3163 721 eamque
3176 649 3286 704 sibi
3310 651 3688 710 rebellantem

2037 730 2218 786 armis
2251 733 2420 803 cepit,
2456 734 2800 807 Gregorium
2846 754 3059 810 papam
3091 739 3263 809 ejecit
3310 744 3440 811 post
3469 741 3685 800 multas

2036 817 2306 890 injurias,
2339 838 2486 893 quas
2519 823 2570 878 ei
2605 824 2859 881 fautores
2889 828 3016 896 ejus
3047 827 3211 899 prius
3268 828 3683 902 irrogaverant.

2035 907 2180 963 Nam
2214 925 2347 964 cum
2380 912 2637 982 quodam
2657 916 2918 985 tempore
2940 915 3000 970 in
3033 920 3234 972 sancta
3267 923 3431 975 nocte
3461 919 3685 976 Nativi-

2034 996 2173 1052 tatis
2205 997 2429 1053 Domini
2462 998 2520 1054 in
2572 1001 2834 1057 Romana
2882 1005 3025 1060 urbe
3084 1006 3274 1077 primo
3323 1007 3461 1079 galli
3509 1014 3685 1067 cantu

2036 1083 2299 1149 missam,
2334 1091 2401 1141 ut
2431 1090 2611 1144 moris
2643 1095 2751 1160 est,
2785 1091 3122 1164 celebraret,
3156 1112 3189 1149 a
3245 1097 3501 1167 quodam
3553 1098 3683 1156 Cre-

2034 1175 2256 1230 scentio
2287 1176 2434 1248 (853)
2465 1178 2585 1234 cive
2617 1179 2900 1249 Romano,
2926 1182 3078 1255 regis
3101 1183 3348 1250 fautore,
3371 1183 3563 1257 gladio
3594 1192 3686 1245 est

2033 1263 2352 1334 appetitus,
2379 1270 2435 1320 et
2465 1266 2596 1322 forti
2619 1267 2738 1322 ictu
2769 1268 2827 1323 in
2861 1269 3046 1341 capite
3076 1287 3393 1342 percussus
3425 1276 3577 1332 338
3609 1277 3682 1332 ad

2030 1354 2245 1406 terram
2269 1354 2540 1410 concidit.
2574 1356 2792 1411 Deinde
2821 1357 2894 1411 ad
2926 1358 3016 1412 sui
3047 1360 3343 1416 vesaniam
3375 1363 3684 1421 cumulan-

2031 1439 2163 1495 dam
2199 1441 2252 1496 in
2281 1443 2672 1514 captivitatem
2695 1462 2826 1501 eum
2853 1447 3093 1518 redegit,
3121 1449 3255 1504 etin
3278 1451 3490 1507 turrim
3513 1470 3682 1510 suam

2029 1530 2222 1586 trusit.
2257 1532 2365 1586 Sed
2400 1533 2600 1589 eodem
2622 1535 2714 1589 die
2731 1553 2764 1590 a
2781 1535 3054 1592 fidelibus
3073 1537 3203 1609 ipsa
3220 1539 3367 1594 turri
3387 1540 3686 1600 destructa

2030 1635 2181 1690 papa
2200 1625 2332 1676 ante
2355 1638 2656 1693 vesperam
2691 1623 2920 1691 altario,
2956 1627 3111 1681 unde
3143 1627 3320 1699 impie
3355 1629 3684 1688 abstractus

2031 1707 2234 1775 fuerat,
2269 1710 2362 1781 pie
2393 1711 2705 1766 restitutus
2735 1716 2843 1779 est,
2875 1717 2932 1769 et
2962 1715 3227 1784 missam,
3264 1734 3440 1788 quam
3462 1719 3522 1774 in
3545 1719 3682 1792 galli

261 1810 424 1877 villa,
460 1828 587 1883 quae
631 1811 934 1909 Fcrcheim
992 1812 1228 1878 dicitur,
1287 1830 1421 1869 cum
1481 1815 1808 1870 Saxonibus
1866 1800 3219 1909 etBﬁt?ﬂagraret:idglféujeipgusetuti
3275 1805 3405 1909 aliis
3449 1812 3683 1864 susten-

265 1899 622 1956 Ruodolfum
655 1900 863 1956 ducem
894 1900 1214 1957 Suevorum
1249 1903 1682 1958 constituerunt
1699 1920 1916 1975 regem,

259 1989 488 2045 vivente
519 1989 712 2044 adhuc
734 1989 1002 2045 Heinrico
1026 1991 1125 2046 sed
1153 1992 1674 2048 excommunicato.
1708 1995 1917 2055 Actum

261 2095 413 2134 anno
431 2077 742 2133 Dominicaa
756 2078 1178 2135 incarnationis
1193 2097 1454 2152 MLxxvu,
1471 2097 1672 2136 mense
1686 2081 1915 2136 Martio.

259 2167 365 2234 Qui
397 2165 727 2222 Ruodolfus
758 2166 1087 2238 proximum
1119 2167 1341 2224 Pascha
1371 2169 1674 2240 egit'apud
1716 2171 1916 2242 Augu-

257 2260 412 2312 stam
441 2254 809 2311 Vindelicam
835 2273 849 2324 ;
883 2256 986 2312 sed
1028 2257 1276 2313 Imbrico
1307 2257 1572 2328 ejusdem
1603 2257 1768 2315 urbis
1799 2258 1916 2329 epi-

255 2362 477 2418 scopus
500 2343 692 2400 noluit
711 2361 846 2401 eum
870 2361 977 2400 nec
999 2345 1214 2415 videre,
1235 2361 1341 2401 nec
1365 2346 1644 2415 salutare,
1670 2348 1770 2404 sed
1789 2365 1916 2419 quae

254 2433 594 2491 necessaria
621 2437 787 2490 erant
804 2433 984 2505 jussit
1005 2433 1373 2491 abundanter
1398 2435 1750 2492 ministrare.
1775 2437 1916 2494 Inde

255 2524 598 2597 digrediens
631 2521 960 2579 Ruodolfus
991 2539 1089 2578 rex
1131 2522 1363 2579 obsedit
1410 2525 1714 2582 castellum
1761 2528 1914 2599 quod

253 2613 481 2669 dicitur
500 2611 924 2684 Sigimaringin
956 2613 1143 2684 (848);
1178 2615 1278 2668 sed
1312 2619 1611 2687 comperto
1661 2616 1913 2672 adventu

252 2701 512 2758 Heinrici
547 2700 724 2774 regis,
758 2702 908 2758 887
937 2701 1038 2773 qui
1063 2719 1165 2774 per
1177 2703 1324 2775 juga
1347 2703 1581 2775 Alpium
1605 2721 1739 2760 cum
1760 2721 1915 2761 exer-

250 2793 374 2847 citu
394 2791 674 2846 veniebat
695 2791 764 2846 ad
785 2790 1148 2846 liberandam
1173 2791 1558 2848 munitionem
1583 2793 1830 2866 aufugit,
1857 2799 1916 2850 et

247 2880 307 2935 in
341 2866 661 2936 saxoniam
694 2879 964 2951 perrexit.
996 2881 1070 2935 At
1100 2897 1198 2936 rex
1231 2882 1534 2937 Heinricus
1583 2883 1746 2938 dedit
1792 2883 1912 2938 Fri-

247 2970 445 3025 derico
476 2969 550 3024 de
583 2967 876 3040 Stouphin
928 2969 1207 3024 ducatum
1254 2973 1593 3038 Suevorum,
1642 2975 1699 3027 et
1728 2971 1911 3028 ﬁliam

247 3075 420 3114 suam
437 3057 640 3129 junxit
663 3057 715 3112 ei
737 3057 795 3111 in
831 3057 1298 3129 matrimonium,
1321 3075 1448 3129 quae
1480 3059 1682 3131 genuit
1702 3060 1754 3116 ei
1787 3061 1909 3116 Fri-

249 3148 520 3204 dericum
546 3151 606 3202 et
632 3146 1006 3203 Cuonradum
1039 3151 1241 3218 postea
1271 3163 1487 3219 regem.

958 3253 987 3327 ἒ
1024 3253 1215 3310 xxxx.

335 3343 492 3398 Item
519 3341 816 3398 Heinricus
845 3348 1194 3416 congregato
1212 3344 1466 3400 exercitu
1499 3349 1701 3401 contra
1731 3345 1912 3402 Saxo-

255 3432 432 3488 niam
458 3431 712 3503 perrexit,
735 3433 806 3487 ad
831 3433 1284 3505 expugnandum
1309 3433 1800 3491 Ruodolfum.Sed
1827 3435 1912 3490 illi

258 3540 292 3578 e
313 3526 517 3577 contra
532 3522 862 3594 congregati
880 3527 1260 3577 occurrerunt
1273 3523 1320 3578 ei
1343 3523 1397 3576 in
1415 3523 1913 3594 provinciaBaioa-

259 3609 511 3677 riaz,loco
534 3609 798 3664 ﬂuminis
826 3610 980 3681 quod
1004 3610 1218 3666 dicitur
1239 3611 1910 3683 Strowe(849),dicentes

249 3698 406 3755 nolle
427 3715 494 3755 se
520 3715 720 3770 regem
747 3697 984 3771 longius
1015 3699 1279 3772 fatigare.
1315 3700 1399 3755 lbi
1418 3701 1572 3756 facta
1593 3718 1792 3774 pugna
1810 3717 1910 3758 ve-

248 3787 707 3844 hementissima
737 3805 834 3842 rex
864 3786 1169 3843 Heinricus
1202 3805 1332 3844 cum
1369 3789 1497 3844 suis
1530 3793 1693 3861 terga
1719 3791 1906 3860 vertit,

249 3882 304 3932 et
322 3877 405 3932 ibi
429 3875 784 3948 Diepeldum
811 3876 1211 3932 marchionem
1237 3879 1307 3932 de
1330 3877 1576 3951 Giengin
1600 3880 1750 3950 (850)
1773 3895 1908 3936 cum

252 3964 377 4020 aliis
409 3964 628 4020 multis
660 3965 935 4036 perdidit.
960 3965 1219 4022 Saxones
1239 3965 1418 4038 igitur
1438 3967 1649 4038 adepta
1671 3967 1911 4024 victoria

249 4071 384 4111 suos
413 4052 659 4109 saucios
689 4056 748 4109 et
775 4053 1001 4109 occisos
1047 4054 1307 4110 levantes
1363 4055 1572 4110 conciti
1615 4056 1907 4112 abierunt.

251 4142 361 4199 Rex
391 4148 599 4199 autem
633 4142 942 4198 Heinricus
971 4143 1098 4216 ipsa
1131 4144 1246 4214 die,
1289 4144 1732 4216 superveniente
1764 4145 1910 4202 duce

249 4232 627 4288 Boemiorum
658 4247 792 4285 cum
813 4230 1006 4286 valida
1023 4248 1200 4286 manu
1235 4237 1368 4303 post
1388 4232 1585 4305 fugam
1611 4233 1681 4287 ad
1713 4232 1907 4289 locum

246 4336 459 4394 pugnae
492 4319 690 4387 rediit,
724 4319 981 4376 Saxones
1007 4320 1293 4393 quaesivit,
1314 4320 1648 4393 iterumque
1669 4339 1800 4378 cum
1824 4322 1909 4379 eis

243 4408 564 4481 conﬂigere
593 4406 796 4462 voluit.
828 4412 905 4462 At
935 4425 1069 4463 cum
1123 4425 1223 4464 eos
1281 4409 1524 4464 minime
1574 4410 1905 4482 reperisset,

240 4514 386 4554 suos
414 4497 647 4570 quique
678 4502 797 4552 tam
831 4496 1054 4554 occisos
1086 4514 1263 4569 quam
1296 4497 1634 4554 vulneratos
1683 4497 1906 4556 levave-

2032 1889 2190 1942 tatus
2211 1902 2448 1959 vespere
2469 1887 2800 1960 complevit,
2824 1906 2959 1945 nam
2983 1907 3110 1946 eam
3135 1892 3298 1962 prius
3320 1894 3394 1948 ad
3415 1911 3681 1951 commu-

2030 1974 2262 2032 nionem
2295 1981 2617 2048 peregerat.

2703 2083 2997 2154 gxxan

2099 2171 2376 2243 Gregorio
2421 2189 2573 2244 papa
2604 2171 2892 2228 catholico
2924 2173 3164 2246 expulso
3217 2179 3273 2230 et
3318 2177 3374 2230 in
3406 2177 3678 2234 exsilium

2028 2259 2173 2315 satis
2203 2259 2382 2331 impie
2415 2260 2676 2327 detruso,
2710 2260 3018 2317 Heinricus
3049 2279 3147 2318 rex
3177 2265 3492 2336 quemdam
3523 2266 3680 2322 schi-

2027 2348 2336 2404 smaticum
2359 2348 2593 2404 nomine
2616 2349 2966 2421 Wipertum,
2990 2351 3152 2422 prius
3175 2356 3567 2410 Ravennatem
3590 2373 3679 2412 ar-

2027 2435 2487 2510 chiepiscOpum,
2533 2438 2634 2492 sed
2668 2438 2793 2509 jam
2819 2439 3122 2511 septennia
3153 2441 3225 2496 ob
3257 2441 3476 2498 scelera
3505 2458 3614 2501 sua
3642 2462 3678 2501 a

2026 2542 2176 2597 papa
2192 2527 2914 2593 excommunicatum,sedi
2934 2528 3264 2600 apostolicae
3281 2530 3518 2604 indigne
3538 2549 3679 2604 prae-

2027 2615 2180 2680 fecit,
2213 2622 2269 2670 et
2297 2614 2423 2687 ipse
2450 2615 2522 2670 ab
2553 2632 2618 2670 eo
2641 2616 3519 2689 consecrationemimperialem
3551 2621 3676 2677 suis

2026 2703 2308 2775 nequitiis
2339 2704 2486 2760 satis
2517 2705 2803 2776 condigne
2835 2705 3128 2776 percepit;
3183 2705 3294 2760 hoc
3350 2707 3506 2762 enim
3555 2725 3674 2765 non

2022 2792 2398 2859 consecratio,
2420 2794 2520 2848 sed
2548 2793 2735 2865 magis
2765 2793 3082 2848 exsecratio
3106 2794 3530 2852 nominandum
3551 2800 3661 2853 est.

2022 2881 2103 2936 De
2144 2881 2254 2937 hoc
2285 2881 2460 2936 etiam
2493 2881 2768 2952 superius
2800 2881 2948 2952 (854)
2981 2879 3313 2938 retulimus.

2751 2987 2989 3043 XXXIV.

2751 2987 2989 3043 XXXIV.

2094 3075 2331 3132 Interim
2365 3093 2462 3131 rex
2507 2987 2830 3132 Ruodoalfus
2861 3082 3210 3151 congregato
3242 3080 3494 3137 exercitu
3525 3081 3668 3139 Boe-

2023 3165 2201 3221 miam
2233 3163 2414 3220 voluit
2443 3165 2660 3220 intrare
2717 3181 2962 3237 eamque
3018 3167 3318 3224 devastare
3349 3169 3512 3240 (855),
3565 3172 3666 3226 sed

2023 3215 2201 3221 -_-__
2246 3215 2411 3220 .-ψ-
2445 3215 2656 3220 -----_--
2721 3215 2960 3237 ηψπ--
3021 3215 3317 3224 --.η-ην
3350 3215 3512 3240 (νυνι,
3565 3215 3666 3226 ην..

1941 3215 1983 3281 C
2022 3256 2141 3311 dux
2172 3254 2542 3310 Boemiorum
2575 3271 2708 3308 cum
2739 3254 2980 3320 Sclavis,
3014 3256 3310 3326 adjunctis
3349 3256 3461 3312 sibi
3491 3257 3670 3313 etiam

2022 3342 2568 3415 aliiscomplicibus
2599 3343 2754 3416 regis
2785 3343 3057 3412 Heinrici,
3106 3345 3355 3399 occurrit
3385 3345 3436 3400 ei
3466 3345 3528 3401 in
3559 3345 3669 3402 ﬂu-

2022 3433 2178 3488 mine
2209 3433 2363 3504 quod
2394 3436 2634 3488 vocatur
2662 3432 2902 3500 Elstere,
2935 3432 3133 3504 ibique
3165 3433 3315 3488 facta
3346 3450 3544 3506 pugna
3574 3452 3672 3492 va-

2018 3521 2138 3576 lida
2170 3520 2340 3576 multi
2374 3538 2441 3576 ex
2472 3525 2717 3592 utraque
2746 3526 2910 3592 parte
2931 3520 3283 3577 ceciderunt.
3323 3524 3448 3595 ipse
3475 3529 3673 3581 autem

2019 3609 2341 3666 Ruodolt'us
2371 3627 2470 3665 rex
2500 3610 2557 3665 in
2591 3611 2717 3682 ipso
2751 3609 2992 3666 flumine
3032 3610 3233 3666 lancea
3261 3612 3514 3683 graviter
3540 3613 3669 3669 vul-

2019 3703 2279 3766 neratus,
2310 3699 2380 3753 de
2409 3714 2558 3770 equo
2579 3699 2634 3754 in
2654 3715 2865 3770 aquam
2893 3699 3128 3766 cecidit;
3150 3699 3251 3754 sed
3274 3717 3306 3754 a
3329 3699 3454 3754 suis
3480 3698 3674 3756 suble-

2019 3792 2186 3843 vatus
2217 3792 2274 3843 et
2305 3788 2363 3842 in
2382 3804 2656 3859 campum
2689 3787 2938 3855 delatus,
2965 3787 3517 3858 supervenientibus
3548 3786 3670 3858 epi-

2019 3877 2212 3949 scopis
2235 3875 2635 3948 pmnitentiam
2657 3879 2713 3930 et
2735 3876 3010 3930 viaticum
3033 3875 3274 3946 accepit.
3299 3874 3443 3930 Cum
3471 3879 3669 3930 autem

2012 3967 2136 4038 jam
2165 3969 2319 4022 esset
2347 3964 2407 4020 in
2436 3969 2642 4032 morte,
2679 3968 2871 4035 caput,
2905 3963 3057 4019 sicut
3084 3963 3288 4034 fertur,
3322 3962 3566 4020 elevavit
3613 3968 3672 4020 et

2019 4055 2135 4111 ait:
2164 4078 2191 4106 ‹‹
2225 4053 2389 4120 Quis,
2423 4052 2718 4124 inquiens,
2749 4052 2927 4108 habet
2948 4052 3250 4107 victoriam
3273 4052 3301 4107 ?
3336 4074 3363 4103 »
3411 4055 3484 4108 At
3533 4069 3669 4110 cum

2018 4145 2464 4200 circumstantes
2490 4141 2780 4196 dicerent:
2821 4164 2840 4190 α
2867 4140 3002 4208 Vos,
3037 4141 3269 4197 domine
3297 4141 3308 4196 ι
3332 4164 3358 4191 ››
3395 4145 3570 4214 caput
3586 4157 3672 4198 re-

2019 4233 2254 4288 clinavit
2300 4235 2357 4286 et
2387 4231 2506 4286 ait:
2562 4253 2582 4278 ιι
2618 4231 2773 4298 .lam,
2820 4229 3032 4302 inquit,
3092 4247 3208 4286 non
3241 4247 3381 4287 curo
3439 4231 3510 4287 de
3541 4247 3674 4288 mea

2019 4326 2225 4390 morte,
2255 4321 2299 4376 si
2327 4336 2454 4376 eam
2488 4319 2708 4391 excipio
2741 4336 2873 4374 cum
2905 4319 3188 4392 triumphi
3239 4320 3477 4376 honore.
3517 4343 3544 4369 »
3588 4322 3673 4376 Ita

2019 4429 2117 4468 rex
2149 4408 2468 4466 Ruodolfus
2500 4409 2698 4464 eadem
2734 4408 2826 4463 die
2851 4408 3031 4463 vitam
3057 4405 3244 4464 finivit
3264 4411 3419 4480 apud
3453 4409 3670 4465 Elstero

2019 4505 2196 4572 atque
2227 4516 2260 4554 a
2289 4498 2414 4554 suis
2444 4497 2806 4554 Mersiburch
2840 4496 3088 4562 delatus,
3121 4496 3320 4567 ibique
3349 4495 3670 4552 honoriﬁce

236 4590 406 4653 runt,
437 4590 500 4641 et
531 4585 826 4652 abierunt,
857 4603 924 4641 ac
953 4587 1418 4659 circumquaque
1461 4587 1659 4644 omnia
1691 4589 1904 4661 praeda,
1941 4581 1984 4646 D
2016 4588 2284 4661 sepultus
2316 4588 2483 4644 estin
2513 4587 2641 4658 ipso
2672 4585 2847 4641 choro
2869 4585 3146 4652 basilicae,
3180 4588 3236 4639 et
3261 4585 3452 4654 imago
3475 4583 3668 4655 ipsius

232 4677 398 4732 ferro
430 4679 490 4731 et
525 4673 652 4746 igni
684 4674 1062 4732 devastarunt
1090 4676 1268 4747 (851).

303 4853 470 4927 (848)
501 4852 880 4927 Burchardus
910 4853 989 4927 De
1010 4871 1130 4910 cas.
1172 4853 1230 4909 S.
1255 4853 1401 4927 Galli
1435 4871 1482 4910 c.
1507 4855 1906 4927 7,,castellum

227 4923 353 5008 hoc
401 4923 633 5008 pariter:
682 4923 1090 5008 S-igmar‘ingen
1138 4925 1411 5008 appellat,
1472 4926 1905 4984 Zolleranorum

223 4995 586 5071 principum
618 4995 790 5051 hodie
821 4995 1018 5052 sedem
1052 4997 1110 5051 in
1142 4995 1370 5053 S’u‘evia.

505 5066 1229 5152 ‘B'ertholdu‘sauctior‘adﬁ
1244 5068 1531 5151 an..4078.
1559 5140 1568 5150 _
1593 5141 1608 5152 ι
1748 5141 1806 5152 Α,

330 5139 474 5211 850)
506 5139 724 5212 Notum
757 5143 843 5194 est
873 5139 1174 5212 imperiale
1195 5139 1413 5212 Sueviaa
1436 5140 1719 5212 oppidum
1743 5141 1908 5197 Gien-

307 5209 382 5277 ἡ,
423 5209 483 5266 at
499 5209 648 5292 nulli
666 5211 794 5292 ejus
811 5209 1078 5292 comi—tes,
1095 5211 1281 5292 multo
1298 5209 1499 5292 minus
1515 5209 1903 5292 marchiones.

276 5289 427 5338 orte
483 5281 816 5336 dominium
858 5281 1000 5338 olim
1032 5282 1112 5338 ibi
1164 5283 1509 5338 obtinebant
1563 5284 1804 5339 comites
1835 5285 1908 5340 de

225 5353 720 5426 Leohsgmunde,
755 5370 1004 5426 quorum
1038 5354 1264 5426 aliquos
1295 5354 1475 5426 fuisse
1503 5355 1809 5426 principes
1841 5372 1906 5412 ac

226 5427 432 5482 duces
451 5424 664 5498 Scribit
684 5424 1006 5498 Bruschius
1027 5426 1098 5481 de
1120 5424 1906 5498 monasterioKaysersheim

227 5500 308 5554 ab
347 5497 505 5568 ipsis
526 5497 789 5551 fundato.
819 5497 983 5553 Certe
1013 5515 1079 5552 ex
1106 5497 1219 5553 illis
1241 5496 1639 5552 Thcobalduin
1675 5503 1731 5553 et
1760 5499 1906 5554 Hen-

229 5567 440 5624 ricum
475 5567 672 5649 inhi-iac
725 5569 1292 5649 pugnaoccubuissc
1341 5573 1588 5649 testatur
1618 5570 1909 5649 annalists

227 5644 427 5724 ξιξ-ο,
449 5644 507 5694 et
523 5639 850 5724 (Ebronicop
878 5641 1377 5724 hiagdeburgepse
1399 5640 1682 5724 (Μιειξιρδιἒ
1701 5644 1904 5724 ξονίρι.

226 5720 274 5775 t.
313 5711 404 5782 ιι,
437 5727 492 5788 p.
524 5711 675 5790 313);
693 5711 792 5789 qui
816 5711 868 5770 is
897 5711 1024 5790 ips'e
1047 5711 1363 5794 Diepeldus
1386 5711 1646 5774 marchio
1668 5711 1762 5776 hic
1783 5711 1909 5775 nie-

2018 4695 2086 4736 ex
2133 4695 2246 4734 aere
2280 4678 2411 4732 fusa
2455 4680 2628 4748 atque
2656 4674 2932 4730 deaurata
2978 4688 3156 4745 super
3204 4670 3504 4729 tumulum
3537 4672 3667 4744 ejus

2019 4861 2282 4912 moratus
2313 4869 2439 4911 esse
2467 4853 2715 4908 videtur.

2087 4929 2232 4998 (851)
2267 4927 2330 4980 In
2363 4925 2624 4998 margine
2649 4924 3022 4998 apponitur:
3055 4948 3113 4998 ί‹‹
3149 4924 3667 4998 Tertiumibellum

2018 4995 2127 5054 fuit
2155 4995 2308 5070 apud
2333 4995 2802 5070 Madilrichistat,
2822 4996 2879 5051 in
2905 5014 3019 5068 quo
3050 4997 3264 5070 iterum
3296 5014 3395 5053 rex
3413 4997 3668 5053 Ruodcl-

2016 5072 2110 5126 fus
2141 5068 2326 5127 victor
2347 5084 2480 5123 cum
2513 5068 2842 5124 Saxonibus
2874 5069 3116 5134 exstitit,
3141 5069 3448 5124 Heinricus
3473 5073 3668 5124 autem

2018 5142 2074 5198 fu
2084 5142 2187 5198 Eit.
2225 5163 2252 5189 υ

2109 5208 2235 5288 858)
2265 5210 2394 5288 Yid.
2430 5225 2610 5288 supra
2640 5208 2680 5288 §_
2700 5211 2788 5277 27,
2825 5215 3048 5288 spectat
3076 5211 3147 5288 ad
3171 5229 3272 5288 _a_n.
3308 5208 3484 5288 4084...

2089 5276 2238 5356 (853)
2271 5283 2413 5356 Rem
2472 5276 2599 5335 fuse
2642 5276 2929 5356 deseribit
2958 5283 3303 5337 Bertholdus
3334 5276 3558 5356 au~ctior
3587 5276 3660 5334 ad

2018 5349 2112 5410 an.
2146 5349 2285 5408 1076
2306 5353 2401 5407 ubi
2428 5357 2622 5407 tamen
2647 5352 2921 5409 facinoris
2940 5358 3231 5408 auctorem
3257 5366 3370 5404 non
3388 5349 3665 5405 Crescen-

2015 5428 2186 5491 tium,
2223 5426 2320 5480 sed
2355 5424 2658 5488 Quintium
2692 5441 2791 5479 seu
2828 5425 3088 5479 Cincium
3125 5420 3409 5475 nominat.

2110 5498 2234 5562 854)
2267 5497 2439 5551 Num.
2471 5497 2561 5549 27.
2595 5495 2723 5548 Vill.
2772 5495 3061 5548 Berlholdi
3098 5493 3307 5545 Chron.
3348 5508 3440 5545 an.
3497 5491 3652 5549 1084.

2111 5570 2234 5640 8.35)
2267 5569 2343 5624 Dc
2376 5567 2482 5640 hoc
2517 5567 2802 5640 lludolphi
2832 5567 2982 5640 regis
3006 5563 3244 5640 consilio
3270 5562 3443 5640 silent
3469 5565 3659 5626 cantari

2018 5635 2328 5716 scriptOres
2350 5639 2422 5704 ad
2455 5655 2550 5696 an.
2585 5635 2742 5708 4080,
2777 5635 3043 5712 quo‘haac
3077 5635 3226 5690 facta
3257 5638 3414 5696 sunt.

2089 5500 2103 5640 ἓ
