4152 6186
317 353 438 426 ³8⁸1

318 493 708 568 abstulerunt,
733 501 789 556 et
816 496 917 556 illa
928 499 1166 558 noctein
1183 502 1389 560 eodem
1401 519 1607 576 campo
1624 503 1774 561 inter
1795 506 1960 561 cada-
1993 506 2048 574 Α

315 603 450 643 vera
480 585 808 644 occisorum
839 594 1031 647 castra
1059 592 1258 647 metati
1288 596 1446 658 sunt,
1481 592 1691 648 deinde
1712 595 1784 650 ad
1809 595 1964 651 obsi-

315 675 552 734 dionem
575 679 952 748 revertentes,
986 679 1280 738 civitatem
1315 683 1442 738 sine
1473 681 1757 755 sanguine
1799 700 1963 760 cepe-

315 768 478 821 runt.

991 873 1283 945 §XXXIX.

382 987 570 1061 Igitur
597 988 992 1048 Herimannus
1022 1008 1120 1048 rex
1149 993 1296 1066 (863)
1329 1009 1464 1051 cum
1495 994 1555 1051 in
1614 994 1962 1052 Alemannia

307 1083 795 1146 commoraretur,
828 1085 886 1136 et
915 1081 1106 1154 regios
1139 1088 1414 1156 sumptus
1449 1101 1562 1140 non
1587 1084 1847 1150 haberet,
1897 1088 1963 1140 ut

309 1167 641 1223 secundum
673 1168 892 1242 regiam
924 1170 1267 1244 dignitatem
1299 1175 1626 1230 conversari
1651 1175 1958 1246 potuisset,

310 1271 378 1311 eo
409 1257 562 1327 quod
595 1257 799 1313 nullus
828 1259 1233 1331 episcoporum
1264 1262 1314 1316 ei
1345 1263 1557 1333 subjici
1579 1263 1767 1330 vellet,
1792 1265 1958 1319 deve-

305 1343 393 1402 nit
412 1345 820 1402 Constantiam
850 1348 1144 1404 civitatem
1157 1354 1212 1405 at
1231 1350 1454 1423 aliquot
1469 1352 1676 1408 diebus
1692 1352 1772 1407 ibi
1801 1369 1960 1407 man-

305 1433 383 1490 sit
404 1434 576 1502 ;inde
597 1435 870 1492 Rhenum
885 1438 1175 1505 transivit,
1203 1443 1258 1494 et
1284 1440 1342 1494 in
1367 1443 1723 1497 monasterio
1750 1442 1960 1497 Petris-

304 1521 554 1582 hnseusi
586 1524 706 1581 fere
735 1526 1132 1598 septimanam
1159 1530 1472 1602 transegit.
1539 1530 1742 1586 Postea
1789 1535 1960 1586 Saxo-

306 1611 466 1669 niam
490 1614 992 1684 perrexit,et,cum
1018 1617 1275 1689 quodam
1297 1621 1558 1691 tempore
1572 1621 1743 1691 juxta
1759 1621 1959 1677 castel-

306 1699 431 1757 lum
460 1703 759 1774 quoddam
781 1704 1078 1773 transiret,
1114 1723 1268 1762 unus
1300 1707 1371 1763 ab
1403 1724 1532 1764 arce
1557 1707 1794 1765 fortuito
1814 1727 1953 1766 casu

307 1791 681 1862 suumjecit,
713 1808 1028 1865 regemque
1057 1793 1358 1867 inopinato
1398 1796 1515 1851 ictu
1546 1795 1604 1851 in
1624 1798 1810 1869 capite
1824 1815 1953 1870 per-

287 1878 510 1946 cussit,
543 1896 614 1936 ex
643 1897 761 1954 quo
785 1898 901 1938 non
931 1888 1064 1955 post
1097 1883 1350 1940 multum
1381 1884 1559 1941 vitam
1592 1885 1796 1942 finivit.

1040 2019 1068 2084 §
1099 2015 1211 2073 XL.

370 2120 594 2176 Deinde
621 2125 755 2194 post
784 2139 886 2177 sex
925 2121 1107 2179 ferme
1165 2141 1349 2180 annos
1408 2125 1558 2196 (864)
1607 2125 1953 2184 Cuonradus

295 2207 458 2266 ﬁlius
489 2209 742 2265 Heinrici
777 2211 930 2284 regis
953 2211 1157 2283 patris,
1185 2213 1385 2286 utipse
1402 2214 1708 2283 fatebatur,
1734 2217 1954 2274 scelera

289 2298 534 2372 fugiens
567 2299 641 2354 ad
675 2299 901 2355 Italiam
934 2301 1222 2371 transivit,
1256 2301 1454 2375 ibique
1485 2321 1668 2375 pauco
1691 2307 1952 2378 tempore

288 2388 583 2461 regnavit,
615 2392 673 2445 et
699 2405 918 2445 veneno
949 2390 1128 2446 vitam
1161 2392 1348 2447 finivit
1391 2397 1566 2466 atque
1621 2395 1773 2466 apud
1826 2395 1949 2451 Flo-

283 2477 873 2535 rentiamcivitatem
895 2478 1164 2552 sepultus
1204 2480 1472 2552 quiescit.

1021 2616 1048 2681 §
1076 2613 1216 2670 XLI.

363 2736 505 2793 Post
534 2737 646 2793 has
678 2736 867 2794 varias
888 2737 1097 2806 luctas,
1132 2743 1188 2795 et
1219 2739 1436 2796 multas
1487 2740 1867 2811 calamitates,
1895 2745 1950 2798 et

285 2827 623 2884 immensas
655 2827 962 2899 sangumis
995 2828 1305 2885 effusiones
1329 2833 1385 2883 et
1413 2828 1698 2901 plurimas
1732 2831 1947 2887 anima-

285 2931 422 2970 rum
456 2914 839 2987 perditiones,
874 2915 1180 2973 Heinricus
1210 2919 1447 2974 demum
1485 2918 1647 2975 solus
1696 2919 1950 2974 obtinuit

285 3003 726 3072 monarchiam,
760 3021 963 3061 omnes
996 3021 1142 3078 pene
1164 3007 1457 3080 principes
1487 3008 1536 3063 ei
1564 3008 1944 3063 reconcilian-

285 3097 406 3161 tur,
436 3093 777 3168 legitimum
806 3093 1221 3166 imperatorem
1244 3097 1520 3152 fatentur.
1552 3097 1811 3152 Habebat
1843 3115 1944 3153 au-

289 3186 413 3238 tem
445 3199 680 3255 semper
708 3199 912 3240 omnes
933 3185 1192 3241 civitates
1208 3185 1408 3241 Rheno
1424 3185 1650 3240 ﬂumini
1674 3187 1742 3240 ad
1743 3187 1943 3257 jacen-

1201 365 1653 434 CHRONICON
1699 370 2414 440 PETERSHUSANUM.
2451 409 2527 426 --
2559 379 2709 442 LIB.
2755 375 2836 443 ΙΙ.

1984 1881 2031 1945 Β

3601 365 3720 441 338

2747 513 2794 586 ig
2821 512 3012 570 XLIII.

2212 601 2280 655 De
2309 601 2621 674 Hz‘rsaugz‘a,
2653 605 2703 659 et
2732 601 3046 660 Gebehardo
3077 602 3154 659 III
3182 599 3582 660 Constantieng

2767 678 3028 747 episcopo.

2144 779 2223 834 Ea
2247 783 2590 852 tempestate
2621 782 2902 854 spiritalis
2946 782 3267 856 disciplinae
3320 782 3496 838 ardor
3537 795 3713 853 quam

2073 868 2326 925 maxime
2357 870 2611 927 fervebat
2642 872 2794 943 apud
2830 872 3252 928 monasterium
3283 872 3437 944 quod
3497 870 3714 927 dicitur

2071 955 2404 1029 Hirsaugia,
2431 963 2487 1014 et
2508 958 2679 1014 multi
2700 964 2821 1015 tam
2845 960 3128 1016 nobilium
3157 977 3333 1032 quam
3360 959 3709 1033 ignobilium

2071 1044 2411 1102 clericorum
2435 1047 2804 1116 etlaicorum,
2833 1051 2932 1105 sed
2964 1053 3019 1104 et
3042 1049 3461 1104 monachorum
3487 1051 3556 1105 de
3577 1048 3710 1105 aliis

2068 1133 2214 1190 locis
2243 1135 2379 1191 illuc
2411 1137 2800 1205 conﬂuebant,
2832 1143 2888 1193 et
2917 1139 2986 1193 de
3014 1138 3269 1210 procella
3296 1138 3708 1206 anathematis,

2070 1241 2196 1295 quae
2227 1229 2366 1280 tunc
2400 1227 2591 1281 navim
2615 1227 2878 1282 Ecclesiae
2919 1228 3296 1284 vehementer
3325 1227 3704 1301 impingebat,

2070 1314 2238 1384 quasi
2266 1315 2335 1369 de
2350 1316 2603 1370 maximo
2619 1316 2920 1388 naufragio
2937 1316 3432 1389 emergentesillic
3447 1317 3615 1388 quasi
3635 1317 3706 1372 ad

2066 1407 2302 1475 portum
2319 1405 2819 1476 confugiebant,et
2833 1405 3087 1476 quietem
3105 1409 3313 1477 optataa
3328 1405 3532 1461 salutis
3553 1422 3612 1461 se
3625 1405 3710 1460 in-

2065 1490 2294 1547 venisse
2324 1493 2677 1565 gaudebant.
2704 1497 2855 1550 Inter
2872 1511 3016 1566 quos
3040 1495 3417 1550 Gebehardus
3434 1495 3522 1548 vir
3544 1493 3707 1549 nobi-

2065 1579 2352 1650 lissimus,
2385 1583 2592 1639 fratrer
2623 1583 2916 1640 Bertholdi
2950 1585 2996 1640 II
3020 1583 3186 1640 ducis
3209 1583 3582 1656 deZaringin,
3607 1583 3709 1655 qui

2064 1669 2410 1741 praepositus
2431 1676 2551 1726 erat
2569 1673 2722 1740 apud
2747 1673 3019 1739 Xantum,
3047 1674 3346 1728 mundana
3370 1672 3708 1744 relinquens

2065 1758 2135 1812 ad
2161 1758 2287 1828 jam
2321 1758 2540 1814 dictum
2573 1777 2635 1816 se
2668 1760 2913 1815 contulit
2971 1762 3395 1817 monasterium
3441 1761 3609 1832 (865),
3653 1763 3710 1815 et

2064 1843 2215 1900 sicut
2231 1845 2495 1902 habitum
2520 1852 2845 1904 mutaverat
2867 1850 2936 1905 ad
2962 1849 3300 1922 religiosum
3315 1850 3705 1921 propositum,

2062 1933 2143 1988 ita
2173 1934 2419 2008 arripuit
2450 1941 2507 1992 et
2532 1936 2877 2009 dignitatem
2905 1955 3154 1994 morum.
3326 1955 3328 1957 ‘

2764 2030 2790 2094 ἓ
2821 2027 3006 2081 XLIV.

2135 2111 2316 2183 Igitur
2347 2130 2479 2169 cum
2511 2130 2579 2169 ex
2609 2113 2894 2186 legatione
2916 2115 3235 2187 apostolica
3255 2115 3384 2170 Otto
3415 2113 3704 2171 Ostiensis

2063 2199 2210 2272 (866)
2242 2202 2552 2274 episcopus
2583 2203 2932 2259 Constantia:
2947 2204 3296 2269 advenisset,
3314 2204 3576 2275 etipsam
3601 2205 3702 2259 Ec-

2062 2289 2300 2345 clesiam
2323 2295 2555 2363 pastore
2570 2292 2866 2348 viduatam
2893 2297 3128 2365 propter
3149 2293 3588 2348 damnationem
3609 2293 3706 2348 Ot-

2059 2378 2214 2434 tonis
2247 2381 2346 2451 qui
2379 2381 2456 2436 ibi
2488 2381 2797 2453 episcopus
2856 2382 3064 2449 fuerat,
3109 2382 3445 2450 invenisset,
3498 2381 3707 2437 habuit

2059 2467 2374 2523 consilium
2394 2469 2814 2526 venerabilium
2840 2471 3076 2526 Patrum
3100 2475 3157 2527 et
3178 2470 3582 2544 religiosorum
3609 2487 3704 2526 ca-

2059 2555 2434 2623 tholicorum,
2459 2558 2711 2629 qualiter
2724 2560 2988 2632 ejusdem
3007 2559 3274 2616 Ecclesiae
3296 2558 3705 2632 gubernationi

2059 2646 2211 2702 843
2243 2645 2586 2718 provideret.
2621 2649 2833 2705 Aderat
2854 2652 2990 2703 tunc
3015 2649 3159 2704 forte
3183 2648 3582 2702 Willihelmus
3605 2649 3705 2702 ab-

2056 2734 2164 2789 bas
2195 2735 2653 2808 Hirsaugiensis,
2679 2737 2786 2805 vir,
2824 2737 3087 2809 inquam,
3121 2741 3235 2791 Deo
3266 2740 3322 2791 et
3361 2736 3703 2791 hominibus

2060 2828 2351 2896 acceptus,
2387 2824 2526 2896 quia
2555 2829 2679 2880 erat
2709 2825 2918 2880 litteris
2950 2825 3212 2897 apprime
3241 2823 3506 2880 eruditus
3536 2827 3594 2879 et
3641 2824 3702 2878 in

2058 2912 2310 2983 regulari
2337 2911 2646 2984 disciplina
2664 2913 3105 2980 studiossimus,
3129 2912 3393 2979 humilis,
3428 2929 3703 2968 mansue-

2056 3003 2172 3066 tus,
2204 3001 2409 3055 mundi
2431 3005 2818 3073 contemptor,
2853 3002 3274 3058 monachorum
3289 3006 3346 3058 et
3363 3003 3542 3058 totius
3565 3017 3701 3057 san-

2056 3089 2342 3146 ctimoniae
2376 3094 2600 3145 amator
2629 3089 3142 3162 diligentissimus.

2761 3181 2787 3247 §
2817 3179 2983 3234 XLV.

294 3276 391 3327 tes
421 3250 679 3346 aliasque
700 3276 970 3345 potentes
995 3278 1050 3330 et
1071 3250 1822 3345 metropolitanascivitates
1848 3276 1944 3330 fcs-
1975 3250 2017 3316 α
2127 3266 2231 3322 Hic
2279 3283 2413 3322 cum
2467 3268 2776 3323 conventui
2835 3269 3145 3324 interesset
3192 3271 3248 3323 et
3291 3268 3694 3339 supradictum

303 3359 578 3432 deratas;
611 3366 703 3422 sed
738 3365 893 3422 842
924 3368 981 3419 et
1012 3363 1272 3436 plerique
1301 3364 1707 3436 episcoporum
1755 3363 1805 3418 ei
1867 3364 1946 3420 ita

301 3453 472 3504 erant
501 3454 734 3510 connexi
767 3458 831 3509 ut
863 3452 1025 3508 nulla
1055 3453 1279 3508 ratione
1311 3453 1382 3508 ab
1409 3469 1474 3508 eo
1509 3453 1943 3524 potuissentdi-

304 3535 455 3593 velli.
483 3540 546 3596 In
580 3542 798 3614 quibus
828 3541 958 3598 Otto
990 3541 1457 3598 Constantiensis
1479 3542 1789 3614 episcopus
1811 3558 1944 3597 cum

285 3624 647 3699 iuramenta,
677 3647 805 3703 quae
827 3630 876 3686 ei
893 3631 1214 3702 juraverat,
1238 3629 1578 3685 nullatenus
1597 3647 1664 3685 ex
1676 3632 1698 3702 j
1713 3630 1946 3686 ussione

287 3719 707 3778 etauctoritate
719 3717 1040 3790 apostolica
1059 3717 1378 3791 infringere
1402 3717 1630 3787 vellet,a
1657 3718 1947 3792 religiosis

287 3808 598 3870 catholicis
630 3807 976 3882 repudiatus
1007 3810 1114 3862 est.

1016 3943 1044 4008 §
1068 3940 1233 3996 XLII.

353 4068 531 4121 Anno
566 4064 641 4120 ab
671 4064 959 4120 incarnat.
988 4080 1216 4119 MLXXXV
1237 4063 1550 4136 Gregorius
1577 4081 1747 4136 papa,
1770 4065 1868 4137 qui
1892 4071 1950 4122 et

282 4154 734 4220 Hiltibrandus,
766 4170 900 4208 cum
932 4157 1086 4208 esset
1117 4152 1341 4208 Salerni
1370 4152 1554 4219 exsul,
1592 4152 1829 4209 collecta
1851 4171 1948 4227 sy-

286 4245 442 4300 nodo
472 4243 694 4298 iterum
728 4241 1078 4298 sententiam
1105 4241 1500 4296 anathematis
1533 4241 1589 4295 in
1619 4243 1949 4313 Wipertum

285 4331 768 4399 schismaticum,
805 4335 862 4387 et
893 4330 1228 4387 Heinricum
1244 4345 1437 4402 regem
1463 4330 1682 4385 dictum
1706 4331 1831 4386 etin
1854 4349 1947 4387 eo-

283 4437 421 4478 rum
457 4420 726 4476 fautores
748 4417 1158 4491 promulgavit.
1194 4417 1353 4474 Hanc
1384 4417 1735 4474 sententiam
1776 4419 1949 4492 legati

283 4510 452 4569 cedis
488 4507 843 4580 apostolicae,
857 4506 1125 4564 videlicet
1137 4511 1343 4562 Petrus
1359 4506 1708 4564 Albanensis
1731 4508 1949 4580 episco-

2055 3355 2459 3412 Gebehardum
2492 3372 2690 3412 secum
2723 3357 2984 3424 haberet,
3016 3361 3265 3412 tractare
3297 3360 3600 3429 coeperunt
3629 3357 3700 3414 de

2055 3445 2322 3518 eligendo
2346 3445 2615 3518 episcopo
2637 3445 2942 3514 catholico,
2968 3446 3244 3518 quoniam
3283 3463 3418 3518 spes
3441 3462 3555 3501 non
3579 3449 3704 3502 erat

2057 3536 2127 3591 de
2149 3535 2356 3590 Ottone
2378 3535 2844 3590 damnato.lntcr
2867 3534 3702 3607 bujusmodicolloquiaGebe-

2056 3623 2278 3679 bardus
2309 3623 2633 3680 monachus
2665 3627 2818 3679 retro
2851 3624 3031 3680 altare
3057 3623 3117 3679 B.
3153 3623 3345 3678 Maria
3360 3628 3706 3693 secesserat,

2055 3712 2254 3783 ibique
2286 3712 2647 3768 orationibus
2680 3714 2962 3768 secretius
2992 3712 3253 3768 vacabat.
3288 3712 3436 3775 Quid
3479 3712 3701 3766 multa!

2058 3801 2764 3857 EumdemGebehardum
2785 3802 3122 3873 episcopum
3147 3799 3572 3854 Constantiensi
3597 3800 3704 3853 Ec-

2059 3890 2246 3945 clesiae
2278 3890 2522 3962 eligunt,
2555 3893 2611 3946 et
2642 3894 2772 3962 post
2793 3889 3056 3945 omnium
3085 3888 3556 3956 unanimitatem,
3577 3887 3703 3958 ipso

2060 3995 2182 4034 rem
2215 3978 2797 4050 prorsusignorante,
2829 3979 3112 4034 accedunt
3141 3978 3212 4032 ad
3245 3991 3379 4032 eum
3412 3979 3468 4032 et
3499 3976 3705 4031 dicunt

2060 4067 2199 4138 quia
2220 4067 2314 4122 Dei
2336 4066 2667 4139 gratia,h€ec
2688 4065 2944 4122 Ecclesia
2965 4071 3020 4121 te
3043 4065 3150 4122 sibi
3179 4065 3520 4136 episcopum
3534 4064 3708 4136 elegit

2059 4155 2250 4211 hodie.
2272 4156 2392 4219 Quo
2417 4155 2614 4211 audito
2638 4155 2879 4228 spiritus
2901 4156 3028 4226 ejus
3051 4155 3288 4227 elapsus
3309 4158 3417 4221 est,
3442 4155 3526 4209 ita
3555 4158 3621 4210 ut
3645 4153 3706 4209 in

2059 4248 2275 4299 terram
2305 4261 2604 4314 corruens,
2638 4245 2805 4316 quasi
2826 4249 3094 4300 mortuus
3113 4245 3356 4316 jaceret.
3383 4243 3705 4315 Resumpto

2060 4337 2256 4387 tamen
2288 4332 2500 4404 spiritu
2523 4332 2773 4387 invitum
2797 4350 2929 4388 cum
2956 4333 3088 4388 fecit
3119 4333 3249 4404 ipsa
3269 4333 3382 4398 die,
3403 4331 3513 4387 hoc
3535 4336 3624 4387 est
3645 4332 3705 4386 in

2060 4421 2371 4477 festivitate
2388 4422 2444 4476 S.
2481 4421 2739 4490 Thomas,
2775 4423 3177 4494 presbyterum
3206 4425 3261 4476 et
3317 4420 3576 4476 crastina
3615 4421 3707 4474 die

2061 4510 2350 4566 ordinavit
2381 4510 2718 4581 episcopum
2742 4511 2909 4582 (867).
2935 4513 3065 4564 Otto
3098 4525 3230 4563 vero
3261 4507 3544 4578 depulsus
3577 4523 3703 4576 pos-

285 4616 403 4672 pus
451 4598 518 4653 in
552 4595 818 4652 Francia.
853 4597 988 4652 Otto
1019 4596 1307 4653 Ostiensis
1365 4597 1698 4669 episcopus,
1750 4603 1950 4670 postea
1981 4619 2028 4682 D
2061 4597 2378 4654 sessionem
2419 4599 2681 4670 ejusdem
2713 4598 3002 4664 Ecclesia,
3037 4613 3163 4668 quae
3192 4595 3409 4650 dicitur
3436 4593 3709 4649 Colmbra

285 4705 423 4746 vero
459 4702 641 4760 papa,
662 4685 724 4742 in
746 4685 1404 4742 terraTheutonicorum
1429 4702 1851 4759 usquequaque
1873 4687 1952 4743 di-

285 4776 706 4852 vulgaveruut.

333 4955 523 5083 a$63)
553 4953 822 5034 Speciala
851 4953 945 5008 hic
969 4953 1041 5009 de
1065 4952 1292 5009 ultimis
1313 4954 1630 5036 Hermanni
1654 4955 1807 5026 regis
1825 4955 1960 5011 fatis

411 5032 477 5082 et
510 5029 765 5083 scriptor
795 5029 1015 5083 noster.
1049 5042 1178 5083 qua:
1210 5027 1424 5080 desunt
1452 5044 1511 5080 1n
1546 5025 1856 5081 Bertholdo
1887 5027 1958 5082 ad

288 5025 477 5085 habet
510 5025 765 5098 scriptor
783 5029 1015 5098 noster,
1049 5042 1178 5096 qua:
1202 5027 1424 5098 (desunt
1452 5025 1515 5098 in
1546 5025 1856 5081 Bertholdo
1887 5027 1958 5082 ad

291 5117 346 5154 ε.
377 5099 528 5154 4088
555 5096 835 5169 addenda
867 5096 1003 5163 illis,
1038 5113 1165 5169 qua:
1199 5097 1376 5152 habet
1400 5097 1590 5153 Calles
1620 5098 1828 5153 Annal.
1859 5099 1957 5154 Ec-

288 5171 436 5237 cles.
472 5174 517 5224 t.
549 5168 621 5236 V,
654 5169 840 5240 p.836
870 5168 1062 5239 seqq.’

367 5241 528 5310 (364)
559 5239 781 5311 Nempe
814 5257 866 5295 a.
907 5241 1040 5294 1093
1065 5255 1164 5308 ;ex
1193 5239 1612 5296 Bertholdoan.
1641 5241 1773 5295 1101
1803 5258 1960 5296 mor—

171 5319 180 5325 '
285 5315 460 5379 tuus,
495 5315 646 5366 teste
674 5311 886 5367 Annal.
917 5311 1051 5367 Sax.

367 5383 523 5465 (865)
557 5382 924 5465 Trithemius
982 5381 1190 5465 Annal.
1230 5383 1500 5465 Hirsaug.
1538 5381 1608 5436 ad
1642 5399 1736 5465 an:
1764 5385 1958 5465 H1685,

291 5454 396 5509 ubi
419 5459 626 5511 tamen
647 5455 1058 5510 fundationem
1077 5455 1490 5511 Petershusani
1514 5454 1740 5508 coenobi
1760 5455 1958 5521 iidem,

2064 4688 2232 4758 [868),
2267 4687 2430 4751 adiit,
2465 4687 2682 4759 ubique
2725 4704 2838 4742 uno
2896 4701 3038 4757 pene
3097 4702 3248 4740 anno
3309 4685 3708 4739 commoratus

2067 4777 2245 4832 vitam
2264 4776 2467 4832 ﬁnivit.

2068 4955 2332 5011 tribuens
2365 4953 2530 5009 illum
2564 4953 2713 5009 male
2736 4971 2870 5009 cum
2901 4954 3238 5009 Gebehardo
3287 4953 3331 5008 II
3382 4950 3711 5008 confundit.

2071 5027 2345 5108 Xantum,
2371 5026 2468 5080 ubi
2500 5025 2847 5108 praepositus
2880 5029 3048 5108 antea
3090 5024 3510 5108 ,δίδυμ’-(Ζηνξωὶ
3545 5022 3708 5108 oppi-

2070 5100 2209 5153 dum
2239 5102 2325 5170 est
2345 5116 2477 5153 cum
2500 5094 2870 5170 insigniolim
2897 5097 3141 5153 ecclesia
3169 5096 3476 5169 collegiata
3499 5095 3556 5148 in
3580 5094 3710 5147 diae-

2071 5170 2187 5225 cesi
2210 5169 2558 5225 Coloniensi.
2903 5204 2918 5208 ι

2143 5243 2291 5308 (866)
2317 5241 2444 5296 Vid.
2480 5239 2776 5313 Bertholdi
2802 5241 3007 5295 Chron.
3046 5241 3114 5313 ad
3139 5256 3232 5313 an.
3271 5238 3421 5313 108-1.
3549 5303 3559 5313 ο

2145 5314 2290 5383 (867)
2320 5314 2401 5366 lla
2432 5317 2485 5366 et
2519 5312 2865 5384 Bertholdus
2896 5331 2989 5365 an.
3029 5312 3160 5384 1685
3189 5328 3199 5372 ;
3236 5308 3387 5384 unde
3413 5308 3708 5384 corrigen-

2071 5374 2292 5462 dusest
2325 5385 2598 5462 Manlius,
2627 5383 2724 5462 qui
2759 5384 2812 5438 id
2850 5385 2941 5438 die
2975 5383 3200 5462 lBIDcc.
3231 5380 3447 5462 factum
3477 5374 3706 5456 scribit.

2125 5456 2290 5526 (868)
2321 5460 2449 5511 Otto
2480 5448 2784 5526 depositus
2816 5457 3096 5525 sequente
3126 5465 3278 5503 anno
3313 5448 3443 5502 l085
3475 5448 3533 5502 in
3572 5462 3708 5501 con-
