4152 6186
343 376 460 455 ut

1225 390 1672 467 GHRONICON
1718 401 2437 472 PETERSHUSANUM.
2462 442 2541 457 --
2568 412 2714 477 LIB.
2763 410 2866 481 III.

3632 432 3751 504 342

341 520 417 579 ad
447 522 869 585 monasterium
900 533 1223 602 revocatus,
1256 550 1324 591 ac
1352 534 1513 608 prior
1538 538 1718 594 totius
1745 555 1985 612 congre-
2015 537 2070 606 Α
2098 540 2372 599 omnibus
2402 549 2918 608 accommodanda.
2949 555 3032 610 Ad
3083 553 3193 615 hoc
3231 559 3539 623 aocedebat
3586 571 3744 642 quod

345 611 596 642 ιιιιῦἕΑ-ζι-
618 616 942 642 --_-ll-l.-_
969 623 1194 642 -a._-_._--
1225 640 1249 642 η
1276 640 1283 642 Α
1375 624 1411 642 ι·
1555 627 1570 642 1
1600 630 1609 642 ι
2247 630 2279 642 ι.
2453 634 2462 642 .
2536 635 2548 642 .
2759 638 2770 642 -

340 611 598 701 gationis
618 616 945 690 appellatus
966 623 1202 680 strenue
1223 640 1327 697 per
1338 624 1574 700 aliquod
1595 630 1827 701 tempus
1847 611 1989 701 pris-

338 699 474 758 m“.
516 796 546 864 §
574 796 671 852 VI.
704 797 977 867 Quomodo
1015 802 1365 861 Thcodorz‘cus
1393 805 1681 863 ordinatus
1709 811 1805 864 est.

408 900 576 958 Anno
605 903 676 959 ab
706 903 1109 965 incarnatione
1138 911 1368 967 Domini
1402 931 1651 971 MLXXXVI
1694 914 1985 972 Gebehar-

334 988 450 1046 dus
472 992 683 1048 tertius
714 995 981 1065 ejusdem
1013 999 1269 1056 nominis
1313 1003 1773 1060 Constantiensis
1822 1022 1985 1061 reve-

332 1079 555 1136 rendus
584 1081 917 1156 episcopus,
977 1087 1205 1144 eximiis
1256 1091 1525 1162 precibus
1575 1092 1909 1164 impetravit
1951 1111 1985 1149 a

329 1166 694 1227 Willihelmo
723 1173 868 1229 divas
899 1178 1194 1233 memoriae
1228 1179 1624 1253 Hirsaugiensi
1656 1182 1883 1252 abbate,
1918 1187 1985 1237 ut

326 1259 722 1317 venerabilem
767 1263 959 1319 virum
1018 1265 1445 1325 Theodoricum
1516 1272 1873 1327 monasterio
1919 1272 1977 1327 S.

326 1344 612 1418 Gregorii,
647 1352 800 1422 quod
829 1352 1044 1410 dicitur
1071 1356 1292 1412 Domus
1324 1359 1496 1425 Petri,
1532 1358 1979 1434 dirigeret,qua-

322 1436 498 1490 tenus
520 1436 711 1494 eidem
737 1446 1014 1514 preesset
1039 1448 1095 1500 et
1126 1446 1448 1518 regularem
1480 1449 1657 1504 vitam
1690 1449 1831 1505 inibi
1843 1451 1978 1521 jux-

321 1525 384 1579 ta
410 1541 680 1584 normam
713 1529 803 1585 sui
853 1533 1195 1590 monasterii
1243 1534 1598 1593 institueret.
1649 1540 1810 1605 Quod
1844 1556 1976 1594 cum

322 1610 698 1686 impetrasset
730 1622 786 1673 et
812 1619 968 1677 idem
1000 1623 1397 1680 Theodoricus
1447 1628 1836 1684 transmissus
1875 1629 1976 1684 ad-

320 1702 600 1772 venisset,
628 1722 699 1771 ex
728 1709 997 1766 concordi
1017 1712 1297 1784 petitione
1328 1716 1592 1771 omnium
1616 1717 1858 1773 fratrum
1883 1735 1974 1773 or-

321 1789 545 1849 dinavit
572 1811 709 1851 eum
733 1797 856 1867 jam
889 1799 1082 1857 dictus
1113 1802 1424 1876 episcopus
1472 1805 1742 1862 abbatem
1784 1807 1971 1862 eidem

2102 630 2376 689 omnibus
2407 634 2585 691 nimis
2613 644 2737 695 erat
2758 638 2957 716 largus
2984 649 3053 703 et.
3069 648 3305 707 sibimet
3351 652 3463 727 ipsi
3496 630 3741 729 parcus;

2099 736 2237 776 nam
2268 738 2480 796 corpus
2510 730 2942 802 suumjejuniis
2966 735 3164 793 nimiis
3188 744 3741 814 attonuabat,omni-

2097 809 2209 865 bus
2241 816 2435 869 autem
2470 832 2665 872 secum
2700 824 3092 896 manentibus,
3127 830 3225 895 sed
3279 836 3337 888 et
3386 835 3744 894 adventanti-

2093 898 2226 969 bus,
2256 917 2489 959 omnem
2532 907 2949 967 abundantiam
3010 914 3323 975 tribuebat.
3357 922 3517 980 Unde
3566 927 3740 983 etiam

2095 1003 2327 1061 semper
2355 991 2413 1047 in
2440 995 2692 1051 maximo
2724 1015 2937 1071 angore
2988 1010 3113 1059 erat
3164 1008 3412 1079 positus,
3455 1016 3733 1085 quoniam

2092 1079 2366 1176 maximis
2396 1082 2607 1139 debitis
2629 1086 2853 1159 jugiter
2911 1096 3035 1147 erat
3081 1095 3397 1154 astrictus:
3450 1079 3734 1176 attamen,

2092 1167 2371 1238 quoniam
2404 1170 2462 1225 in
2494 1172 2740 1229 Domino
2772 1179 3060 1248 sperabat,
3095 1183 3219 1257 ipse
3267 1186 3420 1244 facili
3467 1167 3734 1266 largitate

2090 1261 2301 1312 cuncta
2330 1259 2630 1316 reddebat.

2156 1436 2322 1491 Anno
2354 1437 2425 1492 ab
2456 1437 2739 1498 incarnat.
2773 1443 2915 1500 Dom
2940 1464 3121 1516 mxcn,
3146 1455 3494 1513 venerabilis
3525 1460 3728 1518 abbas.

2088 1522 2477 1583 Theudoricus
2507 1530 2791 1602 capellam
2829 1534 2887 1589 in
2929 1539 3252 1598 meridiana
3276 1544 3448 1619 plaga
3478 1548 3730 1607 basilicas

2087 1629 2256 1669 secus
2286 1619 2688 1676 sanctuarium
2722 1622 2777 1677 in
2812 1626 2967 1681 edito
3025 1634 3349 1688 construxit
3400 1636 3454 1691 in
3512 1637 3732 1697 honore

2085 1701 2144 1758 S.
2179 1703 2465 1796 Uodalrici
2495 1709 2773 1783 episcopi,
2807 1719 2863 1767 et
2886 1715 2942 1770 S.
2979 1717 3217 1789 Nicolai,
3255 1726 3311 1777 et
3351 1724 3407 1780 S.
3440 1726 3608 1796 Afrae,
3643 1733 3726 1784 at-

2083 1807 2196 1863 que
2224 1793 2322 1848 SS.
2352 1795 2598 1853 Joannis
2626 1804 2684 1854 et
2715 1800 2893 1869 Pauli,
2928 1821 2981 1859 v1
3013 1807 3138 1862 Kal.
3170 1809 3311 1864 Julii
3352 1793 3607 1871 dedicari
3642 1818 3720 1874 fe-

317 1884 682 1940 monasterio
710 1884 772 1941 in
800 1887 1113 1946 ςεειίνίιδιθ
1129 1892 1188 1947 S_
1220 1893 1497 1948 Barnabm
1528 1894 1774 1967 apostoli
1796 1896 1967 1968 (872),
1999 1914 2047 1981 Β
2083 1879 2179 1936 cit.
2213 1881 2522 1939 Collocavit
2550 1890 2744 1943 autem
2776 1888 2857 1945 ibi
2888 1891 3167 1965 reliquias
3198 1904 3557 1958 sanctorum.
3602 1946 3613 1959 .
3658 1947 3669 1960 .
3708 1945 3721 1960 .

316 1987 576 2046 eumque
606 1973 827 2044 dilexit,
861 1977 999 2034 fovit
1030 1983 1105 2048 et,
1160 1981 1220 2036 in
1280 1982 1735 2056 quibusounque
1779 1986 1971 2058 potuit

313 2060 364 2117 ei
393 2078 633 2137 semper
660 2064 868 2122 solatio
896 2066 1024 2125 fuit.

1049 2178 1077 2245 §
1114 2176 1235 2232 VII.

381 2257 705 2316 Ordinatus
725 2265 923 2319 autem
946 2265 1106 2321 omni
1130 2265 1497 2340 religiositati
1520 2286 1759 2342 operam
1784 2271 1962 2339 dedit,

309 2350 368 2403 et
394 2348 627 2404 animas
655 2354 714 2405 et
729 2367 972 2423 corpora
991 2354 1363 2412 subditorum
1388 2359 1549 2414 omni
1573 2359 1965 2416 sollicitudine

304 2439 664 2509 procuravit,
691 2455 927 2497 summa
956 2442 1267 2517 disciplina
1297 2448 1535 2503 eosdem
1555 2449 1962 2517 educavit,nu-

303 2540 537 2583 merum
560 2527 986 2600 discipulorum
1016 2532 1430 2606 multiplicavit
1483 2537 1565 2592 ita
1615 2543 1681 2593 ut
1711 2538 1771 2593 in
1804 2538 1960 2593 brevi

301 2614 626 2689 plusquam
656 2618 1047 2692 quadraginta
1074 2623 1394 2681 monachos
1419 2630 1477 2681 et
1506 2626 1761 2699 amplius
1782 2644 1959 2699 quam

302 2704 741 2779 quinquaginta
766 2707 1044 2766 barbatos
1073 2710 1282 2768 fratres
1312 2712 1572 2780 haberet,
1597 2714 1812 2787 quibus
1842 2732 1961 2772 om-

299 2810 441 2851 nem
493 2795 920 2853 abundantiam
969 2798 1157 2856 victus
1215 2806 1272 2856 et
1332 2802 1577 2859 vestitus
1627 2804 1835 2860 tribuit
1863 2820 1957 2861 eo-

297 2898 557 2955 rumque
584 2884 761 2941 vitam
783 2884 844 2942 in
876 2902 1091 2960 magna
1112 2887 1473 2948 districtione
1511 2893 1783 2949 coercuit.

366 3079 445 3135 Et
475 3079 613 3152 quia
641 3080 859 3138 chorus
888 2995 1255 3154 erat§brelils,
1288 3088 1568 3159 quoniam
1606 3091 1955 3163 gradus,per

295 3184 458 3241 quos
487 3170 547 3224 in
578 3171 980 3228 sanctuarium
1013 3176 1460 3246 ascendebatur,
1481 3177 1673 3234 locum
1706 3196 1950 3250 occupa-

2149 2078 2288 2134 Deln
2312 2086 2588 2153 sequente
2619 2100 2792 2151 anno,
2828 2087 2935 2144 hoc
2980 2094 3069 2146 est
3098 2092 3408 2152 Dominicas
3451 2097 3719 2157 incarna-

2076 2165 2254 2223 tionis
2284 2186 2483 2237 chm,
2508 2172 2710 2229 indict.
2746 2192 2783 2241 ι,
2819 2177 2952 2233 fecit
2983 2181 3263 2252 capellam
3297 2201 3365 2240 ex
3393 2188 3719 2259 aquilonari

2077 2261 2237 2344 parte
2268 2260 2526 2329 sacrarii,
2559 2279 2805 2336 eamque
2833 2284 2869 2322 v
2897 2268 3035 2324 Idus
3063 2271 3224 2344 Sept.
3279 2275 3534 2333 dedicari
3585 2280 3719 2337 fecit

2074 2343 2133 2399 in
2167 2344 2383 2403 honore
2416 2349 2474 2405 S.
2508 2350 2607 2407 Dei
2638 2354 2939 2424 genitricis
2967 2357 3182 2427 Marias,
3217 2366 3273 2417 et
3302 2363 3547 2421 aliorum
3579 2384 3714 2423 san-

2073 2436 2299 2490 ctorum
2330 2453 2581 2508 quorum
2614 2441 2870 2514 reliquiae
2901 2445 2980 2501 ibi
3009 2446 3319 2508 habentur.
3355 2494 3368 2507 .
3407 2494 3420 2507 .
3450 2456 3535 2510 Ad
3566 2455 3716 2512 hanc

2072 2522 2354 2595 capellam
2387 2533 2704 2586 conventus
2733 2534 2892 2588 omni
2926 2535 3019 2591 die
3050 2543 3182 2609 post
3211 2557 3481 2613 vesperos
3511 2548 3567 2600 et
3596 2562 3716 2602 ma-

2068 2612 2293 2669 tutinos
2322 2615 2383 2669 in
2414 2615 2633 2674 honore
2682 2620 2739 2676 S.
2794 2624 2981 2679 Marias.
3040 2612 3375 2685 solemniter
3427 2634 3708 2704 procedit,

2069 2699 2268 2772 ibique
2299 2709 2431 2775 post
2459 2707 2748 2765 canticum
2782 2716 2838 2765 et
2878 2713 3255 2784 antiphonam
3304 2699 3478 2791 atque
3508 2699 3716 2777 oratio-

2067 2806 2199 2845 nem
2241 2793 2392 2863 ejus,
2442 2811 2714 2868 vesperos
2771 2800 2890 2855 sive
2950 2805 3271 2861 matutinos
3321 2807 3390 2863 de
3434 2809 3710 2867 omnibus

2066 2881 2286 2937 sanctis
2314 2889 2370 2938 et
2399 2900 2500 2955 pro
2533 2886 2824 2947 defunctis
2854 2892 3032 2949 canit.

2854 3000 2971 3055 XII.

2854 3000 2971 3055 XII.

2134 3076 2288 3135 848
2318 3079 2459 3137 Item
2492 3100 2645 3140 anno
2676 3000 3148 3147 Dom§.incarnat.
3182 3096 3617 3165 mxcun,indict.
3649 3117 3709 3169 II,

2063 3165 2457 3226 Theodericus
2488 3173 2671 3229 abbas
2704 3177 2983 3247 capellam
3015 3181 3073 3236 S.
3122 3182 3423 3241 Michaelis
3464 3165 3710 3243 renovas-

294 3259 480 3324 ham,
507 3259 711 3331 gradus
731 3260 1013 3318 diminuit
1041 3263 1324 3335 lapidum,
1368 3272 1425 3321 ει
1473 3284 1783 3324 numerum
1819 3287 1945 3323 am-
1979 3281 2022 3348 Ο
2059 3254 2140 3348 vit
2168 3261 2223 3348 et
2253 3260 2447 3348 auxit;
2481 3266 2603 3317 erat
2632 3264 2787 3320 enim
2820 3268 3171 3338 parvissima
3227 3272 3303 3327 ita
3344 3279 3408 3328 ut
3439 3276 3530 3331 vix
3562 3276 3709 3332 duo-

300 3345 525 3420 pliavit
541 3350 750 3404 canenti
759 3356 950 3419 um,et
978 3351 1205 3423 lapides
1217 3354 1463 3410 abstulit
1479 3359 1654 3428 atque
1674 3357 1941 3414 homines

298 3451 421 3508 pro
447 3435 530 3490 eis
556 3435 610 3491 in
630 3436 818 3494 locum
839 3438 1101 3511 ipsorum
1133 3443 1474 3512 constituit;
1498 3444 1740 3501 chorum
1767 3446 1942 3519 quip-

301 3539 384 3597 pe
413 3527 734 3582 sanctuario
754 3544 902 3599 pene
921 3530 1258 3602 coaequavit,
1322 3547 1433 3589 uno
1482 3538 1713 3589 tantum
1758 3537 1944 3608 gradu

298 3615 1157 3688 sanctuaﬁo-supereminente,
1190 3625 1367 3692 atque
1390 3622 1473 3677 ita
1500 3622 1559 3678 in
1593 3624 1771 3680 choro
1792 3629 1948 3681 stan-

286 3702 457 3760 tibus
489 3702 681 3760 locum
714 3705 1022 3763 dilatavit..

1075 3817 1165 3871 IX.

365 3918 521 3975 847
541 3918 625 3975 De
650 3919 798 3991 ipsis
824 3924 1022 3978 autem
1044 3923 1323 3994 gradibus
1349 3941 1497 3996 quos
1527 3927 1597 3983 de
1609 3927 1783 3984 choro
1812 3946 1949 3985 sus-

279 4005 651 4074 tulerat,alia
671 4007 945 4083 deinceps
975 4012 1221 4068 aedificia
1250 4014 1947 4074 decoravit.Lavatorium

279 4096 513 4169 quippe
529 4096 793 4166 fecit,ubi
824 4102 1049 4171 partem
1067 4102 1409 4158 earumdem
1437 4105 1728 4176 graduum
1753 4107 1949 4178 posuit

280 4188 345 4241 et
374 4184 709 4257 capitulum
730 4191 787 4241 et
815 4190 1004 4244 totum
1043 4189 1103 4244 in
1136 4190 1387 4247 circuitu
1434 4195 1731 4250 renovavit
1755 4194 1947 4251 claus-

278 4277 473 4330 trum.
508 4273 807 4331 Ambitum
839 4292 1074 4349 quoque
1107 4277 1265 4335 cellae
1326 4297 1496 4337 muro
1539 4284 1950 4339 circumdedit-

279 4361 394 4418 sed
416 4365 475 4418 et
499 4362 791 4434 porticum
814 4382 992 4439 super
1010 4367 1343 4439 sepulturas
1360 4373 1795 4427 antecessorum
1814 4389 1950 4428 suo-

273 4465 423 4505 rum
447 4450 734 4506 abbatum
758 4452 1053 4510 fecit.Hasc
1070 4460 1265 4511 autem
1289 4457 1487 4513 omnia
1517 4462 1574 4514 et
1604 4459 1717 4515 alia
1734 4461 1948 4518 dehinc

273 4539 589 4595 narranda
620 4557 735 4595 non
757 4557 825 4597 ex
852 4542 1319 4613 redditibus,nex
1340 4563 1408 4602 ex
1429 4547 1648 4604 divitiis
1678 4550 1943 4621 ejusdem

2060 3344 2247 3436 decim
2279 3346 2546 3405 homines
2577 3367 2780 3423 capere
2809 3358 3115 3427 potuisset.
3146 3362 3242 3417 Est
3290 3362 3507 3435 quippe
3530 3365 3702 3436 juxta

2058 3431 2465 3525 inﬁrmariam,
2497 3439 2647 3495 inter
2670 3458 2847 3513 quam
2879 3450 2935 3500 et
2984 3448 3108 3517 jam
3167 3431 3382 3506 dictam
3396 3431 3699 3525 capellam

2057 3526 2181 3577 erat
2200 3524 2461 3592 aedicula,
2492 3527 2552 3582 in
2582 3545 2699 3602 qua
2726 3533 2904 3588 etiam
2955 3534 3299 3610 plerumque
3351 3524 3569 3597 infirmi
3602 3559 3701 3598 cu-

2057 3611 2277 3701 babant
2300 3631 2312 3680 ;
2338 3631 2515 3686 quam
2547 3619 2858 3689 praedictus
2889 3624 3070 3680 abbas
3114 3627 3426 3685 d'estruens
3468 3630 3701 3701 capella:

2057 3700 2303 3770 addidit,
2331 3719 2398 3758 ac
2425 3721 2638 3761 novum
2666 3707 2845 3765 altare
2879 3711 3452 3787 fabricavit,eamque
3477 3734 3511 3772 a
3531 3700 3703 3774 vene-

2058 3790 2226 3846 rabili
2258 3792 2596 3851 Gehehardo
2633 3798 2923 3869 episcopo,
2956 3800 3124 3856 tertio
3155 3803 3283 3872 ejus
3321 3805 3598 3870 nominis,
3623 3807 3700 3862 si-

2058 3882 2155 3934 cut
2180 3885 2238 3936 et
2266 3884 2617 3953 superiores,
2647 3885 2906 3941 dedicari
2933 3888 3066 3943 fecit
3084 3889 3233 3959 (873)
3265 3891 3358 3947 die
3385 3891 3579 3949 Nonas
3596 3894 3699 3950 Ju-

2058 3966 2121 4022 lii
2153 3968 2209 4023 in
2244 3969 2464 4027 honore
2495 3972 2725 4028 Domini
2756 3979 2811 4029 et
2840 3975 2898 4030 S.
2933 3977 3158 4044 Crucis,
3208 3980 3540 4051 specialiter
3567 3999 3699 4039 vero

2058 4054 2118 4110 in
2149 4056 2369 4113 honore
2399 4059 2458 4113 S.
2493 4060 2684 4115 Marias
2711 4064 2914 4120 matris
2932 4065 3185 4134 Domini,
3219 4073 3276 4125 et
3299 4070 3357 4127 S.
3397 4070 3703 4128 Michaelis

2059 4143 2391 4217 archangeli
2416 4151 2473 4202 et
2503 4150 2767 4206 omnium
2802 4158 3161 4211 sanctorum.

2127 4340 2236 4397 Sed
2269 4346 2326 4396 et
2355 4342 2637 4415 capellam
2669 4346 2728 4401 S.
2779 4260 3034 4406 illis
3092 4354 3494 4426 augmentavit
3534 4359 3590 4411 et
3627 4356 3705 4411 ei-

2057 4431 2189 4487 dem
2219 4431 2418 4487 addita
2448 4432 2690 4490 aedificia
2733 4436 2993 4494 barbatis
3048 4440 3329 4497 fratribus
3380 4443 3698 4514 deputavit,

2057 4536 2183 4592 quas
2217 4520 2385 4592 prius
2410 4528 2578 4577 erant
2609 4524 2939 4582 habitacula
2956 4529 3236 4584 abbatum
3270 4530 3533 4600 ejusdem
3564 4531 3697 4586 loci.

268 4627 1043 4699 loci,sedexdonationibus
1068 4610 1326 4692 fidelium
1345 4610 1941 4711 consummavit,quo-
1973 4651 2021 4716 D
2059 4610 2191 4680 Ipsa
2222 4612 2669 4734 δυίθῐῗξξξθιὶθ
2698 4619 2821 4734 erat
2849 4616 3014 4734 vim?
3045 4618 3306 4734 ἶξθτνξηξλ·
3332 4621 3440 4734 ξω·
3472 4661 3483 4672 '
3524 4660 3535 4672 '
3576 4660 3587 4672 ‘

268 4716 447 4773 niam
477 4721 718 4790 propter
744 4721 1059 4778 novitatem
1104 4727 1339 4782 mundae
1391 4726 1536 4795 vitai,
1585 4744 1712 4799 quae
1757 4746 1941 4801 nuper

2364 4720 2390 4785 §
2421 4718 2564 4776 XIV.
2597 4719 2801 4788 Quales
2851 4722 3146 4794 discipulos
3176 4723 3385 4778 habuit.

263 4806 341 4862 in
378 4805 558 4861 istam
581 4814 943 4877 processerat
968 4829 1071 4884 per
1127 4830 1261 4871 eum
1305 4815 1685 4888 provinciam,
1736 4835 1940 4875 omnes

262 4909 424 4952 eum
464 4894 807 4953 excolebant
833 4903 891 4954 et
919 4902 1201 4959 amabant
1248 4903 1448 4975 plures
1501 4905 1552 4960 ei
1612 4923 1674 4962 se
1718 4924 1942 4979 suaque

262 4982 591 5041 dedentes.
627 4985 739 5041 Sed
783 4990 843 5043 et
888 4988 1199 5061 episcopus
1242 4992 1711 5050 Constantiensis
1759 4997 1938 5052 Gebe-

262 5071 513 5129 hardus
560 5089 740 5144 quam
791 5077 1046 5134 maxime
1117 5096 1251 5135 eum
1301 5082 1548 5153 juvabat
1613 5084 1828 5155 dando,
1886 5090 1944 5141 et

2122 4824 2377 4879 Habebat
2410 4830 2604 4881 autem
2636 4827 2788 4882 idem
2830 4845 2957 4884 ven.
3009 4830 3179 4886 Pater
3228 4837 3369 4887 tunc
3423 4834 3703 4908 temporis

2049 4914 2312 4985 egregios
2344 4913 2516 4981 viros,
2550 4914 2714 4970 valde
2749 4915 3072 4988 religiosos,
3129 4921 3362 4992 optimae
3406 4923 3606 4980 formae
3646 4930 3705 4982 et

2051 5002 2323 5056 doctrinae
2353 5002 2463 5057 sub
2496 5019 2636 5059 cura
2665 5021 2792 5074 sua,
2825 5006 2882 5060 in
2917 5007 3135 5078 quibus
3167 5017 3333 5067 erant
3359 5013 3700 5069 Meinradus

2052 5090 2277 5161 pridem
2311 5091 2589 5157 abbas,de
2621 5110 2737 5165 quo
2769 5097 3041 5167 superius
3064 5100 3376 5158 retulimus
3397 5104 3704 5174 (874),Bcr-

2051 5177 2311 5234 nhardus
2344 5179 2711 5248 scolasticus,
2746 5188 2803 5238 et
2827 5183 3046 5256 Cuono,
3091 5190 3470 5246 Wornharius
3502 5190 3575 5244 de
3604 5188 3705 5241 Al-

2052 5268 2259 5324 shusin
2294 5267 2555 5342 caligans
2586 5271 2771 5328 oculis
2826 5274 3179 5332 Gozhalmus
3227 5281 3284 5331 et
3330 5275 3703 5331 Eberhardus

2056 5359 2232 5428 atque
2262 5356 2569 5414 Heinricus
2626 5360 2897 5433 scriptor.
2951 5364 3017 5418 [li
3065 5379 3269 5420 omnes
3316 5378 3386 5418 ex
3441 5362 3706 5438 antiquis

266 5175 674 5236 quoscunque
704 5163 815 5219 sibi
842 5165 914 5220 ob
938 5166 1140 5238 culpas
1172 5185 1311 5224 suas
1338 5170 1619 5228 obnoxios
1638 5176 1759 5228 tam
1783 5173 1944 5229 cleri-

266 5265 391 5308 cos
413 5264 592 5320 quam
623 5249 803 5308 laicos
834 5254 886 5310 ei
912 5257 1332 5313 committenda
1363 5264 1438 5329 et,
1471 5262 1746 5333 quoniam
1787 5262 1942 5319 idem

265 5340 462 5396 Pater
491 5337 784 5398 facundus
813 5346 939 5399 erat
966 5343 1188 5418 lingua,
1223 5363 1424 5404 aurem
1458 5349 1768 5422 benignam
1800 5353 1849 5408 ei
1882 5353 1944 5409 in

268 5501 521 5578 hanno
554 5502 912 5578 monasterio
942 5505 1317 5578 donat_o,quaa
1350 5509 1551 5564 eadem
1585 5510 1732 5566 forte
1763 5516 1851 5567 est
1879 5530 1944 5568 ac

270 5572 609 5651 Ha‘gggtpy,
644 5570 850 5651 cellam
881 5579 1078 5651 tamen
1109 5570 1379 5651 ibi'haud
1414 5580 1655 5651 reperio.

348 5641 758 5721 (87?)_Incipit
784 5660 920 5721 ergo
938 5647 1216 5721 regimen
1261 5641 1606 5707 Theudorici
1657 5652 1887 5709 abbatis
1913 5673 1945 5711 a

276 5711 384 5771 die
405 5711 466 5770 Η
492 5711 648 5770 ’Jun.
670 5711 779 5771 ‘an.
822 5711 957 5774 1086
980 5736 993 5789 ;
1017 5711 1133 5785 quo
1165 5721 1308 5779 adeo
1341 5722 1719 5781 Gebehardus
1752 5726 1945 5784 adhuc

2054 5517 2406 5573 Constantia:
2438 5519 2569 5573 fuit.

2127 5590 2274 5675 (I873)
2306 5589 2557 5675 Planum.
2584 5590 2720 5675 hinc
2751 5592 2815 5645 ﬁt
2845 5590 3272 5675 gebohardum,
3301 5590 3409 5675 etsi
3435 5595 3571 5675 sede
3599 5613 3707 5663 sua

2054 5659 2319 5732 pulsum,
2348 5662 2597 5716 subinde
2628 5666 2823 5717 tamen
2852 5659 3265 5720 Constantiam
3285 5663 3573 5720 revisisse.

2128 5732 2275 5804 (874)
2308 5731 2348 5788 l.
2386 5750 2449 5802 II,
2477 5734 2507 5805 ξ
2536 5734 2622 5802 15,
2657 5736 2713 5788 et
2739 5733 2890 5790 infra
2919 5737 2945 5802 §
2974 5734 3060 5804 18,
3091 5734 3183 5790 20.
