4152 6186
405 369 524 438 3&3

1103 369 1502 440 APPENDIX
1547 371 1649 437 AD
1693 369 2050 438 CHRONICl

2186 371 2601 440 HERMANNl
2639 368 3109 442 ΟΟΝἸἫΆΟΊῚ.

407 509 726 601 fratribus;
755 506 855 601 sed
897 511 965 601 et
1020 507 1324 584 Si'giherus
1368 506 1731 601 scolasticus,
1782 514 1837 565 et
1868 509 2046 582 Eppo,
2080 511 2136 577 Α
2165 516 2404 568 vocatur
2462 512 2922 570 Andoltisbuoch
2978 510 3151 584 (877).
3200 511 3257 567 et
3293 508 3524 567 fecerat
3579 505 3810 567 novalia

409 605 581 674 atque
611 600 1160 656 Gebehardus'avus
1193 617 1377 657 meus.
1404 643 1418 657 .
1455 643 1468 655 .
1505 643 1518 655 .
1555 643 1566 656 .

478 689 874 757 Bernhardus,
906 703 1076 760 quem
1110 690 1285 745 etiam
1318 690 1590 762 superius
1619 687 2054 745 nominavimus

408 780 612 836 doctor
640 783 763 835 erat
792 777 1062 844 eximius,
1090 778 1423 834 monasticae
1451 795 1688 850 quoque
1720 778 2051 850 discipline

410 872 611 925 custos
645 867 883 923 entituit
913 865 1416 936 diligentissimus.
1443 867 1543 922 Hic
1601 868 1856 940 quadam
1887 869 2067 923 nocte

406 957 690 1013 visionem
747 953 910 1021 vidit,
972 971 1149 1026 quam
1226 957 1351 1028 ipse
1410 955 1621 1012 litteris
1680 955 2056 1029 comprehen-

409 1046 515 1102 dit.
550 1085 565 1102 .
601 1085 614 1100 .

1153 1135 1325 1202 §xv.

477 1241 614 1296 Erat
643 1236 793 1304 alius
825 1238 1063 1311 quidam
1087 1239 1407 1312 presbyter,
1461 1239 1657 1296 Guono
1705 1239 1961 1308 nomine,
1993 1240 2054 1295 in

405 1326 534 1400 ipso
563 1327 935 1395 monasterio,
965 1344 1136 1400 quem
1168 1327 1344 1384 etiam
1377 1332 1547 1384 antea
1597 1328 2054 1396 nominavimus,

405 1418 512 1485 vir,
543 1416 804 1489 inquam,
838 1417 1130 1472 formosus
1159 1416 1345 1485 valde,
1404 1434 1472 1472 ex
1519 1415 1814 1490 prioribus
1845 1433 2053 1472 mona-

407 1505 662 1577 chis,qui
692 1504 866 1561 etiam
898 1505 1476 1577 Rinaugiensis(875)
1505 1506 1843 1562 monasterii
1903 1505 2053 1579 regi-

407 1611 542 1652 men
572 1593 913 1666 promeruit,
947 1592 1085 1649 illuc
1117 1595 1270 1650 849
1303 1594 1518 1668 quippe
1550 1595 1609 1649 in
1651 1595 1920 1650 abbatem
1956 1610 2054 1650 as-

406 1687 683 1756 sumptus
716 1682 1066 1750 fuerat;sed
1119 1684 1374 1754 quadam
1431 1683 1523 1739 die
1575 1687 1778 1739 contra
1823 1699 2054 1738 servum

405 1773 494 1829 ira
521 1775 871 1840 commotus,
893 1786 1028 1827 eum
1055 1787 1188 1826 cum
1223 1770 1457 1843 pessulo
1487 1772 1719 1828 incaute
1742 1771 2066 1843 percussit,

2163 601 2325 660 8-50
2356 601 2510 659 circa
2537 607 2684 671 se,et
2701 603 3006 659 videbatur
3020 601 3177 658 idem
3207 598 3373 657 locus
3403 598 3476 656 ad
3503 596 3819 656 servitium-

2163 689 2393 748 Domini
2418 696 2801 765 opportunus.
2825 693 3140 764 Postquam
3165 707 3299 747 vero
3312 691 3440 763 jam
3463 688 3655 744 dictus
3675 685 3814 746 soli-

2160 782 2346 838 tarius
2378 781 2438 837 in
2474 782 2715 838 Domino
2745 779 3347 854 paus‘avit,Udalricus
3367 793 3565 835 comes
3578 777 3809 849 rogavit

2160 887 2287 927 ven.
2319 869 2741 928 Theodericum
2773 875 2840 926 ut
2868 869 3085 926 ibidem
3140 868 3348 925 cellam
3389 867 3722 934 aediﬁcaret,
3754 869 3812 923 et

2163 959 2487 1033 regularem
2517 960 2697 1016 vitam
2739 959 2883 1015 inibi
2925 958 3296 1016 institueret:
3329 957 3486 1030 quod
3517 954 3616 1012 ille
3645 971 3811 1032 pror-

2163 1065 2266 1106 sus
2287 1064 2351 1105 se
2381 1048 2928 1122 facere'abnegavit,
2951 1047 3068 1104 nisi
3116 1047 3391 1104 eumdem
3449 1044 3645 1101 locum
3684 1060 3813 1103 mo-

2163 1137 2418 1194 nasterio
2450 1154 2557 1194 suo
2587 1138 2646 1193 in
2675 1137 3091 1210 proprietatem
3125 1134 3507 1204 contraderet,
3529 1137 3595 1190 ut
3639 1133 3690 1192 si
3726 1131 3818 1189 ιω.

2163 1226 2417 1294 boraret,
2451 1226 2706 1300 aliquem
2738 1225 2874 1282 inde
2924 1225 3099 1281 etiam
3161 1225 3416 1282 fructum
3469 1222 3812 1297 perciperet.

2167 1314 2305 1371 Inde
2334 1314 2436 1370 diu
2465 1313 2667 1371 habita
2695 1314 3112 1372 deliberatione
3153 1313 3394 1370 tandem
3435 1327 3632 1370 comes
3674 1328 3816 1368 cou-

2163 1402 2366 1470 sensit,
2398 1407 2456 1460 et
2479 1402 2759 1475 reliquias
2789 1406 3145 1470 sanctorum,
3179 1417 3306 1473 quis
3339 1400 3400 1458 in
3446 1398 3814 1460 loco-solitu-

2165 1492 2318 1548 dinis
2340 1494 2467 1565 jam
2497 1491 2689 1548 dictus
2718 1508 2921 1548 servus
2949 1489 3051 1548 Dei
3081 1490 3140 1545 in
3169 1489 3420 1547 oratorio
3453 1505 3561 1546 suo
3592 1487 3813 1548 habue-

2165 1585 2275 1650 rat,
2306 1581 2378 1638 ad
2410 1579 2830 1637 monasterium
2889 1580 2950 1636 S.
3011 1577 3271 1653 Gregorii
3332 1576 3688 1646 transmisit,
3748 1593 3822 1634 ac.

2164 1675 2366 1744 postea
2394 1671 2663 1727 eumdem
2693 1670 2912 1739 locum,
2945 1669 3046 1742 qui
3070 1672 3309 1726 vocatur
3327 1667 3818 1735 Andoltisbuoch,

2165 1764 2222 1816 et
2248 1759 2424 1816 aliam
2456 1758 2911 1832 possessionem,
2941 1774 3068 1830 qua;
3121 1756 3336 1814 dicitur
3393 1757 3820 1816 Hasuunouwa

408 1879 478 1918 ex
507 1869 621 1934 (tuo
652 1861 772 1916 ictu
802 1860 957 1916 idem
1016 1859 1192 1915 homo
1247 1860 1531 1916 infirmari
1592 1860 1764 1933 coepit
1793 1864 1849 1916 et
1876 1861 2052 1916 vitam
2086 1884 2134 1950 Β
2165 1849 2312 1950 (εἶθ)
2342 1847 2782 1950 PBtPiBI‘lusgn-Si‘
2802 1846 3158 1950 ωριιεοεξθΐξο
3206 1846 3264 1902 in
3290 1848 3651 1950 perpetuam
3679 1860 3812 1916 pro-

409 1951 616 2006 ﬁnivit.
650 1955 728 2005 Ea
759 1967 862 2022 pro
893 1948 1062 2020 culpa
1083 1966 1196 2004 non
1216 1949 1407 2004 solum
1439 1950 1785 2022 presbyterii
1815 1949 2054 2018 honore,

410 2041 509 2096 sed
539 2044 597 2097 et
627 2038 928 2112 regi-minis
957 2042 1046 2094 est
1075 2038 1334 2108 privatus
1350 2038 1658 2109 dignitate.
1680 2039 1830 2111 Ergo
1859 2038 2054 2110 ipsum

409 2129 603 2186 locum
662 2127 917 2199 reliquit,
967 2131 1023 2183 et
1079 2127 1138 2181 in
1199 2127 1582 2198 provinciam,
1635 2143 1765 2199 quis
1821 2132 2060 2183 vocatur

411 2219 566 2285 Riez,
598 2216 742 2272 abiit
769 2221 943 2286 atque
974 2215 1033 2272 in
1091 2215 1309 2271 eisdem
1361 2217 1628 2288 partibus
1680 2215 2059 2288 pontificatus

411 2306 671 2363 officium
703 2305 815 2360 sibi
844 2304 1246 2360 fraudulenter
1274 2305 1600 2376 usurpavit,
1648 2303 1920 2361 ecclesias
1958 2305 2058 2361 de-

396 2393 644 2461 dicavit,
677 2393 945 2450 homines
971 2393 1098 2449 oleo
1129 2393 1592 2450 confirmationis
1640 2393 1923 2450 fallaciter
1959 2409 2057 2465 pe-

412 2481 612 2540 runxit
641 2486 699 2538 et
725 2481 842 2539 alia
871 2481 1230 2555 pontificalia
1257 2481 1449 2538 ofﬁcia
1478 2483 1718 2555 peregit,
1769 2487 1826 2538 et
1853 2481 2060 2539 exinde

411 2589 529 2630 non
561 2570 850 2628 modicam
877 2571 988 2628 sibi
1034 2570 1344 2643 pecuniam
1392 2570 1748 2644 aggregavit.
1799 2574 2060 2642 Cumque

411 2660 471 2716 in
501 2659 611 2716 hoc
648 2658 934 2716 voluntati
975 2676 1094 2717 sua:
1137 2658 1308 2732 plene
1346 2659 1750 2726 satisfecisset,
1780 2659 2061 2732 depositis

409 2749 684 2806 vanitatis
715 2763 831 2804 suae
863 2748 1064 2806 infulis
1096 2749 1167 2804 ad
1201 2749 1621 2804 monasterium
1652 2765 1828 2806 suum
1858 2748 2063 2821 pristi—

411 2855 577 2908 num,
608 2838 718 2893 hoc
748 2841 837 2893 est
865 2837 1116 2894 Domum
1147 2837 1299 2893 Petri
1332 2837 1522 2905 rediit,
1545 2842 1605 2893 et
1633 2853 1696 2894 se
1725 2837 2061 2910 magisterio

411 2943 541 2983 ven.
573 2926 917 2982 Theodorici
946 2926 1175 2982 abbatis
1230 2925 1513 2981 subdidit.
1569 2926 1831 2998 Cumque
1860 2926 2061 2982 altaris

413 3015 606 3072 ofﬁcio
627 3017 762 3087 jure
784 3019 1024 3081 careret,
1058 3019 1116 3070 et
1147 3019 1341 3070 tamen
1391 3014 1479 3069 vir
1504 3014 1671 3072 valde
1696 3015 1940 3072 idoneus
1971 3031 2061 3070 es-

415 3107 528 3174 set,
559 3091 742 3160 abbas
775 3103 1175 3160 Theodoricus
1196 3103 1428 3160 obnixis
1459 3103 1730 3176 precibus
1767 3105 1922 3176 apud
1955 3104 2064 3160 Ge-

414 3193 740 3250 behardum
768 3194 1110 3266 episcopum
1139 3191 1478 3264 impetravit
1504 3194 1659 3266 quod
1719 3193 1769 3248 ei
1827 3194 2081 3250 tandem

415 3269 630 3338 missas
660 3297 829 3353 agere
855 3281 1158 3338 concessit.
1189 3319 1204 3337 .
1237 3324 1248 3336 .

722 3405 750 3470 §
778 3402 914 3457 XVI.
945 3404 1021 3458 De
1053 3405 1306 3460 ι]άαὶνὶσο
1348 3406 1741 3475 Brigantiensz'.

483 3509 647 3565 Circa
677 3509 797 3564 haec
821 3513 1087 3579 tempora
1111 3511 1282 3564 multi
1316 3510 1730 3568 familiaritatis
1781 3529 2054 3586 magnam

409 3597 656 3670 gratiam
687 3597 978 3653 habebant
1004 3597 1157 3667 apud
1188 3613 1314 3653 ven.
1348 3598 1876 3668 Theodoricum,eo
1898 3602 2052 3673 quod

405 3686 531 3759 ipse
560 3691 716 3754 esset
742 3685 830 3740 vir
859 3685 1174 3758 religiosus
1205 3691 1262 3742 et
1306 3687 1591 3759 prudens,
1625 3693 1684 3744 et
1731 3689 1892 3746 utilis
1920 3695 2050 3748 actu

405 3779 464 3830 et
487 3775 770 3831 consilio:
803 3778 860 3830 et
907 3774 1038 3831 ideo
1098 3774 1320 3830 nobiles
1376 3781 1432 3830 et
1490 3775 1697 3833 divites
1733 3779 1952 3851 quique
1980 3782 2051 3836 ad

404 3880 540 3921 eum
564 3863 983 3920 conveniebant
1010 3864 1274 3936 undique
1301 3868 1358 3920 et
1404 3865 1532 3936 ejus
1577 3866 1839 3938 exemplo
1879 3872 2053 3942 atque

405 3951 646 4008 consilio
681 3953 957 4024 proficere
973 3953 1306 4025 cupiebant.
1340 3953 1498 4010 Inter
1552 3969 1699 4028 quos
1745 3955 2051 4014 Udalricus

403 4039 780 4111 Brigantinus
813 4041 961 4110 (876)
991 4057 1186 4098 comes
1215 4042 1303 4098 vir
1325 4042 1734 4100 nobilissimus
1759 4049 1814 4101 et
1835 4047 2051 4118 specio-

404 4143 507 4268 slsus
537 4128 856 4183 maximam
886 4128 1137 4186 habebat
1167 4131 1488 4187 amicitiam
1520 4149 1656 4188 cum
1695 4150 1762 4190 eo
1793 4138 1850 4191 et
1881 4135 2050 4192 fami-

429 4213 738 4268 iaritatem.

429 4213 714 4271 iaritatem
726 4257 738 4270 .

1101 4307 1128 4374 §
1173 4305 1344 4363 XVII.

445 4407 538 4483 _Et
571 4396 693 4467 erat
718 4411 958 4485 quidam
989 4412 1551 4480 solitarius,nomine
1571 4414 1770 4485 Diedo,
1817 4419 1917 4490 qui
1966 4421 2045 4476 fe-

400 4503 559 4556 cerat
587 4499 700 4556 sibi
731 4501 1051 4557 oratorium
1110 4502 1167 4557 et
1223 4501 1623 4559 habitaculum
1657 4505 1720 4561 in
1759 4506 1912 4563 saltu
1946 4511 2044 4582 qui

2076 4611 2126 4677 Β

471 4678 796 4752 (875)(ἷξιῂο
828 4678 1105 4752 Gerungii
1135 4679 1194 4735 in
1226 4679 1462 4752 abbatis
1485 4680 1919 4752 Rhenaugiensi
1938 4687 2046 4742 cir-

396 4764 464 4804 ca
493 4764 587 4830 an.
615 4749 752 4802 1090
783 4749 1086 4807 successor
1105 4752 1332 4830 primus
1353 4749 1900 4830 ibiconsuetudjnes
1918 4758 2044 4814 Hir-

394 4822 735 4900 saugienses
764 4835 830 4874 ex
862 4837 968 4900 suo
1003 4822 1352 4900 monasterio
1375 4823 1724 4900 introduxit.
1752 4826 2044 4900 Perpetra-

392 4893 451 4942 to
479 4894 672 4967 autem
696 4891 915 4967 casuali
944 4891 1256 4967 homicidio
1307 4895 1508 4950 relicta
1551 4896 1832 4967 dignitate
1858 4891 2041 4956 alior-

395 4975 527 5014 sum
544 4959 1486 5041 ollam.abiit,epis00pa1iaquoque
1509 4959 1713 5022 munia
1734 4967 1847 5041 sibi
1869 4989 2038 5026 usur-

392 5047 560 5110 pans.
581 5031 841 5110 Scriptor
862 5031 1216 5110 provinciam
1249 5031 1757 5110 Riez_yocat,quod
1791 5041 2037 5099 dubium

392 5106 501 5194 est,
521 5119 599 5194 an
632 5103 721 5184 de
762 5103 932 5194 Ries‘a
981 5121 1116 5194 seu.
1150 5105 1353 5188 Riezza
1409 5103 1724 5194 thetie'nfi
1771 5128 1950 5194 pago.
1978 5114 2037 5194 i_n

393 5173 740 5246 Nordgovia,
772 5191 844 5256 an
877 5176 946 5230 de
979 5175 1156 5248 Regio
1187 5176 1246 5232 in
1279 5179 1582 5258 provincia
1628 5173 2014 5310 (Riez'eg‘intel

393 5245 646 5310 gendum
677 5250 889 5300 veniat.
925 5247 1236 5304 Consultus
1276 5255 1496 5305 interea
1537 5252 1801 5309 Gebehar
1843 5272 1875 5310 ο
1922 5256 2014 5310 eoi

392 5245 646 5328 gendum
669 5245 1496 5328 .veniat._'Cons'ultus_interea
1530 5245 1875 5328 _Gebeh_ardo
1922 5256 2039 5328 epi-

393 5319 567 5397 scopo
588 5316 856 5397 Urbanus
887 5318 934 5373 Il
968 5325 1030 5373 ut
1058 5336 1190 5397 cum
1223 5319 1657 5397 dispensatione
1689 5316 2033 5397 dignitatem

391 5389 636 5468 retinere
668 5389 872 5468 possit,
895 5390 1220 5468 rescripsit.
1281 5389 1665 5468 Vid.__Ca_non
1715 5389 1919 5453 Clerico
1964 5400 2035 5452 37

391 5457 774 5523 distinct.’50,
809 5461 906 5514 ubi
939 5479 1040 5528 pro
1070 5457 1410 5518 Gwarnerio
1432 5464 1786 5521 Narbonensi
1814 5469 2032 5524 substi-

2170 1938 2473 2011 prietatem
2501 1941 2562 1992 et
2589 1936 2982 1994 ministerium
3013 1935 3263 1992 fratrum
3290 1935 3404 1992 Deo
3433 1938 3492 1990 et
3509 1934 3566 1990 Β.
3601 1933 3817 2006 Grego-

2167 2027 2250 2083 rio
2281 2043 2384 2098 per
2404 2025 2800 2082 successiones
2831 2025 3163 2097 temporum
3193 2023 3410 2080 ibidem
3433 2022 3658 2096 jugiter
3686 2035 3814 2080 ser-

2166 2114 2448 2171 vientium
2478 2130 2674 2170 coram
2699 2112 2924 2169 idoneis
2975 2112 3228 2169 testibus
3264 2111 3483 2184 absque
3529 2099 3650 2166 ulla
3685 2125 3818 2168 con-

2166 2203 2513 2260 tradictione
2539 2201 2893 2258 contradidit
2947 2217 3015 2257 ea
3072 2199 3423 2267 conditione,
3479 2203 3546 2254 ut
3592 2197 3814 2255 ibidem

2167 2290 2311 2350 cella
2341 2291 2742 2357 aediﬁcaretur,
2767 2294 2824 2346 et
2841 2289 3263 2346 monachorum
3289 2287 3578 2344 habitatio
3602 2297 3705 2362 pro
3729 2286 3814 2343 fa-

2168 2381 2384 2439 cultate
2411 2380 2522 2437 loci
2535 2380 2756 2454 jugiter
2779 2379 3110 2436 haberetur.

2873 2497 2901 2565 θ
2940 2493 3141 2552 xvm.

2240 2603 2358 2658 Hac
2380 2602 2690 2659 donatione
2719 2605 2954 2673 peracta
2981 2599 3155 2672 erepit
3201 2599 3384 2657 abbas
3423 2596 3823 2656 Theodoricus

2169 2692 2441 2749 eumdem
2471 2691 2666 2748 locum
2696 2690 2968 2758 incolere,
3027 2693 3086 2746 et
3141 2687 3327 2745 multo
3381 2687 3580 2746 labore
3637 2692 3816 2759 atque

2170 2785 2408 2853 sumptu
2443 2778 2763 2836 oratorium
2792 2778 2874 2833 ibi
2901 2781 2959 2834 et
2985 2777 3308 2834 claustrum
3360 2794 3426 2833 ex
3483 2775 3692 2850 ligneis
3722 2780 3818 2838 ta-

2168 2869 2386 2926 bulatis
2417 2869 2759 2935 construxit,
2795 2867 2950 2939 quod
2982 2866 3042 2922 in
3073 2867 3357 2923 honorem
3385 2866 3446 2922 S.
3468 2864 3624 2923 Petri
3639 2881 3820 2938 apos-

2169 2958 2272 3014 toli
2295 2957 2551 3014 dedicari
2579 2957 2730 3025 fecit,
2755 2961 2830 3024 et,
2864 2955 3160 3028 deputatis
3189 2954 3330 3010 illuc
3381 2955 3607 3011 idoneis
3629 2953 3818 3010 fratri-

2171 3048 2303 3116 bus,
2335 3046 2703 3104 Meinradum
2742 3045 2915 3118 (879),
2946 3045 3017 3100 de
3045 3060 3162 3116 quo
3191 3044 3370 3101 etiam
3423 3042 3694 3115 superius
3722 3057 3814 3119 re.-

2171 3136 2438 3203 tulimus,
2463 3135 2547 3191 eis
2577 3133 2851 3207 prafecit.
2898 3133 3163 3205 Cumque
3201 3131 3542 3205 aliquandiu
3571 3130 3692 3188 illic
3718 3131 3814 3190 de.-

2174 3228 2568 3291 morarentur,
2597 3227 2654 3279 et
2684 3239 2966 3279 numerus
2997 3221 3241 3278 fratrum
3272 3221 3470 3295 augeri
3517 3220 3816 3298 erupisset,

2172 3318 2229 3370 et
2255 3316 2491 3385 propter
2538 3310 2967 3384 longitudinem
3022 3313 3082 3366 et
3132 3309 3539 3368 difﬁcultatem
3588 3306 3818 3367 itineris

2164 3401 2442 3458 victualia
2468 3404 2527 3456 et
2554 3415 2800 3473 quaeque
2831 3397 3162 3457 necessaria
3183 3397 3302 3456 illic
3322 3398 3546 3456 deferre
3574 3397 3817 3458 minime
3865 3412 3890 3432 κ

2164 3491 2516 3562 potuissent,
2548 3505 2614 3545 eo
2645 3489 2802 3561 quod
2832 3487 2987 3544 idem
3018 3485 3184 3547 locus
3201 3485 3373 3560 longe
3393 3486 3452 3542 in
3483 3485 3639 3545 saltu
3662 3486 3820 3551 situs

2165 3583 2320 3634 esset
2373 3577 2629 3634 inierunt
2648 3575 2958 3633 consilium
3006 3579 3072 3632 ut
3101 3574 3307 3632 cellam
3343 3576 3412 3632 ad
3447 3575 3818 3652 Brigantiam

2163 3669 2628 3738 transponerent,
2663 3664 2783 3732 ubi
2813 3665 3020 3721 fratres
3076 3663 3306 3722 facilius
3336 3668 3396 3721 et
3422 3663 3820 3740 opportunius

2163 3755 2493 3811 necessaria
2520 3753 2735 3810 habere
2766 3753 3120 3826 potuissent.

2233 3977 2416 4050 Igitur
2443 3977 2623 4033 abbas
2652 3973 3048 4032 Theodoricus
3075 3973 3234 4031 venit
3262 3973 3334 4030 ad
3357 3971 3552 4030 locum
3584 3972 3688 4046 qui
3710 3972 3800 4034 di-

2159 4066 2312 4124 citur
2337 4065 2724 4139 Brigantiam,
2773 4067 2831 4120 et
2883 4079 3083 4121 secum
3129 4060 3812 4122 adduxit-Gebehardum

2157 4155 2520 4229 episcopum,
2542 4159 2600 4210 et
2629 4152 3011 4219 Meinradum,
3041 4155 3218 4224 atque
3237 4149 3817 4216 Uodalricnm-comi-

2157 4249 2278 4301 tam
2307 4259 2444 4302 cum
2475 4241 2605 4300 aliis
2635 4241 2774 4299 huic
2801 4241 3034 4314 negotio
3066 4239 3519 4308 necessariis,ut
3547 4239 3820 4300 viderent

2157 4333 2396 4390 ubinam
2418 4331 2564 4388 cella
2594 4330 2866 4388 aediﬁcari
2897 4329 3219 4396 debuisset,
3254 4328 3536 4402 quoniam
3565 4327 3813 4402 quidem

2156 4437 2286 4479 eam
2317 4423 2389 4478 de
2413 4419 2568 4478 saltu
2590 4417 2911 4493 permutari
2940 4417 3279 4492 placuisset.
3312 4418 3422 4474 Diu
3453 4433 3590 4491 ergo
3618 4417 3696 4473 de
3714 4415 3816 4474 his

2155 4511 2356 4570 habita
2379 4509 2798 4566 deliberatione
2827 4507 3048 4580 placuit
3068 4506 3297 4576 illis,ut,
3311 4506 3484 4578 juxta
3500 4504 3812 4563 ecclesiam

2153 4704 2343 4746 sermo
2375 4686 2470 4758 sit,
2496 4685 2784 4758 nihilque
2803 4685 2875 4740 de
2904 4683 3190 4758 dignitate
3219 4685 3594 4758 memoratur,

2222 4760 2369 4833 (876)
2399 4752 2531 4813 Vid.
2564 4752 2743 4830 supra
2772 4754 2907 4833 l_._11.
2939 4752 3083 4833 §'20_,
3268 4754 3342 4833 de
3368 4752 3806 4833 _U_dalrico_ju:

2150 4823 2312 4888 niore
2342 4823 2532 4886 sermo
2563 4823 2671 4892 est,
2699 4826 2799 4900 qui
2830 4826 2888 4881 in
2921 4823 3132 4900 charta
3152 4823 3393 4900 Henrici
3429 4823 3500 4891 IV
3531 4841 3625 4880 an.
3661 4825 3686 4879 1

2149 4902 2453 4958 Odalricus
2503 4915 2698 4954 comes
2718 4895 2734 4900 ⁷
2756 4897 3208 4969 ἀθμΒιιαεαῐιίοᾳ
3236 4895 3596 4969 nominatur,
3624 4896 3805 4969 cuius

2148 4974 2461 5030 comitatus
2487 4971 2545 5025 in
2578 4966 2914 5025 Churwalia
2941 4966 3093 5025 situs
3127 4967 3255 5024 fuit.
3288 4968 3526 5040 Hergott
3549 4973 3594 5023 t.
3631 4966 3712 5023 Il.’
3736 4985 3800 5039 ρ.

2147 5045 2276 5101 430.
2317 5043 2448 5098 Vid.
2480 5040 2728 5112 disquis.
2754 5041 2785 5113 ἓ
2809 5041 2900 5096 24.

2218 5115 2365 5197 (877)
2393 5107 2641 5194 γὶᾱθιιῐιδ
2660 5107 2789 5168 esse
2812 5108 3218 5184 Andelspuech
3251 5108 3312 5166 in
3363 5107 3621 5182 capitulo
3661 5107 3799 5166 Lin-

2145 5187 2720 5328 ἀδέξέῗῖἒηωξοτιρ
2751 5251 2869 5328 δεξιᾷ
2899 5257 2990 5328 est
3031 5252 3218 5328 Allata
3265 5249 3527 5328 ιιθρονίβν
3571 5250 3646 5306 αθ
3673 5259 3797 5328 sua

2143 5321 2324 5455 inissa
2405 5327 2442 5381 5
2471 5323 3018 5449 hodiefirlnpliciter
3047 5321 3260 5378 dicitur
3303 5327 3448 5378 Auw
3476 5321 3538 5378 in
3585 5321 3793 5381 eodem

2189 5417 2243 5454 in
2291 5413 2506 5453 avuenSI
2538 5410 2665 5455 capi
2699 5412 2733 5449 u
2761 5411 2814 5450 o.

2189 5411 2506 5454 IndaVlenSl
2538 5411 2814 5454 capitulo.

2214 5470 2364 5542 (879)
2397 5469 2452 5523 le
2481 5461 2972 5542 estlti-‘eginradus
3000 5468 3187 5542 antea;
3220 5463 3402 5542 abbas
3431 5461 3793 5542 Petershusii

387 5527 648 5610 tuendus
668 5529 892 5610 videtur
917 5527 1263 5610 gebhardus
1292 5536 1590 5610 Constant,
1601 5539 1875 5610 ,Amaxime
1897 5557 2032 5597 cum

2168 5527 2271 5596 lid.
2305 5527 2484 5610 supra
2504 5539 2540 5610 ᾗ
2571 5538 2656 5592 14.
2687 5527 2791 5592 Hic
2814 5536 2886 5592 ad
2917 5553 3014 5591 an.
3051 5535 3188 5610 1087
3210 5534 3438 5610 primus
3459 5535 3654 5610 Augifr
3683 5535 3790 5610 .4}-

387 5597 886 5683 tempgquI-bani
917 5603 962 5657 ΙΙ
991 5603 1187 5660 nullus
1217 5597 1582 5683 Quarneriusi
1602 5597 1775 5683 fuerit
1802 5613 2031 5683 episco-

386 5669 960 5748 pus’Narbonensis:
1022 5676 1290 5750 quamvis
1347 5676 1428 5733 ibi
1483 5677 1555 5735 de
1605 5678 1770 5750 jactu
1819 5669 2030 5758 lapidis

2143 5614 2229 5670 bw
2259 5599 2608 5681 Brigantibus
2631 5614 2762 5681 post
2781 5599 3266 5681 restaurationem
3295 5606 3477 5665 abbas
3498 5599 3714 5664 dicitur
3728 5606 3788 5663 in

2144 5683 2330 5745 Gallia
2359 5678 2690 5742 Christiana
2717 5684 2761 5737 t.
2802 5678 2872 5750 V,
2902 5695 2961 5753 p.
2985 5678 3111 5736 972.
