4152 6186
283 387 396 467 ιιι

1134 388 2350 467 CHRONICON’PETERSHUSANUM.
2383 422 2461 437 -ι
2488 389 2638 453 LIB.
2683 388 2794 454 ΞΗ.

280 526 539 601 ejusdem
561 525 711 591 εει
746 525 860 586 Ieci
892 528 1080 597 ﬂeret,
1119 530 1168 586 si
1193 530 1521 588 Ludovicus
1549 530 1698 603 (880)
1727 546 1925 587 comes
1952 528 2007 597 Α
2038 539 2169 581 rum
2191 524 2321 595 eius
2341 524 2601 595 potentia
2621 523 2811 597 ipsam
2851 521 2912 581 in
2953 520 3399 583 matrimonium
3429 526 3689 601 accipere

279 632 447 674 suam
464 622 690 690 partem
703 618 970 691 ejusdem
988 618 1246 678 ecclesias
1261 620 1334 676 ad
1355 619 1463 676 hoc
1485 619 1819 692 permittere
1833 635 1935 676 vo—

276 704 602 771 luisset;est
611 706 768 764 enim
782 707 864 764 ibi
877 708 1123 765 ecclesia
1134 708 1526 781 baptismalis,
1542 710 1710 781 cujus
1722 708 1938 765 med-ie-

268 799 363 852 tas
404 796 560 853 sicut
578 800 632 851 et
651 795 808 853 silva
829 792 888 854 et
903 797 1169 855 omnium
1192 798 1532 854 reddituum
1584 797 1932 859 earumdem

277 884 537 957 partium
556 886 811 958 pertinet
827 886 899 941 ad
916 885 1429 944 Pfulcndorfenses
1449 902 1738 959 proceres,
1761 887 1935 945 sicuti

276 977 335 1031 et
351 972 538 1030 altera
556 974 844 1031 medietas
862 975 935 1031 ad
956 975 1411 1048 Brigantienses.
1436 977 1638 1048 Itaque
1664 974 1937 1033 Ludewi-

276 1079 389 1120 cus
413 1078 614 1121 comes
643 1079 1017 1136 nequaquam
1050 1064 1349 1136 acquievit
1389 1069 1455 1120 ut
1502 1070 1726 1138 partem
1766 1082 1936 1122 suam

277 1152 561 1217 traderet.
584 1151 710 1218 Qua
725 1153 799 1209 de
818 1169 879 1209 re
902 1157 1131 1209 cassato
1155 1152 1334 1226 priori
1366 1153 1609 1210 consilio
1636 1158 1939 1211 verterunt

276 1257 343 1299 se
374 1239 513 1301 alio.
541 1244 614 1298 Et
642 1242 923 1312 quoniam
954 1243 1115 1313 prior
1144 1241 1291 1299 cella
1313 1244 1632 1314 quamdam
1663 1242 1936 1300 casellam

268 1330 444 1402 juxta
473 1331 839 1402 possederat,
870 1331 1023 1388 hanc
1063 1332 1334 1389 adierunt
1378 1336 1436 1389 et
1480 1334 1939 1407 circumquaque

275 1417 672 1479 interfruteta
693 1418 888 1479 locum
906 1425 1304 1493 opportunum
1328 1422 1712 1494 quaesierunt,
1737 1439 1804 1479 ac
1824 1423 1936 1479 Do-

277 1506 444 1572 mino
469 1513 966 1581 praemonstrante
995 1513 1362 1566 invenerunt.
1396 1511 1543 1568 Nam
1590 1527 1720 1569 ven.
1755 1511 1937 1568 Gebe-

275 1595 513 1661 hardus
541 1597 685 1655 dum
716 1598 937 1655 orando
967 1597 1321 1667 circumiret,
1369 1603 1428 1656 et
1456 1598 1583 1657 loca
1601 1599 1939 1671 circumspio

275 1690 436 1745 ceret
463 1688 529 1747 et
548 1685 895 1759 exploraret,
942 1704 1060 1745 uno
1104 1687 1166 1743 in
1220 1686 1345 1745 loco
1392 1693 1628 1762 repente
1677 1688 1940 1747 substitit

278 1778 343 1833 et
372 1774 457 1839 ibi
484 1774 700 1839 celtam
732 1775 857 1832 ﬂeri
880 1776 1188 1847 judicavit.

346 1952 639 2019 Granium
669 1969 806 2025 ergo
832 1952 980 2012 votis
1010 1953 1068 2011 in
1118 1953 1378 2026 ldipsum
1419 1955 1937 2023 concordantibus,

274 2041 457 2114 “epit
477 2041 883 2097 Theodericus
904 2041 985 2097 ibi
1006 2040 1212 2100 cellam
1239 2048 1599 2113 construere,
1624 2050 1682 2101 et
1697 2049 1939 2117 sumptu

274 2136 460 2203 atque
476 2130 779 2202 stipendio
800 2130 894 2187 sui
912 2132 1275 2204 monasterii,
1297 2132 1388 2188 cui
1405 2133 1561 2189 idem
1582 2132 1768 2200 locus,
1788 2134 1944 2191 sicut

274 2223 331 2278 et
360 2218 550 2290 prior,
582 2218 644 2273 in
698 2220 1119 2292 proprietatem
1181 2221 1435 2277 traditus
1491 2222 1700 2290 fuerat,
1752 2222 1943 2294 primo

275 2308 524 2382 quidem
556 2307 900 2379 oratorium,
932 2308 1146 2366 deinde
1185 2308 1512 2367 claustrum
1543 2311 1715 2383 (881),
1747 2313 1946 2368 omnia

275 2397 648 2461 cxtebuIatn
680 2397 873 2470 ligneo
912 2398 1217 2457 aediﬁcavit
1253 2404 1310 2456 et
1356 2399 1417 2455 in
1448 2400 1669 2456 honore
1699 2401 1759 2456 S.
1791 2401 1944 2457 Petri

276 2486 545 2545 dedicari
566 2484 706 2542 fecit
733 2504 748 2553 ;
774 2486 1142 2545 Meinradum
1174 2492 1372 2545 autem
1412 2488 1632 2545 ibidem
1674 2489 1944 2547 abbatem

279 2574 617 2641 constituit,
649 2574 806 2632 sicut
842 2576 893 2632 ei
946 2575 1086 2631 olim
1137 2577 1292 2648 apud
1344 2578 1596 2634 Domum
1628 2579 1783 2635 Petri
1814 2579 1942 2635 fuit.

281 2666 417 2739 Ipse
446 2670 651 2721 tamen
681 2665 1014 2736 frequenter
1032 2682 1167 2722 eum
1206 2664 1400 2722 locum
1438 2666 1710 2723 visitabat
1743 2672 1799 2723 et
1818 2669 1945 2740 ejus

279 2753 652 2811 utilitatibus
706 2754 1121 2826 prospiciebat.
1172 2754 1321 2811 Nam
1370 2756 1488 2812 fere
1532 2771 1640 2828 per
1685 2756 1948 2829 quinque

283 2859 499 2911 annos,
523 2841 817 2915 quidquid
842 2844 911 2900 de
932 2843 1281 2901 Eiohstettin
1316 2845 1390 2901 ad
1426 2844 1729 2902 Petrishus
1752 2847 1948 2901 venire

286 2933 597 3000 debuerat,
621 2933 695 2990 ad
719 2931 1165 2991 aedificationem
1177 2932 1389 2990 harum
1406 2934 1657 2990 duarum
1670 2934 1948 2991 cellarum

288 3020 686 3093 «pendebat.
730 3021 819 3079 Ad
881 3020 1000 3078 haec
1057 3037 1255 3079 sacras
1308 3026 1498 3078 vestes
1554 3026 1613 3079 et
1662 3022 1845 3079 libros
1884 3039 1951 3079 ac

290 3113 649 3171 “notorum
666 3108 970 3183 reliquias,
1000 3115 1122 3168 tam
1152 3127 1251 3168 eas
1274 3128 1400 3183 qua
1425 3111 1698 3183 primitus
1720 3111 1949 3167 directa

296 3197 535 3261 inerant
572 3198 645 3255 de
691 3197 1176 3268 Andoltlsbuoch,
1229 3216 1407 3272 quam
1452 3198 1597 3257 alias
1645 3200 1863 3257 multas
1894 3205 1951 3257 et

307 3286 657 3360 magniﬁcas
683 3286 998 3359 (contulit).

380 3460 597 3519 Deinde
639 3478 776 3518 cum
824 3461 981 3518 idem
1036 3462 1200 3521 locus
1249 3463 1532 3535 proﬁcere
1585 3464 1853 3537 cepisset
1898 3466 1956 3521 et

306 3548 601 3617 ditescere,
623 3555 925 3623 cceperunt
946 3554 1196 3609 tractare
1217 3569 1334 3624 qua
1362 3552 1589 3610 ratione
1609 3553 1763 3609 idem
1793 3552 1956 3611 locus

295 3638 569 3701 libertate
594 3640 784 3712 possit
811 3640 1037 3697 donari.
1076 3641 1157 3698 De
1205 3641 1314 3699 hoc
1361 3641 1543 3714 igitur
1599 3641 1698 3698 diu
1754 3642 1953 3699 habito

293 3726 540 3789 consilio
571 3728 945 3796 invenerunt,
988 3730 1326 3788 nullatenus
1375 3731 1486 3788 hoc
1534 3730 1745 3788 melius
1782 3747 1955 3803 posse

293 3816 447 3883 ﬁeri,
465 3816 589 3873 nisi
602 3821 875 3875 utcomes
892 3818 1199 3877 Udalricus
1218 3819 1651 3877 Petrishusensi
1669 3824 1957 3877 monaste-

294 3904 383 3961 rio
413 3905 734 3978 praedium,
764 3907 920 3978 quod
951 3907 1167 3965 dicitur
1204 3907 1553 3981 Biginhusin
1593 3908 1764 3981 (882),
1796 3910 1951 3981 quod

293 4000 468 4068 pater
496 4011 647 4051 suus
677 3994 820 4052 olim
850 3997 1183 4065 donaverat,
1210 3998 1504 4066 redderet,
1536 4002 1594 4053 et
1636 3998 1761 4070 ipse
1790 4015 1957 4055 versa

446 4082 825 4155 Brigantiam
845 4085 1249 4145 emonasterlo
1319 4087 1617 4159 reciperet.
1648 4086 1953 4158 Siquidem

287 4171 453 4237 idem
472 4187 679 4234 comes
690 4172 888 4231 adhuc
907 4173 1249 4231 adolescens
1273 4174 1426 4232 852
1447 4174 1631 4232 ﬁliam
1652 4174 1955 4232 Wernheri

284 4260 532 4319 comitis
565 4261 637 4318 de
666 4261 1092 4321 Habichisburc
1130 4262 1280 4335 (883)
1315 4263 1430 4319 sibi
1475 4264 1952 4337 desponsaverat,

282 4349 414 4415 etei
437 4348 785 4423 sponsaliaj
795 4354 1099 4411 uramento
1110 4349 1443 4429 ﬁrmaverat
1461 4368 1472 4406 :
1494 4352 1593 4408 sed
1608 4351 1954 4425 priusquam

279 4455 413 4505 eam
434 4439 754 4510 acciperet,
776 4439 1010 4499 devenit
1029 4456 1166 4497 cum
1204 4439 1473 4497 Welfone
1524 4441 1672 4496 duce
1717 4441 1792 4497 ad
1813 4440 1956 4497 Cha-

280 4526 614 4585 laminzam
640 4527 824 4599 ($4),
868 4532 927 4583 et
967 4527 1244 4584 concubit
1294 4527 1543 4583 latenter
1573 4545 1709 4585 cum
1741 4529 1954 4585 Bertha

282 4614 676 4707 ﬁliaﬁudolﬁ
707 4615 870 4707 (885)
890 4616 1067 4707 regis,
1102 4631 1347 4707 remque
1375 4615 1559 4672 voluit
1596 4616 1813 4707 latere:
1849 4618 1950 4674 sed
1985 4641 2032 4707 Ι)

282 4702 490 4776 puella
506 4702 922 4777 promulgavit,
947 4705 1150 4779 sicque
1172 4706 1394 4762 factum
1406 4710 1499 4765 est
1511 4708 1577 4761 ut
1592 4705 1952 4780 propinquo-

358 4862 518 4933 (880)
548 4861 632 4919 Ex
660 4865 931 4919 contextu
972 4863 1298 4921 Ludovicus
1326 4863 1423 4921 hic
1481 4880 1678 4922 comes
1725 4863 1955 4921 Pfulen-

284 4932 601 5007 dorfensis
652 4933 836 5007 {uisse
876 4934 1182 5002 evincitur,
1208 4936 1308 5007 qui
1338 4936 1485 5007 forte
1513 4937 1691 4993 etiam
1724 4935 1953 4992 Helfen-

282 5006 616 5065 “emensis
647 5004 988 5090 {uitantque
1044 5008 1095 5063 is
1149 5004 1273 5090 ipse
1329 5006 1496 5090 facile
1554 5008 1952 5090 fuerit,_cujus

285 5092 540 5148 ωηιξη
561 5077 764 5148 rapuit
790 5076 921 5133 Otto
952 5076 1267 5146 comesfut
1294 5078 1542 5144 videtur,
1574 5076 1952 5135 Montfcrtius

277 5147 458 5219 juxta
476 5145 726 5219 Larium
746 5165 803 5219 p.
828 5148 1098 5207 553.Vid.
1120 5149 1415 5213 Bertholdi
1438 5150 1650 5208 Chron.
1670 5168 1765 5207 an.
1788 5153 1946 5208 1089.

362 5217 517 5293 (881)
539 5217 764 5274 Exinde
786 5219 1094 5293 discimus,
1122 5220 1542 5293 monasterium
1565 5222 1665 5277 diu
1673 5223 1803 5293 jam
1816 5226 1950 5278 ante

285 5287 515 5363 ibidem
535 5293 873 5363 entructum
886 5306 1046 5363 pene
1068 5287 1335 5349 funditus
1358 5292 1538 5348 fuisse
1556 5287 1947 5349 destructum.

283 5352 919 5444 Vidi‘gval'l‘ia'ghrist.’
943 5362 983 5418 l.
1033 5379 1086 5444 _c.
1120 5363 1440 5444 Brusqhius
1462 5364 1532 5444 in
1561 5364 1945 5444 Albn_._kugia.

380 5432 519 5509 ξᾷὲ)
552 5432 977 5509 ἓξαὲξὶεὴαιιβθη
1028 5434 1116 5509 iu_
1152 5435 1415 5509 capitulo,
1461 5432 1945 5509 Miunderking'en.

386 5502 519 5580 88,3)
550 5502 659 5558 Hic
678 5503 1044 5580 )Yernherus
1069 5502 1363 5580 Ilicoines
1386 5507 1455 5563 de
1489 5507 1798 5580 Habeburg
1814 5502 1947 5565 Esse

286 5572 522 5641 debuit,
553 5590 609 5630 a.
643 5575 776 5631 1096
795 5577 1126 5644 defunctus,
1150 5580 1241 5634 cui
1268 5579 1505 5634 unicam
1542 5579 1720 5636 filiam
1745 5572 1950 5636 tribuit

286 5646 633 5723 Εἰσί-8011115,
667 5650 709 5723 t.
742 5645 785 5723 l,
819 5664 876 5720 p.
910 5649 1015 5705 142
1045 5649 1191 5711 Item
1224 5650 1532 5723 Rudolpho
1561 5651 1635 5708 de
1663 5651 1946 5709 Tierstein

290 5716 502 5788 postea
520 5716 876 5791 copulatam.

2043 618 2363 686 cogeretur,
2392 618 2449 669 et
2471 614 2874 684 juramentum
2911 614 3067 686 quod
3098 613 3230 677 ﬁlia
3274 616 3579 675 Wsrnheri
3599 619 3695 691 ju-

2045 707 2272 759 raverat
2300 702 2650 771 emendavit,
2686 707 2744 759 et
2771 704 2966 759 omnia
2994 720 3120 775 quas
3168 703 3251 759 illi
3301 707 3696 778 spoponderat

2044 791 2115 847 de
2146 792 2270 849 suis
2322 791 2573 864 propriis
2618 792 2893 848 reddidit.
2947 792 3112 849 Unde
3159 793 3380 851 factum
3424 799 3532 865 est,
3560 812 3694 855 cum

2045 880 2438 951 quorumdam
2471 897 2717 936 suorum
2742 880 3219 939 ministerialium
3242 884 3509 942 redditus
3532 888 3589 940 et
3604 886 3701 945 be-

2047 968 2253 1025 neﬁcia
2293 968 2431 1024 illuc
2462 969 2645 1035 daret,
2678 973 2735 1026 et
2765 985 2864 1026 eos
2903 969 3050 1025 alias
3102 975 3362 1042 poneret,
3415 976 3479 1028 ut
3523 973 3700 1031 etiam

2047 1058 2336 1129 quosdam
2359 1058 2428 1113 ad
2452 1057 2803 1130 Biginhusin
2826 1058 3192 1126 transferret,
3231 1076 3485 1132 quorum
3506 1065 3702 1133 poste-

2045 1146 2188 1205 ritas
2218 1146 2410 1202 adhuc
2473 1146 2553 1202 ibi
2610 1148 2786 1219 viget.
2855 1149 3002 1220 Ergo
3057 1165 3127 1204 ex
3172 1148 3301 1215 hac,
3359 1152 3426 1205 ut
3476 1150 3702 1221 opinor,

2050 1236 2355 1291 occasione
2399 1236 2554 1291 idem
2605 1237 2888 1306 praedium
2938 1238 3294 1295 monasterio
3334 1238 3703 1299 subtractum

2050 1324 2263 1379 fuerat.

2765 1432 2795 1505 §
2824 1431 2991 1487 XXII.

2125 1545 2327 1619 Igitur,
2362 1552 2428 1602 ut
2469 1546 2742 1619 superius
2791 1548 3017 1604 dictum
3066 1551 3175 1614 est,
3226 1552 3292 1603 ut
3338 1547 3704 1620 Brigantium

2044 1634 2325 1707 reciperet
2376 1635 2693 1692 Udalricus
2772 1652 2988 1704 comes,
3045 1635 3402 1693 monasterio
3464 1637 3705 1711 quidem

2043 1724 2344 1783 Petrishus
2375 1724 2724 1796 Biginhusin
2767 1726 3047 1790 restituit,
3094 1730 3151 1781 et
3190 1726 3262 1781 de
3290 1725 3711 1784 Andoltisbuoc

2053 1817 2111 1871 et
2131 1816 2557 1871 Hasuunouwa
2575 1812 2721 1868 nihil
2743 1818 2835 1869 est
2849 1818 3103 1886 gestum.
3126 1814 3236 1870 Sed
3259 1815 3412 1884 quod
3431 1815 3709 1887 primitus

1968 1902 2016 1968 B
2049 1906 2242 1964 fuerat
2285 1909 2479 1958 actum
2530 1901 2815 1959 remansit
2863 1904 3189 1970 intactum;
3234 1919 3303 1959 ex
3349 1902 3710 1975 negligentia

2054 1996 2254 2047 autem
2291 1995 2630 2047 nostrorum
2680 1991 2859 2048 cessit
2902 1991 2962 2046 in
2994 2006 3169 2048 usum
3199 1990 3706 2062 Brigantinmum,

2053 2080 2324 2151 quamvis
2346 2079 2521 2137 etiam
2543 2079 2952 2136 concambium
2973 2079 3381 2152 Brigantinum
3400 2096 3518 2136 non
3534 2080 3711 2143 fuerit

2054 2166 2386 2240 legitimum
2405 2168 2782 2240 ;quoniamet
2807 2167 3155 2240 Biginhusin
3178 2167 3342 2240 prius
3367 2167 3706 2225 monasterii

2055 2259 2268 2325 fuerat,
2302 2256 2499 2312 ethoc
2559 2262 2701 2313 tunc
2751 2258 2889 2328 jure
2940 2256 3116 2313 etiam
3164 2255 3291 2311 sine
3339 2256 3710 2328 coemptione

2056 2349 2393 2402 restitutum
2418 2346 2575 2417 quod
2614 2345 2803 2401 fuerat
2852 2345 3053 2401 fraude
3078 2343 3360 2401 ablatum.
3395 2344 3499 2401 Pro
3530 2360 3705 2407 orna-

2054 2434 2269 2491 mentis
2299 2439 2495 2492 autem
2527 2442 2581 2491 et
2613 2434 2966 2492 utensilibus
2996 2432 3252 2489 ecclesiae
3283 2436 3407 2490 tam
3438 2432 3501 2491 in
3528 2432 3713 2491 sacris

2055 2524 2318 2581 vestibus
2346 2527 2404 2581 et
2434 2522 2685 2581 metallis
2714 2528 2772 2579 et
2822 2522 2989 2581 libris
3037 2538 3214 2594 quam
3258 2520 3319 2579 in
3370 2526 3710 2579 sanctorum

2056 2612 2325 2685 reliquis,
2359 2628 2486 2684 quae
2514 2628 2549 2668 a
2587 2612 2945 2671 monasterio
2993 2610 3133 2668 illuc
3188 2610 3422 2667 fuerant
3468 2611 3709 2678 directa,

2054 2705 2121 2757 ut
2147 2700 2267 2757 illic
2298 2706 2727 2773 permanerent,
2760 2702 2897 2759 data
2924 2703 3066 2757 sunt
3092 2716 3203 2757 xxx
3232 2697 3474 2756 talenta.
3499 2700 3604 2757 His
3625 2698 3709 2761 ita

2055 2790 2235 2863 gestis
2266 2793 2567 2861 coeperunt
2597 2789 2905 2847 ecclesiam
2933 2805 3001 2845 ex
3050 2786 3350 2859 lapidibus
3394 2786 3701 2849 ludificare.

2758 2909 2784 2971 §
2812 2904 3005 2960 XXIII.

2129 3011 2236 3067 Per
2265 3012 2421 3067 idem
2470 3016 2700 3083 tempus
2750 3010 3060 3068 Udalricus
3106 3026 3302 3067 comes
3350 3010 3602 3084 perrexit
3637 3011 3709 3067 ad

2059 3100 2391 3174 Bretingen,
2426 3105 2482 3157 et
2510 3100 2590 3156 ibi
2621 3117 2724 3173 per
2761 3100 2985 3173 aliquot
3033 3100 3158 3156 dies
3203 3100 3545 3156 morabatur
3572 3115 3709 3156 cum

2061 3189 2440 3245 multitudine
2471 3205 2746 3258 suorum;
2783 3194 2839 3244 et
2871 3189 3125 3261 quadam
3152 3188 3243 3244 die
3265 3187 3562 3258 juvenculi
3581 3193 3714 3260 post

1980 3272 2025 3339 C
2063 3278 2378 3351 prandium
2401 3278 2789 3333 ascenderunt
2804 3278 2973 3349 juxta
2994 3275 3052 3331 in
3086 3276 3467 3349 supercilium
3493 3276 3710 3334 montis

2062 3365 2295 3436 excelsi,
2344 3369 2402 3422 et
2440 3368 2741 3438 cmperunt
2787 3382 2927 3421 saxa
2968 3363 3227 3421 evolvere
3276 3364 3337 3420 in
3383 3363 3589 3420 vallem
3615 3366 3709 3437 jo-

2064 3455 2236 3510 candi
2268 3456 2475 3527 gratia.
2505 3456 2575 3510 Et
2604 3469 2736 3509 ecce
2757 3470 2913 3509 unus
2956 3453 3193 3509 nomine
3224 3453 3470 3525 Opertus
3500 3470 3709 3510 saxum

2062 3543 2291 3611 evolvit,
2323 3547 2380 3599 et
2410 3547 2476 3599 ut
2503 3558 2565 3599 se
2613 3542 3009 3609 observarent,
3062 3541 3164 3613 qui
3212 3541 3426 3601 subtus
3475 3541 3534 3597 in
3565 3541 3713 3601 valle

2062 3636 2250 3703 erant,
2293 3631 2695 3705 proclamavit.
2730 3631 2956 3689 Accidit
2995 3634 3193 3687 autem
3222 3634 3288 3687 ut
3310 3646 3507 3687 comes
3537 3630 3712 3687 Udal-

2062 3721 2218 3778 ricus
2255 3725 2491 3778 econtra
2526 3719 2949 3788 deambularet,
2990 3722 3047 3776 et
3077 3718 3228 3777 8.58
3270 3718 3452 3775 ictum
3500 3718 3712 3790 lapidis

2063 3810 2352 3867 declinare
2395 3810 2605 3878 noluit,
2654 3810 2753 3867 sed
2806 3809 2957 3865 saltu
3008 3806 3306 3865 transilire
3369 3806 3572 3874 voluit,
3604 3808 3709 3864 sed

2062 3897 2212 3971 lapis
2240 3915 2375 3955 eum
2424 3898 2483 3954 in
2534 3898 2678 3956 tibia
2725 3896 3015 3969 percussit
3059 3899 3117 3952 et
3161 3895 3467 3969 confregit,
3502 3898 3561 3954 et
3590 3911 3712 3953 non

2063 3986 2249 4045 multo
2283 3992 2413 4059 post
2455 3987 2610 4045 mala
2655 3986 2847 4043 vesica
2876 3986 3145 4053 accrevit,
3176 3999 3430 4057 eumque
3458 3983 3522 4042 in
3550 3984 3711 4041 brevi

2062 4074 2337 4135 exstinxit
2384 4076 2551 4147 (886).
2603 4077 2805 4147 Itaque
2851 4072 3218 4147 Brigantium
3273 4072 3528 4143 delatus,
3577 4090 3711 4131 cum

2062 4163 2307 4221 ecclesia
2332 4165 2582 4223 necdum
2622 4168 2779 4221 esset
2829 4163 3070 4231 deicata,
3094 4161 3424 4233 insepule
3444 4163 3714 4220 servaba-

2060 4258 2178 4320 tur,
2209 4270 2514 4326 quousque
2543 4255 2853 4326 episcopus
2873 4252 2945 4308 ad
2975 4251 3365 4309 dedicandum
3387 4251 3709 4308 oratorium

2061 4347 2494 4399 convocaretur.
2508 4343 2704 4401 Abbas
2717 4346 2912 4398 autem
2929 4339 3328 4396 Theodericus
3348 4339 3596 4397 audiens
3614 4356 3712 4396 eos

2065 4447 2455 4501 murmurare,
2486 4433 2639 4504 quod
2675 4429 3021 4504 Biginhusin
3060 4430 3121 4485 in
3167 4444 3344 4485 suum
3366 4429 3469 4499 jus
3500 4428 3711 4485 iterum

2062 4518 2276 4575 vellent
2302 4520 2617 4588 retrahere,
2669 4518 3009 4576 nullatenus
3053 4517 3391 4589 episcopum
3442 4515 3713 4586 permisit

2063 4612 2129 4665 ut
2158 4608 2461 4666 ecclesiam
2510 4609 2826 4678 dedicaret,
2880 4610 3197 4677 antequam
3250 4603 3465 4659 Bertha
3513 4602 3714 4660 relicta

2064 4698 2321 4755 Udalrici
2351 4716 2484 4757 cum
2519 4716 2700 4755 manu
2743 4696 2998 4753 filiorum
3050 4710 3295 4751 suorum
3344 4691 3635 4765 Rudolphi
3660 4696 3717 4750 et

2135 4858 2279 4931 (884)
2311 4857 2747 4938 I_n_l’_alatinatu_
2764 4854 3065 4938 superiore
3090 4855 3433 4938 seuidueatu
3455 4853 3714 4911 Neobur-

2062 4927 2209 5003 gico,
2242 4927 2345 5003 qui
2374 4929 2685 5003 Welphoni
2716 4927 2855 5003 duci
2882 4932 3022 5003 tunc
3054 4927 3320 5003 parebat.

2133 4996 2277 5073 (885)
2310 4996 2585 5057 Bertham
2608 5000 2761 5056 hanc
2780 4998 3042 5073 plerique
3055 4996 3361 5073 Rudolphi
3393 4996 3624 5055 comitis
3644 4999 3716 5053 de

2062 5070 2430 5139 Rhinfelden,
2464 5076 2668 5144 postea
2696 5070 3056 5128 anticmsaris
3086 5070 3270 5144 filiam
3319 5073 3716 5144 s_t_atuu1_1t,_ex

2060 5143 2379 5219 adelhaide
2410 5138 2669 5219 secunda
2702 5146 2831 5215 ejus
2879 5159 3076 5219 uigore.
3129 5142 3212 5219 _De
3253 5141 3477 5219 quibus
3524 5138 3713 5193 fusius

2061 5215 2207 5271 Cels.
2232 5217 2548 5272 Gerberlus
2569 5215 2629 5269 in
2652 5212 2906 5271 tractatu
2927 5215 2999 5270 de
3019 5212 3329 5282 Rudolpho
3346 5212 3710 5265 anticessare.

2061 5301 2118 5342 ι).
2153 5290 2275 5342 118.
2311 5287 2413 5342 143
2435 5304 2599 5342 seua.

2105 5325 2118 5339 .
2153 5290 2275 5355 118,
2311 5289 2413 5342 143
2435 5304 2599 5355 seqq.

2059 5301 2118 5357 p.
2153 5301 2275 5355 118,
2311 5301 2413 5342 145
2435 5304 2599 5359 seqq.
3420 5347 3430 5358 .
3665 5348 3677 5359 .

2140 5361 2288 5431 (886)
2312 5359 2581 5432 Mortem
2594 5359 2722 5429 ejus
2751 5356 2822 5412 ad
2846 5371 3065 5432 annum
3090 5353 3227 5432 1097
3264 5364 3467 5421 paucis
3490 5347 3707 5432 deseri:

2056 5423 2523 5491 bit'Bertboldus
2555 5423 2858 5485 Constant.
2896 5428 2954 5481 in
3003 5423 3314 5492 Chronico,
3358 5435 3613 5492 eumque
3642 5423 3713 5476 27

2060 5490 2184 5563 Oct.
2218 5503 2275 5558 in
2314 5502 2547 5557 condito
2577 5518 2610 5555 a
2646 5517 2707 5555 se
2739 5495 3091 5553 monasterio
3142 5490 3442 5563 sepultum
3494 5490 3709 5561 narrat,

2058 5579 2130 5635 ad
2157 5591 2330 5648 quem
2346 5574 2499 5648 diem
2521 5567 3048 5648 etiamnotaturjn
3081 5563 3344 5647 antiquoi
3372 5565 3713 5648 monasterii

2057 5636 2219 5705 illius
2241 5644 2603 5707 Necrologio,
2632 5642 2723 5699 uti
2754 5646 2812 5697 et
2842 5637 3063 5694 Bertha)
3108 5636 3356 5707 conjuge
3403 5636 3475 5707 ad
3505 5636 3576 5690 20
3606 5636 3707 5692 Ja-

2057 5718 2250 5780 nuarii
2271 5717 2331 5775 in
2352 5706 2711 5774 Zwifaltensi
2736 5710 2949 5769 Bertha
2967 5706 3274 5769 comitisSa
3294 5706 3365 5767 de
3389 5706 3705 5781 Brigantia.
