4152 6186
421 397 540 468 δη

1122 388 1513 459 APPENDIX
1559 391 1664 454 AD
1707 385 2152 453 CHRONlCON
2197 388 2610 455 HERMANNI
2655 387 3121 454 GONTRAC'I‘I.

3696 373 3813 455 8&8

430 533 684 594 Udalrici
706 531 852 606 (887)
874 520 1244 604 Birginhusia
1265 543 1459 585 coram
1488 522 2064 598 plurimisetlibertis
2095 524 2151 590 Α
2179 523 2531 596 rosolymam
2580 525 2893 597 profectus,
2943 524 3003 579 in
3060 523 3185 597 ipso
3233 520 3440 580 itinere
3487 537 3522 580 a
3569 522 3817 596 paganis

327 648 332 656 ί
415 628 491 683 -et
508 623 818 683 servilibus
855 624 914 679 S.
948 620 1222 692 Gregorio
1252 621 1528 689 perpetuo
1564 614 1623 668 in
1657 612 2068 685 proprietatem

431 716 821 772 conﬁrmaret.
835 713 903 768 Et
915 711 998 767 sic
1010 706 1371 780 Brigantiam
1386 703 1718 760 inlibertate
1731 700 2040 756 dimissum
2052 743 2065 769 ,

430 821 500 862 ea
543 809 739 860 tamen
787 799 1137 867 conditione,
1200 801 1264 850 ut
1317 795 1394 849 ibi
1456 791 1785 848 habitantes
1839 806 2070 860 semper

429 902 755 966 respectum
782 890 853 945 ad
884 889 1131 944 Domum
1165 884 1314 939 Petri
1348 883 1644 946 haberent,
1678 878 1986 936 consilium
2011 882 2068 934 et

429 978 997 1050 auxilium,regimen
1011 978 1065 1030 et
1079 974 1342 1029 abbatem
1361 972 1492 1026 inde
1512 971 1874 1036 haberent,et
1888 983 2065 1023 unum

435 1075 610 1141 atque
658 1068 811 1122 idem
860 1067 1076 1120 essent.
1108 1064 1296 1134 Atque
1349 1061 1429 1116 ita
1471 1061 1710 1115 demum
1741 1057 2064 1114 oratorium

427 1163 517 1215 est
560 1156 976 1219 dedicatum,et
1024 1168 1236 1223 corpus
1276 1149 1528 1205 Udalrici
1564 1147 1705 1202 inibi
1739 1144 2061 1216 sepultum.

845 1261 894 1333 §.
930 1258 1122 1316 XXIV.
1157 1261 1230 1314 De
1267 1256 1641 1327 Waginhusin.

495 1384 559 1435 Et
589 1381 712 1435 erat
739 1376 827 1432 vir
854 1375 1089 1439 nobilis,
1124 1374 1216 1429 cui
1269 1389 1479 1429 nomen
1529 1373 1734 1436 Tuoto,
1785 1368 1882 1439 qui
1917 1384 2058 1438 prce-

420 1471 585 1526 dium
617 1483 791 1524 suum
819 1465 972 1537 apud
1009 1463 1395 1535 Waginhusin
1437 1461 1606 1531 (888),
1634 1463 1692 1515 et
1723 1457 1835 1513 alia
1867 1454 2064 1510 omnia

421 1575 549 1631 quae
580 1556 834 1611 habebat
854 1571 920 1609 ac
958 1553 1339 1624 semetipsum
1372 1551 1442 1606 ad
1485 1547 1797 1605 Scafhnsin
1831 1543 2058 1611 obtulit,

419 1651 478 1703 et
507 1644 804 1716 aliquanto
825 1647 1086 1714 tempore
1108 1641 1186 1695 ibi
1213 1641 1272 1694 in
1295 1644 1494 1694 sancto
1519 1636 1814 1710 proposito
1839 1633 2058 1705 deguit.

421 1735 627 1792 Postea
647 1750 709 1788 se
723 1731 1006 1796 etomnia,
1026 1746 1153 1801 quae
1174 1729 1314 1783 illuc
1333 1727 1671 1790 tradiderat,
1687 1722 2059 1787 subtrahens,

419 1822 601 1880 tantis
620 1819 1015 1877 eosmolestiis
1029 1816 1235 1872 afflixit
1265 1820 1329 1870 ut
1362 1814 1411 1870 ei
1444 1814 1674 1868 tandem
1717 1811 1830 1866 tria
1848 1809 2064 1882 praedia

421 1912 740 1974 traderent,
769 1912 826 1964 et
867 1923 928 1963 se
976 1905 1332 1968 abdicarent,
1383 1902 1604 1959 scilicet

410 2000 579 2056 854
609 1997 708 2053 ubi
733 1997 861 2068 jam
893 1993 1098 2050 cellam
1140 1993 1411 2048 fecerant.
1470 1989 1764 2062 Capellam
1816 1992 1872 2042 et
1901 1987 2058 2042 Hon-

422 2087 620 2153 stetin,
642 2090 708 2142 ut
727 2084 933 2141 saltem
957 2083 1066 2155 ipsi
1089 2086 1294 2138 caetera
1315 2080 1509 2152 quiete
1544 2077 1926 2150 possiderent.
1947 2076 2062 2130 Hoc

423 2179 648 2250 patrato
668 2174 824 2229 idem
845 2173 1028 2228 Tuoto
1045 2173 1170 2240 jam
1204 2169 1419 2224 dictam
1444 2165 1647 2222 cellam
1671 2164 2060 2237 Waginhusin

420 2280 554 2320 cum
567 2261 843 2319 omnibus
855 2258 1212 2331 appendiciis
1224 2257 1347 2312 suis
1360 2254 1789 2311 Constantiensi
1804 2253 2063 2309 ecclesiae

418 2351 682 2414 tradidit,
708 2353 936 2404 astante
970 2345 1348 2402 Scafhusensi
1401 2344 1608 2401 abbate
1655 2342 1972 2407 Adilberto,
2007 2347 2062 2396 et

421 2440 550 2510 ejus
571 2439 844 2493 advocato
867 2435 1158 2490 Adilberto
1180 2433 1389 2490 comite
1420 2434 1492 2490 de
1524 2432 1878 2487 Morisberch
1913 2431 2060 2501 (889)

419 2531 476 2583 et
490 2526 756 2599 pluribus
767 2541 836 2581 ex
850 2523 1147 2588 fratribus,
1163 2538 1267 2577 nec
1281 2521 1843 2586 contradicentibus;
1865 2524 2058 2574 actum

417 2615 477 2671 in
492 2613 727 2688 publica
737 2613 956 2686 synodo
970 2611 1319 2668 Constantia;
1338 2626 1531 2666 coram
1549 2609 1819 2681 plurimis
1835 2607 2061 2664 idoneis

415 2704 687 2761 testibus.
711 2701 1090 2759 Gebehardus
1113 2703 1305 2756 autem
1319 2697 1922 2771 episcopustraditum
1949 2697 2059 2752 sibi

416 2793 611 2851 locum
658 2790 1016 2848 Theoderico
1073 2788 1271 2845 abbati
1331 2787 1787 2852 commendavit,
1834 2790 1892 2842 et
1934 2785 2061 2858 ipse

418 2883 626 2939 fratres
657 2881 896 2936 idoneos
945 2878 1081 2934 illuc
1129 2877 1389 2943 adduxit,
1444 2893 1544 2948 per
1591 2892 1736 2948 quos
1785 2875 2058 2930 eumdem

416 2970 615 3027 locum
635 2968 838 3025 multis
857 2967 1024 3024 annis
1041 2965 1310 3022 excoluit.
1336 2965 1471 3020 Post
1500 2964 1618 3020 haec
1639 2961 2059 3018 Scafhusenses

421 3062 478 3116 et
498 3055 1048 3114 hearedesTuotonis
1070 3058 1362 3127 cmperunt
1380 3054 1573 3125 ipsum
1589 3051 1779 3107 locum
1795 3050 2062 3106 addicere

420 3151 767 3211 asserentes,
791 3161 922 3201 eum
942 3145 1011 3200 ad
1047 3159 1108 3199 se
1123 3144 1256 3215 jure
1278 3142 1508 3213 utrique
1540 3140 1844 3212 pertinere,
1872 3155 1936 3194 ac
1960 3156 2060 3210 per

416 3235 526 3294 hoc
556 3236 912 3291 incremento
941 3234 1070 3303 eius
1113 3248 1302 3303 usque
1336 3231 1395 3286 in
1445 3246 1701 3302 praesens
1734 3227 2051 3283 maximum
2087 3257 2129 3323 ρ

412 3325 900 3397 impedimentum
933 3322 1110 3376 fuere.

840 3438 868 3504 §
897 3435 1060 3489 XXV.
1093 3435 1166 3489 De
1205 3435 1455 3489 Heinrico
1485 3450 1626 3505 rege.

482 3543 590 3598 Per
610 3542 765 3597 idem
786 3545 1022 3612 tempus
1042 3540 1261 3611 grande
1283 3539 1542 3594 schisma
1562 3543 1686 3594 erat
1717 3539 1775 3594 in
1801 3538 2056 3594 Ecclesia

411 3633 648 3705 propter
675 3627 1339 3686 excommunicationem
1372 3627 1598 3683 Henrici
1623 3628 1796 3700 regis,
1837 3632 1892 3682 et
1926 3629 2054 3698 ejus

410 3719 622 3777 intrusi
651 3718 918 3792 Wiperti,
950 3716 1081 3774 aliis
1112 3717 1226 3784 bis,
1259 3721 1315 3772 et
1337 3715 1469 3772 aliis
1510 3715 1777 3771 Ecclesiae
1812 3716 2053 3772 faventi-

411 3810 560 3867 bus:
593 3825 660 3866 ac
689 3825 791 3882 per
818 3807 928 3864 hoc
963 3805 1147 3880 aliqui
1177 3805 1584 3878 episcoporum
1610 3805 1860 3877 prepriis
1883 3805 2054 3876 pelle-

409 3898 628 3955 bantur
651 3901 708 3954 et
731 3913 970 3970 peregre
999 3896 1376 3969 vagabantur.
1403 3894 1464 3950 In
1488 3895 1702 3966 quibus
1727 3894 1923 3950 Diemo
1953 3895 2054 3949 Ju-

410 3985 678 4043 vavensis
708 3986 855 4057 (890)
889 3985 1362 4057 archiepiscopus
1393 3982 1598 4040 multis
1632 3982 1838 4038 diebus
1868 3983 2052 4050 exsul,

411 4090 548 4130 cum
577 4073 918 4129 Gebehardo
948 4072 1375 4130 Constantiensi
1423 4072 1692 4144 episcopo
1743 4073 1898 4143 apud
1931 4089 2055 4126 mo-

413 4161 734 4218 nasterium
763 4161 982 4216 Domus
1010 4160 1160 4216 Petri
1191 4162 1554 4228 morabatur,
1600 4177 1668 4215 ac
1701 4167 1902 4232 postea
1925 4161 2057 4216 Hie-

482 4285 631 4356 (887)
679 4283 760 4340 De
816 4282 952 4356 filiis
1000 4283 1261 4356 Udalrici
1304 4283 1642 4356 ABrigantini
1697 4284 1928 4356 comitis
1989 4302 2057 4340 ex

413 4354 625 4428 Bertha
651 4371 832 4428 agens
855 4354 1090 4428 _Lazius_
1122 4373 1155 4411 a
1180 4371 1264 4428 se
1300 4354 1444 4424 ipso'
1478 4355 1770 4428 dissentit,
1823 4356 1962 4428 dum
1998 4357 2054 4409 in

412 4425 726 4498 comitibus
762 4425 1129 4498 _Brigantinis
1170 4426 1250 4498 (p.
1282 4427 1443 4498 7557)
1491 4425 1827 4481 Udalricum
1869 4427 2054 4482 ﬁlium

412 4497 683 4556 comitem
760 4496 1092 4569 Brigantiae,
1173 4496 1547 4569 Rudolphum
1618 4513 1750 4569 vero
1818 4499 2055 4554 fratrem

411 4569 687 4627 comitem
737 4569 807 4624 de
849 4568 1190 4625 Pfulendorf
1239 4568 1421 4623 fuisSe
1474 4568 1704 4633 asserit,
1755 4575 2055 4624 auctorem

410 4641 654 4712 cmnobii
688 4641 839 4695 Auw
874 4657 1054 4712 supra
1089 4641 1482 4712 Brigantiam;
1520 4644 1698 4712 antea
1727 4656 1859 4712 vero
1899 4657 1952 4711 p.
1985 4642 2050 4696 5t

411 4713 568 4768 hunc
597 4711 792 4782 ipsum
827 4709 1162 4783 Udalricum
1192 4709 1512 4766 comitibus
1552 4711 1622 4764 de
1665 4709 1914 4783 Sulgau,
1943 4713 2049 4783 sig-

412 4782 716 4854 maringen
747 4786 802 4837 et
834 4782 1752 4854 Pfulendorfadnumerat,_cujus
1773 4782 1903 4836 dein
1929 4782 2054 4854 pro-

411 4852 640 4926 genﬁiem
672 4859 953 4926 recenset.
983 4854 1112 4908 Vid.
1143 4854 1374 4926 dissert.
1409 4852 1618 4926 praavia
1646 4854 1789 4926 §__24.

483 4924 628 4997 (888)
658 4923 1104 4997 Wagenhausen
1127 4923 1617 4997 adiripam'RAheni
1654 4923 1986 4997 AHelvetican
2023 4941 2054 4980 e

413 4993 650 5078 regione
681 4993 880 5064 oppidi
921 4995 1106 5078 §tein,
1166 4993 1294 5078 ubi'
1324 4995 1482 5078 aliud
1542 4995 1760 5078 pariter
1809 4996 2055 5078 Benedi-

412 5065 725 5136 cti‘norum,
754 5065 1084 5136 ccenobium
1132 5071 1276 5129 erat.
1328 5067 1466 5120 olim
1518 5065 1782 5136 ejusdem
1831 5067 2054 5122 ordinis

412 5135 767 5207 monasterio
801 5134 1182 5207 gloriabatur,
1238 5137 1309 5191 de
1363 5153 1477 5207 quo
1536 5134 1823 5192 nonnulla
1882 5138 2055 5194 habet

410 5208 598 5264 Gallia
631 5206 870 5275 Christ.,
892 5212 934 5262 t.
967 5207 1036 5274 V,
1069 5225 1123 5279 p.
1149 5208 1255 5279 932
1270 5212 1326 5263 et
1349 5206 1548 5263 Franc.
1575 5209 1724 5263 Petri
1754 5208 1813 5262 in
1844 5210 2056 5264 Suevia

411 5279 655 5347 Eccles.,
681 5295 737 5350 p.
760 5279 885 5344 856,
910 5295 1014 5334 nec
1037 5278 1147 5334 non
1168 5278 1314 5334 Cels.
1343 5279 1677 5343 Gerbertus,
1717 5279 1863 5334 Hist.
1889 5281 2053 5336 Silvae

412 5351 710 5422 Nigrze,_t.
768 5351 808 5416 I,
862 5367 916 5422 p.
981 5351 1103 5405 436.
1164 5350 1344 5421 Cujus
1396 5352 1671 5406 fundator
1722 5352 1870 5407 Tuto
1899 5352 2053 5408 idem

413 5367 622 5422 IVIgl‘fB,
669 5367 710 5404 ι.
769 5367 808 5416 ι,
905 5392 916 5404 .
981 5367 1103 5405 eoo.
1164 5367 1344 5421 unjus
1396 5367 1671 5406 iunaator
1722 5367 2050 5408 'i'utomem

413 5439 542 5478 esse
575 5420 822 5487 videtur,
851 5367 921 5476 (Ie
947 5438 1062 5487 quo
1103 5421 1452 5477 Bertholdus
1499 5423 1557 5477 in
1609 5422 1818 5476 Chron.
1853 5423 1921 5477 ad
1958 5441 2050 5478 an.

417 5493 576 5559 1092,
609 5496 668 5546 et
699 5507 874 5561 quem
923 5493 993 5548 ad
1052 5511 1146 5548 an.
1209 5495 1340 5550 1094
1402 5495 1699 5548 Dudonem
1760 5493 2051 5564 appellat;

416 5577 753 5637 quanquam
787 5563 914 5637 ejus
941 5564 1194 5620 narratio
1234 5565 1388 5619 haud
1422 5565 1565 5637 satis
1606 5581 1735 5637 cu‘m
1771 5563 2055 5637 Chronico

416 5633 614 5692 noser
645 5633 966 5700 conveniat,
991 5653 1122 5690 cum
1147 5637 1302 5697 istud
1319 5634 1644 5691 cmnobium
1663 5633 1937 5700 Sigifrido
1963 5637 2058 5690 ab-

417 5673 614 5692 ..νων
646 5673 947 5688 κνηωυηη
991 5673 1122 5690 νυ...
1170 5673 1718 5692 ονμυυυαηυυηηηυ.
1963 5673 2055 5690 W—

415 5705 531 5767 bati
568 5675 967 5777 adjidicatuui
1019 5673 1194 5766 fuisse
1244 5707 1466 5764 dicatur
1514 5723 1566 5762 a.
1621 5673 1776 5775 1092,
1829 5707 1897 5761 ab
1929 5705 2055 5780 ipso

2178 617 2404 685 captus,
2429 617 2484 670 et
2507 613 2804 670 Corozaim
2817 613 3110 669 civitatem
3128 613 3443 686 perductus
3464 615 3521 668 et
3540 611 3814 670 custodias

2177 703 2566 774 mancipatus,
2601 719 2666 758 ac
2709 708 3000 776 postremo
3044 702 3321 774 martyrio
3369 705 3679 758 coronatus
3710 705 3818 758 est.

2247 792 2276 865 §
2306 793 2497 847 XXVI.
2526 791 2706 864 Igitur
2730 808 2828 846 rex
2848 791 3152 847 Heinricus
3173 791 3444 847 abbatem
3481 791 3819 848 monasterii

2177 879 2234 934 S.
2259 880 2406 936 Galli
2437 881 2582 951 (791)
2608 879 2994 951 patriarcbam
3020 880 3169 951 apud
3195 879 3560 952 Aquilegiam
3603 880 3817 936 consti-

2175 970 2308 1035 tuit,
2349 974 2407 1024 et
2445 975 2753 1040 utramque
2790 973 3134 1040 potestatem
3159 969 3373 1024 habere
3396 967 3680 1040 permisit,
3716 985 3816 1041 pro

2173 1073 2241 1113 eo
2274 1060 2427 1130 quod
2461 1075 2695 1130 semper
2718 1057 3016 1113 erroribus
3046 1058 3175 1126 ejus
3196 1060 3315 1112 toto
3338 1057 3544 1112 adnisu
3571 1058 3816 1127 favebat,

2174 1147 2275 1219 qui
2301 1165 2333 1203 a
2354 1148 2616 1218 Wiperto
2647 1147 2949 1202 ordinatus
2991 1150 3190 1200 contra
3229 1145 3542 1201 catholicos
3563 1147 3820 1218 tyranni-

2173 1237 2306 1293 dem
2324 1237 2645 1292 exercebat.
2676 1236 2752 1290 Ea
2778 1236 2848 1290 de
2869 1251 3048 1290 causa
3075 1235 3251 1289 etiam
3289 1251 3480 1306 regem
3516 1234 3817 1307 instigavit

2173 1332 2237 1381 ut
2259 1325 2645 1381 venerabilem
2660 1323 2958 1379 Gebehard
2969 1340 3066 1379 um
3081 1323 3587 1379 Constantiensem
3602 1324 3818 1395 episco-

2173 1431 2313 1486 pum
2336 1413 2667 1485 depelleret,
2701 1418 2758 1468 et
2795 1411 2947 1468 855
2986 1411 3165 1466 alium
3193 1429 3295 1484 pro
3328 1427 3394 1468 eo
3417 1411 3814 1479 constitueret,

2171 1519 2237 1558 eo
2260 1502 2414 1575 quod
2439 1503 2560 1573 ipse
2575 1517 2896 1573 numquam
2913 1500 2963 1554 ei
2977 1499 3064 1555 vel
3077 1499 3250 1555 alicui
3266 1500 3559 1556 fautorum
3573 1517 3815 1557 suorum

2175 1590 2293 1646 ulla
2309 1590 2530 1646 ratione
2544 1589 2979 1645 communicare
3005 1587 3304 1644 voluisset.
3331 1589 3466 1644 Erat
3486 1588 3644 1645 enim
3660 1589 3815 1644 idem

2172 1679 2548 1736 Gebehardus
2623 1683 2761 1733 tunc
2822 1677 3100 1749 temporis
3166 1677 3395 1749 legatus
3453 1682 3510 1733 et
3567 1677 3816 1734 vicarius

2170 1769 2522 1841 apostolicus
2541 1767 2596 1822 in
2620 1766 2997 1822 Theutonicis
3013 1766 3298 1838 partibus.
3323 1767 3355 1822 J
3361 1783 3454 1822 am
3474 1766 3815 1840 dictusergo

1648 1855 1830 1955 ξνωῗ
1849 1855 2064 1907 ⁸””““ῗ“”
2097 1889 2142 1952 Β
2174 1856 2476 1912 Udalricus
2499 1857 2598 1911 diu
2615 1873 2747 1911 cum
2763 1872 2895 1928 rege
2909 1855 3339 1928 conSpiratione
3358 1855 3556 1912 habita
3573 1857 3813 1911 demum

1727 1899 2062 1972 ag‘nhumn’
2177 1946 2382 1972 ..μικιει
2406 1945 2450 1972 ηε
2475 1962 2655 1972 ...ηηνι
2684 1944 3204 1972 .1-......--L:......:..
3244 1946 3471 1972 ..ηκεηη
3494 1946 3517 1972 Α
3535 1945 3811 1972 ...υ-πλη...

2175 1946 2387 2002 obtulit
2403 1945 2453 2001 ei
2475 1962 2658 2000 unum
2682 1945 2751 2000 de
2765 1944 3068 2000 monachis
3082 1945 3227 2012 suis,
3243 1946 3473 2000 nomine
3484 1945 3816 2000 Arnoldum

2172 2035 2243 2090 de
2272 2036 2685 2090 Sanctomonte
2722 2034 3114 2105 progenitum,
3165 2034 3509 2105 promittens
3556 2037 3643 2100 ut,
3676 2034 3727 2088 si
3760 2034 3820 2090 ei

2171 2123 2572 2196 episcopatum
2601 2123 2783 2186 daret,
2821 2122 2945 2194 ipse
2991 2138 3124 2177 eum
3175 2123 3397 2193 absque
3445 2122 3572 2192 ejus
3617 2121 3817 2177 labore

2169 2213 2511 2268 intruderet.
2547 2213 2746 2283 Itaque
2777 2227 2910 2266 eum
2943 2227 3040 2266 rex
3067 2210 3215 2267 votis
3247 2211 3375 2281 ejus
3407 2209 3811 2278 satisfecisset,

2169 2300 2268 2356 ille
2298 2301 2538 2355 domum
2571 2315 2872 2370 regressus
2903 2315 3035 2354 cum
3086 2315 3300 2370 magna
3347 2315 3525 2354 manu
3577 2297 3816 2354 militari

2171 2389 2382 2445 Arnold
2393 2405 2488 2442 um
2515 2388 2918 2444 Constantiam
2945 2387 3189 2443 adduxit
3214 2405 3226 2454 ;
3247 2388 3348 2443 sed
3366 2387 3613 2454 civibus,
3633 2387 3704 2442 ad
3722 2406 3813 2444 ar-

2171 2494 2268 2533 ma
2289 2477 2772 2533 concurrentibus
2804 2481 2860 2531 et
2874 2476 3009 2533 forti
3031 2475 3357 2548 pertinacia
3379 2476 3813 2546 resistentibus,

2169 2567 2345 2622 inacti
2379 2569 2746 2622 recesserunt
2777 2565 2942 2637 (892).

2844 2654 2871 2726 ἕ
2915 2652 3136 2709 xxvn.

2241 2745 2383 2800 Item
2407 2742 2710 2798 Heinricus
2734 2743 2941 2798 fratres
2964 2741 3203 2798 Arnoldi
3236 2741 3549 2798 advocatus
3572 2741 3642 2798 de
3663 2743 3806 2799 San-

2168 2836 2458 2889 ctomonte
2490 2835 2837 2904 congregata
2879 2831 3257 2886 multitudine
3283 2848 3522 2887 suorum
3557 2831 3808 2901 advenit,

2167 2925 2224 2977 et
2247 2921 2305 2976 in
2330 2919 2681 2976 monasterio
2727 2920 2784 2975 S.
2827 2919 3086 2991 Gregorii
3123 2919 3491 2992 tyrannidem
3530 2919 3809 2976 exercuit.

2167 3010 2312 3066 Nam
2335 3008 2606 3064 victualia
2627 3008 2873 3064 fratrum
2895 3008 3204 3064 temeraria
3236 3024 3412 3064 manu
3446 3008 3805 3076 invaserunt,

2166 3099 2391 3173 gladios
2425 3115 2563 3154 suos
2594 3097 2653 3152 in
2684 3114 2887 3152 eorum
2935 3095 3292 3152 animalibus
3332 3097 3721 3168 probaverunt
3749 3102 3808 3153 et

2169 3187 2355 3244 multa
2403 3185 2691 3258 ﬂagitiosa
2718 3188 3141 3257 perpetrarunt.
3195 3185 3349 3240 Inter
3394 3184 3501 3240 has
3532 3186 3721 3241 varias
3752 3190 3813 3240 et

2169 3275 2549 3332 multimodas
2597 3274 3055 3330 conﬂictationes
3096 3273 3474 3330 Gebehardus
3496 3273 3809 3346 episcopus

2165 3365 2553 3420 munitionem
2576 3363 2687 3418 sibi
2710 3363 3034 3418 construxit
3055 3362 3110 3416 in
3129 3363 3314 3434 capite
3327 3362 3806 3430 Rbeniﬂuminis,
3871 3357 3886 3384 ί

2166 3454 2224 3508 in
2247 3453 2394 3526 ipsis
2424 3452 2681 3519 fluentis,
2704 3457 2768 3506 ut
2789 3451 2914 3524 ipse
2940 3451 3084 3506 inibi
3117 3455 3282 3507 tutus
3312 3467 3547 3507 manere
3583 3451 3806 3523 potuis-

2165 3548 2270 3599 set.
2306 3542 2389 3597 Ad
2423 3541 2698 3596 ultimum
2730 3545 2849 3595 tam
2882 3541 3062 3596 frater
3108 3541 3236 3611 ejus
3287 3541 3406 3595 dux
3457 3539 3810 3596 Bertholdus

2165 3648 2342 3704 quam
2365 3629 2552 3685 caeteri
2571 3645 2775 3684 omnes
2797 3645 2943 3701 pene
2964 3629 3221 3701 corrupti
3262 3632 3400 3685 sunt
3430 3629 3799 3697 muneribus,

2164 3726 2222 3776 et
2278 3717 2699 3775 abominabiles
2734 3717 2868 3773 facti
2901 3721 3038 3773 sunt
3055 3718 3202 3786 ei,et
3219 3735 3333 3772 non
3355 3721 3480 3773 erat
3511 3719 3610 3790 qui
3642 3717 3694 3773 ei
3725 3718 3814 3773 fa-

2164 3813 2317 3865 ceret
2342 3808 2582 3874 bonum,
2618 3822 2804 3878 usque
2833 3807 2905 3862 ad
2939 3822 3122 3861 unum
3153 3805 3599 3875 Theodoricum,
3633 3822 3809 3878 quem

2164 3899 2225 3954 in
2256 3895 2532 3953 omnibus
2561 3894 3042 3951 tribulationibus
3072 3894 3286 3967 reperit
3316 3895 3521 3950 fidum.

2841 3988 2868 4052 §
2897 3983 3139 4041 XXVIII.

2239 4076 2442 4146 Itaque
2471 4089 2673 4129 eorum
2725 4073 2979 4144 perﬁdia:
3023 4073 3216 4128 locum
3267 4073 3413 4128 dans
3464 4072 3721 4140 recessit,
3753 4077 3812 4128 et

2166 4178 2589 4235 usquequaque
2619 4177 2721 4233 per
2751 4177 2995 4233 regnum
3026 4161 3208 4217 vicem
3264 4160 3464 4216 domui
3507 4160 3814 4233 apostolici

2237 4285 2542 4343 Gebhardo
2567 4285 2858 4357 episcopo,
2895 4286 2992 4356 qui
3026 4284 3186 4357 illud
3214 4283 3416 4356 paucis
3464 4288 3598 4356 post
3637 4285 3810 4357 annis

2168 4359 2277 4415 sub
2319 4355 2625 4412 Adalberto
2674 4355 3051 4411 Scafbusensi
3101 4355 3309 4412 abbate
3355 4373 3407 4410 a.
3461 4355 3600 4410 1099
3629 4355 3810 4412 electo

2168 4446 2270 4485 ceu
2293 4446 2414 4484 rem
2434 4445 2602 4484 suam
2620 4427 3065 4483 Petershusanis
3082 4427 3525 4482 commendasse
3541 4427 3808 4494 refertur,

2169 4502 2323 4557 unde
2353 4499 2530 4556 etiam
2563 4499 2782 4569 primos
2808 4515 2946 4554 suos
2977 4500 3216 4554 abbates
3247 4498 3487 4569 accepit.

2238 4574 2385 4642 (889)
2409 4569 2643 4626 Nobiles
2662 4571 2732 4642 die
2751 4570 3050 4642 Mersperg
3069 4587 3168 4625 seu
3195 4569 3493 4642 Mersperg
3508 4570 3566 4642 in
3589 4569 3813 4642 Alsatia

2164 4641 2482 4698 oceurrunt
2511 4641 2765 4712 invariis
2795 4641 3013 4696 chartis
3039 4657 3169 4696 sese.
3211 4657 3314 4695 xm
3348 4641 3500 4712 apud
3537 4641 3598 4696 P.
3634 4641 3812 4696 Herr-

2162 4719 2304 4786 gott.
2338 4713 2469 4786 Vid.
2501 4710 2672 4786 Silva:
2702 4711 2912 4786 Nigra),
2949 4717 2989 4766 t.
3026 4714 3093 4779 ΙΙ,
3127 4729 3181 4786 p.
3214 4713 3339 4786 229.

2235 4786 2381 4856 (890)
2412 4781 2975 4856 Thicmonenfbunc
3006 4781 3160 4855 apud
3198 4781 3607 4856 Gebehardum
3639 4798 3809 4856 exsu-

2163 4853 2318 4912 lasse
2349 4853 2524 4910 etiam
2557 4854 2906 4908 documenta
2938 4853 3140 4910 nostra
3179 4855 3503 4925 domestica
3533 4853 3810 4925 produnt,

2166 4944 2236 4983 ex
2257 4927 2470 4983 quibus
2494 4925 2696 4980 charta
2721 4925 2926 4980 Utonis
2952 4925 3180 4981 abbatis
3219 4926 3278 4980 S.
3319 4924 3495 4979 Blasii
3518 4924 3550 4978 α
3573 4925 3711 4978 1100
3741 4924 3812 4978 de

2166 4993 2504 5054 fundatione
2531 4997 2867 5052 monasterii
2899 4996 3342 5053 Ochsenhusani
3387 5012 3521 5051 cum
3566 4993 3810 5050 consilio

2164 5068 2595 5142 archiepiscopi
2625 5067 3065 5142 salsburgensis
3095 5067 3519 5142 Thiemoniset
3553 5065 3809 5142 episcOpi

2163 5137 2632 5197 Constantiensis
2664 5137 3015 5208 Gebehardi,
3038 5140 3189 5195 facta
3212 5137 3424 5210 legitur
3444 5137 3504 5192 in
3528 5137 3627 5192 cit.
3653 5137 3804 5193 Hist.

2163 5213 2350 5279 Nigrae
2384 5211 2574 5279 Silvae,
2607 5215 2649 5265 t.
2683 5212 2780 5265 III.
2815 5227 2871 5279 p.
2906 5211 2994 5265 39.

2279 5229 2350 5266 rae
2384 5227 2552 5265 buvae
2607 5227 2649 5265 ι.
2683 5227 2780 5265 ιιι.
2860 5227 2994 5265 .δυ.

2234 5229 2382 5354 ἕζω)
2405 5253 2723 5354 Udalricus
2759 5227 2913 5336 lIFis
2943 5285 3087 5354 erat,
3122 5279 3457 5351 Marquardi
3491 5276 3814 5354 Carinthia;

2163 5350 2331 5409 ducis
2363 5350 2541 5418 filius,
2572 5356 2628 5406 et
2658 5353 2730 5406 ab
2763 5352 3028 5407 Heinrico
3053 5352 3124 5406 IV
3145 5350 3390 5423 cognato
3424 5366 3533 5423 suo
3553 5350 3816 5423 an._1086

2166 5423 2547 5496 Aquileiensi.
2599 5420 3294 5496 cathedrisadmotusﬁe
3325 5437 3440 5494 quo
3461 5420 3633 5493 plura
3662 5420 3815 5475 Bur-

2169 5493 2424 5550 ch'ardus
2459 5498 2534 5547 De
2561 5509 2676 5547 cas.
2703 5494 2741 5547 S
2773 5493 2942 5559 Galli,
2976 5510 3026 5548 c.
3081 5494 3131 5548 4.

2238 5567 2387 5635 (892)
2420 5565 2498 5619 De
2531 5564 2637 5618 hoc
2670 5564 2951 5635 legendus
2983 5565 3294 5620 Bucelinus
3332 5563 3391 5617 in
3421 5559 3813 5635 Chronologia

2166 5632 2601 5693 Co‘nstantiensi
2635 5636 2704 5691 ad
2729 5632 2833 5691 an.
2873 5638 3027 5705 1087,
3061 5641 3118 5694 et
3148 5635 3400 5694 Manlius
3420 5633 3480 5689 in
3503 5632 3810 5691 Chronico.
