4152 6186
1174 375 1626 446 CHRONICON
1669 377 2391 444 PETERSHUSANUM.
2426 409 2504 428 --
2537 377 2684 443 LIB.
2729 379 2837 444 lll.

3593 383 3714 450 350

303 529 521 588 magna
549 529 687 572 cum
718 510 906 588 gloria
935 515 1204 588 quamvis
1228 514 1393 572 exsul
1415 515 1692 572 exercuit.
1727 513 1948 570 Deinde
1977 513 2035 582 Α
2065 529 2243 586 quam
2272 519 2468 571 autem
2489 514 2850 572 Wernherus
2881 529 3015 571 cum
3039 512 3165 572 suis
3189 512 3585 576 fautoribuset
3604 525 3714 576 Ar-

305 602 475 677 quasi
508 603 776 660 effrenati
805 621 941 660 cum
975 621 1188 678 magno
1219 605 1467 677 strepitu
1497 603 1822 661 Arnoldum
1847 602 1948 660 ad-

2058 602 2270 660 noldus
2283 621 2417 660 cum
2436 605 2560 661 suis
2577 621 2668 661 res
2701 603 3033 661 monasterii
3045 605 3115 660 ad
3130 603 3397 661 ultimam
3409 607 3714 678 penuriam

304 692 620 761 duxerunt,
652 697 709 748 et
738 693 1026 749 cathedrae
1057 693 1522 750 Constantiensis
1569 693 1838 749 Ecclesiae
1890 692 1951 747 in
2060 697 2117 750 et
2136 693 2392 766 inopiam
2416 695 2832 767 perduxerunt,
2858 693 2982 766 ipse
2999 693 3198 750 relicto
3227 695 3457 751 abbatis
3480 697 3715 753 nomine

301 780 716 838 Puriﬂcatione
745 783 804 838 S.
830 783 1025 838 Mariae
1048 783 1482 854 imposuerunt,
1507 799 1660 838 anno
1679 783 1749 837 ab
1767 781 1952 836 Incar-

305 875 426 926 nat.
461 870 631 926 Dom.
661 871 845 941 [MGIIL
899 871 1028 927 Haec
1075 889 1269 927 werra
1320 888 1423 944 per
1477 870 1784 926 duodecim
1839 870 1958 925 fere

309 975 498 1016 annos
525 962 839 1031 protracta,
858 977 1011 1016 nunc
1033 963 1102 1015 ad
1127 961 1451 1033 perfectum
1476 959 1698 1015 malum
1721 964 1809 1016 est
1828 975 1956 1030 per-

305 1049 504 1104 ducta.
537 1048 854 1120 Postquam
878 1054 1076 1105 autem
1109 1049 1404 1104 Arnoldus
1427 1048 1828 1121 episCOpatum
1853 1047 1958 1102 ob-

303 1137 508 1202 tinuit,
540 1137 851 1193 confestim
887 1138 1069 1204 misit,
1102 1142 1155 1193 et
1192 1136 1706 1210 congregationem
1741 1141 1961 1192 Domus

307 1225 462 1283 Petri
493 1225 704 1281 obnixe
725 1226 1044 1298 postulavit
1073 1230 1139 1281 ut
1167 1226 1361 1298 quiete
1383 1241 1449 1282 ac
1481 1226 1721 1298 pacifice
1751 1226 1810 1280 in
1846 1240 1962 1279 mo-

306 1315 565 1371 nasterio
597 1331 705 1370 suo
760 1315 1103 1383 residerent,
1165 1320 1222 1371 et
1280 1313 1530 1371 Domino
1581 1315 1737 1371 356
1788 1311 1966 1369 servi-

307 1408 460 1470 rent,
495 1420 676 1476 seque
707 1404 978 1476 promisit
1003 1403 1229 1459 nullam
1257 1404 1341 1460 eis
1371 1402 1704 1459 molestiam
1725 1402 1964 1458 omnino

307 1492 638 1550 illaturum.
672 1494 802 1565 Ipse
833 1498 1031 1549 autem
1065 1493 1309 1549 Romam
1341 1491 1615 1564 perrexit,
1647 1496 1705 1547 et
1752 1509 1785 1547 a
1839 1492 1961 1544 Wi-

308 1587 472 1655 perto
502 1582 650 1654 (893)
680 1582 1183 1639 consecrationem
1211 1581 1453 1654 accepit.

389 1781 458 1834 At
486 1777 886 1834 Theodoricus
916 1689 1348 1834 abb§agiiiilillam
1373 1777 1632 1850 quietem
1664 1782 1800 1850 post
1837 1777 1963 1833 dis-

2063 783 2134 838 ad
2165 782 2590 838 Theodericum
2627 799 2690 838 se
2721 783 2778 836 in
2803 783 3131 838 Baioariam
3165 783 3436 850 contulit,
3461 783 3633 856 eique
3655 801 3718 841 se

2065 872 2336 942 subjecit,
2371 873 2589 945 quique
2621 887 2754 926 eum
2787 871 3040 943 benigne
3073 872 3353 944 suscepit,
3385 873 3556 944 eique
3588 873 3714 929 offi-

2067 960 2222 1015 cium
2246 960 2444 1016 altaris
2471 961 2647 1015 invito
2708 959 2978 1031 episcopo
3031 959 3372 1016 Gebehardo
3422 961 3712 1030 restituit;

2069 1049 2171 1104 sed
2203 1066 2316 1104 non
2350 1049 2448 1104 diu
2483 1047 2806 1120 permansit
2835 1064 3015 1103 cornu
3049 1049 3368 1119 peccatoris
3399 1050 3571 1120 (896).

2436 1157 2463 1222 §
2489 1154 2704 1210 XXXII.
2738 1155 2810 1210 De
2834 1155 3086 1209 Heinrico
3125 1155 3164 1209 V
3188 1170 3332 1225 rege.

2143 1249 2310 1299 Anno
2342 1244 2595 1315 denique
2625 1259 2743 1299 mcv
2773 1241 3078 1298 Heinricus
3106 1241 3528 1298 filiusHeinrici
3562 1245 3718 1318 regis

2071 1332 2224 1389 tertii
2249 1333 2366 1404 (IV)
2397 1332 2639 1387 recessit
2669 1348 2702 1386 a
2733 1336 2892 1403 patre
2911 1330 3434 1398 excommunicato,
3468 1336 3525 1387 et
3580 1349 3717 1389 con-

2075 1421 2460 1478 sentientibus
2473 1420 2838 1492 principibus
2856 1434 3098 1489 regnum
3115 1423 3320 1474 contra
3340 1423 3565 1490 patrem
3581 1423 3722 1477 arri-

2075 1510 2219 1583 puit.
2245 1511 2383 1565 Inde
2406 1510 2662 1564 maxima
2681 1512 2879 1563 exorta
2899 1510 2988 1562 est
3004 1506 3230 1562 occasio
3255 1507 3512 1562 rixarum
3542 1527 3554 1576 ;
3580 1526 3718 1564 nam

2072 1598 2198 1670 ipse
2229 1602 2393 1671 pater
2418 1597 2748 1664 Heinricus,
2782 1612 2915 1650 cum
2948 1612 3060 1650 non
3086 1598 3284 1668 posset
3315 1595 3502 1652 filium
3534 1597 3606 1653 ad
3660 1615 3721 1655 se

2075 1703 2362 1753 revocare,
2395 1689 2746 1758 congregato
2777 1683 3029 1738 exercitu
3061 1700 3264 1738 omnes
3296 1684 3554 1742 fautores
3592 1687 3720 1758 ejus

2075 1775 2298 1848 rapinis
2329 1779 2386 1830 et
2408 1773 2698 1829 incendiis
2729 1771 3004 1827 maximis
3037 1770 3350 1838 lacessivit,
3410 1790 3720 1847 nunquam

313 1883 548 1924 cessum
579 1865 1174 1938 Gebehardiepiscopi
1199 1866 1411 1923 habere
1430 1883 1662 1940 passus,
1684 1865 1963 1938 quoniam
1995 1879 2044 1944 Β
2073 1867 2267 1920 tamen
2303 1879 2514 1936 pugnae
2546 1861 2880 1917 facultatem
2914 1860 3180 1931 praebuit.

312 1973 446 2013 eum
478 1962 546 2011 ut
575 1955 838 2011 animam
869 1972 1038 2011 suam
1071 1955 1296 2020 dilexit,
1330 1956 1432 2012 sed
1463 1957 1592 2028 ipso
1623 1973 1799 2021 anno,
1855 1955 1964 2011 hoc

309 2049 400 2101 est
431 2061 584 2100 MCIII
615 2043 856 2116 reliquit
886 2045 1308 2100 monasterium
1341 2061 1539 2111 suum,
1568 2049 1626 2100 et
1646 2043 1966 2100 monachos

313 2150 452 2191 suos
482 2137 663 2205 atque
696 2133 972 2189 barbatos
1004 2133 1212 2189 fratres
1235 2132 1562 2205 dispertivit
1589 2137 1646 2189 et
1666 2149 1965 2189 commen-

314 2223 471 2279 davit
501 2238 608 2294 per
637 2221 1015 2287 monasteria,
1046 2222 1172 2294 ipse
1209 2238 1344 2278 vero
1387 2221 1712 2294 assumpsit
1765 2238 1966 2277 secum

314 2311 622 2367 duodecim
655 2327 807 2382 quos
829 2309 1028 2382 elegit,
1056 2314 1114 2367 et
1141 2326 1241 2366 eos
1285 2326 1486 2366 secum
1527 2312 1586 2364 in
1639 2309 1966 2380 Bajoariam

316 2400 498 2466 duxit,
535 2400 608 2455 ad
628 2398 1053 2454 monasterium
1077 2399 1234 2470 quod
1259 2398 1473 2454 dicitur
1492 2398 1968 2454 Wezzinisbrun-

316 2489 415 2544 nin
443 2489 617 2559 (894),
651 2491 709 2543 et
737 2487 810 2542 ab
843 2485 1189 2542 Adilberone
1209 2486 1526 2542 venerabili
1577 2487 1785 2542 abbate
1815 2489 1970 2558 ejus-

315 2578 446 2633 dem
467 2576 583 2632 loci
617 2574 937 2631 honorifice
959 2580 1290 2647 susceptus,
1338 2576 1390 2631 ei
1446 2574 1787 2632 charitative
1834 2592 1966 2631 cum

316 2667 440 2723 suis
470 2664 753 2722 omnibus
771 2680 874 2736 per
902 2663 1126 2736 aliquot
1153 2680 1386 2720 menses
1408 2664 1644 2720 habitus
1667 2668 1775 2720 est.

381 2861 613 2919 Deinde
644 2859 888 2932 quidam
922 2859 1328 2915 nobilissimus
1374 2859 1463 2914 vir
1523 2863 1581 2915 et
1632 2859 1964 2933 religiosus,

314 2951 556 3008 nomine
585 2947 937 3015 Fridericus,
969 2946 1105 3003 tulit
1133 2965 1232 3004 eos
1262 2948 1398 3004 inde
1427 2952 1486 3003 et
1541 2949 1970 3004 commendavit

314 3041 399 3099 eis
428 3038 666 3105 cellam,
701 3054 877 3110 quam
902 3036 1028 3109 ipse
1057 3041 1310 3108 coeperat
1337 3037 1397 3092 in
1429 3037 1554 3092 loco
1587 3053 1694 3093 suo
1735 3036 1968 3110 proprio

315 3131 376 3185 in
408 3127 639 3184 excelso
689 3129 912 3193 monte,
959 3126 1056 3197 qui
1113 3130 1359 3181 vocatur
1415 3125 1733 3182 Castellum
1791 3126 1962 3197 (895),

2749 1951 2776 2017 §
2804 1947 3041 2003 XXXIII.

2150 2042 2451 2098 Heinricus
2480 2055 2616 2112 ergo
2649 2041 2960 2110 postquam
2993 2052 3239 2108 regnum
3271 2036 3546 2108 obtinuit,
3582 2057 3718 2098 con-

2076 2132 2269 2189 festim
2301 2129 2540 2202 expulso
2571 2126 2824 2184 Arnoldo
2857 2124 3266 2181 Gebehardum
3299 2143 3431 2182 cum
3464 2131 3720 2188 maximo

2075 2222 2294 2278 honore
2314 2221 2370 2275 in
2390 2219 2792 2292 episcopatum
2815 2231 2986 2271 suum
3001 2213 3273 2269 restituit.
3293 2215 3718 2276 Theodericum

2077 2311 2349 2367 abbatem
2380 2307 2771 2365 confessorem
2806 2303 2918 2360 sibi
2947 2303 3140 2374 elegit,
3165 2307 3223 2358 et
3240 2306 3592 2364 monasterio
3613 2326 3720 2366 suo

2078 2400 2335 2456 restituit
2354 2398 2526 2470 eique
2545 2395 2800 2468 trigenta
2822 2409 3050 2448 marcas
3071 2391 3294 2464 argenti
3317 2396 3665 2466 transmisit,
3692 2416 3723 2456 e

2078 2489 2294 2562 quibus
2319 2488 2499 2544 abbas
2516 2502 2608 2540 res
2626 2481 2963 2539 monasterii
2986 2480 3308 2554 dissipatas
3326 2487 3652 2554 opportune
3667 2492 3724 2544 et
3803 2482 3810 2489 ’

2077 2579 2300 2635 utiliter
2329 2574 2638 2648 reparavit.

2743 2661 2773 2734 §
2802 2659 3050 2715 xxxxv.

2149 2756 2368 2814 Deinde
2397 2752 2704 2809 Heinricus
2735 2748 2951 2811 senior,
2983 2751 3040 2802 et
3070 2745 3595 2818 Heinricusjunior
3621 2768 3720 2824 ge-

2079 2845 2274 2904 nerale
2319 2841 2675 2914 colloquium
2722 2835 3027 2910 Mogontias
3066 2835 3344 2905 fecerunt,
3404 2837 3504 2893 ubi
3560 2846 3725 2913 pater

2078 2936 2197 2994 filio
2229 2938 2524 3006 sceptrum
2557 2927 2719 3002 regni
2749 2931 2807 2983 et
2836 2941 3108 2981 coronam
3141 2941 3276 2980 cum
3307 2927 3527 2984 caeteris
3559 2947 3722 3004 rega-

2074 3024 2230 3081 libus
2252 3021 2512 3089 tradidit,
2546 3019 2790 3090 ipseque
2811 3031 2872 3071 se
2903 3019 3037 3070 ante
3067 3014 3498 3085 Gebehardum,
3522 3024 3724 3091 utpote

2042 3159 2049 3165 .
2077 3114 2234 3170 sedis
2264 3108 2595 3183 apostolicae
2629 3107 2910 3178 legatum,
2942 3104 3001 3160 in
3032 3108 3249 3160 terram
3307 3109 3623 3177 prostravit
3668 3113 3726 3164 et

320 3217 604 3288 omnique
633 3231 734 3271 eos
764 3214 1132 3270 humanitate
1164 3215 1304 3270 fovit
1333 3218 1390 3270 et
1419 3214 1745 3270 honoravit.
1791 3215 1964 3270 Deni-
2000 3243 2044 3311 Ο
2082 3201 2336 3311 mult"?
2369 3201 2528 3311 gens)
2544 3195 2765 3311 92801“
2797 3210 2858 3249 εθ
2888 3194 2960 3248 ab
2991 3193 3596 3311 θιοοξηωυοίθδίξῗηθ
3621 3213 3724 3268 Ρο’

330 3322 451 3378 que
467 3305 623 3359 idem
637 3305 802 3360 bonae
824 3302 1120 3358 memoriae
1136 3303 1328 3371 heros,
1355 3303 1684 3359 Fridericus
1710 3303 1966 3367 nomine,

332 3391 593 3448 habebat
612 3391 784 3447 filium
810 3392 1078 3448 Ottonem
1105 3392 1361 3458 nomine,
1385 3408 1629 3447 summa
1649 3390 1974 3448 nobilitatis

335 3479 635 3534 etdecoris
660 3479 873 3548 virum,
907 3481 1007 3552 qui
1040 3497 1157 3535 una
1186 3495 1321 3534 cum
1353 3484 1516 3551 patre
1563 3483 1621 3534 et
1648 3495 1785 3534 cum
1844 3479 1974 3535 aliis

333 3567 667 3641 proceribus
698 3568 964 3639 ejusdem
988 3568 1295 3640 provinciis
1325 3567 1590 3640 cognatis
1612 3567 1882 3624 videlicet
1919 3572 1977 3623 et

321 3656 676 3731 propinquis
689 3661 864 3728 atque
877 3655 1083 3712 amicis
1106 3656 1250 3719 suis,
1279 3655 1671 3713 venerabilem
1710 3656 1972 3712 Theodo-

318 3747 512 3803 ricum
545 3750 606 3801 et
633 3746 845 3801 fratres
876 3747 1004 3816 ejus
1026 3761 1261 3800 summo
1290 3745 1508 3800 honore
1526 3743 1884 3810 excolebant,
1917 3748 1974 3799 et

317 3835 516 3892 locum
548 3834 784 3908 magnis
811 3833 1028 3890 divitiis
1052 3833 1432 3890 cumulabant
1451 3833 1511 3888 in
1533 3838 1784 3897 tantum,
1820 3837 1885 3888 ut
1913 3833 1972 3888 in

313 3925 479 3981 brevi
511 3923 736 3980 multos
754 3923 866 3980 sibi
888 3923 1096 3979 fratres
1118 3926 1460 3996 aggregaret
1483 3927 1542 3979 et
1585 3922 1973 3979 monasticam

310 4014 499 4069 vitam
529 4012 955 4069 honestissime
984 4012 1127 4068 inibi
1160 4013 1472 4068 ordinaret.

388 4208 722 4265 Recedente
749 4223 886 4280 ergo
915 4207 1274 4264 Theodorico
1306 4207 1376 4263 de
1427 4207 1610 4263 Domo
1655 4205 1828 4273 Petri,
1890 4205 1971 4274 hi,

311 4297 419 4371 qui
453 4302 600 4353 tunc
634 4301 1058 4362 remanserant,
1091 4295 1524 4352 constituerunt
1581 4294 1968 4350 Wernherum

307 4387 664 4457 quemdam,
696 4386 768 4440 de
797 4385 1346 4457 Epﬁndorfnatum,
1393 4383 1505 4440 sibi
1557 4384 1614 4438 in
1677 4384 1973 4451 abbatem,

311 4479 380 4531 et
415 4473 587 4530 obliti
621 4473 907 4547 regularis
937 4472 1258 4544 disciplina:
1289 4489 1467 4544 quam
1497 4471 1844 4539 didicerant,
1879 4488 1971 4527 re-

307 4562 570 4619 missius
593 4577 762 4635 agere
793 4565 1104 4634 caeperunt.
1139 4559 1434 4618 Arnoldus
1454 4576 1687 4633 quoque
1711 4560 1971 4616 intrusus

305 4651 637 4725 episcopus
658 4649 938 4706 beneficia
958 4651 1093 4706 inde
1115 4650 1240 4705 suis
1260 4650 1574 4706 concedere
1604 4649 1794 4721 coepit,
1819 4649 1968 4705 857

302 4741 480 4814 quod
511 4738 662 4796 nulli
683 4755 942 4812 unquam
961 4737 1367 4811 episcoporum
1388 4739 1573 4794 facere
1591 4737 1780 4794 licuit.
1815 4739 1974 4795 Post-

412 4900 546 4968 893)
576 4899 654 4954 Ex
682 4899 870 4955 Gallia
926 4897 1256 4970 Christiana
1284 4893 1348 4953 et
1386 4896 1602 4954 Manlio
1634 4897 1798 4970 prius
1843 4899 1970 4970 jam

295 4969 632 5030 ordinatus
661 4977 748 5026 est
785 4970 1082 5026 Arnoldus
1132 4987 1166 5025 a
1194 4969 1488 5026 Clemente
1537 4970 1614 5025 III
1638 4969 1651 4970 ί
1673 4969 1970 5043 antipapa,

298 5078 414 5120 an.
453 5060 600 5116 1400
622 5064 872 5115 mortuo.

385 5131 546 5202 (894)
572 5131 974 5186 Wessobrunn
997 5129 1316 5202 celebregO.
1343 5129 1399 5184 S.
1426 5129 1493 5183 Β.
1525 5128 1886 5202 θωιιοιήυιῑ]Δ
1910 5129 1970 5202 in

296 5199 624 5276 superiore
659 5202 898 5257 Bavaria
940 5205 998 5256 et
1014 5199 1626 5326 diaecesiAugustana,
1660 5200 1754 5255 cui
1807 5200 1974 5256 Adal-

291 5278 456 5333 bero
488 5273 564 5328 ab
593 5290 684 5328 an.
723 5275 862 5328 1065
892 5288 1078 5333 usque
1109 5272 1251 5328 mo
1281 5271 1354 5326 ab
1399 5288 1462 5326 as
1496 5276 1754 5333 praaerat.

387 5291 456 5329 ro
488 5287 564 5328 ω)
593 5290 684 5328 an.
723 5287 862 5328 IUOO
892 5288 1078 5329 080118
1109 5287 1251 5328 ‘IllU
1281 5287 1462 5326 RDDaS
1496 5287 1754 5329 praeerat.

380 5291 456 5329 iro
488 5289 564 5328 an
593 5290 684 5328 an.
723 5289 862 5328 IUOO
892 5289 1078 5344 usque
1109 5289 1251 5328 11w
1281 5289 1462 5353 aquas
1492 5289 1754 5353 prmerat.
1779 5342 1788 5352 _

380 5345 545 5417 (895)
573 5345 955 5417 (Magniﬁcum
987 5344 1124 5399 olim
1143 5343 1510 5417 Benedictum
1527 5343 1792 5417 instituti
1818 5359 1974 5417 asce-

294 5413 537 5475 torium
566 5416 621 5471 in
654 5413 985 5472 Palatinatu
1017 5415 1338 5486 superiore,
1371 5415 1667 5486 conditore
1699 5413 1973 5486 praedicto

297 5486 608 5547 Friderico
639 5488 858 5544 comite
877 5487 950 5542 de
980 5485 1333 5558 castelberg,
1366 5485 1465 5556 qui
1498 5485 1607 5558 hoc
1649 5485 1776 5558 ipso
1822 5502 1973 5540 anno

296 5562 451 5618 4103
481 5559 702 5616 abiisse
732 5559 970 5623 dicitur,
1006 5557 1162 5612 filius
1185 5556 1318 5612 vero
1350 5559 1478 5626 ejus
1508 5556 1638 5612 Otto
1675 5556 1872 5612 comes
1904 5559 1974 5612 de

297 5632 592 5704 Hirsberg
620 5630 708 5687 vel
744 5629 1037 5704 Hebbc‘rg,
1070 5634 1171 5704 aut
1198 5629 1501 5704 Habsperg
1531 5629 1807 5704 ang.gl_105.
1840 5628 1970 5684 Vid.

298 5698 632 5765 Bruschius
663 5704 738 5759 de
768 5698 1112 5759 Castellénsi
1135 5698 1490 5759 monasterio
1509 5717 1565 5773 p.
1598 5700 1717 5758 120.

2083 3289 2340 3347 stulavit.
2371 3289 2531 3353 Quod
2552 3289 2652 3344 ille
2683 3290 2871 3346 facere
2903 3304 2964 3344 se
2987 3289 3294 3360 propterea
3323 3284 3535 3349 renuit,
3578 3301 3724 3357 quo-

2083 3381 2240 3436 niam
2270 3379 2514 3435 timebat
2545 3396 2616 3435 ne
2637 3379 2687 3434 si
2723 3379 2866 3433 forte
2896 3392 3031 3432 eum
3062 3373 3428 3442 absolvisset,
3477 3389 3725 3446 regnum

2083 3470 2154 3525 ad
2187 3485 2322 3524 eum
2352 3469 2564 3524 iterum
2597 3467 2893 3533 transiret,
2925 3470 2983 3522 et
3014 3465 3180 3519 fieret
3235 3479 3396 3519 error
3443 3463 3730 3535 posterior

2085 3558 2248 3630 pejor
2267 3557 2458 3629 priore
2480 3557 2647 3629 (397).
2681 3559 2977 3625 Attamen,
3009 3569 3143 3609 cum
3176 3569 3291 3608 non
3321 3555 3453 3624 post
3472 3551 3727 3607 multum

2084 3647 2266 3719 Spiris
2299 3647 2562 3718 obiisset,
2591 3646 2710 3702 ﬁlio
2739 3647 2894 3719 apud
2950 3643 3246 3701 Pascalem
3280 3658 3490 3714 papam
3549 3641 3731 3712 impe-

2082 3739 2290 3803 trante,
2323 3735 2776 3792 ecclesiasticam
2807 3733 3171 3806 sepulturam
3202 3730 3356 3786 858
3406 3727 3730 3800 promeruit

2084 3829 2320 3897 propter
2348 3825 2830 3889 satisfactionem,
2879 3838 3056 3894 quam
3117 3822 3447 3892 prostratus
3495 3815 3726 3888 publice

2084 3931 2279 3969 coram
2302 3913 2454 3970 clero
2480 3918 2536 3968 et
2570 3913 2782 3986 populo
2799 3911 2987 3966 facere
3007 3925 3122 3964 non
3153 3904 3388 3963 erubuit
3413 3904 3583 3976 (898).

2771 4015 3034 4086 gxxxv.

2155 4111 2357 4181 Itaque
2377 4106 2724 4164 venerabilis
2739 4104 3132 4162 Theodoricus
3145 4119 3278 4159 cum
3302 4099 3727 4157 monasterium

2084 4196 2433 4254 Castellense
2465 4196 2788 4264 fundasset,
2821 4192 3126 4250 basilicam
3175 4190 3461 4248 aedificare
3501 4187 3728 4261 (caspia-

2084 4291 2214 4354 set),
2249 4287 2493 4343 fratrum
2518 4283 3030 4358 congregationem
3082 4279 3438 4354 collegisset,
3498 4293 3730 4332 venera-

2083 4375 2260 4432 bilem
2291 4376 2481 4430 virum
2514 4374 2892 4430 Altmannum
2926 4373 3072 4443 (899)
3105 4371 3372 4427 abbatem
3405 4367 3489 4423 eis
3512 4366 3728 4423 consti-

2082 4466 2216 4534 tuit,
2249 4469 2305 4521 et
2325 4465 2449 4537 ipse
2480 4480 2613 4519 cum
2646 4463 2771 4521 suis
2802 4463 2872 4518 ad
2896 4463 3147 4518 Domum
3179 4457 3330 4514 Petri
3354 4455 3653 4512 remeavit.

2914 4567 3054 4622 XVI.

2151 4663 2287 4718 Post
2315 4661 2436 4717 haec
2466 4568 3088 4716 Hartmanguixcﬁlles
3120 4651 3314 4709 senior
3343 4649 3490 4721 (909)
3523 4649 3595 4704 de
3636 4647 3729 4704 Di-

2079 4751 2265 4824 lingin
2301 4749 2523 4822 rogavit
2543 4764 2678 4804 eum
2698 4750 2765 4802 ut
2791 4745 2849 4799 in
2865 4747 3143 4810 montem,
3165 4740 3265 4813 qui
3305 4741 3544 4795 vocatur
3583 4736 3728 4793 Ner-

2175 4911 2302 4974 896)
2331 4909 2442 4964 Vid
2474 4909 2627 4962 infra
2655 4905 2783 4974 §36.

2175 4913 2282 4967 896
2331 4913 2442 4964 Vid
2474 4913 2627 4962 infra
2655 4913 2783 4974 §36.

2153 4913 2302 5108 ἔξω)
2333 4981 2462 5036 Vid.
2490 4976 2742 5034 Annales
2774 4973 3308 5056 Hildesheimenses
3341 4971 3412 5026 ad
3435 4970 3730 5053 ειη.λᾶοᾷ

2219 5055 2298 5108 ita
2327 5049 2576 5107 Heinrici
2598 5049 2671 5104 1V
2702 5048 2856 5108 apud
2890 5045 3203 5102 Urstisium
3230 5061 3285 5108 p.
3317 5043 3558 5108 389,ub1
3603 5058 3730 5108 qut-

2082 5060 2140 5110 et
2156 5041 2298 5109 Vita
2327 5049 2576 5107 Heinrici
2598 5049 2671 5104 1V
2702 5048 2856 5120 apud
2890 5043 3203 5120 Urstisium
3230 5041 3558 5120 p._389,ubi
3589 5041 3730 5120 gui-

2082 5127 2213 5181 dem
2246 5124 2419 5196 legati
2454 5137 2663 5178 nomen
2697 5112 2852 5176 haud
2872 5112 3339 5190 exprimitur,hic
3365 5119 3559 5170 autem
3582 5112 3728 5168 Geb-

2084 5195 2518 5253 hardus’fuisse
2553 5195 2930 5248 monstratur.

2176 5268 2302 5337 898)
2331 5265 2633 5338 conradus
2657 5264 2897 5338 U_sperg.
2934 5261 3004 5338 ad
3040 5257 3326 5338 an.__tHI.

2178 5322 2304 5405 899)
2335 5336 2482 5391 Aliis
2515 5335 2646 5390 Otto
2678 5322 2912 5390 dicitur.
2950 5335 3013 5405 In
3053 5329 3290 5396 antiquo
3350 5322 3728 5405 monumento

2083 5391 2426 5466 Castell'ensi
2457 5407 2538 5462 ita
2566 5406 2817 5478 legitur:
2851 5427 2878 5478 (ξ
2902 5391 3254 5457 Altmannus
3286 5395 3514 5478 primus
3548 5391 3730 5478 abbas

2083 5482 2262 5550 hujus
2291 5465 2819 5550 monasteriilliunc
2862 5465 3346 5550 locumsuscep'it
3406 5465 3728 5538 regendum

2084 5543 2245 5618 “93,
2283 5575 2308 5600 ››
2344 5552 2440 5606 ubi
2464 5556 2657 5606 tamen
2678 5547 2865 5618 nildc_
2883 5543 3265 5618 Theod0_rico_.

2157 5607 2306 5751 (990)
2323 5623 2490 5700 Pater
2512 5619 2767 5702 Udalrici
2835 5610 3296 5697 Qonstanticnsis
3317 5609 3595 5686 episcopi.
3618 5607 3728 5665 Vid

2161 5713 2263 5751 ora
2312 5739 2323 5751 .
2358 5713 2398 5751 ι.
2430 5697 2456 5751 ξ
2487 5698 2518 5749 8
2543 5698 2600 5750 et
2623 5691 2917 5751 dlSQuISIt.
2953 5688 2980 5751 §
3007 5684 3096 5742 2i.

2086 5684 2263 5775 supra
2283 5684 2323 5752 Ι.
2358 5713 2398 5763 ι,
2430 5697 2456 5762 §
2487 5698 2518 5749 8
2543 5698 2600 5750 et
2623 5687 2917 5766 disquisit.
2953 5688 2980 5755 §
3007 5684 3096 5742 2i.
