4152 6186
236 236 356 302 357

299 462 410 517 Per
463 461 620 518 idem
675 465 910 536 tempus
977 376 1246 522 ligno“
1317 468 1582 539 quaedam
1643 467 1876 536 nobilis,

234 550 467 607 nomine
494 550 690 617 Azala,
751 553 914 608 dedit
942 555 1224 625 praedium
1258 573 1433 611 suum
1484 559 1554 612 ad
1589 562 1878 618 monaste-

232 640 380 696 rium
404 640 464 695 S.
498 639 758 713 Gregorii
793 658 975 713 papze,
995 644 1162 726 (quod
1196 644 1402 700 habuit
1434 646 1560 718 ipsa
1592 647 1746 718 apud
1777 646 1881 701 vil-

1116 235 1563 309 CHRONICON
1612 235 2334 308 PETERSHUSANUM.
2369 279 2444 290 -—
2475 246 2620 308 LIB.
2666 243 2766 309 IV.

3517 251 3636 319 358
3649 262 3652 264 ⁷

1914 383 1966 445 Λ
1997 379 2140 434 tiam
2171 382 2451 450 quaereret
2477 383 2533 434 et
2553 379 2762 435 diversi
2783 380 3043 438 diversas
3071 384 3389 442 sententias
3418 389 3638 458 profer-

1990 472 2138 537 rent,
2172 468 2242 522 ad
2273 469 2420 522 367
2485 467 2760 524 ultimum
2819 468 3286 542 interrogabatur
3331 474 3638 536 Luitoldus

1991 555 2138 626 (926)
2169 572 2364 612 comes
2395 557 2464 612 de
2493 556 2820 613 Alchalmin
2872 559 3011 630 quid
3045 558 3156 614 sibi
3189 575 3292 632 pro
3322 561 3432 618 hac
3462 581 3640 622 causa

1990 644 2300 712 videretur,
2330 661 2396 700 eo
2429 646 2581 716 quod
2615 646 2739 716 ipse
2770 651 2922 704 esset
2971 648 3161 719 major
3199 655 3361 718 natu,
3395 655 3454 708 et
3499 653 3642 710 recti

232 730 504 800 lam,qure
525 729 741 785 dicitur
763 730 1115 804 Pfruwanga
1141 732 1311 803 (922),
1343 738 1399 789 et
1430 735 1559 806 ipsa
1588 735 1646 790 in
1679 736 1881 792 eodem
1991 732 2224 804 verique
2255 738 2448 788 tenax.
2489 735 2560 788 At
2588 733 2684 788 ille
2714 735 2861 790 dixit
2890 736 3000 791 sibi
3032 736 3270 794 omnino
3291 739 3525 810 justum
3555 742 3644 798 vi-

235 818 493 874 cmnobio
525 835 715 890 usque
745 820 818 874 ad
871 821 1022 876 386
1072 821 1248 877 ﬁnem
1280 823 1407 878 vitae
1438 841 1556 879 suae
1586 824 1645 878 in
1678 824 1879 879 habitu

235 905 523 978 spirituali
539 907 1052 977 permansit.Quod
1071 912 1266 964 tamen
1289 911 1573 982 praedium
1599 911 1885 966 Bertolfus

237 995 416 1050 abbas
446 1012 482 1050 a
506 994 740 1050 ﬁliabus
769 1000 827 1050 et
849 996 1148 1052 sororibus
1169 999 1298 1068 ejus
1319 999 1507 1055 multa
1528 1000 1772 1072 pecunia
1790 1000 1886 1056 vix

237 1083 503 1140 redemit.

993 1174 1120 1247 δν.

307 1261 455 1333 (923)
489 1261 625 1317 Erat
659 1262 901 1334 quidam
935 1262 1150 1318 nobilis
1208 1264 1266 1318 in
1316 1282 1462 1337 pago
1494 1265 1750 1339 Lintzgo,
1784 1284 1888 1323 no-

238 1350 393 1405 mine
422 1353 622 1405 Cuono
648 1368 662 1418 ;
695 1350 876 1422 hujus
907 1356 1030 1407 erat
1061 1351 1215 1419 villa,
1271 1370 1396 1425 qua:
1446 1355 1892 1425 cognominatur

239 1439 616 1511 Pfruwanga,
666 1456 700 1494 a
742 1441 1085 1511 parentibus
1130 1441 1398 1512 sibijure
1429 1443 1790 1500 baereditario
1823 1461 1890 1501 ex

237 1527 462 1599 integro
483 1525 818 1583 relicta.Hic
840 1530 1044 1600 genuit
1073 1531 1220 1585 duos
1253 1530 1427 1599 ﬁlios,
1461 1548 1710 1603 quorum
1735 1551 1889 1589 unus

237 1615 521 1688 Meguizo,
554 1615 700 1671 alter
721 1633 854 1672 vero
875 1620 1074 1674 Cuono
1100 1618 1422 1676 dicebatur.
1460 1619 1526 1675 Hi
1561 1638 1695 1694 ergo
1729 1627 1891 1694 patre

238 1707 473 1759 mortuo
504 1704 828 1761 diviserunt
850 1707 1002 1762 inter
1023 1723 1082 1762 se
1096 1708 1224 1777 jam
1257 1708 1474 1764 dictam
1505 1709 1702 1765 villam
1726 1712 1890 1766 Piru-

236 1793 683 1866 wangam.Post
714 1795 835 1850 haec
867 1813 1024 1851 unus
1054 1813 1278 1864 eorum,
1306 1798 1406 1868 qui
1439 1798 1742 1855 dicebatur
1772 1801 1891 1873 Me;

235 1883 428 1955 guizo,
460 1881 622 1936 dedit
643 1899 812 1937 suam
837 1888 1057 1954 partem
1082 1884 1339 1940 ecclesiae
1365 1886 1588 1942 Sanctae
1610 1888 1892 1943 Constan-

239 1970 408 2026 tiensi
457 1987 530 2026 ea
580 1972 934 2039 conditione,
985 1977 1049 2028 ut
1080 1974 1222 2046 ipse,
1277 1977 1534 2046 quandiu
1574 1976 1804 2044 viveret,
1838 1981 1895 2032 et

239 2065 442 2132 postea
499 2060 761 2116 haeredes
817 2062 970 2131 ejus,
1027 2066 1149 2117 tam
1200 2063 1604 2119 investituram
1638 2065 1894 2121 ecclesiae

241 2165 418 2222 quam
453 2148 812 2204 advocatiam
847 2149 973 2205 sine
1006 2149 1126 2206 ulla
1155 2152 1611 2208 contradictione
1642 2154 1895 2225 posside-

241 2242 385 2293 rent.
422 2237 622 2292 Frater
654 2241 849 2293 autem
883 2238 1010 2309 ejus
1032 2239 1230 2296 Cuono
1263 2241 1426 2296 duxit
1458 2259 1718 2308 uxorem,
1751 2246 1807 2298 et
1826 2259 1895 2299 ex

240 2343 305 2382 ea
330 2328 482 2382 duos
503 2326 711 2399 genuit
733 2326 1159 2399 ﬁlios,quorum
1184 2330 1283 2384 uni
1308 2346 1519 2386 nomen
1541 2336 1665 2386 erat
1687 2331 1894 2400 Wezil,

242 2415 403 2472 alteri
435 2431 574 2470 vero
604 2415 845 2471 Gebino.
871 2415 1056 2488 Igitur
1085 2416 1266 2473 Wezil
1300 2423 1459 2490 patre
1491 2420 1762 2477 defuncto
1794 2422 1894 2477 ad-

242 2504 389 2560 didit
420 2503 680 2560 ecclesia
711 2505 867 2576 apud
915 2504 1269 2579 Pfruwanga
1298 2509 1368 2563 de
1399 2525 1504 2564 suo
1532 2510 1765 2582 proprio
1797 2526 1895 2566 ca-

242 2593 456 2666 pellam
508 2607 714 2661 nnam,
748 2609 994 2666 eamque
1024 2595 1281 2652 dedicari
1333 2597 1469 2653 fecit
1498 2597 1556 2652 in
1589 2598 1808 2655 honore
1837 2600 1892 2655 S.

241 2681 468 2738 Nazarii
502 2685 679 2737 mart.
702 2686 760 2738 et
781 2683 852 2737 de
873 2683 996 2738 suis
1019 2685 1270 2756 propriis
1293 2686 1475 2741 servis
1497 2687 1656 2743 dedit
1677 2687 1816 2743 illuc
1835 2689 1894 2745 in

243 2773 435 2828 dotem
467 2772 924 2839 unum,nomine
952 2773 1505 2844 Gisilmarum,dans
1536 2777 1726 2832 eidem
1750 2795 1896 2834 uxo-

245 2879 360 2918 rem
390 2862 738 2935 ingenuam,
790 2861 1026 2917 nomine
1074 2863 1331 2930 Azalam,
1381 2881 1630 2935 quorum
1679 2867 1895 2937 posteri

1994 821 2114 876 deri
2139 825 2332 893 ut,per
2352 839 2600 893 quorum
2627 828 2897 894 parentes
2919 824 3175 880 Ecclesia
3205 826 3462 899 idipsum
3494 847 3645 902 prte-

1994 910 2156 964 dium
2191 911 2487 981 possidere
2530 911 2924 979 videretur,ab
2955 913 3038 968 eis
3068 913 3437 988 privilegium
3469 919 3644 976 advo-

1995 999 2156 1053 catis:
2179 999 2298 1054 sive
2323 999 2676 1055 investiturae
2701 1000 2860 1056 nulla
2880 1002 3103 1057 ratione
3126 1003 3464 1062 tolleretur:
3497 1011 3555 1063 et
3583 1009 3644 1064 in

1995 1086 2104 1141 hac
2135 1087 2425 1142 sententia
2454 1103 2521 1142 ea
2551 1087 2644 1143 die
2665 1091 2925 1160 synodus
2952 1106 3183 1163 quoque
3202 1093 3514 1151 terminata
3532 1101 3641 1153 est.

1998 1174 2180 1248 Igitur
2209 1174 2332 1246 ipse
2363 1176 2621 1243 Cuno,de
2652 1193 2766 1248 quo
2797 1177 3051 1249 agimus,
3097 1182 3321 1236 retenta
3348 1183 3647 1241 advocatis

1997 1268 2053 1319 et
2081 1263 2426 1319 investitura
2446 1265 2668 1336 accepit
2700 1282 2937 1320 uxorem
2971 1271 3027 1320 et
3051 1268 3252 1338 genuit
3301 1268 3506 1338 filium,
3541 1289 3646 1328 no-

1999 1352 2152 1407 mine
2183 1353 2532 1420 Conradum,
2567 1358 2622 1408 et
2651 1354 2910 1424 quinque
2941 1354 3111 1420 filias,
3137 1373 3381 1427 quarum
3405 1359 3504 1414 uni
3536 1377 3649 1416 no-

1999 1442 2156 1496 mine
2185 1441 2544 1509 Azala,dedit
2575 1442 2859 1514 quidquid
2894 1443 3018 1514 ipse
3050 1443 3107 1498 in
3140 1444 3495 1520 Pfruwanga
3523 1466 3650 1520 pos-

1999 1529 2227 1586 sidebat
2251 1548 2263 1598 ;
2299 1531 2468 1600 cujus
2488 1531 2801 1586 advocatus
2818 1535 2941 1587 erat
2963 1532 3141 1588 frater
3169 1535 3297 1606 ejus
3328 1537 3646 1604 Conradus,

2000 1620 2098 1690 qui
2131 1620 2285 1691 apud
2318 1620 2633 1691 Frikki-nga
2664 1621 2810 1690 (927)
2843 1620 3222 1678 habitaverat.

2746 1708 2776 1779 §
2809 1708 2901 1763 VI.
3397 1777 3405 1786 τ

2074 1796 2207 1850 Post
2241 1795 2360 1850 haec
2384 1796 2690 1851 Heinricus
2710 1797 2856 1866 (928)
2889 1797 2976 1851 vir
3005 1798 3408 1857 nobilissimus
3437 1806 3495 1857 et
3519 1820 3654 1875 pru-

2002 1886 2145 1940 dens
2186 1885 2257 1939 ad
2289 1890 2546 1939 extrema
2575 1884 2699 1938 vitae
2733 1885 3070 1956 perveniens
3101 1887 3260 1943 dedit
3296 1891 3651 1948 monasterio

2004 1974 2307 2029 dimidiam
2333 1977 2554 2045 partem
2579 1972 2835 2044 praedioli
2859 1974 3014 2045 apud
3037 1974 3360 2031 Elinchotin
3384 1978 3556 2050 (929),
3575 1979 3655 2035 a1-

2004 2066 2184 2117 teram
2210 2079 2342 2116 vero
2367 2061 2736 2117 medietatem
2759 2061 2921 2116 dedit
2941 2079 3086 2117 uxor
3105 2065 3232 2133 ejus
3267 2065 3509 2122 Rihinza
3533 2083 3654 2123 mo-

2004 2151 2180 2218 riens,
2217 2150 2325 2205 sub
2359 2166 2425 2204 ea
2473 2153 2668 2204 tamen
2701 2150 3028 2205 conditione
3073 2156 3137 2206 ut
3166 2153 3223 2206 in
3255 2154 3652 2212 anniversario

2004 2241 2097 2294 die
2130 2241 2439 2310 utriusque
2465 2237 2745 2293 fratribus
2777 2239 2911 2294 inde
2944 2239 3312 2296 ministretur
3340 2258 3473 2298 cum
3504 2260 3655 2316 pane

2004 2333 2062 2384 et
2088 2328 2221 2384 vino
2252 2332 2306 2383 et
2336 2327 2619 2399 piscibus.

2736 2419 2763 2486 §
2791 2416 2913 2472 vn.

2076 2506 2332 2561 Audiens
2355 2509 2550 2561 autem
2573 2505 2917 2562 Adelbertus
2935 2506 3357 2580 Moguntiensis
3375 2508 3658 2582 archiepi-

2005 2612 2220 2668 scopus
2269 2595 2489 2651 obitum
2547 2595 2794 2650 Heinrici
2850 2594 3011 2650 misit
3052 2596 3295 2664 litteras,
3344 2597 3404 2652 in
3439 2598 3655 2670 quibus

2007 2685 2304 2740 mandavit
2361 2683 2627 2739 Udalrico
2678 2683 2948 2755 episcopo
2996 2688 3061 2738 ut
3108 2684 3418 2755 projiceret
3443 2701 3656 2759 corpus

2006 2771 2262 2828 Heinrici
2294 2773 2363 2826 de
2395 2771 2744 2836 coemeterio,
2799 2774 2900 2825 aut
2944 2769 3206 2826 divinum
3257 2787 3406 2845 opus
3436 2773 3492 2828 in
3526 2774 3656 2847 ipso

2007 2861 2361 2916 monasterio
2380 2864 2655 2926 cessaret,
2685 2876 2991 2930 quousque
3010 2859 3132 2932 ipse
3164 2860 3244 2916 ibi
3259 2862 3656 2932 jaceret.Cum

244 2966 466 3016 omnes,
502 2951 658 3005 sicut
690 2949 865 3005 hodie
896 2950 1176 3020 cernitur,
1208 2953 1279 3006 ad
1313 2953 1575 3008 eamdem
1610 2955 1901 3026 pertinent
2008 2949 2164 3004 enim
2196 2948 2501 3004 Heinricus
2533 2947 2852 3020 imperator
2874 2949 2932 3002 in
2959 2948 3124 3004 Italia
3144 2954 3381 3018 esset,et
3408 2951 3657 3008 Frideri-

245 3039 763 3112 capellam.Frater
783 3056 1014 3111 quoque
1037 3042 1165 3112 ejus
1182 3041 1401 3096 Gebino
1425 3042 1706 3114 prmdium
1722 3060 1897 3098 suum
2009 3054 2113 3091 cus
2147 3037 2264 3092 dux
2295 3037 2618 3092 Suevorum
2651 3036 3119 3109 Moguntiensem
3144 3037 3460 3094 Ecclesiam
3483 3040 3657 3096 deva-

242 3129 400 3200 apud
461 3126 923 3200 Ringginwilare
979 3130 1126 3200 (924)
1158 3130 1319 3184 dedit
1374 3131 1444 3185 ad
1478 3134 1899 3189 monasterium
1930 3114 1972 3180 C
2012 3129 2192 3181 staret
2248 3125 2394 3196 (930)
2449 3129 2682 3196 propter
2737 3123 3112 3180 rebellionem
3163 3142 3278 3196 qua
3313 3126 3656 3183 Adelbertus

243 3217 306 3272 S.
340 3215 604 3286 Gregorii
634 3232 818 3287 papas,
849 3216 1214 3272 Petrishusin
1239 3217 1483 3287 dictum,
1511 3219 1741 3292 aliaque
1772 3239 1900 3294 per-
2012 3213 2270 3284 ejusdem
2305 3211 2568 3270 Ecclesia
2602 3212 3076 3285 archiepiscopus
3105 3213 3442 3286 imperatori
3472 3214 3658 3272 rebel-

251 3305 440 3378 plnra
466 3303 619 3358 bona
641 3301 752 3359 illic
808 3309 952 3360 tunc
1011 3307 1356 3378 degentibus
1415 3309 1792 3378 ministravit,
1847 3316 1904 3368 et
2013 3302 2191 3367 labat,
2224 3301 2378 3356 idem
2411 3301 2719 3356 Heinricus
2739 3301 2808 3357 de
2841 3302 3172 3375 Hirzisegga
3202 3303 3335 3358 duci
3367 3303 3658 3375 adjutorio

253 3405 456 3463 usque
476 3391 546 3444 ad
569 3391 776 3448 obitum
801 3411 977 3449 suum
1001 3394 1118 3449 illic
1141 3397 1901 3470 permansithitur‘Vezil,
2016 3391 2144 3457 fuit,
2179 3408 2241 3445 ac
2273 3392 2344 3446 ob
2374 3390 2526 3445 hanc
2549 3407 2784 3446 causam
2809 3391 3283 3464 archiepiscopus
3299 3409 3432 3448 eum
3455 3393 3527 3450 de
3553 3409 3664 3451 coe-

252 3482 326 3536 de
357 3497 476 3552 quo
503 3483 768 3553 superius
801 3483 1082 3552 diximus,
1116 3484 1294 3539 frater
1323 3485 1662 3552 Gebinonis,
1686 3489 1905 3561 accepit
2017 3480 2254 3536 meterio
2277 3480 2405 3550 ejici
2427 3480 2627 3535 voluit.
2665 3482 2790 3552 Ipse
2822 3485 3018 3536 autem
3050 3479 3354 3537 Udalricus
3384 3482 3506 3538 suis
3536 3498 3662 3539 ma-

246 3585 508 3636 uxorem,
541 3585 671 3640 quae
701 3569 750 3625 ei
773 3571 1000 3644 peperit
1030 3570 1240 3641 ﬁlium,
1277 3574 1514 3629 nomine
1542 3574 1902 3634 Cuononem,
2017 3570 2192 3625 nibus
2224 3585 2356 3624 eum
2389 3567 2715 3641 sepelierat,
2743 3573 2799 3624 et
2832 3569 2980 3624 inter
3005 3569 3167 3641 ipsas
3199 3570 3326 3640 ejus
3356 3571 3664 3642 exsequias

233 3657 498 3715 Pontifex
527 3674 664 3713 vero
698 3659 1062 3716 Ruomaldus
1103 3662 1409 3733 praedium,
1447 3665 1603 3736 quod
1635 3667 1905 3737 supradi-
2015 3660 2143 3729 ejus
2174 3658 2524 3730 poenitentia:
2555 3658 2773 3729 grande
2803 3658 3204 3712 testimonium
3263 3657 3660 3729 perhibuerat.

231 3751 358 3802 ctus
382 3746 653 3819 Meguizo
677 3749 749 3802 ad
774 3749 831 3804 S.
866 3750 1376 3806 Constantiensem
1397 3752 1704 3808 ecclesiam
1738 3756 1904 3810 obtu-
2014 3752 2284 3802 Attamen
2320 3748 2376 3802 in
2408 3747 2536 3818 ipsa
2588 3745 2728 3801 ΓϐΗοι
2757 3763 2792 3799 ν
2841 3745 2993 3801 868
3037 3745 3222 3801 (ἷωηω
3256 3745 3482 3800 Domini
3513 3761 3662 3818 opus

230 3833 396 3903 lerat,
430 3835 708 3891 Heinrico
739 3836 1016 3892 advocato
1047 3839 1115 3894 de
1148 3839 1561 3896 Sanctomonte
1591 3844 1650 3897 in
1683 3843 1902 3899 beneﬁ-
2015 3836 2116 3892 Dei
2145 3836 2204 3890 in
2228 3836 2355 3908 ipsa
2377 3836 2618 3890 ecclesia
2642 3833 2763 3889 fieri
2788 3833 3108 3904 prohibuit,
3134 3840 3191 3889 et
3222 3836 3461 3906 rogatus
3482 3851 3516 3889 a
3541 3835 3665 3890 fra-

231 3923 388 3979 cium
419 3929 879 3991 concesserat,et
911 3927 1034 3997 ipse
1065 3927 1325 3982 Bennoni
1353 3929 1422 3983 dc
1455 3929 1728 4000 Speichin
1753 3931 1905 4018 (925)

235 4012 674 4068 concessit.Iste
704 4013 926 4068 scilicet
949 4015 1143 4070 Benno
1175 4016 1451 4088 primitus
1471 4017 1700 4090 litigare
1730 4011 1908 4091 erepit
2013 4012 2296 4084 batis,qui
2326 4013 2385 4066 in
2407 4013 2535 4083 ejus
2558 4011 2837 4082 obsequio
2870 4016 3115 4067 mortem
3140 4011 3420 4073 subierat.
3454 4011 3662 4069 saltem

237 4118 369 4156 cum
400 4103 650 4158 Cunone
681 4118 784 4173 pro
807 4103 1107 4158 advocatia
1137 4105 1291 4176 apud
1316 4105 1694 4179 Pfruwanga,
1729 4124 1904 4178 quam
2015 4104 2074 4158 in
2101 4102 2246 4174 ipsis
2271 4099 2644 4174 paschalibus
2664 4099 2826 4155 festis
2852 4104 3083 4156 cantare
3105 4101 3486 4172 permitteret,
3508 4101 3666 4172 jura-

238 4207 443 4246 omnes
466 4191 874 4262 progenitores
895 4191 1086 4263 ipsius
1109 4194 1366 4250 Cunonis
1393 4196 1613 4266 absque
1634 4195 1756 4251 ulla
1776 4213 1909 4251 con-
2013 4193 2096 4247 vit
2125 4208 2228 4263 per
2275 4190 2531 4245 animam
2559 4188 2745 4261 ipsius
2777 4193 2836 4244 et
2864 4206 2967 4261 per
2995 4206 3198 4246 omnes
3230 4189 3459 4245 animas
3505 4191 3662 4261 quod

238 4279 590 4335 tradictione
610 4279 1487 4355 habuerant;eteousqueinter
1512 4289 1905 4340 eoscertatum
2017 4297 2131 4337 non
2181 4278 2560 4351 permitteret,
2611 4281 2668 4333 et
2716 4278 2796 4333 ita
2847 4277 3047 4333 stricte
3093 4277 3424 4350 obsignavit
3462 4281 3663 4334 utnec

238 4368 546 4437 est,donec
569 4369 936 4440 temporibus
957 4370 1248 4426 Gebhardi
1272 4371 1347 4426 III
1366 4373 1632 4443 ejusdem
1654 4373 1910 4429 nominis
2016 4369 2272 4442 privatas
2305 4367 2598 4422 orationes
2628 4383 2986 4439 quemquam
3010 4367 3066 4421 in
3096 4365 3453 4434 ecclesia,vel
3486 4365 3543 4420 in
3567 4381 3664 4422 ca-

237 4457 502 4529 episc0pi
529 4456 903 4524 Constantiae,
937 4459 996 4512 in
1028 4460 1318 4530 synodum
1342 4462 1546 4516 eadem
1571 4479 1749 4516 causa
1769 4478 1903 4517 ven-
1936 4480 1982 4544 Ι)
2017 4457 2186 4530 pellis
2217 4456 2329 4529 ipsi
2359 4456 2815 4522 adhaerentibus,
2850 4456 3035 4544 facere
3056 4455 3417 4544 concederet.
3439 4453 3549 4544 Sed
3568 4454 3664 4544 vix

233 4545 470 4601 tilanda
501 4544 727 4616 perlata
755 4551 863 4612 est,
901 4547 1097 4618 itaque
1129 4565 1263 4604 cum
1297 4549 1536 4620 querela
1566 4567 1670 4622 pro
1700 4552 1902 4606 eadem
1936 4541 1971 4544 —
2014 4546 2302 4602 concessit
2332 4547 2590 4617 rogatus,
2625 4549 2690 4598 ut
2718 4544 2873 4614 apud
2929 4545 2987 4598 S.
3020 4543 3264 4597 Mariam
3301 4543 3470 4612 juxta
3499 4541 3664 4597 infir-

235 4649 427 4690 causa
455 4636 615 4688 esset
643 4633 887 4706 perlata,
918 4640 975 4692 et
1004 4635 1316 4709 episcopus
1347 4655 1380 4693 a
1413 4639 1634 4710 synodo
1668 4642 1904 4694 senten-
2015 4635 2262 4692 mariam
2286 4633 2476 4690 officia
2497 4633 2691 4688 divina
2711 4632 3303 4688 celebrarent.Actum
3323 4646 3474 4710 anno
3491 4629 3660 4687 Dom.

2015 3926 2202 3980 tribus
2234 3924 2502 3979 ﬂebiliter
2533 3927 2596 3978 ut
2647 3927 2881 3994 propter
2905 3923 3163 3978 animam
3193 3923 3529 3978 Theoderici
3559 3923 3662 3980 ab-

502 4772 636 4857 Xid.
674 4792 851 4857 supra
880 4776 918 4832 1.
954 4778 1192 4857 u,_§_18.

307 4845 470 4918 (9'23)
505 4846 636 4900 Haec
666 4845 905 4922 quidem
937 4845 1132 4905 etsiwin
1164 4851 1426 4922 margine
1476 4852 1668 4922 posita
1696 4853 1769 4908 ob
1801 4871 1906 4910 no-

229 4921 442 4990 titiam
475 4922 673 4972 tamen
708 4919 1012 4976 retinenda
1042 4922 1212 4977 nobis
1243 4919 1608 4990 videbantur,
1638 4941 1769 4980 cum
1803 4943 1904 4982 no-

229 4990 399 5066 bilis_
420 4988 600 5059 hujus
625 4991 1040 5066 in_Lintzgovia
1061 4993 1294 5048 familia:
1319 4994 1478 5050 nulla
1504 4988 1759 5066 amplius
1792 5015 1909 5054 me-

233 5059 442 5118 moria
472 5061 752 5132 supersit.

307 5132 475 5206 (925)
505 5131 636 5206 Yid.
672 5149 868 5206 supra.
900 5133 940 5189 1.
977 5151 1038 5200 ιι,
1070 5135 1099 5206 §
1129 5135 1217 5190 48.

310 5201 474 5277 (92$)
528 5201 847 5277 Notariliic
878 5201 1109 5260 videtur
1137 5207 1337 5277 ignota
1368 5207 1493 5277 jam
1525 5209 1737 5264 nobilis
1769 5208 1906 5265 olim

231 5273 481 5334 familia
511 5273 581 5353 de
609 5275 999 5353 Spaichingen
1031 5277 1088 5332 in
1122 5273 1400 5353 comitatu
1440 5278 1805 5353 Hebenberg,
1838 5282 1910 5338 de

232 5365 364 5422 quo
385 5345 625 5422 passim
639 5345 788 5422 ﬁgit
808 5345 1122 5422 Gerbertus
1153 5350 1212 5403 in
1245 5349 1614 5422 Hist._Nigrre
1646 5345 1834 5408 suae.

312 5415 474 5487 (9‘26)
507 5415 613 5472 Hic
639 5415 988 5476 Liutholdus
1014 5437 1146 5475 cum
1176 5422 1353 5476 fratre
1381 5415 1618 5476 Cunbne
1646 5424 1912 5480 fundavit

237 5489 682 5565 monasterium
716 5490 1171 5565 vaifaltenseet
1191 5497 1334 5565 post
1364 5493 1588 5565 obitum
1614 5511 1784 5551 suum
1810 5513 1905 5552 an.

241 5563 393 5624 1098
413 5560 634 5621 ibidem
658 5561 924 5644 sepultus
940 5560 1498 5625 estNidhistoriam
1517 5563 1679 5628 dictis
1701 5566 1908 5630 funda-

2013 4778 2192 4834 tionis
2223 4778 2280 4831 in
2312 4781 2373 4830 P.
2408 4775 2552 4830 Hess
2583 4774 2838 4848 Monum.
2876 4771 3120 4848 Guelph.
3155 4789 3210 4844 p.
3259 4774 3575 4848 t6_5‘seqq.,
3609 4777 3666 4832 et

2016 4848 2310 4904 Berthold.
2347 4848 2649 4901 Constant.
2684 4845 2740 4898 in
2774 4845 2985 4899 Chron.
3021 4845 3090 4899 ad
3124 4861 3218 4900 an.
3252 4845 3412 4900 1099.

2086 4921 2233 4991 (927)
2271 4919 2613 4991 Frickingen
2645 4917 2702 4970 in
2737 4915 2993 4991 capitulo
3025 4921 3081 4971 et
3111 4933 3260 4991 pago
3320 4916 3663 4991 Linzgovize,

2016 4988 2169 5047 unde
2197 4988 2342 5046 ibrte
2372 4988 2607 5044 fuerunt
2637 4988 3010 5043 Burchardus
3060 4988 3420 5045 etAlbertus
3451 4988 3522 5046 de
3543 4988 3666 5044 Fri-

2017 5063 2288 5135 chingen,
2323 5062 2500 5116 notati
2549 5060 2608 5115 in
2642 5059 2860 5116 chartis
2899 5072 3010 5117 'an.
3063 5061 3202 5116 1152
3230 5065 3285 5117 et
3344 5061 3479 5117 1185
3507 5059 3664 5132 apud

2017 5135 2499 5278 Ηῗέιέῗδῒὲεἰιὶοθῐ
2557 5203 2628 5256 de
2688 5202 3042 5278 Hirzisegga,
3084 5203 3248 5278 forte
3300 5200 3458 5255 ﬁlius
3487 5202 3664 5255 Here-

2932 5276 3355 5402 tiigfl'ezn'hofensi
3385 5339 3662 5413 capitulo.

2108 5411 2234 5489 930)
2264 5416 2494 5491 Bellum,
2519 5416 2626 5474 hoc
2656 5417 3101 5491 Moguntinense
3131 5418 3329 5470 narrat
3371 5411 3666 5476 annalists

2016 5490 2160 5550 Scito
2191 5491 2262 5550 ad
2296 5507 2388 5548 an.
2443 5490 2600 5548 1117.

2019 5274 2240 5342 manui,
2273 5275 2343 5329 de
2375 5291 2489 5346 quo
2516 5291 2694 5346 supra
2718 5274 2855 5357 I._n,

2089 5349 2234 5403 (929)
2265 5346 2432 5402 Forte
2462 5345 2724 5402 Ellhofen
2772 5363 2834 5402 1n

2109 5349 2234 5414 929)
2265 5345 2432 5402 Forte
2462 5345 2724 5402 Ellhofen
2772 5346 2834 5402 in
