  <div class='ocr_page' id='page_1' title='image "/cluster/home/n/w/nwhite01/storage/ocr_20150623/143/hvd.32044054760038/188.png"; bbox 0 0 4152 6186; ppageno 0'>
   <div class='ocr_carea' id='block_1_1' title="bbox 293 226 429 300">
    <p class='ocr_par' dir='ltr' id='par_1_1' title="bbox 293 226 429 300">
     <span class='ocr_line' id='line_1_1' title="bbox 293 226 429 300; baseline -0.022 0"><span class='ocrx_word' id='word_1_1' title='bbox 293 226 429 300; x_wconf 49' lang='lat' dir='ltr'><strong>ﬂ!</strong></span> 
     </span>
    </p>
   </div>
   <div class='ocr_carea' id='block_1_2' title="bbox 1025 216 2840 304">
    <p class='ocr_par' dir='ltr' id='par_1_2' title="bbox 1025 216 2840 304">
     <span class='ocr_line' id='line_1_2' title="bbox 1025 216 2840 304; baseline 0.001 -1"><span class='ocrx_word' id='word_1_2' title='bbox 1025 228 1029 230; x_wconf 84' lang='grc'>·</span> <span class='ocrx_word' id='word_1_3' title='bbox 1123 241 1127 246; x_wconf 90' lang='grc'>·</span> <span class='ocrx_word' id='word_1_4' title='bbox 1195 229 1646 304; x_wconf 71' lang='lat' dir='ltr'><strong>CHRONICON</strong></span> <span class='ocrx_word' id='word_1_5' title='bbox 1692 216 2684 304; x_wconf 60' lang='lat' dir='ltr'><strong>PETERSHUSANUM.—LIB.</strong></span> <span class='ocrx_word' id='word_1_6' title='bbox 2733 237 2840 304; x_wconf 76' lang='grc' dir='ltr'><strong>ιν.</strong></span> 
     </span>
    </p>
   </div>
   <div class='ocr_carea' id='block_1_3' title="bbox 3601 211 3719 308">
    <p class='ocr_par' dir='ltr' id='par_1_3' title="bbox 3601 211 3719 308">
     <span class='ocr_line' id='line_1_3' title="bbox 3601 211 3719 308; baseline -0.025 0"><span class='ocrx_word' id='word_1_7' title='bbox 3601 211 3719 308; x_wconf 70' lang='lat'><strong>3&#39;62</strong></span> 
     </span>
    </p>
   </div>
   <div class='ocr_carea' id='block_1_4' title="bbox 312 365 3717 446">
    <p class='ocr_par' dir='ltr' id='par_1_4' title="bbox 312 365 3717 446">
     <span class='ocr_line' id='line_1_4' title="bbox 312 365 3717 446; baseline 0.001 -18"><span class='ocrx_word' id='word_1_8' title='bbox 312 384 493 428; x_wconf 80' lang='lat' dir='ltr'><strong>senex</strong></span> <span class='ocrx_word' id='word_1_9' title='bbox 521 365 825 445; x_wconf 73' lang='lat' dir='ltr'><strong>presbyter</strong></span> <span class='ocrx_word' id='word_1_10' title='bbox 849 367 990 429; x_wconf 87' lang='lat' dir='ltr'><strong>illuc</strong></span> <span class='ocrx_word' id='word_1_11' title='bbox 1019 369 1408 430; x_wconf 70' lang='lat' dir='ltr'><strong>transmissus</strong></span> <span class='ocrx_word' id='word_1_12' title='bbox 1441 374 1685 446; x_wconf 81' lang='lat' dir='ltr'><strong>praefuit,</strong></span> <span class='ocrx_word' id='word_1_13' title='bbox 1713 375 1822 428; x_wconf 97' lang='lat' dir='ltr'><strong>sub</strong></span> <span class='ocrx_word' id='word_1_14' title='bbox 1845 389 1960 444; x_wconf 88' lang='lat' dir='ltr'><strong>quo</strong></span> <span class='ocrx_word' id='word_1_15' title='bbox 1992 373 2056 438; x_wconf 70' lang='grc' dir='ltr'><strong>ΑΔ</strong></span> <span class='ocrx_word' id='word_1_16' title='bbox 2077 387 2196 426; x_wconf 81' lang='lat' dir='ltr'><strong>rem</strong></span> <span class='ocrx_word' id='word_1_17' title='bbox 2231 375 2576 442; x_wconf 76' lang='lat' dir='ltr'><strong>conﬁceret;</strong></span> <span class='ocrx_word' id='word_1_18' title='bbox 2607 375 2703 430; x_wconf 92' lang='lat' dir='ltr'><strong>alii</strong></span> <span class='ocrx_word' id='word_1_19' title='bbox 2729 379 2924 430; x_wconf 88' lang='lat' dir='ltr'><strong>autem</strong></span> <span class='ocrx_word' id='word_1_20' title='bbox 2944 375 3203 431; x_wconf 80' lang='lat' dir='ltr'><strong>dicerent</strong></span> <span class='ocrx_word' id='word_1_21' title='bbox 3232 375 3321 430; x_wconf 89' lang='lat' dir='ltr'><strong>ad</strong></span> <span class='ocrx_word' id='word_1_22' title='bbox 3355 374 3534 431; x_wconf 90' lang='lat' dir='ltr'><strong>altare</strong></span> <span class='ocrx_word' id='word_1_23' title='bbox 3581 392 3717 431; x_wconf 90' lang='lat' dir='ltr'><strong>eum</strong></span> 
     </span>
    </p>
   </div>
   <div class='ocr_carea' id='block_1_5' title="bbox 294 453 1963 529">
    <p class='ocr_par' dir='ltr' id='par_1_5' title="bbox 294 453 1963 529">
     <span class='ocr_line' id='line_1_5' title="bbox 294 453 1963 529; baseline 0.001 -16"><span class='ocrx_word' id='word_1_24' title='bbox 294 453 1026 529; x_wconf 51' lang='lat' dir='ltr'><strong>ﬂago‘illic&#39;tunc&#39;eram,</strong></span> <span class='ocrx_word' id='word_1_25' title='bbox 1058 465 1116 516; x_wconf 90' lang='lat' dir='ltr'><strong>et</strong></span> <span class='ocrx_word' id='word_1_26' title='bbox 1144 453 1462 516; x_wconf 83' lang='lat' dir='ltr'><strong>habuimus</strong></span> <span class='ocrx_word' id='word_1_27' title='bbox 1496 459 1808 518; x_wconf 67' lang='lat' dir='ltr'><strong>fmdoratos</strong></span> <span class='ocrx_word' id='word_1_28' title='bbox 1844 453 1963 515; x_wconf 86' lang='lat' dir='ltr'><strong>tam</strong></span> 
     </span>
    </p>
   </div>
   <div class='ocr_carea' id='block_1_6' title="bbox 295 539 1962 622">
    <p class='ocr_par' dir='ltr' id='par_1_6' title="bbox 295 539 1962 622">
     <span class='ocr_line' id='line_1_6' title="bbox 295 539 1962 622; baseline 0.001 -20"><span class='ocrx_word' id='word_1_29' title='bbox 295 539 740 602; x_wconf 54' lang='lat' dir='ltr'><strong>ﬂeamusehses</strong></span> <span class='ocrx_word' id='word_1_30' title='bbox 761 553 828 602; x_wconf 70' lang='lat' dir='ltr'><strong>&quot;et</strong></span> <span class='ocrx_word' id='word_1_31' title='bbox 853 545 1291 614; x_wconf 64' lang='lat' dir='ltr'><strong>Steinahenses,</strong></span> <span class='ocrx_word' id='word_1_32' title='bbox 1325 551 1428 622; x_wconf 85' lang='lat' dir='ltr'><strong>qui</strong></span> <span class='ocrx_word' id='word_1_33' title='bbox 1475 550 1767 606; x_wconf 77' lang='lat' dir='ltr'><strong>similiter</strong></span> <span class='ocrx_word' id='word_1_34' title='bbox 1788 539 1962 605; x_wconf 86' lang='lat' dir='ltr'><strong>suum</strong></span> 
     </span>
    </p>
   </div>
   <div class='ocr_carea' id='block_1_7' title="bbox 312 625 1959 711">
    <p class='ocr_par' dir='ltr' id='par_1_7' title="bbox 312 625 1959 711">
     <span class='ocr_line' id='line_1_7' title="bbox 312 625 1959 711; baseline 0.001 -20"><span class='ocrx_word' id='word_1_35' title='bbox 312 650 443 691; x_wconf 89' lang='lat' dir='ltr'><strong>esse</strong></span> <span class='ocrx_word' id='word_1_36' title='bbox 471 635 671 706; x_wconf 90' lang='lat' dir='ltr'><strong>ipsum</strong></span> <span class='ocrx_word' id='word_1_37' title='bbox 701 635 896 692; x_wconf 90' lang='lat' dir='ltr'><strong>locum</strong></span> <span class='ocrx_word' id='word_1_38' title='bbox 920 639 1241 705; x_wconf 81' lang='lat' dir='ltr'><strong>certabant,</strong></span> <span class='ocrx_word' id='word_1_39' title='bbox 1273 643 1330 694; x_wconf 91' lang='lat' dir='ltr'><strong>et</strong></span> <span class='ocrx_word' id='word_1_40' title='bbox 1360 625 1574 711; x_wconf 72' lang='lat' dir='ltr'><strong>saepius</strong></span> <span class='ocrx_word' id='word_1_41' title='bbox 1600 643 1732 694; x_wconf 90' lang='lat' dir='ltr'><strong>ante</strong></span> <span class='ocrx_word' id='word_1_42' title='bbox 1773 643 1959 694; x_wconf 83' lang='lat' dir='ltr'><strong>vasta-</strong></span> 
     </span>
    </p>
   </div>
   <div class='ocr_carea' id='block_1_8' title="bbox 315 720 1964 804">
    <p class='ocr_par' dir='ltr' id='par_1_8' title="bbox 315 720 1964 804">
     <span class='ocr_line' id='line_1_8' title="bbox 315 720 1964 804; baseline 0.002 -27"><span class='ocrx_word' id='word_1_43' title='bbox 315 726 541 791; x_wconf 87' lang='lat' dir='ltr'><strong>verant,</strong></span> <span class='ocrx_word' id='word_1_44' title='bbox 565 727 623 779; x_wconf 90' lang='lat' dir='ltr'><strong>et</strong></span> <span class='ocrx_word' id='word_1_45' title='bbox 647 723 841 804; x_wconf 82' lang='lat' dir='ltr'><strong>adhuc</strong></span> <span class='ocrx_word' id='word_1_46' title='bbox 872 726 1191 804; x_wconf 78' lang='lat' dir='ltr'><strong>devastant.</strong></span> <span class='ocrx_word' id='word_1_47' title='bbox 1217 720 1350 794; x_wconf 83' lang='lat' dir='ltr'><strong>Sed,</strong></span> <span class='ocrx_word' id='word_1_48' title='bbox 1377 745 1510 784; x_wconf 90' lang='lat' dir='ltr'><strong>cum</strong></span> <span class='ocrx_word' id='word_1_49' title='bbox 1536 729 1680 784; x_wconf 81' lang='lat' dir='ltr'><strong>satis</strong></span> <span class='ocrx_word' id='word_1_50' title='bbox 1701 727 1964 782; x_wconf 86' lang='lat' dir='ltr'><strong>ordinate</strong></span> 
     </span>
    </p>
   </div>
   <div class='ocr_carea' id='block_1_9' title="bbox 291 803 1959 884">
    <p class='ocr_par' dir='ltr' id='par_1_9' title="bbox 291 803 1959 884">
     <span class='ocr_line' id='line_1_9' title="bbox 291 803 1959 884; baseline 0.002 -17"><span class='ocrx_word' id='word_1_51' title='bbox 291 811 456 867; x_wconf 59' lang='lat' dir='ltr'><strong>anno</strong></span> <span class='ocrx_word' id='word_1_52' title='bbox 512 803 1020 884; x_wconf 58' lang='lat' dir='ltr'><strong>Mporis-diirina</strong></span> <span class='ocrx_word' id='word_1_53' title='bbox 1045 815 1410 871; x_wconf 81' lang='lat' dir='ltr'><strong>ethumana</strong></span> <span class='ocrx_word' id='word_1_54' title='bbox 1456 815 1537 870; x_wconf 87' lang='lat' dir='ltr'><strong>ibi</strong></span> <span class='ocrx_word' id='word_1_55' title='bbox 1583 805 1959 883; x_wconf 78' lang='lat' dir='ltr'><strong>haberentur,</strong></span> 
     </span>
    </p>
   </div>
   <div class='ocr_carea' id='block_1_10' title="bbox 284 891 1960 976">
    <p class='ocr_par' dir='ltr' id='par_1_10' title="bbox 284 891 1960 976">
     <span class='ocr_line' id='line_1_10' title="bbox 284 891 1960 976; baseline 0.001 -20"><span class='ocrx_word' id='word_1_56' title='bbox 284 891 624 956; x_wconf 56' lang='lat' dir='ltr'><strong>aUdalricus</strong></span> <span class='ocrx_word' id='word_1_57' title='bbox 646 897 979 974; x_wconf 77' lang='lat' dir='ltr'><strong>episcopus;</strong></span> <span class='ocrx_word' id='word_1_58' title='bbox 1005 902 1246 959; x_wconf 80' lang='lat' dir='ltr'><strong>cred‘ens</strong></span> <span class='ocrx_word' id='word_1_59' title='bbox 1267 905 1400 960; x_wconf 44' lang='lat' dir='ltr'><strong>sevci</strong></span> <span class='ocrx_word' id='word_1_60' title='bbox 1411 904 1526 959; x_wconf 89' lang='lat' dir='ltr'><strong>tius</strong></span> <span class='ocrx_word' id='word_1_61' title='bbox 1541 905 1816 976; x_wconf 85' lang='lat' dir='ltr'><strong>quiddam</strong></span> <span class='ocrx_word' id='word_1_62' title='bbox 1836 920 1960 958; x_wconf 89' lang='lat' dir='ltr'><strong>ma-</strong></span> 
     </span>
    </p>
   </div>
   <div class='ocr_carea' id='block_1_11' title="bbox 283 981 1959 1064">
    <p class='ocr_par' dir='ltr' id='par_1_11' title="bbox 283 981 1959 1064">
     <span class='ocr_line' id='line_1_11' title="bbox 283 981 1959 1064; baseline 0.002 -21"><span class='ocrx_word' id='word_1_63' title='bbox 283 983 407 1062; x_wconf 61' lang='lat' dir='ltr'><strong>‘ani</strong></span> <span class='ocrx_word' id='word_1_64' title='bbox 433 981 831 1062; x_wconf 66' lang='lat' dir='ltr'><strong>patrato-rum,</strong></span> <span class='ocrx_word' id='word_1_65' title='bbox 861 983 1090 1046; x_wconf 79' lang='lat' dir='ltr'><strong>dimisit</strong></span> <span class='ocrx_word' id='word_1_66' title='bbox 1109 1003 1236 1058; x_wconf 86' lang='lat' dir='ltr'><strong>nos,</strong></span> <span class='ocrx_word' id='word_1_67' title='bbox 1259 995 1328 1047; x_wconf 83' lang='lat' dir='ltr'><strong>et</strong></span> <span class='ocrx_word' id='word_1_68' title='bbox 1357 992 1601 1048; x_wconf 89' lang='lat' dir='ltr'><strong>Utonem</strong></span> <span class='ocrx_word' id='word_1_69' title='bbox 1644 993 1959 1064; x_wconf 83' lang='lat' dir='ltr'><strong>quemdam</strong></span> 
     </span>
    </p>
   </div>
   <div class='ocr_carea' id='block_1_12' title="bbox 285 1070 1958 1154">
    <p class='ocr_par' dir='ltr' id='par_1_12' title="bbox 285 1070 1958 1154">
     <span class='ocr_line' id='line_1_12' title="bbox 285 1070 1958 1154; baseline 0.001 -22"><span class='ocrx_word' id='word_1_70' title='bbox 285 1070 582 1134; x_wconf 58' lang='lat' dir='ltr'><strong>animum</strong></span> <span class='ocrx_word' id='word_1_71' title='bbox 611 1077 692 1132; x_wconf 85' lang='lat' dir='ltr'><strong>ibi</strong></span> <span class='ocrx_word' id='word_1_72' title='bbox 723 1070 880 1147; x_wconf 77' lang='lat' dir='ltr'><strong>fecit,</strong></span> <span class='ocrx_word' id='word_1_73' title='bbox 905 1089 1156 1152; x_wconf 86' lang='lat' dir='ltr'><strong>eumque</strong></span> <span class='ocrx_word' id='word_1_74' title='bbox 1177 1078 1236 1135; x_wconf 90' lang='lat' dir='ltr'><strong>in</strong></span> <span class='ocrx_word' id='word_1_75' title='bbox 1266 1080 1484 1152; x_wconf 85' lang='lat' dir='ltr'><strong>quibus</strong></span> <span class='ocrx_word' id='word_1_76' title='bbox 1505 1080 1695 1152; x_wconf 87' lang='lat' dir='ltr'><strong>potuit</strong></span> <span class='ocrx_word' id='word_1_77' title='bbox 1715 1079 1958 1154; x_wconf 81' lang='lat' dir='ltr'><strong>adjuvit.</strong></span> 
     </span>
    </p>
   </div>
   <div class='ocr_carea' id='block_1_13' title="bbox 287 1158 1960 1241">
    <p class='ocr_par' dir='ltr' id='par_1_13' title="bbox 287 1158 1960 1241">
     <span class='ocr_line' id='line_1_13' title="bbox 287 1158 1960 1241; baseline 0.004 -22"><span class='ocrx_word' id='word_1_78' title='bbox 287 1158 722 1222; x_wconf 16' lang='lat' dir='ltr'><strong>ﬁed‘ad-bn&#39;eve</strong></span> <span class='ocrx_word' id='word_1_79' title='bbox 751 1167 987 1239; x_wconf 80' lang='lat' dir='ltr'><strong>tempus</strong></span> <span class='ocrx_word' id='word_1_80' title='bbox 1018 1168 1267 1240; x_wconf 69' lang='lat' dir='ltr'><strong>praefuit,</strong></span> <span class='ocrx_word' id='word_1_81' title='bbox 1302 1169 1455 1225; x_wconf 86' lang='lat' dir='ltr'><strong>sicut</strong></span> <span class='ocrx_word' id='word_1_82' title='bbox 1475 1185 1582 1226; x_wconf 90' lang='lat' dir='ltr'><strong>suo</strong></span> <span class='ocrx_word' id='word_1_83' title='bbox 1624 1169 1750 1226; x_wconf 93' lang='lat' dir='ltr'><strong>loco</strong></span> <span class='ocrx_word' id='word_1_84' title='bbox 1774 1168 1960 1241; x_wconf 84' lang='lat' dir='ltr'><strong>stylus</strong></span> 
     </span>
    </p>
   </div>
   <div class='ocr_carea' id='block_1_14' title="bbox 283 1248 1103 1313">
    <p class='ocr_par' dir='ltr' id='par_1_14' title="bbox 283 1248 1103 1313">
     <span class='ocr_line' id='line_1_14' title="bbox 283 1248 1103 1313; baseline 0.002 -3"><span class='ocrx_word' id='word_1_85' title='bbox 283 1248 512 1311; x_wconf 52' lang='lat' dir='ltr'><strong>winter</strong></span> <span class='ocrx_word' id='word_1_86' title='bbox 529 1249 788 1311; x_wconf 63' lang='lat' dir='ltr'><strong>forsitan</strong></span> <span class='ocrx_word' id='word_1_87' title='bbox 823 1249 1103 1313; x_wconf 76' lang='lat' dir='ltr'><strong>ostendit.</strong></span> 
     </span>
    </p>
   </div>
   <div class='ocr_carea' id='block_1_15' title="bbox 283 1426 1960 1492">
    <p class='ocr_par' dir='ltr' id='par_1_15' title="bbox 283 1426 1960 1492">
     <span class='ocr_line' id='line_1_15' title="bbox 283 1426 1960 1492; baseline 0.004 -7"><span class='ocrx_word' id='word_1_88' title='bbox 283 1449 311 1476; x_wconf 64' lang='grc' dir='ltr'><strong>ιτ</strong></span> <span class='ocrx_word' id='word_1_89' title='bbox 367 1426 972 1489; x_wconf 55' lang='grc' dir='ltr'><strong>ΆυιιοὶιδἸὺθᾱι-Μῦ.</strong></span> <span class='ocrx_word' id='word_1_90' title='bbox 1006 1439 1170 1490; x_wconf 90' lang='lat' dir='ltr'><strong>Dom.</strong></span> <span class='ocrx_word' id='word_1_91' title='bbox 1206 1451 1420 1490; x_wconf 80' lang='lat' dir='ltr'><strong>MCXXVI</strong></span> <span class='ocrx_word' id='word_1_92' title='bbox 1451 1436 1605 1491; x_wconf 83' lang='lat' dir='ltr'><strong>facta</strong></span> <span class='ocrx_word' id='word_1_93' title='bbox 1635 1439 1726 1491; x_wconf 90' lang='lat' dir='ltr'><strong>est</strong></span> <span class='ocrx_word' id='word_1_94' title='bbox 1773 1436 1960 1492; x_wconf 82' lang='lat' dir='ltr'><strong>fames</strong></span> 
     </span>
    </p>
   </div>
   <div class='ocr_carea' id='block_1_16' title="bbox 287 1511 1960 1596">
    <p class='ocr_par' dir='ltr' id='par_1_16' title="bbox 287 1511 1960 1596">
     <span class='ocr_line' id='line_1_16' title="bbox 287 1511 1960 1596; baseline 0.002 -20"><span class='ocrx_word' id='word_1_95' title='bbox 287 1515 606 1588; x_wconf 52' lang='lat' dir='ltr'><strong>immite.</strong></span> <span class='ocrx_word' id='word_1_96' title='bbox 622 1525 690 1576; x_wconf 81' lang='lat' dir='ltr'><strong>ut</strong></span> <span class='ocrx_word' id='word_1_97' title='bbox 703 1521 876 1576; x_wconf 75' lang='lat' dir='ltr'><strong>multi</strong></span> <span class='ocrx_word' id='word_1_98' title='bbox 900 1521 1103 1594; x_wconf 78' lang='lat' dir='ltr'><strong>penori</strong></span> <span class='ocrx_word' id='word_1_99' title='bbox 1111 1539 1145 1578; x_wconf 89' lang='lat' dir='ltr'><strong>a</strong></span> <span class='ocrx_word' id='word_1_100' title='bbox 1168 1511 1433 1596; x_wconf 85' lang='lat' dir='ltr'><strong>Oppressi</strong></span> <span class='ocrx_word' id='word_1_101' title='bbox 1458 1524 1734 1596; x_wconf 68' lang='lat' dir='ltr'><strong>perirent.</strong></span> <span class='ocrx_word' id='word_1_102' title='bbox 1747 1525 1817 1580; x_wconf 90' lang='lat' dir='ltr'><strong>Et</strong></span> <span class='ocrx_word' id='word_1_103' title='bbox 1836 1530 1960 1580; x_wconf 85' lang='lat' dir='ltr'><strong>erat</strong></span> 
     </span>
    </p>
   </div>
   <div class='ocr_carea' id='block_1_17' title="bbox 293 1603 1956 1685">
    <p class='ocr_par' dir='ltr' id='par_1_17' title="bbox 293 1603 1956 1685">
     <span class='ocr_line' id='line_1_17' title="bbox 293 1603 1956 1685; baseline 0.003 -22"><span class='ocrx_word' id='word_1_104' title='bbox 293 1603 363 1663; x_wconf 66' lang='lat' dir='ltr'><strong>in</strong></span> <span class='ocrx_word' id='word_1_105' title='bbox 385 1609 638 1665; x_wconf 74' lang='lat' dir='ltr'><strong>basilica</strong></span> <span class='ocrx_word' id='word_1_106' title='bbox 666 1610 726 1666; x_wconf 66' lang='lat' dir='ltr'><strong>S‘.</strong></span> <span class='ocrx_word' id='word_1_107' title='bbox 760 1603 1024 1683; x_wconf 80' lang='lat' dir='ltr'><strong>Gregorii</strong></span> <span class='ocrx_word' id='word_1_108' title='bbox 1041 1611 1244 1667; x_wconf 88' lang='lat' dir='ltr'><strong>tabula</strong></span> <span class='ocrx_word' id='word_1_109' title='bbox 1276 1612 1581 1685; x_wconf 88' lang='lat' dir='ltr'><strong>principali</strong></span> <span class='ocrx_word' id='word_1_110' title='bbox 1633 1613 1842 1668; x_wconf 87' lang='lat' dir='ltr'><strong>altario</strong></span> <span class='ocrx_word' id='word_1_111' title='bbox 1897 1614 1956 1668; x_wconf 90' lang='lat' dir='ltr'><strong>in</strong></span> 
     </span>
    </p>
   </div>
   <div class='ocr_carea' id='block_1_18' title="bbox 289 1696 2036 1802">
    <p class='ocr_par' dir='ltr' id='par_1_18' title="bbox 289 1696 2036 1802">
     <span class='ocr_line' id='line_1_18' title="bbox 289 1696 2036 1802; baseline -0.021 -17"><span class='ocrx_word' id='word_1_112' title='bbox 681 1703 844 1788; x_wconf 59' lang='grc' dir='ltr'><strong>Ῥαηβ</strong></span> <span class='ocrx_word' id='word_1_113' title='bbox 874 1700 1162 1772; x_wconf 75' lang='lat' dir='ltr'><strong>Opposita,</strong></span> <span class='ocrx_word' id='word_1_114' title='bbox 1193 1711 1321 1773; x_wconf 68' lang='lat' dir='ltr'><strong>quia</strong></span> <span class='ocrx_word' id='word_1_115' title='bbox 1348 1717 1490 1756; x_wconf 88' lang='lat' dir='ltr'><strong>auro</strong></span> <span class='ocrx_word' id='word_1_116' title='bbox 1520 1706 1576 1757; x_wconf 93' lang='lat' dir='ltr'><strong>et</strong></span> <span class='ocrx_word' id='word_1_117' title='bbox 1605 1705 1843 1774; x_wconf 88' lang='lat' dir='ltr'><strong>argento</strong></span> <span class='ocrx_word' id='word_1_118' title='bbox 1864 1709 2036 1802; x_wconf 31' lang='lat' dir='ltr'><strong>vegB</strong></span> 
     </span>
    </p>
   </div>
   <div class='ocr_carea' id='block_1_19' title="bbox 285 1783 1963 1860">
    <p class='ocr_par' dir='ltr' id='par_1_19' title="bbox 285 1783 1963 1860">
     <span class='ocr_line' id='line_1_19' title="bbox 285 1783 1963 1860; baseline 0.002 -19"><span class='ocrx_word' id='word_1_119' title='bbox 285 1785 480 1843; x_wconf 56' lang='lat' dir='ltr'><strong>Adusta</strong></span> <span class='ocrx_word' id='word_1_120' title='bbox 496 1787 688 1843; x_wconf 69' lang='lat' dir='ltr'><strong>fuerat</strong></span> <span class='ocrx_word' id='word_1_121' title='bbox 949 1804 1082 1860; x_wconf 66' lang='lat' dir='ltr'><strong>quas</strong></span> <span class='ocrx_word' id='word_1_122' title='bbox 1106 1790 1342 1846; x_wconf 83' lang='lat' dir='ltr'><strong>nonnisi</strong></span> <span class='ocrx_word' id='word_1_123' title='bbox 1361 1792 1421 1846; x_wconf 89' lang='lat' dir='ltr'><strong>in</strong></span> <span class='ocrx_word' id='word_1_124' title='bbox 1446 1790 1717 1846; x_wconf 78' lang='lat' dir='ltr'><strong>maximis</strong></span> <span class='ocrx_word' id='word_1_125' title='bbox 1750 1791 1963 1846; x_wconf 76' lang='lat' dir='ltr'><strong>festivi-</strong></span> 
     </span>
    </p>
   </div>
   <div class='ocr_carea' id='block_1_20' title="bbox 291 1868 1960 1952">
    <p class='ocr_par' dir='ltr' id='par_1_20' title="bbox 291 1868 1960 1952">
     <span class='ocr_line' id='line_1_20' title="bbox 291 1868 1960 1952; baseline 0.002 -21"><span class='ocrx_word' id='word_1_126' title='bbox 291 1875 532 1932; x_wconf 57' lang='lat' dir='ltr'><strong>tatibus</strong></span> <span class='ocrx_word' id='word_1_127' title='bbox 548 1868 938 1948; x_wconf 76' lang='lat' dir='ltr'><strong>aperiebatur.</strong></span> <span class='ocrx_word' id='word_1_128' title='bbox 967 1879 1124 1934; x_wconf 74' lang='lat' dir='ltr'><strong>lla-nc</strong></span> <span class='ocrx_word' id='word_1_129' title='bbox 1141 1878 1429 1935; x_wconf 86' lang='lat' dir='ltr'><strong>Bertolfus</strong></span> <span class='ocrx_word' id='word_1_130' title='bbox 1453 1879 1634 1935; x_wconf 88' lang='lat' dir='ltr'><strong>abbas</strong></span> <span class='ocrx_word' id='word_1_131' title='bbox 1655 1879 1710 1934; x_wconf 91' lang='lat' dir='ltr'><strong>in</strong></span> <span class='ocrx_word' id='word_1_132' title='bbox 1718 1885 1960 1952; x_wconf 88' lang='lat' dir='ltr'><strong>gruente</strong></span> 
     </span>
    </p>
   </div>
   <div class='ocr_carea' id='block_1_21' title="bbox 287 1956 1961 2040">
    <p class='ocr_par' dir='ltr' id='par_1_21' title="bbox 287 1956 1961 2040">
     <span class='ocr_line' id='line_1_21' title="bbox 287 1956 1961 2040; baseline 0.002 -20"><span class='ocrx_word' id='word_1_133' title='bbox 287 1963 1008 2039; x_wconf 58' lang='lat' dir='ltr'><strong>inopiaeonﬁ&#39;intgi‘fecit,</strong></span> <span class='ocrx_word' id='word_1_134' title='bbox 1032 1971 1089 2022; x_wconf 87' lang='lat' dir='ltr'><strong>et</strong></span> <span class='ocrx_word' id='word_1_135' title='bbox 1109 1966 1234 2022; x_wconf 83' lang='lat' dir='ltr'><strong>auri</strong></span> <span class='ocrx_word' id='word_1_136' title='bbox 1267 1965 1506 2040; x_wconf 82' lang='lat' dir='ltr'><strong>quidem</strong></span> <span class='ocrx_word' id='word_1_137' title='bbox 1541 1956 1838 2023; x_wconf 87' lang='lat' dir='ltr'><strong>inventum</strong></span> <span class='ocrx_word' id='word_1_138' title='bbox 1871 1971 1961 2024; x_wconf 88' lang='lat' dir='ltr'><strong>est</strong></span> 
     </span>
    </p>
   </div>
   <div class='ocr_carea' id='block_1_22' title="bbox 291 2047 1958 2128">
    <p class='ocr_par' dir='ltr' id='par_1_22' title="bbox 291 2047 1958 2128">
     <span class='ocr_line' id='line_1_22' title="bbox 291 2047 1958 2128; baseline 0.002 -19"><span class='ocrx_word' id='word_1_139' title='bbox 291 2053 524 2111; x_wconf 56' lang='lat' dir='ltr'><strong>habere</strong></span> <span class='ocrx_word' id='word_1_140' title='bbox 541 2051 730 2111; x_wconf 77' lang='lat' dir='ltr'><strong>unum</strong></span> <span class='ocrx_word' id='word_1_141' title='bbox 763 2047 1073 2124; x_wconf 75' lang='lat' dir='ltr'><strong>talentum,</strong></span> <span class='ocrx_word' id='word_1_142' title='bbox 1101 2061 1159 2112; x_wconf 90' lang='lat' dir='ltr'><strong>et</strong></span> <span class='ocrx_word' id='word_1_143' title='bbox 1183 2053 1462 2128; x_wconf 80' lang='lat' dir='ltr'><strong>quartam</strong></span> <span class='ocrx_word' id='word_1_144' title='bbox 1506 2062 1732 2128; x_wconf 86' lang='lat' dir='ltr'><strong>partem</strong></span> <span class='ocrx_word' id='word_1_145' title='bbox 1791 2058 1958 2113; x_wconf 83' lang='lat' dir='ltr'><strong>ferto-</strong></span> 
     </span>
    </p>
   </div>
   <div class='ocr_carea' id='block_1_23' title="bbox 303 2143 1955 2217">
    <p class='ocr_par' dir='ltr' id='par_1_23' title="bbox 303 2143 1955 2217">
     <span class='ocr_line' id='line_1_23' title="bbox 303 2143 1955 2217; baseline 0.003 -20"><span class='ocrx_word' id='word_1_146' title='bbox 303 2143 393 2198; x_wconf 88' lang='lat' dir='ltr'><strong>nis</strong></span> <span class='ocrx_word' id='word_1_147' title='bbox 422 2143 598 2214; x_wconf 78' lang='grc'><strong>(940),</strong></span> <span class='ocrx_word' id='word_1_148' title='bbox 631 2143 854 2216; x_wconf 80' lang='lat' dir='ltr'><strong>argenti</strong></span> <span class='ocrx_word' id='word_1_149' title='bbox 885 2143 1164 2217; x_wconf 90' lang='lat' dir='ltr'><strong>quinque,</strong></span> <span class='ocrx_word' id='word_1_150' title='bbox 1197 2147 1344 2201; x_wconf 71' lang='grc'><strong>871</strong></span> <span class='ocrx_word' id='word_1_151' title='bbox 1383 2147 1568 2202; x_wconf 89' lang='lat' dir='ltr'><strong>ethoc</strong></span> <span class='ocrx_word' id='word_1_152' title='bbox 1611 2150 1798 2202; x_wconf 90' lang='lat' dir='ltr'><strong>totum</strong></span> <span class='ocrx_word' id='word_1_153' title='bbox 1835 2151 1955 2202; x_wconf 89' lang='lat' dir='ltr'><strong>tam</strong></span> 
     </span>
    </p>
   </div>
   <div class='ocr_carea' id='block_1_24' title="bbox 303 2231 1954 2306">
    <p class='ocr_par' dir='ltr' id='par_1_24' title="bbox 303 2231 1954 2306">
     <span class='ocr_line' id='line_1_24' title="bbox 303 2231 1954 2306; baseline 0.003 -21"><span class='ocrx_word' id='word_1_154' title='bbox 303 2247 516 2286; x_wconf 82' lang='lat' dir='ltr'><strong>aurum</strong></span> <span class='ocrx_word' id='word_1_155' title='bbox 530 2247 710 2302; x_wconf 89' lang='lat' dir='ltr'><strong>quam</strong></span> <span class='ocrx_word' id='word_1_156' title='bbox 729 2231 1037 2304; x_wconf 83' lang='lat' dir='ltr'><strong>argentum</strong></span> <span class='ocrx_word' id='word_1_157' title='bbox 1055 2239 1179 2289; x_wconf 85' lang='lat' dir='ltr'><strong>erat</strong></span> <span class='ocrx_word' id='word_1_158' title='bbox 1197 2234 1584 2306; x_wconf 89' lang='lat' dir='ltr'><strong>purissimum</strong></span> <span class='ocrx_word' id='word_1_159' title='bbox 1603 2242 1654 2291; x_wconf 90' lang='lat' dir='ltr'><strong>et</strong></span> <span class='ocrx_word' id='word_1_160' title='bbox 1668 2236 1954 2306; x_wconf 91' lang='lat' dir='ltr'><strong>optimum</strong></span> 
     </span>
    </p>
   </div>
   <div class='ocr_carea' id='block_1_25' title="bbox 304 2314 1957 2396">
    <p class='ocr_par' dir='ltr' id='par_1_25' title="bbox 304 2314 1957 2396">
     <span class='ocr_line' id='line_1_25' title="bbox 304 2314 1957 2396; baseline 0.003 -22"><span class='ocrx_word' id='word_1_161' title='bbox 304 2314 552 2376; x_wconf 82' lang='lat' dir='ltr'><strong>Deauro</strong></span> <span class='ocrx_word' id='word_1_162' title='bbox 569 2322 789 2393; x_wconf 78' lang='lat' dir='ltr'><strong>quippe</strong></span> <span class='ocrx_word' id='word_1_163' title='bbox 810 2321 868 2376; x_wconf 88' lang='lat' dir='ltr'><strong>in</strong></span> <span class='ocrx_word' id='word_1_164' title='bbox 893 2322 1200 2379; x_wconf 80' lang='lat' dir='ltr'><strong>medietate</strong></span> <span class='ocrx_word' id='word_1_165' title='bbox 1215 2323 1430 2379; x_wconf 81' lang='lat' dir='ltr'><strong>tabulae</strong></span> <span class='ocrx_word' id='word_1_166' title='bbox 1450 2323 1749 2390; x_wconf 55' lang='lat' dir='ltr'><strong>eratelata</strong></span> <span class='ocrx_word' id='word_1_167' title='bbox 1765 2324 1957 2396; x_wconf 84' lang='lat' dir='ltr'><strong>imago</strong></span> 
     </span>
    </p>
   </div>
   <div class='ocr_carea' id='block_1_26' title="bbox 303 2405 1959 2484">
    <p class='ocr_par' dir='ltr' id='par_1_26' title="bbox 303 2405 1959 2484">
     <span class='ocr_line' id='line_1_26' title="bbox 303 2405 1959 2484; baseline 0.003 -21"><span class='ocrx_word' id='word_1_168' title='bbox 303 2405 576 2480; x_wconf 82' lang='lat' dir='ltr'><strong>speciosa</strong></span> <span class='ocrx_word' id='word_1_169' title='bbox 597 2410 658 2465; x_wconf 85' lang='lat' dir='ltr'><strong>S.</strong></span> <span class='ocrx_word' id='word_1_170' title='bbox 691 2407 793 2465; x_wconf 90' lang='lat' dir='ltr'><strong>Dei</strong></span> <span class='ocrx_word' id='word_1_171' title='bbox 825 2409 1159 2478; x_wconf 84' lang='lat' dir='ltr'><strong>Genitricis,</strong></span> <span class='ocrx_word' id='word_1_172' title='bbox 1185 2418 1241 2468; x_wconf 87' lang='lat' dir='ltr'><strong>et</strong></span> <span class='ocrx_word' id='word_1_173' title='bbox 1261 2412 1320 2467; x_wconf 88' lang='lat' dir='ltr'><strong>in</strong></span> <span class='ocrx_word' id='word_1_174' title='bbox 1343 2412 1470 2483; x_wconf 88' lang='lat' dir='ltr'><strong>ejus</strong></span> <span class='ocrx_word' id='word_1_175' title='bbox 1494 2416 1723 2484; x_wconf 89' lang='lat' dir='ltr'><strong>pectore</strong></span> <span class='ocrx_word' id='word_1_176' title='bbox 1737 2415 1959 2484; x_wconf 87' lang='lat' dir='ltr'><strong>species</strong></span> 
     </span>
    </p>
   </div>
   <div class='ocr_carea' id='block_1_27' title="bbox 285 2492 1958 2571">
    <p class='ocr_par' dir='ltr' id='par_1_27' title="bbox 285 2492 1958 2571">
     <span class='ocr_line' id='line_1_27' title="bbox 285 2492 1958 2571; baseline 0.002 -19"><span class='ocrx_word' id='word_1_177' title='bbox 285 2496 633 2564; x_wconf 52' lang='lat' dir='ltr'><strong>ecumbe;</strong></span> <span class='ocrx_word' id='word_1_178' title='bbox 667 2492 987 2571; x_wconf 83' lang='lat' dir='ltr'><strong>deargento</strong></span> <span class='ocrx_word' id='word_1_179' title='bbox 1013 2511 1147 2555; x_wconf 83' lang='lat' dir='ltr'><strong>vero</strong></span> <span class='ocrx_word' id='word_1_180' title='bbox 1165 2500 1221 2556; x_wconf 91' lang='lat' dir='ltr'><strong>in</strong></span> <span class='ocrx_word' id='word_1_181' title='bbox 1250 2499 1560 2556; x_wconf 90' lang='lat' dir='ltr'><strong>latitudine</strong></span> <span class='ocrx_word' id='word_1_182' title='bbox 1582 2500 1796 2558; x_wconf 67' lang='lat' dir='ltr'><strong>tabulae</strong></span> <span class='ocrx_word' id='word_1_183' title='bbox 1818 2501 1958 2556; x_wconf 90' lang='lat' dir='ltr'><strong>ima-</strong></span> 
     </span>
    </p>
   </div>
   <div class='ocr_carea' id='block_1_28' title="bbox 285 2585 1957 2661">
    <p class='ocr_par' dir='ltr' id='par_1_28' title="bbox 285 2585 1957 2661">
     <span class='ocr_line' id='line_1_28' title="bbox 285 2585 1957 2661; baseline 0.002 -20"><span class='ocrx_word' id='word_1_184' title='bbox 285 2585 469 2658; x_wconf 60' lang='lat' dir='ltr'><strong>Igin’ss</strong></span> <span class='ocrx_word' id='word_1_185' title='bbox 498 2587 902 2657; x_wconf 81' lang='lat' dir='ltr'><strong>apostolorum</strong></span> <span class='ocrx_word' id='word_1_186' title='bbox 935 2592 992 2643; x_wconf 88' lang='lat' dir='ltr'><strong>et</strong></span> <span class='ocrx_word' id='word_1_187' title='bbox 1012 2588 1260 2645; x_wconf 82' lang='lat' dir='ltr'><strong>aliorum</strong></span> <span class='ocrx_word' id='word_1_188' title='bbox 1292 2593 1630 2646; x_wconf 89' lang='lat' dir='ltr'><strong>sanctorum</strong></span> <span class='ocrx_word' id='word_1_189' title='bbox 1682 2589 1957 2661; x_wconf 60' lang='lat' dir='ltr'><strong>pulcher&quot;-</strong></span> 
     </span>
    </p>
   </div>
   <div class='ocr_carea' id='block_1_29' title="bbox 285 2670 1111 2732">
    <p class='ocr_par' dir='ltr' id='par_1_29' title="bbox 285 2670 1111 2732">
     <span class='ocr_line' id='line_1_29' title="bbox 285 2670 1111 2732; baseline 0.002 -2"><span class='ocrx_word' id='word_1_190' title='bbox 285 2670 452 2732; x_wconf 73' lang='lat' dir='ltr'><strong>irime</strong></span> <span class='ocrx_word' id='word_1_191' title='bbox 482 2676 767 2731; x_wconf 71' lang='lat' dir='ltr'><strong>formatae.</strong></span> <span class='ocrx_word' id='word_1_192' title='bbox 1109 2707 1111 2712; x_wconf 69' lang='grc' dir='ltr'><strong><em>ι</em></strong></span> 
     </span>
    </p>
   </div>
   <div class='ocr_carea' id='block_1_30' title="bbox 411 2767 1788 2844">
    <p class='ocr_par' dir='ltr' id='par_1_30' title="bbox 411 2767 1788 2844">
     <span class='ocr_line' id='line_1_30' title="bbox 411 2767 1788 2844; baseline 0 -23"><span class='ocrx_word' id='word_1_193' title='bbox 411 2805 414 2807; x_wconf 84' lang='grc'><strong>-</strong></span> <span class='ocrx_word' id='word_1_194' title='bbox 1021 2769 1049 2835; x_wconf 82' lang='lat'>§</span> <span class='ocrx_word' id='word_1_195' title='bbox 1094 2767 1240 2822; x_wconf 86' lang='lat' dir='ltr'><strong>XIV.</strong></span> <span class='ocrx_word' id='word_1_196' title='bbox 1783 2837 1788 2844; x_wconf 90' lang='grc' dir='ltr'><strong> </strong></span> 
     </span>
    </p>
   </div>
   <div class='ocr_carea' id='block_1_31' title="bbox 281 2849 1954 2928">
    <p class='ocr_par' dir='ltr' id='par_1_31' title="bbox 281 2849 1954 2928">
     <span class='ocr_line' id='line_1_31' title="bbox 281 2849 1954 2928; baseline 0.001 -18"><span class='ocrx_word' id='word_1_197' title='bbox 281 2875 294 2897; x_wconf 80' lang='grc' dir='ltr'><strong><em>ι</em></strong></span> <span class='ocrx_word' id='word_1_198' title='bbox 367 2855 454 2910; x_wconf 68' lang='grc' dir='ltr'>Μ</span> <span class='ocrx_word' id='word_1_199' title='bbox 515 2855 644 2910; x_wconf 68' lang='lat' dir='ltr'><strong>hac</strong></span> <span class='ocrx_word' id='word_1_200' title='bbox 700 2849 985 2928; x_wconf 64' lang='lat' dir='ltr'><strong>praedium</strong></span> <span class='ocrx_word' id='word_1_201' title='bbox 1045 2857 1198 2928; x_wconf 91' lang='lat' dir='ltr'><strong>apud</strong></span> <span class='ocrx_word' id='word_1_202' title='bbox 1258 2857 1436 2913; x_wconf 84' lang='lat' dir='ltr'><strong>Bozze</strong></span> <span class='ocrx_word' id='word_1_203' title='bbox 1494 2857 1640 2928; x_wconf 75' lang='grc'><strong>(941)</strong></span> <span class='ocrx_word' id='word_1_204' title='bbox 1718 2856 1954 2912; x_wconf 91' lang='lat' dir='ltr'><strong>cuidam</strong></span> 
     </span>
    </p>
   </div>
   <div class='ocr_carea' id='block_1_32' title="bbox 281 2941 1954 3016">
    <p class='ocr_par' dir='ltr' id='par_1_32' title="bbox 281 2941 1954 3016">
     <span class='ocr_line' id='line_1_32' title="bbox 281 2941 1954 3016; baseline -0.001 -16"><span class='ocrx_word' id='word_1_205' title='bbox 281 2941 641 3000; x_wconf 58' lang='lat' dir='ltr'><strong>laetabar-do</strong></span> <span class='ocrx_word' id='word_1_206' title='bbox 675 2957 779 3014; x_wconf 87' lang='lat' dir='ltr'><strong>pro</strong></span> <span class='ocrx_word' id='word_1_207' title='bbox 803 2942 1117 3000; x_wconf 86' lang='lat' dir='ltr'><strong>duodecim</strong></span> <span class='ocrx_word' id='word_1_208' title='bbox 1149 2942 1316 2999; x_wconf 85' lang='lat' dir='ltr'><strong>libris</strong></span> <span class='ocrx_word' id='word_1_209' title='bbox 1348 2944 1570 3015; x_wconf 84' lang='lat' dir='ltr'><strong>argenti</strong></span> <span class='ocrx_word' id='word_1_210' title='bbox 1605 2959 1708 3016; x_wconf 89' lang='lat' dir='ltr'><strong>pro</strong></span> <span class='ocrx_word' id='word_1_211' title='bbox 1757 2943 1954 2998; x_wconf 87' lang='lat' dir='ltr'><strong>chiro-</strong></span> 
     </span>
    </p>
   </div>
   <div class='ocr_carea' id='block_1_33' title="bbox 287 3026 1954 3105">
    <p class='ocr_par' dir='ltr' id='par_1_33' title="bbox 287 3026 1954 3105">
     <span class='ocr_line' id='line_1_33' title="bbox 287 3026 1954 3105; baseline 0.001 -18"><span class='ocrx_word' id='word_1_212' title='bbox 287 3027 525 3104; x_wconf 58' lang='lat' dir='ltr'><strong>grapho</strong></span> <span class='ocrx_word' id='word_1_213' title='bbox 555 3031 875 3087; x_wconf 70' lang='lat' dir='ltr'><strong>dimissum</strong></span> <span class='ocrx_word' id='word_1_214' title='bbox 906 3026 1014 3097; x_wconf 75' lang='lat' dir='ltr'><strong>est,</strong></span> <span class='ocrx_word' id='word_1_215' title='bbox 1048 3033 1202 3104; x_wconf 92' lang='lat' dir='ltr'><strong>quod</strong></span> <span class='ocrx_word' id='word_1_216' title='bbox 1225 3037 1426 3105; x_wconf 89' lang='lat' dir='ltr'><strong>postea</strong></span> <span class='ocrx_word' id='word_1_217' title='bbox 1454 3033 1753 3088; x_wconf 86' lang='lat' dir='ltr'><strong>Conradus</strong></span> <span class='ocrx_word' id='word_1_218' title='bbox 1773 3033 1954 3088; x_wconf 84' lang='lat' dir='ltr'><strong>abbas</strong></span> 
     </span>
    </p>
   </div>
   <div class='ocr_carea' id='block_1_34' title="bbox 288 3105 2027 3208">
    <p class='ocr_par' dir='ltr' id='par_1_34' title="bbox 288 3105 2027 3208">
     <span class='ocr_line' id='line_1_34' title="bbox 288 3105 2027 3208; baseline -0.002 -32"><span class='ocrx_word' id='word_1_219' title='bbox 288 3119 562 3192; x_wconf 58' lang='lat' dir='ltr'><strong>ﬁnperto</strong></span> <span class='ocrx_word' id='word_1_220' title='bbox 590 3119 1089 3208; x_wconf 12' lang='lat' dir='ltr'><strong>de»0‘toldiswanc</strong></span> <span class='ocrx_word' id='word_1_221' title='bbox 1120 3121 1268 3193; x_wconf 81' lang='grc'>(942)</span> <span class='ocrx_word' id='word_1_222' title='bbox 1295 3126 1554 3208; x_wconf 88' lang='lat' dir='ltr'><strong>tempore</strong></span> <span class='ocrx_word' id='word_1_223' title='bbox 1605 3123 1814 3177; x_wconf 86' lang='lat' dir='ltr'><strong>iterum</strong></span> <span class='ocrx_word' id='word_1_224' title='bbox 1867 3124 1951 3178; x_wconf 85' lang='lat' dir='ltr'><strong>ta-</strong></span> <span class='ocrx_word' id='word_1_225' title='bbox 1985 3105 2027 3172; x_wconf 72' lang='grc' dir='ltr'><strong>(Ξ</strong></span> 
     </span>
    </p>
   </div>
   <div class='ocr_carea' id='block_1_35' title="bbox 291 3206 1919 3283">
    <p class='ocr_par' dir='ltr' id='par_1_35' title="bbox 291 3206 1919 3283">
     <span class='ocr_line' id='line_1_35' title="bbox 291 3206 1919 3283; baseline 0.001 -19"><span class='ocrx_word' id='word_1_226' title='bbox 291 3210 426 3265; x_wconf 66' lang='lat' dir='ltr'><strong>nis</strong></span> <span class='ocrx_word' id='word_1_227' title='bbox 449 3206 736 3277; x_wconf 72' lang='lat' dir='ltr'><strong>vendidit,</strong></span> <span class='ocrx_word' id='word_1_228' title='bbox 767 3209 869 3281; x_wconf 86' lang='lat' dir='ltr'><strong>qui</strong></span> <span class='ocrx_word' id='word_1_229' title='bbox 899 3209 1043 3265; x_wconf 86' lang='lat' dir='ltr'><strong>illud</strong></span> <span class='ocrx_word' id='word_1_230' title='bbox 1061 3226 1249 3281; x_wconf 88' lang='lat' dir='ltr'><strong>usque</strong></span> <span class='ocrx_word' id='word_1_231' title='bbox 1281 3210 1338 3265; x_wconf 90' lang='lat' dir='ltr'><strong>in</strong></span> <span class='ocrx_word' id='word_1_232' title='bbox 1362 3206 1620 3282; x_wconf 83' lang='lat' dir='ltr'><strong>praesens</strong></span> <span class='ocrx_word' id='word_1_233' title='bbox 1640 3212 1919 3283; x_wconf 89' lang='lat' dir='ltr'><strong>possidet.</strong></span> 
     </span>
    </p>
   </div>
   <div class='ocr_carea' id='block_1_36' title="bbox 321 3299 1219 3367">
    <p class='ocr_par' dir='ltr' id='par_1_36' title="bbox 321 3299 1219 3367">
     <span class='ocr_line' id='line_1_36' title="bbox 321 3299 1219 3367; baseline 0 -14"><span class='ocrx_word' id='word_1_234' title='bbox 321 3311 410 3342; x_wconf 81' lang='lat'><strong>-.--</strong></span> <span class='ocrx_word' id='word_1_235' title='bbox 578 3321 582 3325; x_wconf 95' lang='lat'><strong><em>-</em></strong></span> <span class='ocrx_word' id='word_1_236' title='bbox 851 3319 876 3336; x_wconf 63' lang='grc' dir='ltr'>η</span> <span class='ocrx_word' id='word_1_237' title='bbox 1048 3299 1219 3367; x_wconf 65' lang='grc' dir='ltr'><strong>ςχν.</strong></span> 
     </span>
    </p>
   </div>
   <div class='ocr_carea' id='block_1_37' title="bbox 306 3381 1958 3460">
    <p class='ocr_par' dir='ltr' id='par_1_37' title="bbox 306 3381 1958 3460">
     <span class='ocr_line' id='line_1_37' title="bbox 306 3381 1958 3460; baseline 0.003 -20"><span class='ocrx_word' id='word_1_238' title='bbox 306 3419 322 3432; x_wconf 66' lang='grc' dir='ltr'><strong>ι</strong></span> <span class='ocrx_word' id='word_1_239' title='bbox 355 3408 364 3427; x_wconf 67' lang='grc' dir='ltr'><strong><em>ε</em></strong></span> <span class='ocrx_word' id='word_1_240' title='bbox 393 3381 562 3441; x_wconf 80' lang='lat' dir='ltr'><strong>Ann&#39;o</strong></span> <span class='ocrx_word' id='word_1_241' title='bbox 605 3387 673 3441; x_wconf 85' lang='lat' dir='ltr'><strong>ab</strong></span> <span class='ocrx_word' id='word_1_242' title='bbox 700 3387 1110 3444; x_wconf 71' lang='lat' dir='ltr'><strong>lnoar&#39;natione</strong></span> <span class='ocrx_word' id='word_1_243' title='bbox 1156 3394 1320 3444; x_wconf 88' lang='lat' dir='ltr'><strong>Dom.</strong></span> <span class='ocrx_word' id='word_1_244' title='bbox 1354 3405 1614 3454; x_wconf 73' lang='lat' dir='ltr'><strong>mcxxvn,</strong></span> <span class='ocrx_word' id='word_1_245' title='bbox 1649 3404 1780 3443; x_wconf 89' lang='lat' dir='ltr'><strong>eum</strong></span> <span class='ocrx_word' id='word_1_246' title='bbox 1832 3390 1958 3460; x_wconf 89' lang='lat' dir='ltr'><strong>jam</strong></span> 
     </span>
    </p>
   </div>
   <div class='ocr_carea' id='block_1_38' title="bbox 311 3469 1961 3550">
    <p class='ocr_par' dir='ltr' id='par_1_38' title="bbox 311 3469 1961 3550">
     <span class='ocr_line' id='line_1_38' title="bbox 311 3469 1961 3550; baseline 0.004 -22"><span class='ocrx_word' id='word_1_247' title='bbox 311 3469 604 3531; x_wconf 57' lang='lat' dir='ltr'><strong>Boaulia-&#39;9</strong></span> <span class='ocrx_word' id='word_1_248' title='bbox 629 3477 814 3534; x_wconf 79' lang='lat' dir='ltr'><strong>abbas</strong></span> <span class='ocrx_word' id='word_1_249' title='bbox 843 3477 1006 3533; x_wconf 88' lang='lat' dir='ltr'><strong>senio</strong></span> <span class='ocrx_word' id='word_1_250' title='bbox 1038 3482 1392 3549; x_wconf 86' lang='lat' dir='ltr'><strong>gravaretur,</strong></span> <span class='ocrx_word' id='word_1_251' title='bbox 1436 3477 1699 3532; x_wconf 87' lang='lat' dir='ltr'><strong>moribus</strong></span> <span class='ocrx_word' id='word_1_252' title='bbox 1729 3495 1961 3550; x_wconf 89' lang='lat' dir='ltr'><strong>quoque</strong></span> 
     </span>
    </p>
   </div>
   <div class='ocr_carea' id='block_1_39' title="bbox 309 3561 1960 3638">
    <p class='ocr_par' dir='ltr' id='par_1_39' title="bbox 309 3561 1960 3638">
     <span class='ocr_line' id='line_1_39' title="bbox 309 3561 1960 3638; baseline 0.002 -20"><span class='ocrx_word' id='word_1_253' title='bbox 309 3561 398 3626; x_wconf 60' lang='lat' dir='ltr'><strong>ita</strong></span> <span class='ocrx_word' id='word_1_254' title='bbox 423 3562 821 3634; x_wconf 79' lang='lat' dir='ltr'><strong>insolesceret,</strong></span> <span class='ocrx_word' id='word_1_255' title='bbox 854 3570 920 3620; x_wconf 87' lang='lat' dir='ltr'><strong>ut</strong></span> <span class='ocrx_word' id='word_1_256' title='bbox 948 3581 1054 3622; x_wconf 88' lang='lat' dir='ltr'><strong>nec</strong></span> <span class='ocrx_word' id='word_1_257' title='bbox 1086 3566 1212 3638; x_wconf 91' lang='lat' dir='ltr'><strong>ipse</strong></span> <span class='ocrx_word' id='word_1_258' title='bbox 1240 3567 1470 3633; x_wconf 86' lang='lat' dir='ltr'><strong>faceret,</strong></span> <span class='ocrx_word' id='word_1_259' title='bbox 1507 3581 1610 3621; x_wconf 90' lang='lat' dir='ltr'><strong>nec</strong></span> <span class='ocrx_word' id='word_1_260' title='bbox 1641 3565 1772 3621; x_wconf 89' lang='lat' dir='ltr'><strong>aliis</strong></span> <span class='ocrx_word' id='word_1_261' title='bbox 1831 3582 1960 3638; x_wconf 90' lang='lat' dir='ltr'><strong>per-</strong></span> 
     </span>
    </p>
   </div>
   <div class='ocr_carea' id='block_1_40' title="bbox 291 3648 1960 3726">
    <p class='ocr_par' dir='ltr' id='par_1_40' title="bbox 291 3648 1960 3726">
     <span class='ocr_line' id='line_1_40' title="bbox 291 3648 1960 3726; baseline 0 -16"><span class='ocrx_word' id='word_1_262' title='bbox 291 3648 562 3710; x_wconf 70' lang='lat' dir='ltr'><strong>mitteret</strong></span> <span class='ocrx_word' id='word_1_263' title='bbox 593 3654 929 3712; x_wconf 82' lang='lat' dir='ltr'><strong>necessaria</strong></span> <span class='ocrx_word' id='word_1_264' title='bbox 972 3653 1082 3709; x_wconf 87' lang='lat' dir='ltr'><strong>loci</strong></span> <span class='ocrx_word' id='word_1_265' title='bbox 1113 3654 1439 3726; x_wconf 84' lang='lat' dir='ltr'><strong>providere,</strong></span> <span class='ocrx_word' id='word_1_266' title='bbox 1484 3659 1540 3709; x_wconf 90' lang='lat' dir='ltr'><strong>et</strong></span> <span class='ocrx_word' id='word_1_267' title='bbox 1561 3655 1687 3726; x_wconf 86' lang='lat' dir='ltr'><strong>jam</strong></span> <span class='ocrx_word' id='word_1_268' title='bbox 1713 3655 1960 3726; x_wconf 86' lang='lat' dir='ltr'><strong>jamque</strong></span> 
     </span>
    </p>
   </div>
   <div class='ocr_carea' id='block_1_41' title="bbox 302 3738 1960 3814">
    <p class='ocr_par' dir='ltr' id='par_1_41' title="bbox 302 3738 1960 3814">
     <span class='ocr_line' id='line_1_41' title="bbox 302 3738 1960 3814; baseline 0.001 -16"><span class='ocrx_word' id='word_1_269' title='bbox 302 3738 1148 3800; x_wconf 57' lang='lat' dir='ltr'><strong>aniniaeimuilin-defectione</strong></span> <span class='ocrx_word' id='word_1_270' title='bbox 1186 3741 1549 3809; x_wconf 86' lang='lat' dir='ltr'><strong>viderentur,</strong></span> <span class='ocrx_word' id='word_1_271' title='bbox 1599 3743 1838 3814; x_wconf 89' lang='lat' dir='ltr'><strong>quidam</strong></span> <span class='ocrx_word' id='word_1_272' title='bbox 1887 3744 1960 3799; x_wconf 90' lang='lat' dir='ltr'><strong>de</strong></span> 
     </span>
    </p>
   </div>
   <div class='ocr_carea' id='block_1_42' title="bbox 289 3827 1958 3903">
    <p class='ocr_par' dir='ltr' id='par_1_42' title="bbox 289 3827 1958 3903">
     <span class='ocr_line' id='line_1_42' title="bbox 289 3827 1958 3903; baseline 0.001 -18"><span class='ocrx_word' id='word_1_273' title='bbox 289 3827 973 3902; x_wconf 60' lang='lat' dir='ltr'><strong>ank&#39;ribuscmperunt</strong></span> <span class='ocrx_word' id='word_1_274' title='bbox 997 3845 1131 3886; x_wconf 88' lang='lat' dir='ltr'><strong>cum</strong></span> <span class='ocrx_word' id='word_1_275' title='bbox 1187 3829 1458 3886; x_wconf 90' lang='lat' dir='ltr'><strong>Udalrico</strong></span> <span class='ocrx_word' id='word_1_276' title='bbox 1506 3830 1776 3903; x_wconf 88' lang='lat' dir='ltr'><strong>episcopo</strong></span> <span class='ocrx_word' id='word_1_277' title='bbox 1806 3831 1958 3887; x_wconf 90' lang='lat' dir='ltr'><strong>clam</strong></span> 
     </span>
    </p>
   </div>
   <div class='ocr_carea' id='block_1_43' title="bbox 289 3915 1959 3991">
    <p class='ocr_par' dir='ltr' id='par_1_43' title="bbox 289 3915 1959 3991">
     <span class='ocr_line' id='line_1_43' title="bbox 289 3915 1959 3991; baseline 0.002 -17"><span class='ocrx_word' id='word_1_278' title='bbox 289 3915 496 3991; x_wconf 63' lang='lat' dir='ltr'><strong>agens,</strong></span> <span class='ocrx_word' id='word_1_279' title='bbox 525 3919 598 3972; x_wconf 79' lang='lat' dir='ltr'><strong>ut</strong></span> <span class='ocrx_word' id='word_1_280' title='bbox 627 3917 878 3974; x_wconf 81' lang='lat' dir='ltr'><strong>Bertolfo</strong></span> <span class='ocrx_word' id='word_1_281' title='bbox 910 3919 1289 3990; x_wconf 80' lang='lat' dir='ltr'><strong>persuaderet</strong></span> <span class='ocrx_word' id='word_1_282' title='bbox 1319 3923 1609 3991; x_wconf 87' lang='lat' dir='ltr'><strong>quatenus</strong></span> <span class='ocrx_word' id='word_1_283' title='bbox 1641 3919 1877 3976; x_wconf 77' lang='lat' dir='ltr'><strong>abbatis</strong></span> <span class='ocrx_word' id='word_1_284' title='bbox 1898 3936 1959 3977; x_wconf 87' lang='lat' dir='ltr'><strong>se</strong></span> 
     </span>
    </p>
   </div>
   <div class='ocr_carea' id='block_1_44' title="bbox 293 4005 1960 4082">
    <p class='ocr_par' dir='ltr' id='par_1_44' title="bbox 293 4005 1960 4082">
     <span class='ocr_line' id='line_1_44' title="bbox 293 4005 1960 4082; baseline 0.002 -19"><span class='ocrx_word' id='word_1_285' title='bbox 293 4005 628 4076; x_wconf 63' lang='lat' dir='ltr'><strong>abdicaret,</strong></span> <span class='ocrx_word' id='word_1_286' title='bbox 653 4006 904 4062; x_wconf 79' lang='lat' dir='ltr'><strong>etalium</strong></span> <span class='ocrx_word' id='word_1_287' title='bbox 925 4024 1029 4080; x_wconf 91' lang='lat' dir='ltr'><strong>pro</strong></span> <span class='ocrx_word' id='word_1_288' title='bbox 1047 4025 1110 4064; x_wconf 88' lang='lat' dir='ltr'><strong>se</strong></span> <span class='ocrx_word' id='word_1_289' title='bbox 1137 4007 1396 4063; x_wconf 87' lang='lat' dir='ltr'><strong>ordinari</strong></span> <span class='ocrx_word' id='word_1_290' title='bbox 1421 4008 1782 4080; x_wconf 88' lang='lat' dir='ltr'><strong>permitteret</strong></span> <span class='ocrx_word' id='word_1_291' title='bbox 1808 4010 1960 4082; x_wconf 88' lang='lat' dir='ltr'><strong>;ipse</strong></span> 
     </span>
    </p>
   </div>
   <div class='ocr_carea' id='block_1_45' title="bbox 285 4094 1960 4170">
    <p class='ocr_par' dir='ltr' id='par_1_45' title="bbox 285 4094 1960 4170">
     <span class='ocr_line' id='line_1_45' title="bbox 285 4094 1960 4170; baseline 0.002 -20"><span class='ocrx_word' id='word_1_292' title='bbox 285 4094 429 4152; x_wconf 59' lang='lat' dir='ltr'><strong>vero</strong></span> <span class='ocrx_word' id='word_1_293' title='bbox 453 4094 766 4166; x_wconf 77' lang='lat' dir='ltr'><strong>reliquum</strong></span> <span class='ocrx_word' id='word_1_294' title='bbox 785 4095 915 4150; x_wconf 69' lang='lat' dir='ltr'><strong>vita:</strong></span> <span class='ocrx_word' id='word_1_295' title='bbox 937 4112 1056 4151; x_wconf 66' lang='lat' dir='ltr'><strong>suae</strong></span> <span class='ocrx_word' id='word_1_296' title='bbox 1079 4101 1318 4168; x_wconf 86' lang='lat' dir='ltr'><strong>tempus</strong></span> <span class='ocrx_word' id='word_1_297' title='bbox 1339 4098 1601 4170; x_wconf 88' lang='lat' dir='ltr'><strong>privatus</strong></span> <span class='ocrx_word' id='word_1_298' title='bbox 1634 4099 1960 4170; x_wconf 85' lang='lat' dir='ltr'><strong>requiesce-</strong></span> 
     </span>
    </p>
   </div>
   <div class='ocr_carea' id='block_1_46' title="bbox 283 4184 1961 4261">
    <p class='ocr_par' dir='ltr' id='par_1_46' title="bbox 283 4184 1961 4261">
     <span class='ocr_line' id='line_1_46' title="bbox 283 4184 1961 4261; baseline 0.002 -20"><span class='ocrx_word' id='word_1_299' title='bbox 283 4189 426 4253; x_wconf 66' lang='grc' dir='ltr'><strong>ηιςτ</strong></span> <span class='ocrx_word' id='word_1_300' title='bbox 447 4189 588 4240; x_wconf 80' lang='lat' dir='ltr'><strong>erat</strong></span> <span class='ocrx_word' id='word_1_301' title='bbox 605 4184 772 4240; x_wconf 83' lang='lat' dir='ltr'><strong>enim</strong></span> <span class='ocrx_word' id='word_1_302' title='bbox 792 4201 1030 4242; x_wconf 84' lang='lat' dir='ltr'><strong>crassus</strong></span> <span class='ocrx_word' id='word_1_303' title='bbox 1045 4185 1242 4242; x_wconf 88' lang='lat' dir='ltr'><strong>nimis.</strong></span> <span class='ocrx_word' id='word_1_304' title='bbox 1269 4187 1339 4241; x_wconf 87' lang='lat' dir='ltr'><strong>Et</strong></span> <span class='ocrx_word' id='word_1_305' title='bbox 1355 4186 1629 4259; x_wconf 87' lang='lat' dir='ltr'><strong>quoniam</strong></span> <span class='ocrx_word' id='word_1_306' title='bbox 1650 4188 1961 4261; x_wconf 86' lang='lat' dir='ltr'><strong>episcopus</strong></span> 
     </span>
    </p>
   </div>
   <div class='ocr_carea' id='block_1_47' title="bbox 280 4270 1960 4349">
    <p class='ocr_par' dir='ltr' id='par_1_47' title="bbox 280 4270 1960 4349">
     <span class='ocr_line' id='line_1_47' title="bbox 280 4270 1960 4349; baseline 0.002 -19"><span class='ocrx_word' id='word_1_307' title='bbox 280 4270 595 4348; x_wconf 64' lang='lat' dir='ltr'><strong>eloquens</strong></span> <span class='ocrx_word' id='word_1_308' title='bbox 625 4277 752 4330; x_wconf 73' lang='lat' dir='ltr'><strong>erat</strong></span> <span class='ocrx_word' id='word_1_309' title='bbox 779 4279 836 4330; x_wconf 88' lang='lat' dir='ltr'><strong>et</strong></span> <span class='ocrx_word' id='word_1_310' title='bbox 864 4279 1160 4345; x_wconf 87' lang='lat' dir='ltr'><strong>versutus,</strong></span> <span class='ocrx_word' id='word_1_311' title='bbox 1186 4275 1482 4348; x_wconf 87' lang='lat' dir='ltr'><strong>persuasit</strong></span> <span class='ocrx_word' id='word_1_312' title='bbox 1501 4292 1657 4344; x_wconf 89' lang='lat' dir='ltr'><strong>eum,</strong></span> <span class='ocrx_word' id='word_1_313' title='bbox 1691 4277 1960 4349; x_wconf 79' lang='lat' dir='ltr'><strong>quamvis</strong></span> 
     </span>
    </p>
   </div>
   <div class='ocr_carea' id='block_1_48' title="bbox 283 4361 1961 4437">
    <p class='ocr_par' dir='ltr' id='par_1_48' title="bbox 283 4361 1961 4437">
     <span class='ocr_line' id='line_1_48' title="bbox 283 4361 1961 4437; baseline 0.002 -18"><span class='ocrx_word' id='word_1_314' title='bbox 283 4363 397 4420; x_wconf 76' lang='lat' dir='ltr'><strong>diu</strong></span> <span class='ocrx_word' id='word_1_315' title='bbox 425 4362 775 4420; x_wconf 68' lang='lat' dir='ltr'><strong>reluctant.</strong></span> <span class='ocrx_word' id='word_1_316' title='bbox 809 4361 910 4419; x_wconf 89' lang='lat' dir='ltr'><strong>Die</strong></span> <span class='ocrx_word' id='word_1_317' title='bbox 959 4379 1096 4437; x_wconf 87' lang='lat' dir='ltr'><strong>ergo</strong></span> <span class='ocrx_word' id='word_1_318' title='bbox 1123 4368 1346 4420; x_wconf 88' lang='lat' dir='ltr'><strong>statuta</strong></span> <span class='ocrx_word' id='word_1_319' title='bbox 1375 4365 1608 4421; x_wconf 88' lang='lat' dir='ltr'><strong>advenit</strong></span> <span class='ocrx_word' id='word_1_320' title='bbox 1655 4363 1961 4422; x_wconf 88' lang='lat' dir='ltr'><strong>Udalricus</strong></span> 
     </span>
    </p>
   </div>
   <div class='ocr_carea' id='block_1_49' title="bbox 2075 451 3718 540">
    <p class='ocr_par' dir='ltr' id='par_1_49' title="bbox 2075 451 3718 540">
     <span class='ocr_line' id='line_1_49' title="bbox 2075 451 3718 540; baseline 0.003 -24"><span class='ocrx_word' id='word_1_321' title='bbox 2075 461 2287 517; x_wconf 87' lang='lat' dir='ltr'><strong>debere</strong></span> <span class='ocrx_word' id='word_1_322' title='bbox 2318 477 2556 535; x_wconf 82' lang='lat' dir='ltr'><strong>pergere</strong></span> <span class='ocrx_word' id='word_1_323' title='bbox 2593 469 2649 519; x_wconf 89' lang='lat' dir='ltr'><strong>et</strong></span> <span class='ocrx_word' id='word_1_324' title='bbox 2678 463 2896 520; x_wconf 89' lang='lat' dir='ltr'><strong>ibidem</strong></span> <span class='ocrx_word' id='word_1_325' title='bbox 2945 481 3005 520; x_wconf 89' lang='lat' dir='ltr'><strong>se</strong></span> <span class='ocrx_word' id='word_1_326' title='bbox 3060 463 3351 531; x_wconf 87' lang='lat' dir='ltr'><strong>abdicare,</strong></span> <span class='ocrx_word' id='word_1_327' title='bbox 3411 451 3718 540; x_wconf 79' lang='lat' dir='ltr'><strong>episcopus</strong></span> 
     </span>
    </p>
   </div>
   <div class='ocr_carea' id='block_1_50' title="bbox 2042 549 3721 630">
    <p class='ocr_par' dir='ltr' id='par_1_50' title="bbox 2042 549 3721 630">
     <span class='ocr_line' id='line_1_50' title="bbox 2042 549 3721 630; baseline 0.002 -27"><span class='ocrx_word' id='word_1_328' title='bbox 2042 549 2150 603; x_wconf 74' lang='lat' dir='ltr'><strong>“ait</strong></span> <span class='ocrx_word' id='word_1_329' title='bbox 2177 565 2191 605; x_wconf 85' lang='lat'><strong>:</strong></span> <span class='ocrx_word' id='word_1_330' title='bbox 2223 572 2250 600; x_wconf 80' lang='lat'><strong><em>»</em></strong></span> <span class='ocrx_word' id='word_1_331' title='bbox 2277 555 2397 606; x_wconf 84' lang='lat' dir='ltr'><strong>Non</strong></span> <span class='ocrx_word' id='word_1_332' title='bbox 2433 555 2539 615; x_wconf 87' lang='lat' dir='ltr'><strong>est,</strong></span> <span class='ocrx_word' id='word_1_333' title='bbox 2573 552 2787 624; x_wconf 77' lang='lat' dir='ltr'><strong>inquit,</strong></span> <span class='ocrx_word' id='word_1_334' title='bbox 2823 561 3080 618; x_wconf 84' lang='lat' dir='ltr'><strong>necesse,</strong></span> <span class='ocrx_word' id='word_1_335' title='bbox 3108 551 3332 625; x_wconf 83' lang='lat' dir='ltr'><strong>virgam</strong></span> <span class='ocrx_word' id='word_1_336' title='bbox 3375 551 3721 630; x_wconf 79' lang='lat' dir='ltr'><strong>mihi_reg’i~-</strong></span> 
     </span>
    </p>
   </div>
   <div class='ocr_carea' id='block_1_51' title="bbox 2073 637 3717 708">
    <p class='ocr_par' dir='ltr' id='par_1_51' title="bbox 2073 637 3717 708">
     <span class='ocr_line' id='line_1_51' title="bbox 2073 637 3717 708; baseline 0.002 -15"><span class='ocrx_word' id='word_1_337' title='bbox 2073 638 2251 694; x_wconf 89' lang='lat' dir='ltr'><strong>minis</strong></span> <span class='ocrx_word' id='word_1_338' title='bbox 2275 640 2532 694; x_wconf 81' lang='lat' dir='ltr'><strong>reddat.»</strong></span> <span class='ocrx_word' id='word_1_339' title='bbox 2559 643 2721 696; x_wconf 90' lang='lat' dir='ltr'><strong>Tunc</strong></span> <span class='ocrx_word' id='word_1_340' title='bbox 2743 656 2946 697; x_wconf 84' lang='lat' dir='ltr'><strong>omnes</strong></span> <span class='ocrx_word' id='word_1_341' title='bbox 2960 637 3717 708; x_wconf 85' lang='lat' dir='ltr'><strong>reclamaverunt,dicentes</strong></span> 
     </span>
    </p>
   </div>
   <div class='ocr_carea' id='block_1_52' title="bbox 2072 726 3720 801">
    <p class='ocr_par' dir='ltr' id='par_1_52' title="bbox 2072 726 3720 801">
     <span class='ocr_line' id='line_1_52' title="bbox 2072 726 3720 801; baseline 0.001 -20"><span class='ocrx_word' id='word_1_342' title='bbox 2072 726 2180 782; x_wconf 89' lang='lat' dir='ltr'><strong>hoc</strong></span> <span class='ocrx_word' id='word_1_343' title='bbox 2214 727 2549 784; x_wconf 89' lang='lat' dir='ltr'><strong>nullatenus</strong></span> <span class='ocrx_word' id='word_1_344' title='bbox 2578 730 2647 784; x_wconf 88' lang='lat' dir='ltr'><strong>ad</strong></span> <span class='ocrx_word' id='word_1_345' title='bbox 2681 746 2815 784; x_wconf 88' lang='lat' dir='ltr'><strong>eum</strong></span> <span class='ocrx_word' id='word_1_346' title='bbox 2847 730 3158 801; x_wconf 87' lang='lat' dir='ltr'><strong>pertinere.</strong></span> <span class='ocrx_word' id='word_1_347' title='bbox 3185 732 3338 801; x_wconf 81' lang='lat' dir='ltr'><strong>Ergo</strong></span> <span class='ocrx_word' id='word_1_348' title='bbox 3369 727 3618 784; x_wconf 88' lang='lat' dir='ltr'><strong>accessit</strong></span> <span class='ocrx_word' id='word_1_349' title='bbox 3645 728 3720 783; x_wconf 90' lang='lat' dir='ltr'><strong>ad</strong></span> 
     </span>
    </p>
   </div>
   <div class='ocr_carea' id='block_1_53' title="bbox 2071 815 3718 890">
    <p class='ocr_par' dir='ltr' id='par_1_53' title="bbox 2071 815 3718 890">
     <span class='ocr_line' id='line_1_53' title="bbox 2071 815 3718 890; baseline 0.001 -20"><span class='ocrx_word' id='word_1_350' title='bbox 2071 815 2254 871; x_wconf 89' lang='lat' dir='ltr'><strong>altare</strong></span> <span class='ocrx_word' id='word_1_351' title='bbox 2283 819 2340 870; x_wconf 88' lang='lat' dir='ltr'><strong>et</strong></span> <span class='ocrx_word' id='word_1_352' title='bbox 2369 815 2592 889; x_wconf 89' lang='lat' dir='ltr'><strong>virgam</strong></span> <span class='ocrx_word' id='word_1_353' title='bbox 2617 817 2886 889; x_wconf 88' lang='lat' dir='ltr'><strong>deposuit</strong></span> <span class='ocrx_word' id='word_1_354' title='bbox 2930 819 3200 890; x_wconf 88' lang='lat' dir='ltr'><strong>desuper,</strong></span> <span class='ocrx_word' id='word_1_355' title='bbox 3233 817 3461 872; x_wconf 89' lang='lat' dir='ltr'><strong>dicens:</strong></span> <span class='ocrx_word' id='word_1_356' title='bbox 3493 840 3519 867; x_wconf 73' lang='grc' dir='ltr'><strong>(ι</strong></span> <span class='ocrx_word' id='word_1_357' title='bbox 3553 816 3718 884; x_wconf 87' lang='lat' dir='ltr'><strong>Ecce,</strong></span> 
     </span>
    </p>
   </div>
   <div class='ocr_carea' id='block_1_54' title="bbox 2060 901 3718 977">
    <p class='ocr_par' dir='ltr' id='par_1_54' title="bbox 2060 901 3718 977">
     <span class='ocr_line' id='line_1_54' title="bbox 2060 901 3718 977; baseline 0.001 -18"><span class='ocrx_word' id='word_1_358' title='bbox 2060 905 2226 975; x_wconf 81' lang='lat' dir='ltr'><strong>quod</strong></span> <span class='ocrx_word' id='word_1_359' title='bbox 2257 904 2354 960; x_wconf 90' lang='lat' dir='ltr'><strong>Dei</strong></span> <span class='ocrx_word' id='word_1_360' title='bbox 2389 909 2446 960; x_wconf 91' lang='lat' dir='ltr'><strong>et</strong></span> <span class='ocrx_word' id='word_1_361' title='bbox 2472 906 2646 960; x_wconf 87' lang='lat' dir='ltr'><strong>vestri</strong></span> <span class='ocrx_word' id='word_1_362' title='bbox 2671 906 2860 977; x_wconf 89' lang='lat' dir='ltr'><strong>gratia</strong></span> <span class='ocrx_word' id='word_1_363' title='bbox 2890 905 3090 974; x_wconf 90' lang='lat' dir='ltr'><strong>habui,</strong></span> <span class='ocrx_word' id='word_1_364' title='bbox 3127 901 3372 976; x_wconf 83' lang='lat' dir='ltr'><strong>depono,</strong></span> <span class='ocrx_word' id='word_1_365' title='bbox 3408 909 3466 961; x_wconf 88' lang='lat' dir='ltr'><strong>et</strong></span> <span class='ocrx_word' id='word_1_366' title='bbox 3515 919 3718 961; x_wconf 91' lang='lat' dir='ltr'><strong>omnes</strong></span> 
     </span>
    </p>
   </div>
   <div class='ocr_carea' id='block_1_55' title="bbox 2070 985 3716 1050">
    <p class='ocr_par' dir='ltr' id='par_1_55' title="bbox 2070 985 3716 1050">
     <span class='ocr_line' id='line_1_55' title="bbox 2070 985 3716 1050; baseline 0.001 -2"><span class='ocrx_word' id='word_1_367' title='bbox 2070 1007 2170 1048; x_wconf 79' lang='lat' dir='ltr'><strong>vos</strong></span> <span class='ocrx_word' id='word_1_368' title='bbox 2200 1011 2230 1047; x_wconf 91' lang='lat' dir='ltr'><strong>a</strong></span> <span class='ocrx_word' id='word_1_369' title='bbox 2264 993 2379 1047; x_wconf 92' lang='lat' dir='ltr'><strong>mei</strong></span> <span class='ocrx_word' id='word_1_370' title='bbox 2411 992 2744 1049; x_wconf 89' lang='lat' dir='ltr'><strong>obedientia</strong></span> <span class='ocrx_word' id='word_1_371' title='bbox 2770 993 3025 1050; x_wconf 89' lang='lat' dir='ltr'><strong>absolvo.</strong></span> <span class='ocrx_word' id='word_1_372' title='bbox 3052 993 3376 1049; x_wconf 78' lang='lat' dir='ltr'><strong>nHocdieto</strong></span> <span class='ocrx_word' id='word_1_373' title='bbox 3399 993 3470 1048; x_wconf 90' lang='lat' dir='ltr'><strong>ad</strong></span> <span class='ocrx_word' id='word_1_374' title='bbox 3498 985 3716 1050; x_wconf 85' lang='lat' dir='ltr'><strong>lectum</strong></span> 
     </span>
    </p>
   </div>
   <div class='ocr_carea' id='block_1_56' title="bbox 2045 1081 3535 1157">
    <p class='ocr_par' dir='ltr' id='par_1_56' title="bbox 2045 1081 3535 1157">
     <span class='ocr_line' id='line_1_56' title="bbox 2045 1081 3535 1157; baseline 0.001 -22"><span class='ocrx_word' id='word_1_375' title='bbox 2045 1081 2242 1137; x_wconf 88' lang='lat' dir='ltr'><strong>&#39;rediit</strong></span> <span class='ocrx_word' id='word_1_376' title='bbox 2271 1086 2326 1138; x_wconf 90' lang='lat' dir='ltr'><strong>et</strong></span> <span class='ocrx_word' id='word_1_377' title='bbox 2354 1083 2680 1138; x_wconf 89' lang='lat' dir='ltr'><strong>Conradum</strong></span> <span class='ocrx_word' id='word_1_378' title='bbox 2709 1082 3078 1157; x_wconf 87' lang='lat' dir='ltr'><strong>capellanum</strong></span> <span class='ocrx_word' id='word_1_379' title='bbox 3095 1083 3322 1155; x_wconf 88' lang='lat' dir='ltr'><strong>primus</strong></span> <span class='ocrx_word' id='word_1_380' title='bbox 3344 1081 3535 1155; x_wconf 86' lang='lat' dir='ltr'><strong>elegit.</strong></span> 
     </span>
    </p>
   </div>
   <div class='ocr_carea' id='block_1_57' title="bbox 2850 1171 2989 1226">
    <p class='ocr_par' dir='ltr' id='par_1_57' title="bbox 2850 1171 2989 1226">
     <span class='ocr_line' id='line_1_57' title="bbox 2850 1171 2989 1226; baseline -0.007 0"><span class='ocrx_word' id='word_1_381' title='bbox 2850 1171 2989 1226; x_wconf 61' lang='lat' dir='ltr'><strong>XVI.</strong></span> 
     </span>
    </p>
   </div>
   <div class='ocr_carea' id='block_1_58' title="bbox 2140 1171 3718 1331">
    <p class='ocr_par' dir='ltr' id='par_1_58' title="bbox 2140 1171 3718 1331">
     <span class='ocr_line' id='line_1_58' title="bbox 2850 1171 2989 1226; baseline -0.007 0"><span class='ocrx_word' id='word_1_382' title='bbox 2850 1171 2944 1226; x_wconf 65' lang='lat' dir='ltr'><strong>IV</strong></span> <span class='ocrx_word' id='word_1_383' title='bbox 2978 1215 2989 1225; x_wconf 98' lang='lat'><strong>.</strong></span> 
     </span>
     <span class='ocr_line' id='line_1_59' title="bbox 2140 1171 3718 1331; baseline 0.001 -16"><span class='ocrx_word' id='word_1_384' title='bbox 2140 1251 2292 1316; x_wconf 68' lang='lat'><strong>872</strong></span> <span class='ocrx_word' id='word_1_385' title='bbox 2316 1257 2535 1314; x_wconf 89' lang='lat' dir='ltr'><strong>Deinde</strong></span> <span class='ocrx_word' id='word_1_386' title='bbox 2560 1258 2772 1315; x_wconf 87' lang='lat' dir='ltr'><strong>iterum</strong></span> <span class='ocrx_word' id='word_1_387' title='bbox 2789 1171 3112 1316; x_wconf 46' lang='lat' dir='ltr'><strong>genveintus</strong></span> <span class='ocrx_word' id='word_1_388' title='bbox 3131 1261 3200 1315; x_wconf 88' lang='lat' dir='ltr'><strong>ad</strong></span> <span class='ocrx_word' id='word_1_389' title='bbox 3225 1258 3550 1331; x_wconf 89' lang='lat' dir='ltr'><strong>capitulum</strong></span> <span class='ocrx_word' id='word_1_390' title='bbox 3581 1261 3718 1316; x_wconf 90' lang='lat' dir='ltr'><strong>red—</strong></span> 
     </span>
    </p>
   </div>
   <div class='ocr_carea' id='block_1_59' title="bbox 2045 1345 3713 1420">
    <p class='ocr_par' dir='ltr' id='par_1_59' title="bbox 2045 1345 3713 1420">
     <span class='ocr_line' id='line_1_60' title="bbox 2045 1345 3713 1420; baseline 0.001 -18"><span class='ocrx_word' id='word_1_391' title='bbox 2045 1345 2155 1402; x_wconf 69' lang='lat' dir='ltr'><strong>iit.</strong></span> <span class='ocrx_word' id='word_1_392' title='bbox 2191 1347 2516 1420; x_wconf 84' lang='lat' dir='ltr'><strong>Episcopus</strong></span> <span class='ocrx_word' id='word_1_393' title='bbox 2570 1361 2704 1403; x_wconf 82' lang='lat' dir='ltr'><strong>vero</strong></span> <span class='ocrx_word' id='word_1_394' title='bbox 2761 1349 3022 1418; x_wconf 87' lang='lat' dir='ltr'><strong>secessit,</strong></span> <span class='ocrx_word' id='word_1_395' title='bbox 3081 1351 3138 1403; x_wconf 90' lang='lat' dir='ltr'><strong>et</strong></span> <span class='ocrx_word' id='word_1_396' title='bbox 3194 1347 3376 1402; x_wconf 84' lang='lat' dir='ltr'><strong>libera</strong></span> <span class='ocrx_word' id='word_1_397' title='bbox 3433 1345 3713 1404; x_wconf 86' lang='lat' dir='ltr'><strong>electione</strong></span> 
     </span>
    </p>
   </div>
   <div class='ocr_carea' id='block_1_60' title="bbox 2069 1435 3721 1510">
    <p class='ocr_par' dir='ltr' id='par_1_60' title="bbox 2069 1435 3721 1510">
     <span class='ocr_line' id='line_1_61' title="bbox 2069 1435 3721 1510; baseline -0.002 -17"><span class='ocrx_word' id='word_1_398' title='bbox 2069 1437 2262 1493; x_wconf 89' lang='lat' dir='ltr'><strong>omnis</strong></span> <span class='ocrx_word' id='word_1_399' title='bbox 2294 1437 2665 1510; x_wconf 87' lang='lat' dir='ltr'><strong>congregatio</strong></span> <span class='ocrx_word' id='word_1_400' title='bbox 2695 1437 3025 1494; x_wconf 86' lang='lat' dir='ltr'><strong>Conradum</strong></span> <span class='ocrx_word' id='word_1_401' title='bbox 3059 1436 3250 1509; x_wconf 84' lang='lat' dir='ltr'><strong>elegit.</strong></span> <span class='ocrx_word' id='word_1_402' title='bbox 3305 1435 3608 1492; x_wconf 90' lang='lat' dir='ltr'><strong>Conradus</strong></span> <span class='ocrx_word' id='word_1_403' title='bbox 3661 1435 3721 1490; x_wconf 86' lang='lat' dir='ltr'><strong>et</strong></span> 
     </span>
    </p>
   </div>
   <div class='ocr_carea' id='block_1_61' title="bbox 2066 1523 3717 1600">
    <p class='ocr_par' dir='ltr' id='par_1_61' title="bbox 2066 1523 3717 1600">
     <span class='ocr_line' id='line_1_62' title="bbox 2066 1523 3717 1600; baseline -0.002 -18"><span class='ocrx_word' id='word_1_404' title='bbox 2066 1523 2192 1600; x_wconf 87' lang='lat' dir='ltr'><strong>ipse</strong></span> <span class='ocrx_word' id='word_1_405' title='bbox 2216 1531 2555 1593; x_wconf 84' lang='lat' dir='ltr'><strong>secesserat,</strong></span> <span class='ocrx_word' id='word_1_406' title='bbox 2592 1527 2865 1599; x_wconf 86' lang='lat' dir='ltr'><strong>quoniam</strong></span> <span class='ocrx_word' id='word_1_407' title='bbox 2903 1543 3005 1599; x_wconf 91' lang='lat' dir='ltr'><strong>pro</strong></span> <span class='ocrx_word' id='word_1_408' title='bbox 3029 1525 3262 1598; x_wconf 86' lang='lat' dir='ltr'><strong>hospite</strong></span> <span class='ocrx_word' id='word_1_409' title='bbox 3300 1525 3584 1580; x_wconf 88' lang='lat' dir='ltr'><strong>hactenus</strong></span> <span class='ocrx_word' id='word_1_410' title='bbox 3635 1524 3717 1592; x_wconf 86' lang='lat' dir='ltr'><strong>ibi</strong></span> 
     </span>
    </p>
   </div>
   <div class='ocr_carea' id='block_1_62' title="bbox 2067 1614 3721 1686">
    <p class='ocr_par' dir='ltr' id='par_1_62' title="bbox 2067 1614 3721 1686">
     <span class='ocr_line' id='line_1_63' title="bbox 2067 1614 3721 1686; baseline -0.003 -13"><span class='ocrx_word' id='word_1_411' title='bbox 2067 1616 2385 1672; x_wconf 84' lang='lat' dir='ltr'><strong>habitabat.</strong></span> <span class='ocrx_word' id='word_1_412' title='bbox 2420 1615 2715 1671; x_wconf 89' lang='lat' dir='ltr'><strong>Electione</strong></span> <span class='ocrx_word' id='word_1_413' title='bbox 2737 1619 2932 1671; x_wconf 88' lang='lat' dir='ltr'><strong>autem</strong></span> <span class='ocrx_word' id='word_1_414' title='bbox 2967 1619 3220 1686; x_wconf 89' lang='lat' dir='ltr'><strong>peracta,</strong></span> <span class='ocrx_word' id='word_1_415' title='bbox 3282 1614 3605 1686; x_wconf 90' lang='lat' dir='ltr'><strong>requisitus</strong></span> <span class='ocrx_word' id='word_1_416' title='bbox 3662 1617 3721 1668; x_wconf 89' lang='lat' dir='ltr'><strong>et</strong></span> 
     </span>
    </p>
   </div>
   <div class='ocr_carea' id='block_1_63' title="bbox 2067 1702 3720 1774">
    <p class='ocr_par' dir='ltr' id='par_1_63' title="bbox 2067 1702 3720 1774">
     <span class='ocr_line' id='line_1_64' title="bbox 2067 1702 3720 1774; baseline -0.001 -16"><span class='ocrx_word' id='word_1_417' title='bbox 2067 1705 2361 1774; x_wconf 88' lang='lat' dir='ltr'><strong>inventus,</strong></span> <span class='ocrx_word' id='word_1_418' title='bbox 2394 1704 2656 1760; x_wconf 87' lang='lat' dir='ltr'><strong>clamans</strong></span> <span class='ocrx_word' id='word_1_419' title='bbox 2690 1710 2748 1760; x_wconf 88' lang='lat' dir='ltr'><strong>et</strong></span> <span class='ocrx_word' id='word_1_420' title='bbox 2777 1703 3030 1759; x_wconf 87' lang='lat' dir='ltr'><strong>multum</strong></span> <span class='ocrx_word' id='word_1_421' title='bbox 3076 1703 3373 1759; x_wconf 83' lang='lat' dir='ltr'><strong>reluctans</strong></span> <span class='ocrx_word' id='word_1_422' title='bbox 3436 1702 3720 1758; x_wconf 88' lang='lat' dir='ltr'><strong>violenter</strong></span> 
     </span>
    </p>
   </div>
   <div class='ocr_carea' id='block_1_64' title="bbox 2069 1785 3716 1858">
    <p class='ocr_par' dir='ltr' id='par_1_64' title="bbox 2069 1785 3716 1858">
     <span class='ocr_line' id='line_1_65' title="bbox 2069 1785 3716 1858; baseline -0.002 -8"><span class='ocrx_word' id='word_1_423' title='bbox 2069 1793 2380 1858; x_wconf 84' lang='lat' dir='ltr'><strong>adductus,</strong></span> <span class='ocrx_word' id='word_1_424' title='bbox 2404 1799 2460 1848; x_wconf 91' lang='lat' dir='ltr'><strong>et</strong></span> <span class='ocrx_word' id='word_1_425' title='bbox 2490 1793 2726 1847; x_wconf 87' lang='lat' dir='ltr'><strong>tandem</strong></span> <span class='ocrx_word' id='word_1_426' title='bbox 2761 1791 3049 1848; x_wconf 89' lang='lat' dir='ltr'><strong>laboriose</strong></span> <span class='ocrx_word' id='word_1_427' title='bbox 3071 1789 3476 1847; x_wconf 81' lang='lat' dir='ltr'><strong>devictus&#39;sedi</strong></span> <span class='ocrx_word' id='word_1_428' title='bbox 3499 1794 3586 1846; x_wconf 89' lang='lat' dir='ltr'><strong>est</strong></span> <span class='ocrx_word' id='word_1_429' title='bbox 3606 1785 3716 1846; x_wconf 81' lang='lat' dir='ltr'><strong>im-</strong></span> 
     </span>
    </p>
   </div>
   <div class='ocr_carea' id='block_1_65' title="bbox 2068 1882 3686 1955">
    <p class='ocr_par' dir='ltr' id='par_1_65' title="bbox 2068 1882 3686 1955">
     <span class='ocr_line' id='line_1_66' title="bbox 2068 1882 3686 1955; baseline -0.013 -16"><span class='ocrx_word' id='word_1_430' title='bbox 2068 1882 2316 1955; x_wconf 89' lang='lat' dir='ltr'><strong>positus.</strong></span> <span class='ocrx_word' id='word_1_431' title='bbox 3684 1882 3686 1885; x_wconf 92' lang='grc'><strong>·</strong></span> 
     </span>
    </p>
   </div>
   <div class='ocr_carea' id='block_1_66' title="bbox 2775 1969 3004 2039">
    <p class='ocr_par' dir='ltr' id='par_1_66' title="bbox 2775 1969 3004 2039">
     <span class='ocr_line' id='line_1_67' title="bbox 2775 1969 3004 2039; baseline -0.004 -16"><span class='ocrx_word' id='word_1_432' title='bbox 2775 1969 2803 2039; x_wconf 60' lang='grc' dir='ltr'>ξ</span> <span class='ocrx_word' id='word_1_433' title='bbox 2834 1969 3004 2024; x_wconf 81' lang='lat' dir='ltr'><strong>XVII.</strong></span> 
     </span>
    </p>
   </div>
   <div class='ocr_carea' id='block_1_67' title="bbox 2141 2055 3713 2130">
    <p class='ocr_par' dir='ltr' id='par_1_67' title="bbox 2141 2055 3713 2130">
     <span class='ocr_line' id='line_1_68' title="bbox 2141 2055 3713 2130; baseline -0.003 -15"><span class='ocrx_word' id='word_1_434' title='bbox 2141 2059 2276 2116; x_wconf 91' lang='lat' dir='ltr'><strong>Post</strong></span> <span class='ocrx_word' id='word_1_435' title='bbox 2302 2075 2535 2115; x_wconf 89' lang='lat' dir='ltr'><strong>menses</strong></span> <span class='ocrx_word' id='word_1_436' title='bbox 2568 2063 2819 2130; x_wconf 85' lang='lat' dir='ltr'><strong>quatuor</strong></span> <span class='ocrx_word' id='word_1_437' title='bbox 2848 2055 3155 2112; x_wconf 89' lang='lat' dir='ltr'><strong>Udalricus</strong></span> <span class='ocrx_word' id='word_1_438' title='bbox 3187 2055 3501 2129; x_wconf 89' lang='lat' dir='ltr'><strong>episcopus</strong></span> <span class='ocrx_word' id='word_1_439' title='bbox 3560 2057 3713 2128; x_wconf 88' lang='lat' dir='ltr'><strong>apud</strong></span> 
     </span>
    </p>
   </div>
   <div class='ocr_carea' id='block_1_68' title="bbox 2059 2143 3714 2217">
    <p class='ocr_par' dir='ltr' id='par_1_68' title="bbox 2059 2143 3714 2217">
     <span class='ocr_line' id='line_1_69' title="bbox 2059 2143 3714 2217; baseline -0.003 -14"><span class='ocrx_word' id='word_1_440' title='bbox 2059 2148 2272 2205; x_wconf 79' lang='lat' dir='ltr'><strong>cellam</strong></span> <span class='ocrx_word' id='word_1_441' title='bbox 2308 2150 2365 2204; x_wconf 89' lang='lat' dir='ltr'><strong>S.</strong></span> <span class='ocrx_word' id='word_1_442' title='bbox 2391 2147 2584 2203; x_wconf 60' lang='lat' dir='ltr'><strong>Maria</strong></span> <span class='ocrx_word' id='word_1_443' title='bbox 2616 2148 2673 2202; x_wconf 92' lang='lat' dir='ltr'><strong>in</strong></span> <span class='ocrx_word' id='word_1_444' title='bbox 2707 2147 3050 2217; x_wconf 80' lang='lat' dir='ltr'><strong>Brisgouwe</strong></span> <span class='ocrx_word' id='word_1_445' title='bbox 3071 2144 3239 2216; x_wconf 69' lang='grc'><strong>(944),</strong></span> <span class='ocrx_word' id='word_1_446' title='bbox 3265 2159 3515 2216; x_wconf 86' lang='lat' dir='ltr'><strong>quorum</strong></span> <span class='ocrx_word' id='word_1_447' title='bbox 3538 2143 3714 2200; x_wconf 88' lang='lat' dir='ltr'><strong>etiam</strong></span> 
     </span>
    </p>
   </div>
   <div class='ocr_carea' id='block_1_69' title="bbox 2067 2231 3714 2305">
    <p class='ocr_par' dir='ltr' id='par_1_69' title="bbox 2067 2231 3714 2305">
     <span class='ocr_line' id='line_1_70' title="bbox 2067 2231 3714 2305; baseline -0.002 -13"><span class='ocrx_word' id='word_1_448' title='bbox 2067 2238 2268 2293; x_wconf 89' lang='lat' dir='ltr'><strong>habitu</strong></span> <span class='ocrx_word' id='word_1_449' title='bbox 2301 2238 2605 2303; x_wconf 86' lang='lat' dir='ltr'><strong>enituerat,</strong></span> <span class='ocrx_word' id='word_1_450' title='bbox 2641 2236 2799 2292; x_wconf 58' lang='lat' dir='ltr'><strong>regio</strong></span> <span class='ocrx_word' id='word_1_451' title='bbox 2827 2231 3031 2290; x_wconf 85' lang='lat' dir='ltr'><strong>morbo</strong></span> <span class='ocrx_word' id='word_1_452' title='bbox 3053 2233 3389 2305; x_wconf 87' lang='lat' dir='ltr'><strong>depressus,</strong></span> <span class='ocrx_word' id='word_1_453' title='bbox 3414 2237 3468 2288; x_wconf 90' lang='lat' dir='ltr'><strong>et</strong></span> <span class='ocrx_word' id='word_1_454' title='bbox 3497 2231 3714 2288; x_wconf 88' lang='lat' dir='ltr'><strong>violen-</strong></span> 
     </span>
    </p>
   </div>
   <div class='ocr_carea' id='block_1_70' title="bbox 2065 2311 3716 2398">
    <p class='ocr_par' dir='ltr' id='par_1_70' title="bbox 2065 2311 3716 2398">
     <span class='ocr_line' id='line_1_71' title="bbox 2065 2311 3716 2398; baseline -0.003 -17"><span class='ocrx_word' id='word_1_455' title='bbox 2065 2331 2153 2382; x_wconf 89' lang='lat' dir='ltr'><strong>ter</strong></span> <span class='ocrx_word' id='word_1_456' title='bbox 2185 2325 2370 2382; x_wconf 89' lang='lat' dir='ltr'><strong>oculis</strong></span> <span class='ocrx_word' id='word_1_457' title='bbox 2389 2327 2459 2380; x_wconf 91' lang='lat' dir='ltr'><strong>de</strong></span> <span class='ocrx_word' id='word_1_458' title='bbox 2482 2325 2665 2398; x_wconf 88' lang='lat' dir='ltr'><strong>capite</strong></span> <span class='ocrx_word' id='word_1_459' title='bbox 2692 2325 2914 2395; x_wconf 88' lang='lat' dir='ltr'><strong>ejectis,</strong></span> <span class='ocrx_word' id='word_1_460' title='bbox 2950 2323 3238 2379; x_wconf 84' lang='lat' dir='ltr'><strong>laborioso</strong></span> <span class='ocrx_word' id='word_1_461' title='bbox 3261 2322 3375 2377; x_wconf 84' lang='lat' dir='ltr'><strong>ﬁne</strong></span> <span class='ocrx_word' id='word_1_462' title='bbox 3405 2311 3716 2377; x_wconf 85' lang='lat' dir='ltr'><strong>defunctus</strong></span> 
     </span>
    </p>
   </div>
   <div class='ocr_carea' id='block_1_71' title="bbox 2068 2408 3716 2486">
    <p class='ocr_par' dir='ltr' id='par_1_71' title="bbox 2068 2408 3716 2486">
     <span class='ocr_line' id='line_1_72' title="bbox 2068 2408 3716 2486; baseline -0.004 -14"><span class='ocrx_word' id='word_1_463' title='bbox 2068 2419 2176 2482; x_wconf 88' lang='lat' dir='ltr'><strong>est,</strong></span> <span class='ocrx_word' id='word_1_464' title='bbox 2207 2416 2294 2471; x_wconf 91' lang='lat' dir='ltr'><strong>vir</strong></span> <span class='ocrx_word' id='word_1_465' title='bbox 2325 2415 2515 2471; x_wconf 86' lang='lat' dir='ltr'><strong>ofticio</strong></span> <span class='ocrx_word' id='word_1_466' title='bbox 2547 2412 2870 2486; x_wconf 86' lang='lat' dir='ltr'><strong>pontificali</strong></span> <span class='ocrx_word' id='word_1_467' title='bbox 2900 2410 3067 2467; x_wconf 89' lang='lat' dir='ltr'><strong>valde</strong></span> <span class='ocrx_word' id='word_1_468' title='bbox 3116 2410 3388 2475; x_wconf 90' lang='lat' dir='ltr'><strong>idoneus,</strong></span> <span class='ocrx_word' id='word_1_469' title='bbox 3440 2409 3489 2464; x_wconf 88' lang='lat' dir='ltr'><strong>si</strong></span> <span class='ocrx_word' id='word_1_470' title='bbox 3522 2408 3716 2466; x_wconf 86' lang='lat' dir='ltr'><strong>animo</strong></span> 
     </span>
    </p>
   </div>
   <div class='ocr_carea' id='block_1_72' title="bbox 2066 2491 3716 2571">
    <p class='ocr_par' dir='ltr' id='par_1_72' title="bbox 2066 2491 3716 2571">
     <span class='ocr_line' id='line_1_73' title="bbox 2066 2491 3716 2571; baseline -0.005 -10"><span class='ocrx_word' id='word_1_471' title='bbox 2066 2522 2178 2561; x_wconf 91' lang='lat' dir='ltr'><strong>non</strong></span> <span class='ocrx_word' id='word_1_472' title='bbox 2207 2505 2414 2560; x_wconf 84' lang='lat' dir='ltr'><strong>fuisset</strong></span> <span class='ocrx_word' id='word_1_473' title='bbox 2437 2504 2578 2558; x_wconf 88' lang='lat' dir='ltr'><strong>adeo</strong></span> <span class='ocrx_word' id='word_1_474' title='bbox 2600 2500 2944 2558; x_wconf 84' lang='lat' dir='ltr'><strong>acerrimus.</strong></span> <span class='ocrx_word' id='word_1_475' title='bbox 2971 2503 3099 2571; x_wconf 89' lang='lat' dir='ltr'><strong>Ipse</strong></span> <span class='ocrx_word' id='word_1_476' title='bbox 3121 2499 3275 2570; x_wconf 89' lang='lat' dir='ltr'><strong>apud</strong></span> <span class='ocrx_word' id='word_1_477' title='bbox 3304 2499 3360 2553; x_wconf 92' lang='lat' dir='ltr'><strong>S.</strong></span> <span class='ocrx_word' id='word_1_478' title='bbox 3378 2491 3716 2553; x_wconf 83' lang='lat' dir='ltr'><strong>Udalricum</strong></span> 
     </span>
    </p>
   </div>
   <div class='ocr_carea' id='block_1_73' title="bbox 2064 2586 3714 2659">
    <p class='ocr_par' dir='ltr' id='par_1_73' title="bbox 2064 2586 3714 2659">
     <span class='ocr_line' id='line_1_74' title="bbox 2064 2586 3714 2659; baseline -0.005 -11"><span class='ocrx_word' id='word_1_479' title='bbox 2064 2591 2418 2649; x_wconf 68' lang='lat' dir='ltr'><strong>Constantia:</strong></span> <span class='ocrx_word' id='word_1_480' title='bbox 2450 2591 2766 2646; x_wconf 90' lang='lat' dir='ltr'><strong>canonicos</strong></span> <span class='ocrx_word' id='word_1_481' title='bbox 2794 2589 3051 2644; x_wconf 87' lang='lat' dir='ltr'><strong>instituit</strong></span> <span class='ocrx_word' id='word_1_482' title='bbox 3080 2588 3248 2659; x_wconf 82' lang='grc'><strong>(945).</strong></span> <span class='ocrx_word' id='word_1_483' title='bbox 3303 2586 3527 2657; x_wconf 89' lang='lat' dir='ltr'><strong>Corpus</strong></span> <span class='ocrx_word' id='word_1_484' title='bbox 3585 2588 3714 2656; x_wconf 90' lang='lat' dir='ltr'><strong>ejus</strong></span> 
     </span>
    </p>
   </div>
   <div class='ocr_carea' id='block_1_74' title="bbox 2063 2673 3716 2738">
    <p class='ocr_par' dir='ltr' id='par_1_74' title="bbox 2063 2673 3716 2738">
     <span class='ocr_line' id='line_1_75' title="bbox 2063 2673 3716 2738; baseline -0.006 -2"><span class='ocrx_word' id='word_1_485' title='bbox 2063 2679 2466 2738; x_wconf 86' lang='lat' dir='ltr'><strong>Constantiam</strong></span> <span class='ocrx_word' id='word_1_486' title='bbox 2492 2679 2750 2735; x_wconf 87' lang='lat' dir='ltr'><strong>delatum</strong></span> <span class='ocrx_word' id='word_1_487' title='bbox 2774 2677 2833 2733; x_wconf 91' lang='lat' dir='ltr'><strong>in</strong></span> <span class='ocrx_word' id='word_1_488' title='bbox 2855 2677 3030 2733; x_wconf 89' lang='lat' dir='ltr'><strong>choro</strong></span> <span class='ocrx_word' id='word_1_489' title='bbox 3050 2675 3306 2731; x_wconf 80' lang='lat' dir='ltr'><strong>basilicze</strong></span> <span class='ocrx_word' id='word_1_490' title='bbox 3323 2679 3377 2728; x_wconf 90' lang='lat' dir='ltr'><strong>S.</strong></span> <span class='ocrx_word' id='word_1_491' title='bbox 3411 2673 3603 2728; x_wconf 74' lang='lat' dir='ltr'><strong>Mariae</strong></span> <span class='ocrx_word' id='word_1_492' title='bbox 3626 2678 3716 2728; x_wconf 89' lang='lat' dir='ltr'><strong>est</strong></span> 
     </span>
    </p>
   </div>
   <div class='ocr_carea' id='block_1_75' title="bbox 2065 2770 2800 2826">
    <p class='ocr_par' dir='ltr' id='par_1_75' title="bbox 2065 2770 2800 2826">
     <span class='ocr_line' id='line_1_76' title="bbox 2065 2770 2800 2826; baseline -0.005 0"><span class='ocrx_word' id='word_1_493' title='bbox 2065 2770 2383 2826; x_wconf 83' lang='lat' dir='ltr'><strong>honorifice</strong></span> <span class='ocrx_word' id='word_1_494' title='bbox 2413 2771 2800 2824; x_wconf 85' lang='lat' dir='ltr'><strong>tumulatum.</strong></span> 
     </span>
    </p>
   </div>
   <div class='ocr_carea' id='block_1_76' title="bbox 2763 2854 3680 2928">
    <p class='ocr_par' dir='ltr' id='par_1_76' title="bbox 2763 2854 3680 2928">
     <span class='ocr_line' id='line_1_77' title="bbox 2763 2854 3680 2928; baseline -0.001 -18"><span class='ocrx_word' id='word_1_495' title='bbox 2763 2854 2793 2928; x_wconf 86' lang='lat'>§</span> <span class='ocrx_word' id='word_1_496' title='bbox 2822 2854 3020 2910; x_wconf 89' lang='lat' dir='ltr'><strong>XVIII.</strong></span> <span class='ocrx_word' id='word_1_497' title='bbox 3675 2921 3680 2928; x_wconf 27' lang='grc' dir='ltr'><em>ν</em></span> 
     </span>
    </p>
   </div>
   <div class='ocr_carea' id='block_1_77' title="bbox 2141 2940 3713 3022">
    <p class='ocr_par' dir='ltr' id='par_1_77' title="bbox 2141 2940 3713 3022">
     <span class='ocr_line' id='line_1_78' title="bbox 2141 2940 3713 3022; baseline -0.004 -19"><span class='ocrx_word' id='word_1_498' title='bbox 2141 2947 2620 3022; x_wconf 84' lang='lat' dir='ltr'><strong>lgiturBertoll‘us</strong></span> <span class='ocrx_word' id='word_1_499' title='bbox 2653 2945 2832 3001; x_wconf 85' lang='lat' dir='ltr'><strong>abbas</strong></span> <span class='ocrx_word' id='word_1_500' title='bbox 2851 2945 3000 3015; x_wconf 81' lang='grc'><strong>(946)</strong></span> <span class='ocrx_word' id='word_1_501' title='bbox 3023 2959 3148 2997; x_wconf 90' lang='lat' dir='ltr'><strong>ven.</strong></span> <span class='ocrx_word' id='word_1_502' title='bbox 3182 2958 3314 2997; x_wconf 89' lang='lat' dir='ltr'><strong>cum</strong></span> <span class='ocrx_word' id='word_1_503' title='bbox 3363 2940 3619 3013; x_wconf 89' lang='lat' dir='ltr'><strong>primum</strong></span> <span class='ocrx_word' id='word_1_504' title='bbox 3651 2953 3713 2996; x_wconf 82' lang='lat' dir='ltr'><strong>se</strong></span> 
     </span>
    </p>
   </div>
   <div class='ocr_carea' id='block_1_78' title="bbox 2064 3029 3711 3109">
    <p class='ocr_par' dir='ltr' id='par_1_78' title="bbox 2064 3029 3711 3109">
     <span class='ocr_line' id='line_1_79' title="bbox 2064 3029 3711 3109; baseline -0.006 -16"><span class='ocrx_word' id='word_1_505' title='bbox 2064 3041 2347 3109; x_wconf 88' lang='lat' dir='ltr'><strong>potestate</strong></span> <span class='ocrx_word' id='word_1_506' title='bbox 2379 3035 2727 3099; x_wconf 88' lang='lat' dir='ltr'><strong>abdicasset,</strong></span> <span class='ocrx_word' id='word_1_507' title='bbox 2763 3033 3063 3104; x_wconf 87' lang='lat' dir='ltr'><strong>aliquanto</strong></span> <span class='ocrx_word' id='word_1_508' title='bbox 3077 3035 3337 3102; x_wconf 87' lang='lat' dir='ltr'><strong>tempore</strong></span> <span class='ocrx_word' id='word_1_509' title='bbox 3368 3029 3419 3084; x_wconf 90' lang='lat' dir='ltr'><strong>ei</strong></span> <span class='ocrx_word' id='word_1_510' title='bbox 3443 3029 3711 3100; x_wconf 85' lang='lat' dir='ltr'><strong>diligenti</strong></span> 
     </span>
    </p>
   </div>
   <div class='ocr_carea' id='block_1_79' title="bbox 2066 3117 3711 3190">
    <p class='ocr_par' dir='ltr' id='par_1_79' title="bbox 2066 3117 3711 3190">
     <span class='ocr_line' id='line_1_80' title="bbox 2066 3117 3711 3190; baseline -0.004 -10"><span class='ocrx_word' id='word_1_511' title='bbox 2066 3142 2202 3181; x_wconf 85' lang='lat' dir='ltr'><strong>cura</strong></span> <span class='ocrx_word' id='word_1_512' title='bbox 2235 3123 2696 3188; x_wconf 84' lang='lat' dir='ltr'><strong>ministrabatur,</strong></span> <span class='ocrx_word' id='word_1_513' title='bbox 2731 3120 2940 3176; x_wconf 85' lang='lat' dir='ltr'><strong>deinde</strong></span> <span class='ocrx_word' id='word_1_514' title='bbox 2972 3120 3156 3174; x_wconf 90' lang='lat' dir='ltr'><strong>multa</strong></span> <span class='ocrx_word' id='word_1_515' title='bbox 3185 3117 3542 3190; x_wconf 86' lang='lat' dir='ltr'><strong>negligentia</strong></span> <span class='ocrx_word' id='word_1_516' title='bbox 3595 3121 3711 3173; x_wconf 87' lang='lat' dir='ltr'><strong>tra-</strong></span> 
     </span>
    </p>
   </div>
   <div class='ocr_carea' id='block_1_80' title="bbox 2069 3213 3713 3284">
    <p class='ocr_par' dir='ltr' id='par_1_80' title="bbox 2069 3213 3713 3284">
     <span class='ocr_line' id='line_1_81' title="bbox 2069 3213 3713 3284; baseline -0.006 -15"><span class='ocrx_word' id='word_1_517' title='bbox 2069 3213 2490 3284; x_wconf 89' lang='lat' dir='ltr'><strong>ctabatur.Ipse</strong></span> <span class='ocrx_word' id='word_1_518' title='bbox 2513 3226 2743 3284; x_wconf 88' lang='lat' dir='ltr'><strong>quoque</strong></span> <span class='ocrx_word' id='word_1_519' title='bbox 2765 3215 2899 3282; x_wconf 91' lang='lat' dir='ltr'><strong>post</strong></span> <span class='ocrx_word' id='word_1_520' title='bbox 2919 3224 3136 3280; x_wconf 87' lang='lat' dir='ltr'><strong>paucos</strong></span> <span class='ocrx_word' id='word_1_521' title='bbox 3149 3223 3332 3263; x_wconf 91' lang='lat' dir='ltr'><strong>annos</strong></span> <span class='ocrx_word' id='word_1_522' title='bbox 3345 3221 3488 3278; x_wconf 88' lang='lat' dir='ltr'><strong>pene</strong></span> <span class='ocrx_word' id='word_1_523' title='bbox 3508 3221 3713 3260; x_wconf 89' lang='lat' dir='ltr'><strong>amens</strong></span> 
     </span>
    </p>
   </div>
   <div class='ocr_carea' id='block_1_81' title="bbox 2068 3293 3713 3373">
    <p class='ocr_par' dir='ltr' id='par_1_81' title="bbox 2068 3293 3713 3373">
     <span class='ocr_line' id='line_1_82' title="bbox 2068 3293 3713 3373; baseline -0.005 -14"><span class='ocrx_word' id='word_1_524' title='bbox 2068 3303 2308 3359; x_wconf 80' lang='lat' dir='ltr'><strong>eﬂ&#39;ectus</strong></span> <span class='ocrx_word' id='word_1_525' title='bbox 2331 3299 2993 3373; x_wconf 84' lang='lat' dir='ltr'><strong>pueriliterversabatur</strong></span> <span class='ocrx_word' id='word_1_526' title='bbox 3070 3340 3082 3351; x_wconf 94' lang='lat'><strong>.</strong></span> <span class='ocrx_word' id='word_1_527' title='bbox 3165 3339 3176 3353; x_wconf 95' lang='lat'><strong>.</strong></span> <span class='ocrx_word' id='word_1_528' title='bbox 3263 3338 3275 3350; x_wconf 96' lang='lat'><strong>.</strong></span> <span class='ocrx_word' id='word_1_529' title='bbox 3351 3294 3410 3350; x_wconf 90' lang='lat' dir='ltr'><strong>in</strong></span> <span class='ocrx_word' id='word_1_530' title='bbox 3438 3293 3713 3351; x_wconf 84' lang='lat' dir='ltr'><strong>extremis</strong></span> 
     </span>
    </p>
   </div>
   <div class='ocr_carea' id='block_1_82' title="bbox 2069 3387 3716 3462">
    <p class='ocr_par' dir='ltr' id='par_1_82' title="bbox 2069 3387 3716 3462">
     <span class='ocr_line' id='line_1_83' title="bbox 2069 3387 3716 3462; baseline -0.005 -15"><span class='ocrx_word' id='word_1_531' title='bbox 2069 3397 2265 3447; x_wconf 90' lang='lat' dir='ltr'><strong>autem</strong></span> <span class='ocrx_word' id='word_1_532' title='bbox 2295 3392 2423 3462; x_wconf 89' lang='lat' dir='ltr'><strong>ejus</strong></span> <span class='ocrx_word' id='word_1_533' title='bbox 2452 3390 2543 3443; x_wconf 84' lang='lat' dir='ltr'><strong>vix</strong></span> <span class='ocrx_word' id='word_1_534' title='bbox 2573 3393 2800 3444; x_wconf 86' lang='lat' dir='ltr'><strong>tantum</strong></span> <span class='ocrx_word' id='word_1_535' title='bbox 2835 3387 2885 3442; x_wconf 92' lang='lat' dir='ltr'><strong>ei</strong></span> <span class='ocrx_word' id='word_1_536' title='bbox 2918 3403 3128 3442; x_wconf 89' lang='lat' dir='ltr'><strong>sensus</strong></span> <span class='ocrx_word' id='word_1_537' title='bbox 3159 3399 3501 3441; x_wconf 88' lang='lat' dir='ltr'><strong>concessum</strong></span> <span class='ocrx_word' id='word_1_538' title='bbox 3536 3387 3625 3440; x_wconf 91' lang='lat' dir='ltr'><strong>est</strong></span> <span class='ocrx_word' id='word_1_539' title='bbox 3649 3387 3716 3438; x_wconf 90' lang='lat' dir='ltr'><strong>ut</strong></span> 
     </span>
    </p>
   </div>
   <div class='ocr_carea' id='block_1_83' title="bbox 2067 3473 3712 3550">
    <p class='ocr_par' dir='ltr' id='par_1_83' title="bbox 2067 3473 3712 3550">
     <span class='ocr_line' id='line_1_84' title="bbox 2067 3473 3712 3550; baseline -0.004 -16"><span class='ocrx_word' id='word_1_540' title='bbox 2067 3481 2342 3536; x_wconf 89' lang='lat' dir='ltr'><strong>viaticum</strong></span> <span class='ocrx_word' id='word_1_541' title='bbox 2377 3481 2661 3550; x_wconf 73' lang='lat' dir='ltr'><strong>quaereret</strong></span> <span class='ocrx_word' id='word_1_542' title='bbox 2691 3481 2747 3532; x_wconf 92' lang='lat' dir='ltr'><strong>et</strong></span> <span class='ocrx_word' id='word_1_543' title='bbox 2778 3476 3084 3547; x_wconf 84' lang='lat' dir='ltr'><strong>acciperet.</strong></span> <span class='ocrx_word' id='word_1_544' title='bbox 3120 3475 3442 3530; x_wconf 76' lang='lat' dir='ltr'><strong>Defunctus</strong></span> <span class='ocrx_word' id='word_1_545' title='bbox 3489 3473 3712 3540; x_wconf 87' lang='lat' dir='ltr'><strong>tamen,</strong></span> 
     </span>
    </p>
   </div>
   <div class='ocr_carea' id='block_1_84' title="bbox 2066 3563 3719 3638">
    <p class='ocr_par' dir='ltr' id='par_1_84' title="bbox 2066 3563 3719 3638">
     <span class='ocr_line' id='line_1_85' title="bbox 2066 3563 3719 3638; baseline -0.006 -12"><span class='ocrx_word' id='word_1_546' title='bbox 2066 3568 2471 3626; x_wconf 88' lang='lat' dir='ltr'><strong>benevolentia</strong></span> <span class='ocrx_word' id='word_1_547' title='bbox 2502 3568 2747 3622; x_wconf 85' lang='lat' dir='ltr'><strong>fratrum</strong></span> <span class='ocrx_word' id='word_1_548' title='bbox 2805 3563 3287 3626; x_wconf 87' lang='lat' dir='ltr'><strong>sacerdotalibus,</strong></span> <span class='ocrx_word' id='word_1_549' title='bbox 3347 3566 3569 3617; x_wconf 50' lang='lat' dir='ltr'><strong>ut‘mos</strong></span> <span class='ocrx_word' id='word_1_550' title='bbox 3628 3564 3719 3638; x_wconf 85' lang='lat' dir='ltr'><strong>est</strong></span> 
     </span>
    </p>
   </div>
   <div class='ocr_carea' id='block_1_85' title="bbox 2069 3647 3716 3721">
    <p class='ocr_par' dir='ltr' id='par_1_85' title="bbox 2069 3647 3716 3721">
     <span class='ocr_line' id='line_1_86' title="bbox 2069 3647 3716 3721; baseline -0.008 -7"><span class='ocrx_word' id='word_1_551' title='bbox 2069 3657 2382 3714; x_wconf 88' lang='lat' dir='ltr'><strong>abbatibus</strong></span> <span class='ocrx_word' id='word_1_552' title='bbox 2414 3656 2623 3721; x_wconf 89' lang='lat' dir='ltr'><strong>facere,</strong></span> <span class='ocrx_word' id='word_1_553' title='bbox 2656 3655 2919 3720; x_wconf 86' lang='lat' dir='ltr'><strong>indutus,</strong></span> <span class='ocrx_word' id='word_1_554' title='bbox 2944 3657 3000 3708; x_wconf 90' lang='lat' dir='ltr'><strong>et</strong></span> <span class='ocrx_word' id='word_1_555' title='bbox 3021 3653 3076 3706; x_wconf 91' lang='lat' dir='ltr'><strong>in</strong></span> <span class='ocrx_word' id='word_1_556' title='bbox 3102 3651 3290 3721; x_wconf 86' lang='lat' dir='ltr'><strong>capite</strong></span> <span class='ocrx_word' id='word_1_557' title='bbox 3311 3647 3716 3721; x_wconf 87' lang='lat' dir='ltr'><strong>sepulcrorum</strong></span> 
     </span>
    </p>
   </div>
   <div class='ocr_carea' id='block_1_86' title="bbox 2069 3739 3714 3815">
    <p class='ocr_par' dir='ltr' id='par_1_86' title="bbox 2069 3739 3714 3815">
     <span class='ocr_line' id='line_1_87' title="bbox 2069 3739 3714 3815; baseline -0.009 -11"><span class='ocrx_word' id='word_1_558' title='bbox 2069 3748 2347 3804; x_wconf 87' lang='lat' dir='ltr'><strong>abbatum</strong></span> <span class='ocrx_word' id='word_1_559' title='bbox 2381 3743 2651 3815; x_wconf 89' lang='lat' dir='ltr'><strong>sepultus</strong></span> <span class='ocrx_word' id='word_1_560' title='bbox 2675 3747 2765 3798; x_wconf 90' lang='lat' dir='ltr'><strong>est</strong></span> <span class='ocrx_word' id='word_1_561' title='bbox 2795 3759 2928 3796; x_wconf 87' lang='lat' dir='ltr'><strong>cum</strong></span> <span class='ocrx_word' id='word_1_562' title='bbox 2968 3741 3206 3807; x_wconf 83' lang='lat' dir='ltr'><strong>honore,</strong></span> <span class='ocrx_word' id='word_1_563' title='bbox 3244 3739 3484 3793; x_wconf 86' lang='lat' dir='ltr'><strong>absente</strong></span> <span class='ocrx_word' id='word_1_564' title='bbox 3515 3739 3714 3791; x_wconf 82' lang='lat' dir='ltr'><strong>tamen</strong></span> 
     </span>
    </p>
   </div>
   <div class='ocr_carea' id='block_1_87' title="bbox 2069 3833 2594 3892">
    <p class='ocr_par' dir='ltr' id='par_1_87' title="bbox 2069 3833 2594 3892">
     <span class='ocr_line' id='line_1_88' title="bbox 2069 3833 2594 3892; baseline -0.011 0"><span class='ocrx_word' id='word_1_565' title='bbox 2069 3836 2278 3892; x_wconf 88' lang='lat' dir='ltr'><strong>abbate</strong></span> <span class='ocrx_word' id='word_1_566' title='bbox 2309 3833 2594 3889; x_wconf 87' lang='lat' dir='ltr'><strong>Conrado.</strong></span> 
     </span>
    </p>
   </div>
   <div class='ocr_carea' id='block_1_88' title="bbox 2781 3917 2996 3991">
    <p class='ocr_par' dir='ltr' id='par_1_88' title="bbox 2781 3917 2996 3991">
     <span class='ocr_line' id='line_1_89' title="bbox 2781 3917 2996 3991; baseline 0 -18"><span class='ocrx_word' id='word_1_567' title='bbox 2781 3919 2810 3991; x_wconf 63' lang='grc' dir='ltr'>δ</span> <span class='ocrx_word' id='word_1_568' title='bbox 2855 3917 2996 3973; x_wconf 87' lang='lat' dir='ltr'><strong>XIX.</strong></span> 
     </span>
    </p>
   </div>
   <div class='ocr_carea' id='block_1_89' title="bbox 2143 4003 3716 4081">
    <p class='ocr_par' dir='ltr' id='par_1_89' title="bbox 2143 4003 3716 4081">
     <span class='ocr_line' id='line_1_90' title="bbox 2143 4003 3716 4081; baseline -0.006 -13"><span class='ocrx_word' id='word_1_569' title='bbox 2143 4014 2284 4068; x_wconf 86' lang='lat' dir='ltr'><strong>Rem</strong></span> <span class='ocrx_word' id='word_1_570' title='bbox 2312 4011 2543 4075; x_wconf 90' lang='lat' dir='ltr'><strong>miram,</strong></span> <span class='ocrx_word' id='word_1_571' title='bbox 2575 4023 2750 4081; x_wconf 87' lang='lat' dir='ltr'><strong>quam</strong></span> <span class='ocrx_word' id='word_1_572' title='bbox 2771 4007 3036 4062; x_wconf 88' lang='lat' dir='ltr'><strong>dicturus</strong></span> <span class='ocrx_word' id='word_1_573' title='bbox 3054 4020 3210 4074; x_wconf 89' lang='lat' dir='ltr'><strong>sum,</strong></span> <span class='ocrx_word' id='word_1_574' title='bbox 3236 4003 3334 4077; x_wconf 84' lang='lat' dir='ltr'><strong>qui</strong></span> <span class='ocrx_word' id='word_1_575' title='bbox 3353 4003 3526 4072; x_wconf 90' lang='lat' dir='ltr'><strong>volet,</strong></span> <span class='ocrx_word' id='word_1_576' title='bbox 3585 4018 3716 4076; x_wconf 83' lang='lat' dir='ltr'><strong>per-</strong></span> 
     </span>
    </p>
   </div>
   <div class='ocr_carea' id='block_1_90' title="bbox 2069 4093 3715 4176">
    <p class='ocr_par' dir='ltr' id='par_1_90' title="bbox 2069 4093 3715 4176">
     <span class='ocr_line' id='line_1_91' title="bbox 2069 4093 3715 4176; baseline -0.007 -18"><span class='ocrx_word' id='word_1_577' title='bbox 2069 4103 2304 4176; x_wconf 89' lang='lat' dir='ltr'><strong>pendat.</strong></span> <span class='ocrx_word' id='word_1_578' title='bbox 2341 4099 2446 4154; x_wconf 92' lang='lat' dir='ltr'><strong>Per</strong></span> <span class='ocrx_word' id='word_1_579' title='bbox 2476 4113 2660 4154; x_wconf 88' lang='lat' dir='ltr'><strong>annos</strong></span> <span class='ocrx_word' id='word_1_580' title='bbox 2693 4097 2907 4170; x_wconf 90' lang='lat' dir='ltr'><strong>quippe</strong></span> <span class='ocrx_word' id='word_1_581' title='bbox 2930 4096 3046 4151; x_wconf 86' lang='lat' dir='ltr'><strong>fere</strong></span> <span class='ocrx_word' id='word_1_582' title='bbox 3078 4093 3470 4167; x_wconf 88' lang='lat' dir='ltr'><strong>septuaginta,</strong></span> <span class='ocrx_word' id='word_1_583' title='bbox 3506 4109 3538 4148; x_wconf 90' lang='lat' dir='ltr'><strong>a</strong></span> <span class='ocrx_word' id='word_1_584' title='bbox 3569 4095 3715 4148; x_wconf 89' lang='lat' dir='ltr'><strong>tem-</strong></span> 
     </span>
    </p>
   </div>
   <div class='ocr_carea' id='block_1_91' title="bbox 2071 4181 3718 4265">
    <p class='ocr_par' dir='ltr' id='par_1_91' title="bbox 2071 4181 3718 4265">
     <span class='ocr_line' id='line_1_92' title="bbox 2071 4181 3718 4265; baseline -0.007 -18"><span class='ocrx_word' id='word_1_585' title='bbox 2071 4191 2312 4265; x_wconf 89' lang='lat' dir='ltr'><strong>poribus</strong></span> <span class='ocrx_word' id='word_1_586' title='bbox 2345 4186 2568 4244; x_wconf 85' lang='lat' dir='ltr'><strong>scilicet</strong></span> <span class='ocrx_word' id='word_1_587' title='bbox 2595 4185 2889 4242; x_wconf 84' lang='lat' dir='ltr'><strong>Adelherti</strong></span> <span class='ocrx_word' id='word_1_588' title='bbox 2920 4185 3149 4242; x_wconf 90' lang='lat' dir='ltr'><strong>abbatis</strong></span> <span class='ocrx_word' id='word_1_589' title='bbox 3180 4199 3366 4252; x_wconf 89' lang='lat' dir='ltr'><strong>usque</strong></span> <span class='ocrx_word' id='word_1_590' title='bbox 3400 4182 3468 4237; x_wconf 90' lang='lat' dir='ltr'><strong>ad</strong></span> <span class='ocrx_word' id='word_1_591' title='bbox 3503 4181 3718 4238; x_wconf 90' lang='lat' dir='ltr'><strong>Bertol-</strong></span> 
     </span>
    </p>
   </div>
   <div class='ocr_carea' id='block_1_92' title="bbox 2072 4271 3715 4348">
    <p class='ocr_par' dir='ltr' id='par_1_92' title="bbox 2072 4271 3715 4348">
     <span class='ocr_line' id='line_1_93' title="bbox 2072 4271 3715 4348; baseline -0.007 -12"><span class='ocrx_word' id='word_1_592' title='bbox 2072 4282 2218 4348; x_wconf 85' lang='lat' dir='ltr'><strong>fum,</strong></span> <span class='ocrx_word' id='word_1_593' title='bbox 2253 4277 2452 4334; x_wconf 89' lang='lat' dir='ltr'><strong>nullus</strong></span> <span class='ocrx_word' id='word_1_594' title='bbox 2482 4293 2682 4332; x_wconf 88' lang='lat' dir='ltr'><strong>eorum</strong></span> <span class='ocrx_word' id='word_1_595' title='bbox 2717 4275 2819 4347; x_wconf 91' lang='lat' dir='ltr'><strong>qui</strong></span> <span class='ocrx_word' id='word_1_596' title='bbox 2851 4275 2910 4329; x_wconf 92' lang='lat' dir='ltr'><strong>in</strong></span> <span class='ocrx_word' id='word_1_597' title='bbox 2943 4274 3125 4329; x_wconf 92' lang='lat' dir='ltr'><strong>Domo</strong></span> <span class='ocrx_word' id='word_1_598' title='bbox 3153 4271 3302 4327; x_wconf 89' lang='lat' dir='ltr'><strong>Petri</strong></span> <span class='ocrx_word' id='word_1_599' title='bbox 3337 4271 3575 4326; x_wconf 89' lang='lat' dir='ltr'><strong>abbates</strong></span> <span class='ocrx_word' id='word_1_600' title='bbox 3596 4271 3715 4325; x_wconf 83' lang='lat' dir='ltr'><strong>fue-</strong></span> 
     </span>
    </p>
   </div>
   <div class='ocr_carea' id='block_1_93' title="bbox 2069 4361 3716 4440">
    <p class='ocr_par' dir='ltr' id='par_1_93' title="bbox 2069 4361 3716 4440">
     <span class='ocr_line' id='line_1_94' title="bbox 2069 4361 3716 4440; baseline -0.007 -16"><span class='ocrx_word' id='word_1_601' title='bbox 2069 4373 2208 4424; x_wconf 91' lang='lat' dir='ltr'><strong>runt</strong></span> <span class='ocrx_word' id='word_1_602' title='bbox 2237 4370 2458 4440; x_wconf 92' lang='lat' dir='ltr'><strong>absque</strong></span> <span class='ocrx_word' id='word_1_603' title='bbox 2491 4370 2627 4421; x_wconf 87' lang='lat' dir='ltr'><strong>nota</strong></span> <span class='ocrx_word' id='word_1_604' title='bbox 2658 4366 2727 4420; x_wconf 91' lang='lat' dir='ltr'><strong>de</strong></span> <span class='ocrx_word' id='word_1_605' title='bbox 2758 4365 2866 4420; x_wconf 87' lang='lat' dir='ltr'><strong>hoc</strong></span> <span class='ocrx_word' id='word_1_606' title='bbox 2911 4362 3120 4418; x_wconf 62' lang='lat' dir='ltr'><strong>saeculo</strong></span> <span class='ocrx_word' id='word_1_607' title='bbox 3160 4361 3517 4434; x_wconf 89' lang='lat' dir='ltr'><strong>migrarunt;</strong></span> <span class='ocrx_word' id='word_1_608' title='bbox 3579 4374 3716 4414; x_wconf 89' lang='lat' dir='ltr'><strong>nam</strong></span> 
     </span>
    </p>
   </div>
   <div class='ocr_carea' id='block_1_94' title="bbox 278 4447 3718 4538">
    <p class='ocr_par' dir='ltr' id='par_1_94' title="bbox 278 4447 3718 4538">
     <span class='ocr_line' id='line_1_95' title="bbox 278 4447 3718 4538; baseline -0.003 -27"><span class='ocrx_word' id='word_1_609' title='bbox 278 4453 646 4526; x_wconf 52' lang='lat' dir='ltr'><strong>cpiscoptw,</strong></span> <span class='ocrx_word' id='word_1_610' title='bbox 675 4456 733 4508; x_wconf 86' lang='lat' dir='ltr'><strong>et</strong></span> <span class='ocrx_word' id='word_1_611' title='bbox 762 4451 1068 4509; x_wconf 82' lang='lat' dir='ltr'><strong>Udalricus</strong></span> <span class='ocrx_word' id='word_1_612' title='bbox 1089 4452 1497 4509; x_wconf 85' lang='lat' dir='ltr'><strong>Zwivildensis</strong></span> <span class='ocrx_word' id='word_1_613' title='bbox 1519 4455 1697 4509; x_wconf 86' lang='lat' dir='ltr'><strong>abbas</strong></span> <span class='ocrx_word' id='word_1_614' title='bbox 1712 4455 1882 4526; x_wconf 83' lang='grc'><strong>(943),</strong></span> <span class='ocrx_word' id='word_1_615' title='bbox 1905 4460 1964 4511; x_wconf 92' lang='lat' dir='ltr'><strong>et</strong></span> <span class='ocrx_word' id='word_1_616' title='bbox 1993 4473 2040 4538; x_wconf 78' lang='grc' dir='ltr'><strong>Β</strong></span> <span class='ocrx_word' id='word_1_617' title='bbox 2070 4458 2317 4531; x_wconf 85' lang='lat' dir='ltr'><strong>quilibet</strong></span> <span class='ocrx_word' id='word_1_618' title='bbox 2345 4473 2546 4513; x_wconf 89' lang='lat' dir='ltr'><strong>eorum</strong></span> <span class='ocrx_word' id='word_1_619' title='bbox 2582 4458 2681 4510; x_wconf 91' lang='lat' dir='ltr'><strong>aut</strong></span> <span class='ocrx_word' id='word_1_620' title='bbox 2702 4469 2941 4526; x_wconf 87' lang='lat' dir='ltr'><strong>peregre</strong></span> <span class='ocrx_word' id='word_1_621' title='bbox 2974 4451 3242 4519; x_wconf 86' lang='lat' dir='ltr'><strong>moritur,</strong></span> <span class='ocrx_word' id='word_1_622' title='bbox 3268 4453 3370 4538; x_wconf 86' lang='lat' dir='ltr'><strong>aut</strong></span> <span class='ocrx_word' id='word_1_623' title='bbox 3399 4447 3597 4519; x_wconf 90' lang='lat' dir='ltr'><strong>aliqua</strong></span> <span class='ocrx_word' id='word_1_624' title='bbox 3619 4447 3718 4538; x_wconf 58' lang='lat' dir='ltr'><strong>de:</strong></span> 
     </span>
    </p>
   </div>
   <div class='ocr_carea' id='block_1_95' title="bbox 277 4533 3717 4617">
    <p class='ocr_par' dir='ltr' id='par_1_95' title="bbox 277 4533 3717 4617">
     <span class='ocr_line' id='line_1_96' title="bbox 277 4533 3717 4617; baseline -0.003 -19"><span class='ocrx_word' id='word_1_625' title='bbox 277 4541 556 4598; x_wconf 65' lang='lat' dir='ltr'><strong>oonsilio</strong></span> <span class='ocrx_word' id='word_1_626' title='bbox 587 4541 692 4596; x_wconf 83' lang='lat' dir='ltr'><strong>diu</strong></span> <span class='ocrx_word' id='word_1_627' title='bbox 715 4541 916 4597; x_wconf 87' lang='lat' dir='ltr'><strong>habito</strong></span> <span class='ocrx_word' id='word_1_628' title='bbox 947 4546 1234 4598; x_wconf 88' lang='lat' dir='ltr'><strong>venerunt</strong></span> <span class='ocrx_word' id='word_1_629' title='bbox 1261 4542 1333 4597; x_wconf 89' lang='lat' dir='ltr'><strong>ad</strong></span> <span class='ocrx_word' id='word_1_630' title='bbox 1365 4543 1711 4614; x_wconf 89' lang='lat' dir='ltr'><strong>capitulum,</strong></span> <span class='ocrx_word' id='word_1_631' title='bbox 1732 4549 1788 4599; x_wconf 88' lang='lat' dir='ltr'><strong>et</strong></span> <span class='ocrx_word' id='word_1_632' title='bbox 1809 4561 1963 4599; x_wconf 89' lang='lat' dir='ltr'><strong>nun-</strong></span> <span class='ocrx_word' id='word_1_633' title='bbox 1993 4533 2034 4538; x_wconf 66' lang='lat'><strong>—</strong></span> <span class='ocrx_word' id='word_1_634' title='bbox 2074 4547 2298 4603; x_wconf 88' lang='lat' dir='ltr'><strong>bilitate</strong></span> <span class='ocrx_word' id='word_1_635' title='bbox 2337 4549 2642 4617; x_wconf 87' lang='lat' dir='ltr'><strong>correptus</strong></span> <span class='ocrx_word' id='word_1_636' title='bbox 2690 4541 2879 4615; x_wconf 90' lang='lat' dir='ltr'><strong>periit.</strong></span> <span class='ocrx_word' id='word_1_637' title='bbox 2912 4539 3260 4596; x_wconf 89' lang='lat' dir='ltr'><strong>Adelbertus</strong></span> <span class='ocrx_word' id='word_1_638' title='bbox 3311 4537 3509 4608; x_wconf 87' lang='lat' dir='ltr'><strong>itaque</strong></span> <span class='ocrx_word' id='word_1_639' title='bbox 3561 4533 3717 4607; x_wconf 89' lang='lat' dir='ltr'><strong>apud</strong></span> 
     </span>
    </p>
   </div>
   <div class='ocr_carea' id='block_1_96' title="bbox 266 4629 1966 4702">
    <p class='ocr_par' dir='ltr' id='par_1_96' title="bbox 266 4629 1966 4702">
     <span class='ocr_line' id='line_1_97' title="bbox 266 4629 1966 4702; baseline 0.001 -15"><span class='ocrx_word' id='word_1_640' title='bbox 266 4632 610 4694; x_wconf 59' lang='lat' dir='ltr'><strong>silvai-unt</strong></span> <span class='ocrx_word' id='word_1_641' title='bbox 644 4629 1048 4700; x_wconf 84' lang='lat' dir='ltr'><strong>multitudini;</strong></span> <span class='ocrx_word' id='word_1_642' title='bbox 1081 4647 1336 4702; x_wconf 90' lang='lat' dir='ltr'><strong>cumque</strong></span> <span class='ocrx_word' id='word_1_643' title='bbox 1354 4630 1651 4687; x_wconf 86' lang='lat' dir='ltr'><strong>illelibens</strong></span> <span class='ocrx_word' id='word_1_644' title='bbox 1675 4634 1966 4688; x_wconf 89' lang='lat' dir='ltr'><strong>consenti-</strong></span> 
     </span>
    </p>
   </div>
   <div class='ocr_carea' id='block_1_97' title="bbox 269 4718 1961 4792">
    <p class='ocr_par' dir='ltr' id='par_1_97' title="bbox 269 4718 1961 4792">
     <span class='ocr_line' id='line_1_98' title="bbox 269 4718 1961 4792; baseline 0.001 -16"><span class='ocrx_word' id='word_1_645' title='bbox 269 4721 376 4776; x_wconf 68' lang='lat' dir='ltr'><strong>ret</strong></span> <span class='ocrx_word' id='word_1_646' title='bbox 412 4726 486 4775; x_wconf 84' lang='lat' dir='ltr'><strong>ut</strong></span> <span class='ocrx_word' id='word_1_647' title='bbox 511 4719 782 4791; x_wconf 76' lang='lat' dir='ltr'><strong>privatus</strong></span> <span class='ocrx_word' id='word_1_648' title='bbox 801 4718 1037 4788; x_wconf 86' lang='lat' dir='ltr'><strong>viveret,</strong></span> <span class='ocrx_word' id='word_1_649' title='bbox 1071 4719 1345 4776; x_wconf 85' lang='lat' dir='ltr'><strong>dixerunt</strong></span> <span class='ocrx_word' id='word_1_650' title='bbox 1377 4720 1617 4792; x_wconf 83' lang='lat' dir='ltr'><strong>quidam</strong></span> <span class='ocrx_word' id='word_1_651' title='bbox 1653 4727 1714 4776; x_wconf 91' lang='lat' dir='ltr'><strong>ut</strong></span> <span class='ocrx_word' id='word_1_652' title='bbox 1746 4722 1961 4778; x_wconf 91' lang='lat' dir='ltr'><strong>ibidem</strong></span> 
     </span>
    </p>
   </div>
   <div class='ocr_carea' id='block_1_98' title="bbox 2075 4623 3720 4702">
    <p class='ocr_par' dir='ltr' id='par_1_98' title="bbox 2075 4623 3720 4702">
     <span class='ocr_line' id='line_1_99' title="bbox 2075 4623 3720 4702; baseline -0.008 -10"><span class='ocrx_word' id='word_1_653' title='bbox 2075 4635 2409 4692; x_wconf 88' lang='lat' dir='ltr'><strong>Buoehowa</strong></span> <span class='ocrx_word' id='word_1_654' title='bbox 2431 4633 2626 4690; x_wconf 86' lang='lat' dir='ltr'><strong>subita</strong></span> <span class='ocrx_word' id='word_1_655' title='bbox 2646 4636 2832 4687; x_wconf 88' lang='lat' dir='ltr'><strong>morte</strong></span> <span class='ocrx_word' id='word_1_656' title='bbox 2852 4629 3224 4702; x_wconf 87' lang='lat' dir='ltr'><strong>periit.Siggo</strong></span> <span class='ocrx_word' id='word_1_657' title='bbox 3242 4625 3536 4682; x_wconf 74' lang='lat' dir='ltr'><strong>contracto</strong></span> <span class='ocrx_word' id='word_1_658' title='bbox 3550 4623 3720 4680; x_wconf 89' lang='lat' dir='ltr'><strong>dorso</strong></span> 
     </span>
    </p>
   </div>
   <div class='ocr_carea' id='block_1_99' title="bbox 2071 4711 3722 4783">
    <p class='ocr_par' dir='ltr' id='par_1_99' title="bbox 2071 4711 3722 4783">
     <span class='ocr_line' id='line_1_100' title="bbox 2071 4711 3722 4783; baseline -0.009 -1"><span class='ocrx_word' id='word_1_659' title='bbox 2071 4726 2251 4783; x_wconf 89' lang='lat' dir='ltr'><strong>altero</strong></span> <span class='ocrx_word' id='word_1_660' title='bbox 2276 4741 2427 4779; x_wconf 90' lang='lat' dir='ltr'><strong>anno</strong></span> <span class='ocrx_word' id='word_1_661' title='bbox 2458 4720 2843 4778; x_wconf 88' lang='lat' dir='ltr'><strong>ordinationis</strong></span> <span class='ocrx_word' id='word_1_662' title='bbox 2875 4734 2992 4773; x_wconf 60' lang='lat' dir='ltr'><strong>sure</strong></span> <span class='ocrx_word' id='word_1_663' title='bbox 3039 4715 3268 4772; x_wconf 87' lang='lat' dir='ltr'><strong>defecit.</strong></span> <span class='ocrx_word' id='word_1_664' title='bbox 3305 4715 3457 4770; x_wconf 72' lang='lat'><strong>873</strong></span> <span class='ocrx_word' id='word_1_665' title='bbox 3508 4711 3722 4768; x_wconf 84' lang='lat' dir='ltr'><strong>Arnol-</strong></span> 
     </span>
    </p>
   </div>
   <div class='ocr_carea' id='block_1_100' title="bbox 271 4841 3725 4965">
    <p class='ocr_par' dir='ltr' id='par_1_100' title="bbox 271 4841 3725 4965">
     <span class='ocr_line' id='line_1_101' title="bbox 271 4841 3725 4965; baseline 0 -36"><span class='ocrx_word' id='word_1_666' title='bbox 584 4878 751 4938; x_wconf 81' lang='lat' dir='ltr'><strong>Ferto</strong></span> <span class='ocrx_word' id='word_1_667' title='bbox 783 4879 1041 4951; x_wconf 71' lang='lat' dir='ltr'><strong>pecuniis</strong></span> <span class='ocrx_word' id='word_1_668' title='bbox 1097 4880 1342 4952; x_wconf 89' lang='lat' dir='ltr'><strong>species,</strong></span> <span class='ocrx_word' id='word_1_669' title='bbox 1405 4897 1506 4936; x_wconf 86' lang='lat' dir='ltr'><strong>seu</strong></span> <span class='ocrx_word' id='word_1_670' title='bbox 1568 4885 1778 4953; x_wconf 91' lang='lat' dir='ltr'><strong>quarta</strong></span> <span class='ocrx_word' id='word_1_671' title='bbox 1829 4899 1965 4954; x_wconf 89' lang='lat' dir='ltr'><strong>pars</strong></span> <span class='ocrx_word' id='word_1_672' title='bbox 2072 4883 2294 4965; x_wconf 41' lang='lat' dir='ltr'><strong>Yid..in_</strong></span> <span class='ocrx_word' id='word_1_673' title='bbox 2319 4880 2768 4965; x_wconf 45' lang='lat' dir='ltr'><strong>Gerber‘titdilvze</strong></span> <span class='ocrx_word' id='word_1_674' title='bbox 2801 4879 2985 4965; x_wconf 60' lang='lat' dir='ltr'><strong>huius</strong></span> <span class='ocrx_word' id='word_1_675' title='bbox 3038 4878 3179 4934; x_wconf 88' lang='lat' dir='ltr'><strong>hist.</strong></span> <span class='ocrx_word' id='word_1_676' title='bbox 3213 4883 3258 4932; x_wconf 93' lang='lat' dir='ltr'><strong>t.</strong></span> <span class='ocrx_word' id='word_1_677' title='bbox 3295 4879 3337 4945; x_wconf 89' lang='lat' dir='ltr'><strong>I,</strong></span> <span class='ocrx_word' id='word_1_678' title='bbox 3373 4894 3429 4949; x_wconf 93' lang='lat' dir='ltr'><strong>p,</strong></span> <span class='ocrx_word' id='word_1_679' title='bbox 3491 4877 3617 4942; x_wconf 75' lang='lat'><strong>477,</strong></span> <span class='ocrx_word' id='word_1_680' title='bbox 3667 4880 3725 4932; x_wconf 91' lang='lat' dir='ltr'><strong>et</strong></span> 
     </span>
    </p>
   </div>
   <div class='ocr_carea' id='block_1_101' title="bbox 269 4967 1289 5146">
    <p class='ocr_par' dir='ltr' id='par_1_101' title="bbox 269 4967 1289 5146">
     <span class='ocr_line' id='line_1_102' title="bbox 269 4967 1289 5146; baseline 0 0"><span class='ocrx_word' id='word_1_681' title='bbox 269 4967 544 5146; x_wconf 60' lang='grc' dir='ltr'>ἽΞΞΞ</span> <span class='ocrx_word' id='word_1_682' title='bbox 559 5017 741 5146; x_wconf 60' lang='grc' dir='ltr'>ξξῖῖε</span> <span class='ocrx_word' id='word_1_683' title='bbox 770 5019 1289 5146; x_wconf 52' lang='lat' dir='ltr'><strong>agitatas&quot;;</strong></span> 
     </span>
    </p>
   </div>
   <div class='ocr_carea' id='block_1_102' title="bbox 277 5085 1661 5166">
    <p class='ocr_par' dir='ltr' id='par_1_102' title="bbox 277 5085 1661 5166">
     <span class='ocr_line' id='line_1_103' title="bbox 277 5085 1661 5166; baseline 0.003 -21"><span class='ocrx_word' id='word_1_684' title='bbox 277 5094 282 5104; x_wconf 96' lang='lat'><em>&#39;</em></span> <span class='ocrx_word' id='word_1_685' title='bbox 351 5085 537 5166; x_wconf 56' lang='lat'><strong>(952’)</strong></span> <span class='ocrx_word' id='word_1_686' title='bbox 561 5085 741 5166; x_wconf 62' lang='lat' dir='ltr'><strong>forte</strong></span> <span class='ocrx_word' id='word_1_687' title='bbox 770 5085 1240 5166; x_wconf 42' lang='lat' dir='ltr'><strong>Otterschvvan‘g,</strong></span> <span class='ocrx_word' id='word_1_688' title='bbox 1274 5095 1332 5147; x_wconf 93' lang='lat' dir='ltr'><strong>in</strong></span> <span class='ocrx_word' id='word_1_689' title='bbox 1364 5095 1490 5148; x_wconf 92' lang='lat' dir='ltr'><strong>eod.</strong></span> <span class='ocrx_word' id='word_1_690' title='bbox 1529 5110 1661 5166; x_wconf 91' lang='lat' dir='ltr'><strong>cap.</strong></span> 
     </span>
    </p>
   </div>
   <div class='ocr_carea' id='block_1_103' title="bbox 271 5161 1968 5238">
    <p class='ocr_par' dir='ltr' id='par_1_103' title="bbox 271 5161 1968 5238">
     <span class='ocr_line' id='line_1_104' title="bbox 271 5161 1968 5238; baseline 0.002 -20"><span class='ocrx_word' id='word_1_691' title='bbox 271 5181 296 5218; x_wconf 86' lang='grc'><strong>.·</strong></span> <span class='ocrx_word' id='word_1_692' title='bbox 351 5161 540 5238; x_wconf 59' lang='grc' dir='ltr'><strong>μάῖὶ)</strong></span> <span class='ocrx_word' id='word_1_693' title='bbox 561 5161 666 5238; x_wconf 60' lang='lat' dir='ltr'><strong>Hic</strong></span> <span class='ocrx_word' id='word_1_694' title='bbox 692 5161 1500 5238; x_wconf 30' lang='lat' dir='ltr'><strong>ab‘anno1095Ausque1136</strong></span> <span class='ocrx_word' id='word_1_695' title='bbox 1553 5161 1782 5235; x_wconf 72' lang='lat' dir='ltr'><strong>przefuit</strong></span> <span class='ocrx_word' id='word_1_696' title='bbox 1842 5181 1968 5222; x_wconf 83' lang='lat' dir='ltr'><strong>mo-</strong></span> 
     </span>
    </p>
   </div>
   <div class='ocr_carea' id='block_1_104' title="bbox 274 5233 1964 5301">
    <p class='ocr_par' dir='ltr' id='par_1_104' title="bbox 274 5233 1964 5301">
     <span class='ocr_line' id='line_1_105' title="bbox 274 5233 1964 5301; baseline -0.002 -5"><span class='ocrx_word' id='word_1_697' title='bbox 274 5233 580 5295; x_wconf 66' lang='lat' dir='ltr'><strong>nasterio</strong></span> <span class='ocrx_word' id='word_1_698' title='bbox 600 5234 722 5288; x_wconf 87' lang='lat' dir='ltr'><strong>Zwi</strong></span> <span class='ocrx_word' id='word_1_699' title='bbox 735 5233 985 5301; x_wconf 80' lang='lat' dir='ltr'><strong>faltensi,</strong></span> <span class='ocrx_word' id='word_1_700' title='bbox 1003 5251 1072 5289; x_wconf 83' lang='lat' dir='ltr'><strong>ex</strong></span> <span class='ocrx_word' id='word_1_701' title='bbox 1099 5233 1285 5291; x_wconf 81' lang='lat' dir='ltr'><strong>Gallia</strong></span> <span class='ocrx_word' id='word_1_702' title='bbox 1306 5235 1521 5301; x_wconf 88' lang='lat' dir='ltr'><strong>Christ,</strong></span> <span class='ocrx_word' id='word_1_703' title='bbox 1554 5233 1593 5291; x_wconf 82' lang='lat' dir='ltr'><strong>t.</strong></span> <span class='ocrx_word' id='word_1_704' title='bbox 1622 5241 1689 5292; x_wconf 87' lang='lat' dir='ltr'><strong>V.</strong></span> <span class='ocrx_word' id='word_1_705' title='bbox 1711 5255 1766 5301; x_wconf 92' lang='lat' dir='ltr'><strong>p.</strong></span> <span class='ocrx_word' id='word_1_706' title='bbox 1804 5239 1964 5294; x_wconf 84' lang='grc'><strong>1054.</strong></span> 
     </span>
    </p>
   </div>
   <div class='ocr_carea' id='block_1_105' title="bbox 267 5303 1969 5379">
    <p class='ocr_par' dir='ltr' id='par_1_105' title="bbox 267 5303 1969 5379">
     <span class='ocr_line' id='line_1_106' title="bbox 267 5303 1969 5379; baseline 0.001 -16"><span class='ocrx_word' id='word_1_707' title='bbox 267 5309 366 5370; x_wconf 84' lang='lat' dir='ltr'><strong>De</strong></span> <span class='ocrx_word' id='word_1_708' title='bbox 408 5322 494 5363; x_wconf 85' lang='lat' dir='ltr'><strong>eo</strong></span> <span class='ocrx_word' id='word_1_709' title='bbox 558 5303 844 5376; x_wconf 83' lang='lat' dir='ltr'><strong>legendus</strong></span> <span class='ocrx_word' id='word_1_710' title='bbox 877 5305 937 5360; x_wconf 94' lang='lat' dir='ltr'><strong>P.</strong></span> <span class='ocrx_word' id='word_1_711' title='bbox 963 5306 1170 5379; x_wconf 91' lang='lat' dir='ltr'><strong>Sulger</strong></span> <span class='ocrx_word' id='word_1_712' title='bbox 1199 5307 1258 5362; x_wconf 90' lang='lat' dir='ltr'><strong>in</strong></span> <span class='ocrx_word' id='word_1_713' title='bbox 1297 5307 1504 5364; x_wconf 83' lang='lat' dir='ltr'><strong>Annal.</strong></span> <span class='ocrx_word' id='word_1_714' title='bbox 1539 5303 1814 5376; x_wconf 66' lang='lat' dir='ltr'><strong>Zwifalt,</strong></span> <span class='ocrx_word' id='word_1_715' title='bbox 1846 5314 1889 5366; x_wconf 91' lang='lat' dir='ltr'><strong>t.</strong></span> <span class='ocrx_word' id='word_1_716' title='bbox 1925 5309 1969 5379; x_wconf 92' lang='lat' dir='ltr'><strong>l,</strong></span> 
     </span>
    </p>
   </div>
   <div class='ocr_carea' id='block_1_106' title="bbox 266 5380 614 5510">
    <p class='ocr_par' dir='ltr' id='par_1_106' title="bbox 266 5380 614 5510">
     <span class='ocr_line' id='line_1_107' title="bbox 266 5380 614 5465; baseline -0.014 -26"><span class='ocrx_word' id='word_1_717' title='bbox 266 5400 334 5465; x_wconf 70' lang='grc' dir='ltr'><strong>ρ.</strong></span> <span class='ocrx_word' id='word_1_718' title='bbox 363 5381 486 5446; x_wconf 75' lang='grc'><strong>28,</strong></span> <span class='ocrx_word' id='word_1_719' title='bbox 520 5380 614 5434; x_wconf 74' lang='lat' dir='ltr'><strong>sto</strong></span> 
     </span>
     <span class='ocr_line' id='line_1_108' title="bbox 346 5448 614 5510; baseline -0.026 0"><span class='ocrx_word' id='word_1_720' title='bbox 346 5448 536 5510; x_wconf 66' lang='grc'><strong>(944)</strong></span> <span class='ocrx_word' id='word_1_721' title='bbox 566 5451 614 5503; x_wconf 72' lang='grc'><strong>04</strong></span> 
     </span>
    </p>
   </div>
   <div class='ocr_carea' id='block_1_107' title="bbox 270 5419 1968 5592">
    <p class='ocr_par' dir='ltr' id='par_1_107' title="bbox 270 5419 1968 5592">
     <span class='ocr_line' id='line_1_109' title="bbox 270 5419 1968 5592; baseline -0.001 -85"><span class='ocrx_word' id='word_1_722' title='bbox 270 5419 726 5592; x_wconf 47' lang='grc' dir='ltr'><strong>ἓέᾒῖεὲιιε</strong></span> <span class='ocrx_word' id='word_1_723' title='bbox 752 5445 814 5529; x_wconf 44' lang='grc'><strong>8..</strong></span> <span class='ocrx_word' id='word_1_724' title='bbox 845 5447 1059 5508; x_wconf 63' lang='lat' dir='ltr'><strong>naria.</strong></span> <span class='ocrx_word' id='word_1_725' title='bbox 1081 5448 1254 5533; x_wconf 74' lang='lat' dir='ltr'><strong>vulgo</strong></span> <span class='ocrx_word' id='word_1_726' title='bbox 1274 5448 1688 5536; x_wconf 70' lang='lat' dir='ltr'><strong>Sanctmcrgcn</strong></span> <span class='ocrx_word' id='word_1_727' title='bbox 1714 5450 1968 5536; x_wconf 74' lang='lat' dir='ltr'><strong>canoni~</strong></span> 
     </span>
     <span class='ocr_line' id='line_1_110' title="bbox 445 5517 1966 5592; baseline 0.007 -20"><span class='ocrx_word' id='word_1_728' title='bbox 445 5535 522 5579; x_wconf 77' lang='grc' dir='ltr'>ω</span> <span class='ocrx_word' id='word_1_729' title='bbox 553 5517 912 5592; x_wconf 73' lang='lat' dir='ltr'><strong>regularium</strong></span> <span class='ocrx_word' id='word_1_730' title='bbox 961 5520 1270 5592; x_wconf 78' lang='lat' dir='ltr'><strong>collegium</strong></span> <span class='ocrx_word' id='word_1_731' title='bbox 1302 5529 1392 5581; x_wconf 86' lang='lat' dir='ltr'><strong>est</strong></span> <span class='ocrx_word' id='word_1_732' title='bbox 1445 5539 1506 5582; x_wconf 89' lang='lat' dir='ltr'><strong>In</strong></span> <span class='ocrx_word' id='word_1_733' title='bbox 1564 5524 1720 5584; x_wconf 77' lang='lat' dir='ltr'><strong>Silva</strong></span> <span class='ocrx_word' id='word_1_734' title='bbox 1768 5525 1966 5592; x_wconf 80' lang='lat' dir='ltr'><strong>Nigra.</strong></span> 
     </span>
    </p>
   </div>
   <div class='ocr_carea' id='block_1_108' title="bbox 445 5517 1966 5612">
    <p class='ocr_par' dir='ltr' id='par_1_108' title="bbox 445 5517 1966 5612">
     <span class='ocr_line' id='line_1_111' title="bbox 445 5517 1966 5612; baseline 0.003 -33"><span class='ocrx_word' id='word_1_735' title='bbox 445 5522 522 5579; x_wconf 71' lang='grc' dir='ltr'>ω</span> <span class='ocrx_word' id='word_1_736' title='bbox 553 5517 912 5596; x_wconf 73' lang='lat' dir='ltr'><strong>regularium</strong></span> <span class='ocrx_word' id='word_1_737' title='bbox 961 5517 1270 5595; x_wconf 73' lang='lat' dir='ltr'><strong>collegium</strong></span> <span class='ocrx_word' id='word_1_738' title='bbox 1302 5529 1392 5581; x_wconf 86' lang='lat' dir='ltr'><strong>est</strong></span> <span class='ocrx_word' id='word_1_739' title='bbox 1445 5523 1506 5582; x_wconf 89' lang='lat' dir='ltr'><strong>in</strong></span> <span class='ocrx_word' id='word_1_740' title='bbox 1564 5517 1720 5584; x_wconf 69' lang='lat' dir='ltr'><strong>Silva&quot;</strong></span> <span class='ocrx_word' id='word_1_741' title='bbox 1768 5524 1966 5612; x_wconf 82' lang='lat' dir='ltr'><strong>Nigra.</strong></span> 
     </span>
    </p>
   </div>
   <div class='ocr_carea' id='block_1_109' title="bbox 641 5645 1221 5716">
    <p class='ocr_par' dir='ltr' id='par_1_109' title="bbox 641 5645 1221 5716">
     <span class='ocr_line' id='line_1_112' title="bbox 641 5645 1221 5716; baseline 0.007 -4"><span class='ocrx_word' id='word_1_742' title='bbox 641 5645 911 5714; x_wconf 59' lang='lat' dir='ltr'><strong>Panem.</strong></span> <span class='ocrx_word' id='word_1_743' title='bbox 959 5645 1221 5716; x_wconf 83' lang='lat' dir='ltr'><strong>CXLIII.</strong></span> 
     </span>
    </p>
   </div>
   <div class='ocr_carea' id='block_1_110' title="bbox 2075 4952 3006 5022">
    <p class='ocr_par' dir='ltr' id='par_1_110' title="bbox 2075 4952 3006 5022">
     <span class='ocr_line' id='line_1_113' title="bbox 2075 4952 3006 5022; baseline -0.01 -10"><span class='ocrx_word' id='word_1_744' title='bbox 2075 4956 2224 5012; x_wconf 88' lang='lat' dir='ltr'><strong>Petri</strong></span> <span class='ocrx_word' id='word_1_745' title='bbox 2261 4954 2472 5010; x_wconf 90' lang='lat' dir='ltr'><strong>Suevia</strong></span> <span class='ocrx_word' id='word_1_746' title='bbox 2504 4952 2742 5017; x_wconf 88' lang='lat' dir='ltr'><strong>Eccles.,</strong></span> <span class='ocrx_word' id='word_1_747' title='bbox 2773 4969 2835 5022; x_wconf 91' lang='lat' dir='ltr'><strong>p.</strong></span> <span class='ocrx_word' id='word_1_748' title='bbox 2881 4952 3006 5005; x_wconf 85' lang='lat'><strong>233.</strong></span> 
     </span>
    </p>
   </div>
   <div class='ocr_carea' id='block_1_111' title="bbox 2148 5020 3724 5097">
    <p class='ocr_par' dir='ltr' id='par_1_111' title="bbox 2148 5020 3724 5097">
     <span class='ocr_line' id='line_1_114' title="bbox 2148 5020 3724 5097; baseline -0.002 -16"><span class='ocrx_word' id='word_1_749' title='bbox 2148 5027 2295 5097; x_wconf 81' lang='grc'>(945)</span> <span class='ocrx_word' id='word_1_750' title='bbox 2325 5026 2424 5081; x_wconf 86' lang='lat' dir='ltr'><strong>Est</strong></span> <span class='ocrx_word' id='word_1_751' title='bbox 2453 5025 2562 5079; x_wconf 88' lang='lat' dir='ltr'><strong>hoc</strong></span> <span class='ocrx_word' id='word_1_752' title='bbox 2592 5023 2749 5078; x_wconf 88' lang='lat' dir='ltr'><strong>aliud</strong></span> <span class='ocrx_word' id='word_1_753' title='bbox 2774 5020 3196 5097; x_wconf 45' lang='lat' dir='ltr'><strong>‘canonicorum</strong></span> <span class='ocrx_word' id='word_1_754' title='bbox 3229 5020 3724 5097; x_wconf 26' lang='lat' dir='ltr'><strong>collegium‘extra</strong></span> 
     </span>
    </p>
   </div>
   <div class='ocr_carea' id='block_1_112' title="bbox 2077 5088 3720 5174">
    <p class='ocr_par' dir='ltr' id='par_1_112' title="bbox 2077 5088 3720 5174">
     <span class='ocr_line' id='line_1_115' title="bbox 2077 5088 3720 5174; baseline -0.006 -22"><span class='ocrx_word' id='word_1_755' title='bbox 2077 5088 3134 5174; x_wconf 60' lang='lat' dir='ltr'><strong>ConstantiamDreuzlingendictum.</strong></span> <span class='ocrx_word' id='word_1_756' title='bbox 3161 5093 3340 5174; x_wconf 80' lang='lat' dir='ltr'><strong>Cujus</strong></span> <span class='ocrx_word' id='word_1_757' title='bbox 3364 5088 3720 5174; x_wconf 56' lang='lat' dir='ltr'><strong>fundationis</strong></span> 
     </span>
    </p>
   </div>
   <div class='ocr_carea' id='block_1_113' title="bbox 2077 5156 3716 5226">
    <p class='ocr_par' dir='ltr' id='par_1_113' title="bbox 2077 5156 3716 5226">
     <span class='ocr_line' id='line_1_116' title="bbox 2077 5156 3716 5226; baseline -0.007 -3"><span class='ocrx_word' id='word_1_758' title='bbox 2077 5169 2279 5223; x_wconf 88' lang='lat' dir='ltr'><strong>charta</strong></span> <span class='ocrx_word' id='word_1_759' title='bbox 2309 5185 2403 5222; x_wconf 90' lang='lat' dir='ltr'><strong>an.</strong></span> <span class='ocrx_word' id='word_1_760' title='bbox 2438 5169 2578 5224; x_wconf 76' lang='grc'>4125</span> <span class='ocrx_word' id='word_1_761' title='bbox 2607 5156 3039 5224; x_wconf 61' lang='grc' dir='ltr'><strong>άαια·”ὴειὶ›ε&gt;ῑυῐ·</strong></span> <span class='ocrx_word' id='word_1_762' title='bbox 3090 5166 3148 5218; x_wconf 88' lang='lat' dir='ltr'><strong>in</strong></span> <span class='ocrx_word' id='word_1_763' title='bbox 3207 5156 3302 5217; x_wconf 80' lang='lat' dir='ltr'><strong>cit.</strong></span> <span class='ocrx_word' id='word_1_764' title='bbox 3367 5161 3510 5216; x_wconf 84' lang='lat' dir='ltr'><strong>Hist.</strong></span> <span class='ocrx_word' id='word_1_765' title='bbox 3544 5163 3586 5226; x_wconf 91' lang='lat' dir='ltr'><strong>t,</strong></span> <span class='ocrx_word' id='word_1_766' title='bbox 3619 5156 3716 5225; x_wconf 87' lang='lat' dir='ltr'><strong>III,</strong></span> 
     </span>
    </p>
   </div>
   <div class='ocr_carea' id='block_1_114' title="bbox 2172 5242 2200 5268">
    <p class='ocr_par' dir='ltr' id='par_1_114' title="bbox 2172 5242 2200 5268">
     <span class='ocr_line' id='line_1_117' title="bbox 2172 5242 2200 5268; baseline 0 0"><span class='ocrx_word' id='word_1_767' title='bbox 2172 5242 2200 5268; x_wconf 74' lang='grc' dir='ltr'>κ</span> 
     </span>
    </p>
   </div>
   <div class='ocr_carea' id='block_1_115' title="bbox 2079 5242 3723 5438">
    <p class='ocr_par' dir='ltr' id='par_1_115' title="bbox 2079 5242 3723 5438">
     <span class='ocr_line' id='line_1_118' title="bbox 2172 5242 2200 5268; baseline 0 -12"><span class='ocrx_word' id='word_1_768' title='bbox 2172 5242 2200 5268; x_wconf 72' lang='lat'><strong>,.</strong></span> 
     </span>
     <span class='ocr_line' id='line_1_119' title="bbox 2079 5242 3723 5438; baseline -0.007 -72"><span class='ocrx_word' id='word_1_769' title='bbox 2332 5311 2392 5365; x_wconf 91' lang='lat' dir='ltr'><strong>In</strong></span> <span class='ocrx_word' id='word_1_770' title='bbox 2425 5310 2723 5382; x_wconf 90' lang='lat' dir='ltr'><strong>Necrolog.</strong></span> <span class='ocrx_word' id='word_1_771' title='bbox 2755 5310 2811 5364; x_wconf 93' lang='lat' dir='ltr'><strong>d.</strong></span> <span class='ocrx_word' id='word_1_772' title='bbox 2844 5309 2916 5362; x_wconf 84' lang='lat'><strong>25</strong></span> <span class='ocrx_word' id='word_1_773' title='bbox 2945 5308 3103 5379; x_wconf 91' lang='lat' dir='ltr'><strong>Sept.</strong></span> <span class='ocrx_word' id='word_1_774' title='bbox 3165 5303 3378 5358; x_wconf 86' lang='lat' dir='ltr'><strong>dicitur</strong></span> <span class='ocrx_word' id='word_1_775' title='bbox 3417 5296 3723 5382; x_wconf 53' lang='lat' dir='ltr'><strong>piaefuisse</strong></span> 
     </span>
     <span class='ocr_line' id='line_1_120' title="bbox 2079 5372 3722 5438; baseline -0.005 0"><span class='ocrx_word' id='word_1_776' title='bbox 2079 5390 2198 5438; x_wconf 76' lang='lat' dir='ltr'><strong>nou</strong></span> <span class='ocrx_word' id='word_1_777' title='bbox 2227 5383 2266 5438; x_wconf 90' lang='lat' dir='ltr'><strong><em>T</em></strong></span> <span class='ocrx_word' id='word_1_778' title='bbox 2301 5381 2610 5438; x_wconf 84' lang='lat' dir='ltr'><strong>eodoricum</strong></span> <span class='ocrx_word' id='word_1_779' title='bbox 2639 5381 2802 5438; x_wconf 75' lang='lat' dir='ltr'><strong>annis</strong></span> <span class='ocrx_word' id='word_1_780' title='bbox 2831 5381 2937 5438; x_wconf 79' lang='grc' dir='ltr'><strong>1ος</strong></span> <span class='ocrx_word' id='word_1_781' title='bbox 2974 5378 3129 5434; x_wconf 88' lang='lat' dir='ltr'><strong>unde</strong></span> <span class='ocrx_word' id='word_1_782' title='bbox 3169 5389 3386 5430; x_wconf 83' lang='lat' dir='ltr'><strong>annum</strong></span> <span class='ocrx_word' id='word_1_783' title='bbox 3423 5372 3722 5429; x_wconf 53' lang='lat' dir='ltr'><strong>«lectionis</strong></span> 
     </span>
    </p>
   </div>
   <div class='ocr_carea' id='block_1_116' title="bbox 2077 5372 3722 5453">
    <p class='ocr_par' dir='ltr' id='par_1_116' title="bbox 2077 5372 3722 5453">
     <span class='ocr_line' id='line_1_121' title="bbox 2077 5372 3722 5453; baseline -0.005 -15"><span class='ocrx_word' id='word_1_784' title='bbox 2077 5372 2198 5453; x_wconf 62' lang='lat' dir='ltr'><strong>post</strong></span> <span class='ocrx_word' id='word_1_785' title='bbox 2227 5372 2610 5439; x_wconf 73' lang='lat' dir='ltr'><strong>Tlieodoricum</strong></span> <span class='ocrx_word' id='word_1_786' title='bbox 2639 5372 2802 5453; x_wconf 68' lang='grc' dir='ltr'><strong>αῖιηὶε</strong></span> <span class='ocrx_word' id='word_1_787' title='bbox 2831 5381 2937 5450; x_wconf 80' lang='grc'><strong>10;</strong></span> <span class='ocrx_word' id='word_1_788' title='bbox 2974 5372 3129 5434; x_wconf 74' lang='lat' dir='ltr'><strong>unde</strong></span> <span class='ocrx_word' id='word_1_789' title='bbox 3169 5372 3722 5453; x_wconf 28' lang='lat' dir='ltr'><strong>amomi-lectionis</strong></span> 
     </span>
    </p>
   </div>
   <div class='ocr_carea' id='block_1_117' title="bbox 2081 5445 3435 5522">
    <p class='ocr_par' dir='ltr' id='par_1_117' title="bbox 2081 5445 3435 5522">
     <span class='ocr_line' id='line_1_122' title="bbox 2081 5445 3435 5522; baseline -0.01 -9"><span class='ocrx_word' id='word_1_790' title='bbox 2081 5445 2329 5513; x_wconf 79' lang='lat' dir='ltr'><strong>Conradi</strong></span> <span class='ocrx_word' id='word_1_791' title='bbox 2364 5453 2592 5515; x_wconf 86' lang='lat' dir='ltr'><strong>abbatis</strong></span> <span class='ocrx_word' id='word_1_792' title='bbox 2624 5445 2933 5522; x_wconf 73' lang='lat' dir='ltr'><strong>discimus,</strong></span> <span class='ocrx_word' id='word_1_793' title='bbox 2960 5462 3166 5520; x_wconf 88' lang='lat' dir='ltr'><strong>nempe</strong></span> <span class='ocrx_word' id='word_1_794' title='bbox 3198 5463 3248 5502; x_wconf 91' lang='lat' dir='ltr'><strong>a.</strong></span> <span class='ocrx_word' id='word_1_795' title='bbox 3278 5445 3435 5501; x_wconf 79' lang='lat' dir='ltr'><strong>H27.</strong></span> 
     </span>
    </p>
   </div>
   <div class='ocr_carea' id='block_1_118' title="bbox 3333 5643 3412 5730">
    <p class='ocr_par' dir='ltr' id='par_1_118' title="bbox 3333 5643 3412 5730">
     <span class='ocr_line' id='line_1_123' title="bbox 3333 5643 3412 5730; baseline 0 0"><span class='ocrx_word' id='word_1_796' title='bbox 3333 5643 3412 5730; x_wconf 60' lang='lat' dir='ltr'><strong>t3</strong></span> 
     </span>
    </p>
   </div>
  </div>
