4152 6186
421 233 538 297 363

423 369 556 436 dus,
591 367 964 442 Meginradus
990 372 1047 425 et
1077 369 1379 427 Lintoldus
1417 370 1684 442 depositi.
1749 370 2066 426 Theoderi-
2093 373 2148 439 Α

425 473 530 513 cus
544 472 782 530 peregre
802 457 966 514 obiit.
986 459 1276 516 Bertolfus
1297 459 1595 532 depositus
1611 475 1815 515 amens
1835 459 2073 514 effectus

427 546 652 602 defecit.
688 546 827 612 Quis
857 543 1054 603 credat
1113 548 1221 605 hoc
1273 549 1496 620 absque
1554 548 1818 604 districto
1875 547 2073 604 divino

428 638 622 692 actum
655 636 1070 707 essejudicio?
1148 681 1161 694 .
1244 680 1255 692 .
1336 680 1348 693 .

1164 726 1332 798 gxx.

504 811 691 884 Igitur
718 814 1020 869 Conradus
1051 813 1232 869 abbas
1262 814 1322 868 in
1354 814 1480 886 ipso
1505 814 1670 871 initio
1691 815 2076 887 promotionis

431 917 550 957 suis
587 901 760 973 coepit
794 901 906 957 sibi
947 902 1191 972 suisque
1247 904 1686 960 successoribus
1743 909 2079 961 construere

432 1006 580 1045 nova
609 989 961 1056 habitacula,
995 989 1318 1062 multisque
1348 992 1714 1065 temporibus
1771 993 1930 1066 operi
1981 993 2075 1048 in-

431 1077 672 1144 sudans,
707 1077 942 1132 tandem
975 1095 1107 1134 cum
1131 1079 1337 1136 decore
1358 1082 1808 1137 consummavit.
1834 1083 1912 1136 Eo
1935 1084 2076 1136 tem-

429 1180 565 1235 pore
586 1163 913 1232 Udalricus,
946 1168 1252 1239 secundus
1300 1170 1449 1240 (947)
1509 1171 1772 1242 ejusdem
1823 1169 2078 1226 nominis

428 1251 760 1324 episcopus,
809 1255 1195 1312 munitionem
1230 1274 1421 1323 suam,
1481 1258 1802 1314 Castellum
1861 1259 2075 1314 dictam

428 1340 639 1398 timore
671 1342 962 1416 Rudolphi
996 1345 1229 1400 comitis
1289 1347 1358 1402 de
1419 1348 1720 1420 Brigantia
1767 1347 2075 1413 destruxit,

429 1447 610 1503 quam
637 1433 1029 1502 praedecessor
1059 1435 1187 1504 ejus
1219 1434 1525 1494 Udalricus
1555 1436 1740 1492 multo
1771 1435 1967 1491 labore
2025 1438 2081 1489 et

429 1525 673 1593 sumptu
724 1525 1146 1588 construxerat,
1189 1527 1246 1578 et
1284 1523 1583 1596 laquearia
1620 1525 1869 1580 duarum
1897 1522 2079 1596 capel-

431 1609 622 1666 larum
654 1609 921 1666 Conrado
953 1611 1150 1667 abbati
1210 1613 1521 1680 concessit,
1583 1630 1834 1685 quorum
1895 1628 2078 1667 unum

431 1716 571 1767 suae,
622 1699 871 1755 alterum
924 1717 1056 1757 vero
1115 1701 1346 1774 capella:
1381 1703 1438 1758 S.
1499 1703 1744 1758 Joannis
1802 1700 2077 1773 Baptistae

431 1789 591 1861 afﬁgi
621 1788 788 1858 fecit;
823 1789 1036 1846 fecerat
1066 1791 1222 1847 enim
1245 1791 1393 1848 duas
1414 1791 1669 1864 capellas
1692 1808 1870 1847 unam
1902 1806 2080 1863 super

433 1877 696 1934 alteram.

1159 1970 1360 2042 §XXL

501 2059 668 2113 Anno
699 2058 770 2113 ab
804 2057 1204 2114 Incarnatione
1235 2058 1465 2114 Domini
1497 2074 1731 2126 meum,
1763 2059 1856 2114 die
1876 2076 1927 2114 IV
1950 2057 2076 2113 Kal.

432 2147 600 2213 Nov.,
627 2145 894 2201 dedicata
924 2151 1013 2202 est
1032 2145 1255 2218 capella
1284 2147 1573 2218 superior,
1597 2165 1774 2220 quam
1825 2148 2079 2203 aedifica-

428 2239 591 2291 verat
610 2235 909 2288 Conradus
943 2234 1126 2290 abbas
1158 2234 1215 2289 in
1251 2235 1472 2290 honore
1523 2236 1580 2290 S.
1643 2236 1879 2291 Martini
1905 2240 1962 2291 et
2017 2236 2074 2291 S.

433 2321 694 2378 Oswaldi
725 2322 802 2377 M.
819 2327 876 2378 et
893 2322 1140 2378 aliorum
1156 2328 1515 2392 sanctorum,
1546 2341 1797 2396 quorum
1819 2324 2078 2396 reliquiae

432 2410 578 2466 inibi
611 2411 987 2466 continentur
1062 2455 1074 2466 .
1159 2454 1172 2466 .
1253 2457 1266 2468 .
1345 2412 1643 2468 Dedicavit
1698 2419 1892 2470 autem
1950 2431 2077 2470 eam

438 2499 747 2556 Udalricus
779 2501 1075 2557 secundus
1105 2501 1434 2575 episcopus.

1147 2591 1366 2658 §xxn.

507 2681 675 2734 Anno
707 2679 780 2735 ab
814 2681 1104 2734 lncarnat.
1135 2681 1297 2736 Dom.
1332 2699 1604 2747 mcxxxw,
1627 2681 1946 2738 indictione
1976 2699 2076 2751 χιι,

436 2787 472 2825 x
502 2767 629 2824 Kal.
653 2769 811 2835 Dec.,
831 2767 1102 2824 dedicata
1123 2768 1346 2841 capella
1362 2770 1602 2827 inferior
1624 2788 1656 2826 a
1677 2769 2081 2827 ven.Udalrico

437 2858 710 2929 episcopo
741 2857 996 2912 secundo
1028 2858 1086 2911 in
1145 2858 1364 2915 honore
1395 2860 1452 2914 S.
1486 2859 1643 2915 Fidis
1674 2863 1733 2914 et
1781 2860 1840 2914 S.
1889 2859 2080 2914 Maria;

439 2945 815 3018 Magdalenm,
834 2945 1151 3002 etaliorum
1175 2952 1537 3017 sanctorum,
1554 2965 1807 3020 quorum
1822 2947 2081 3021 reliquias

437 3034 519 3090 ibi
553 3033 942 3090 continentur.
1026 3077 1038 3090 .
1120 3078 1133 3091 .
1215 3078 1228 3091 .

1134 3126 1161 3192 §
1190 3125 1383 3182 XXIII.

508 3214 674 3269 Anno
705 3215 777 3269 ab
811 3213 1282 3271 Incarnat.Dom.
1304 3231 1539 3282 MCXXIX,
1560 3215 1764 3271 indici.
1789 3232 1888 3286 vn,
1915 3231 2081 3271 reno-

349 3349 354 3354 .
436 3307 574 3358 vata
602 3306 692 3357 est
722 3301 947 3374 capella
994 3303 1049 3357 S.
1102 3303 1347 3359 Joannis
1395 3304 1665 3375 Baptistae
1697 3322 1729 3359 a
1788 3305 2082 3360 Gebinone

439 3389 728 3445 avunculo
760 3406 911 3456 meo,
942 3390 1140 3446 addito
1158 3392 1210 3446 ei
1239 3392 1490 3448 oratorio
1507 3392 1564 3447 S.
1589 3391 1791 3448 Jacobi
1813 3392 2081 3464 apostoli,

440 3479 541 3551 qui
568 3478 732 3550 prius
754 3477 1050 3549 proprium
1083 3479 1291 3534 habuit
1321 3479 1522 3547 altare,
1560 3482 1713 3552 quod
1746 3480 1841 3536 ille
1858 3481 2082 3537 destru-

1122 234 1514 298 APPENDIX
1560 236 1662 297 AD
1708 234 2150 298 CHRONIGON
2195 237 2610 301 HERMANNI
2655 233 3125 301 CONTRACTI.‘

3697 229 3816 296 364

2253 461 2361 518 Per
2380 461 2502 516 haec
2522 465 2787 534 tempora
2813 461 3099 533 praedium
3131 459 3288 532 apud
3319 459 3497 515 Bozze
3515 457 3820 515 venunda-

2181 555 2309 606 tum
2341 554 2431 607 est
2452 549 2790 607 xvumarcis
2816 568 2830 620 ;
2853 550 2995 606 item
3015 547 3448 622 Eilingen(948)
3479 547 3685 604 datum
3732 550 3825 605 est

2183 655 2287 711 pro
2308 639 2624 696 xnmarcis.

2861 728 3136 797 §XXVL.

2255 817 2365 872 Sed
2393 815 2764 889 etpresbyter
2789 817 3054 887 quidam,
3085 813 3304 887 Witigo
3335 813 3594 878 nomine,
3658 814 3822 870 ortus

2183 905 2255 959 de
2285 903 2574 976 Alospach
2608 904 2778 975 (949),
2803 909 2927 960 erat
2957 902 3142 958 multo
3170 905 3434 974 tempore
3488 898 3828 972 capellanus

2183 993 2542 1048 Trevirensis
2572 991 2995 1064 archiepiscopi
3027 996 3084 1049 et
3120 989 3504 1047 Coloniensis.
3546 988 3652 1044 Hic
3710 989 3830 1045 fere

2184 1098 2255 1135 xi.
2284 1097 2511 1136 marcas
2540 1079 2763 1152 argenti
2812 1080 3041 1152 probati
3097 1077 3428 1136 transmisit
3470 1078 3542 1134 ad
3571 1077 3829 1134 Domum

2187 1170 2332 1225 Petri
2366 1187 2468 1241 pro
2491 1169 2646 1242 agris
2662 1169 3095 1242 comparandis,
3127 1185 3275 1240 quos
3316 1166 3434 1234 ille,
3466 1167 3609 1222 dum
3668 1166 3830 1222 vive-

2187 1265 2272 1316 ret
2303 1259 2564 1326 haberet,
2599 1264 2655 1314 et
2677 1263 2810 1331 post
2831 1275 3006 1314 suum
3029 1258 3252 1314 obitum
3276 1256 3631 1314 monasterio
3652 1255 3830 1312 relin-

2187 1351 2408 1420 queret.
2430 1348 2536 1404 Sed
2569 1353 2875 1419 argentum
2905 1351 3096 1403 totum
3127 1350 3216 1402 est
3235 1361 3579 1418 expensum,
3603 1348 3661 1401 et
3679 1343 3827 1400 nihil

2187 1454 2256 1493 ex
2274 1453 2339 1492 eo
2360 1441 2645 1508 emptum.
2669 1441 2810 1491 Cum
2828 1451 2964 1509 ergo
2983 1435 3081 1492 ille
3101 1435 3324 1491 veniret
3343 1438 3411 1489 ut
3447 1433 3590 1506 quid
3637 1436 3833 1490 actum

2186 1530 2341 1582 esset
2370 1525 2610 1593 videret,
2628 1524 2893 1581 nesciens
2943 1524 3123 1580 abbas
3153 1526 3211 1600 et
3260 1523 3471 1578 fratres
3523 1522 3648 1593 ejus
3690 1521 3830 1595 quid

2185 1618 2444 1688 agerent,
2476 1615 2857 1670 ostenderunt
2891 1612 2942 1668 ei
3001 1611 3435 1685 possessionem
3481 1608 3826 1667 monasterii

2185 1703 2336 1776 apud
2371 1701 2740 1774 Frichingen,
2772 1719 2901 1773 qua:
2932 1704 3127 1756 tamen
3160 1715 3346 1772 nuper
3393 1697 3832 1771 aliquantulum

2187 1794 2255 1848 de
2268 1791 2534 1864 pecunia,
2556 1808 2682 1862 quae
2701 1807 2806 1863 pro
2822 1788 3086 1862 Eilingen
3109 1792 3348 1860 sumpta
3366 1787 3576 1857 fuerat,
3590 1786 3835 1843 dilatata

2186 1885 2328 1948 erat,
2363 1885 2420 1936 et
2451 1880 2738 1936 dederunt
2757 1878 2808 1935 ei
2837 1894 2967 1934 eam
2998 1895 3101 1951 pro
3123 1876 3372 1950 pecunia
3398 1893 3508 1932 sua
3536 1892 3664 1949 quae
3695 1891 3836 1930 con-

2186 1973 2425 2042 sumpta
2454 1969 2662 2024 fuerat.
2693 1969 2878 2033 Quam
2909 1967 3006 2023 ille
3029 1966 3290 2039 gratifice
3317 1965 3663 2038 suscipiens,
3686 1980 3836 2020 con-

2187 2059 2473 2115 sentiente
2499 2062 2556 2113 et
2577 2058 2822 2128 jubente
2853 2056 3066 2112 abbate
3095 2055 3208 2112 tale
3241 2055 3490 2126 desuper
3531 2052 3836 2125 chirogra-

2187 2148 2368 2220 phum
2401 2147 2690 2203 conscribi
2715 2147 2869 2202 fecit.

2872 2233 3155 2304 gxxvn.

2259 2327 2470 2382 Notum
2490 2325 2566 2381 sit
2582 2325 2856 2381 omnibus
2876 2329 2996 2380 tam
3015 2323 3402 2396 praesentibus
3425 2336 3602 2395 quam
3622 2319 3840 2377 futuris

2188 2415 2441 2490 qualiter
2468 2432 2568 2485 ego
2631 2415 2871 2486 Witigo,
2903 2414 3005 2468 Dei
3053 2413 3240 2486 gratia
3271 2412 3594 2484 presbyter,
3645 2409 3844 2466 divina

2188 2503 2510 2577 inspirante
2525 2501 2890 2573 providentia
2903 2499 3234 2573 comparavi
3251 2498 3534 2555 allodium
3557 2497 3712 2570 apud
3730 2495 3842 2552 vil-

2188 2594 2304 2649 lam
2336 2592 2713 2665 Frichingen,
2765 2591 2824 2645 in
2875 2607 3023 2663 pago
3082 2589 3384 2662 Linzgove,
3444 2587 3502 2642 in
3561 2585 3843 2642 comitatu

2191 2681 2442 2738 Heinrici
2473 2681 2704 2737 comitis
2737 2679 2906 2752 (950),
2954 2679 3107 2734 datis
3163 2693 3266 2750 pro
3297 2693 3362 2732 eo
3403 2692 3520 2731 xxn
3580 2674 3839 2742 mercis;

2190 2771 2381 2827 adhuc
2413 2787 2578 2837 sano,
2603 2775 2667 2825 ut
2687 2769 2879 2838 credo,
2913 2785 3058 2824 usus
3087 2765 3354 2834 consilio,
3386 2765 3523 2836 petii
3561 2763 3841 2820 abbatem

2189 2861 2563 2916 Cuonradum
2580 2856 2875 2930 simulque
2889 2858 3094 2913 fratres
3114 2853 3579 2912 Petrishusensis
3594 2851 3847 2909 coenobii

2191 2955 2248 3006 et
2276 2953 2692 3005 concesserunt
2735 2949 2828 3004 87
2849 2947 2892 3004 5
2924 2946 3069 3002 mihi
3101 2946 3161 3000 in
3211 2946 3443 3016 justum
3495 2942 3850 3000 beneﬁcium

2191 3039 2424 3104 curtim,
2458 3055 2636 3109 quam
2668 3037 2823 3092 idem
2857 3035 3283 3092 monasterium
3311 3033 3465 3106 apud
3489 3047 3618 3089 eam
3638 3029 3845 3087 villam

2113 3114 2156 3181 C
2195 3127 2476 3200 possidet,
2499 3131 2558 3183 et
2585 3142 2690 3199 ego
2712 3125 2830 3182 illis
2858 3142 3025 3181 versa
3052 3124 3172 3180 vice
3203 3122 3349 3179 alias
3379 3139 3451 3178 xx
3481 3137 3706 3178 marcas
3735 3136 3844 3176 ar-

2193 3217 2348 3291 genti
2374 3233 2477 3289 pro
2509 3217 2712 3272 eodem
2737 3213 3015 3271 beneficio
3042 3211 3282 3278 contuli,
3317 3229 3385 3268 ea
3413 3210 3680 3267 videlicet
3699 3224 3845 3265 con-

2191 3306 2409 3362 ditione
2434 3310 2498 3360 ut
2519 3321 2645 3378 ego,
2679 3303 2939 3376 quandiu
2971 3303 3187 3371 vixero,
3250 3305 3560 3372 utramque
3613 3302 3846 3372 partem

2183 3395 2309 3465 jam
2343 3394 2480 3450 dicti
2513 3393 2732 3466 praedii,
2767 3397 2822 3448 et
2864 3395 3118 3464 emptam
3168 3389 3438 3446 videlicet
3483 3387 3727 3454 naviter,
3778 3390 3844 3443 et

2191 3489 2326 3540 ante
2355 3483 2638 3548 habitam,
2663 3482 2790 3538 sine
2819 3480 2939 3536 ulla
2959 3479 3411 3536 contradictione
3431 3493 3533 3550 pro
3554 3474 3843 3533 beneﬁcio

436 3567 541 3634 xit,
575 3571 626 3623 et
687 3567 801 3622 duo
850 3567 1103 3623 oratoria
1133 3567 1192 3622 in
1223 3585 1406 3624 unum
1464 3569 1686 3624 utiliter
1725 3571 1966 3642 redegit,
2025 3575 2083 3626 et
2191 3573 2619 3645 possideam,et
2650 3573 2876 3626 fructus
2892 3571 3020 3641 ejus
3050 3569 3109 3624 in
3132 3583 3474 3634 ususmeos,
3497 3565 3843 3636 ubicunque

435 3655 738 3728 laquearia
759 3655 1035 3712 habentia
1063 3657 1368 3713 materiam
1397 3662 1453 3713 S.
1511 3657 1752 3713 Joannis
1810 3657 2079 3731 Baptista

436 3745 727 3818 depictam
787 3762 820 3800 a
871 3744 1133 3801 Conrado
1191 3746 1402 3803 abbate
1459 3746 1810 3818 impetravit,
1896 3752 1953 3803 et
1996 3747 2078 3803 ibi

437 3835 764 3908 suspendit.
795 3835 1093 3890 Dedicavit
1121 3839 1318 3892 autem
1350 3852 1478 3892 eam
1511 3835 1818 3892 Udalricus
1849 3836 2078 3907 episco-

435 3940 547 3995 pus
569 3924 863 3980 secundus
895 3924 986 3980 die
1017 3941 1073 3979 1x
1104 3924 1228 3980 Kal.
1263 3926 1418 3998 Sept.
1456 3925 1512 3979 in
1545 3925 1764 3981 honore
1832 3927 1987 3982 314
2017 3927 2075 3985 S.

433 4012 676 4068 Joannis
709 4011 1004 4083 Baptistae,
1038 4018 1094 4070 et
1133 4014 1379 4070 Joannis
1432 4015 1818 4087 evangelista,
1876 4016 2076 4072 Jacobi

405 4092 632 4156 'fratris
677 4101 826 4172 ejus,
884 4101 1158 4175 Philippi,
1208 4103 1449 4160 Nicolai.
1486 4105 1586 4160 Isti
1646 4111 1785 4161 sunt
1843 4105 1923 4161 ibi
1982 4123 2080 4178 pa-

434 4189 610 4246 troni.
694 4232 706 4245 .
789 4233 800 4245 .
882 4233 895 4247 .

508 4368 662 4424 [dem
697 4369 820 4442 ipse
851 4369 1073 4426 Gebino
1433 4373 1558 4443 jam
1582 4372 1806 4428 dudum
1833 4389 2074 4428 renova-

429 4463 609 4526 verat,
645 4459 702 4513 in
727 4459 958 4516 duobus
1001 4459 1284 4516 lateribus
1344 4477 1520 4515 novas
1577 4461 1880 4516 columnas
1939 4477 2071 4516 cum
2107 4489 2152 4554 Β

431 4548 934 4622 suppositionibus
967 4565 1168 4604 earum
1202 4549 1272 4603 de
1303 4549 1525 4619 quadro
1577 4548 1771 4620 lapide
1833 4567 2073 4621 compo-

432 4639 791 4710 nendo.Ipse
821 4638 1071 4709 patravit
1101 4637 1338 4692 calicem
1398 4641 1760 4709 argenteum,
1821 4654 2074 4710 eumque

431 4742 572 4782 auro
594 4727 912 4796 etgemmis
942 4730 1188 4781 venusto
1221 4741 1391 4797 opere
1422 4726 1750 4792 decoravit;
1784 4728 1884 4782 sed
1917 4726 2075 4782 auri-

430 4813 520 4868 fex
549 4829 681 4867 cum
715 4817 986 4884 patenam
1021 4814 1258 4869 deberet
1289 4815 1497 4881 facere,
1531 4819 1586 4870 et
1609 4815 1826 4870 multos
1849 4815 2073 4887 lapides

433 4899 601 4954 vellet
631 4900 948 4973 imponere,
984 4902 1221 4958 castella
1278 4908 1334 4959 et
1380 4903 1679 4959 vermiculi
1739 4904 2075 4960 nullatenus

429 4989 656 5061 corpori
689 4993 910 5062 patente
941 5007 1008 5046 ex
1030 4993 1252 5063 integro
1285 4997 1598 5063 potuerunt
1644 4993 1957 5066 congelari,
2018 4998 2075 5048 et

428 5079 647 5150 saepius
676 5078 989 5151 inemptum
1018 5097 1248 5153 semper
1276 5081 1497 5138 invenit
1527 5083 1841 5149 defectum,
1873 5083 2072 5155 sicque

427 5187 576 5245 opus
607 5170 709 5226 diu
741 5170 1144 5226 intermissum
1175 5176 1306 5228 est..
1388 5214 1399 5226 .

500 5315 646 5387 (947)
671 5314 925 5387 Βαγρρθ
950 5314 1156 5387 Castel,
1200 5314 1524 5387 monachus
1556 5319 1725 5387 antea
1751 5316 1809 5371 S.
1872 5313 2068 5382 Blasii,

429 5383 568 5460 hist.
607 5385 771 5440 Silvae
799 5385 956 5460 Nig,
989 5391 1010 5460 t
1043 5386 1082 5453 l,
1118 5403 1200 5460 _p.
1267 5386 1390 5440 370.
1449 5386 1762 5460 Castellum
1808 5387 1892 5460 ab
1943 5389 2070 5460 ipso

429 5457 690 5510 dirutum
713 5457 1089 5510 Gebehardus
1117 5457 1184 5511 Ill
1211 5462 1632 5512 construxerat.
1647 5457 1922 5512 Rodolfus
1945 5457 2067 5513 Bri-

470 5527 1094 5604 antinuspomestilius
1118 5542 1244 5604 erat
1265 5527 1538 5604 Udalrici,
1564 5528 1872 5604 de_qui_bus
1892 5546 2071 5604 supra

470 5544 704 5582 anunus
728 5545 919 5584 comes
941 5544 1094 5584 unus
1118 5544 1238 5582 ora:
1267 5544 1538 5596 uaairici,
1564 5544 1632 5583 ae
1660 5544 1872 5602 quibus
1892 5546 2066 5604 supra

427 5544 467 5666 ᾗ
495 5615 580 5670 ur,
612 5600 639 5671 §
672 5598 858 5656 17-23.
891 5598 1020 5657 Vid.
1055 5598 1387 5670 Bucelinns,
1418 5598 1680 5660 chronol.
1738 5600 2066 5675 Constant.,

2177 5598 2217 5658 l.

2188 3661 2447 3717 locorum
2480 3658 3366 3729 sim,convertam,eamdemque
3388 3654 3604 3711 curtim
3635 3653 3739 3710 uni
3767 3669 3846 3711 ex

2189 3750 2466 3806 fratribus
2495 3749 2759 3820 ejusdem
2791 3747 3059 3816 coenobii,
3083 3761 3494 3819 quemcunque
3523 3741 3830 3817 elegerim,

2186 3837 2545 3896 committam
2553 3837 2678 3909 ,qui
2694 3837 2834 3892 mihi
2854 3832 3750 3907 universa,quzecunqueibidem
3767 3847 3843 3889 ac

2189 3927 2479 4000 quisierit,
2504 3925 2752 3982 ﬁdeliter
2783 3929 3103 3982 conservet.
3151 3925 3296 3980 Cum
3319 3939 3450 3980 vero
3479 3938 3549 3979 ex
3582 3922 3693 3978 hac
3719 3920 3845 3977 vita

2188 4019 2512 4079 decessero,
2545 4015 2674 4072 volo
2692 4020 2758 4072 ut
2778 4015 3201 4072 monasterium
3224 4013 3379 4069 idem
3403 4011 3686 4069 allodium
3707 4025 3841 4082 per

2187 4106 2494 4178 petualiter
2514 4105 2828 4177 possideat,
2862 4120 2930 4160 ea
2957 4102 3226 4158 videlicet
3281 4100 3614 4158 conditione
3656 4102 3726 4154 ut
3771 4097 3840 4155 in

2186 4193 2581 4250 anniversario
2603 4193 2799 4249 obitus
2823 4191 2936 4248 mei
2960 4189 3119 4246 omni
3141 4189 3417 4260 deinceps
3440 4203 3595 4244 anno
3627 4185 3840 4241 fratres

2185 4282 2731 4354 communiterﬁnde
2757 4279 3098 4353 pietantiem
3145 4277 3420 4346 habeant,
3446 4281 3565 4332 tres
3613 4273 3841 4331 scilicet

2186 4372 2430 4428 maltros
2442 4373 2512 4427 de
2530 4370 2828 4443 epeltanco
2843 4370 3136 4425 frumento
3149 4368 3219 4424 ad
3233 4366 3489 4424 similam
3504 4363 3837 4421 faciendam

2185 4480 2252 4517 ex
2275 4462 2490 4533 quibus
2513 4478 2668 4516 unus
2693 4460 2925 4516 modius
2948 4457 3278 4530 specialiter
3298 4456 3400 4512 ﬁat
3415 4453 3697 4520 abbati,et
3710 4456 3838 4509 tres

2185 4567 2362 4605 urnas
2384 4551 2454 4605 de
2475 4550 2630 4616 vino,
2653 4549 2960 4604 dimidiam
2979 4546 3197 4614 abbati,
3221 4547 3370 4601 duas
3389 4560 3524 4600 vero
3539 4547 3596 4599 et
3616 4541 3835 4599 semim

2184 4639 2480 4706 fratribus,
2514 4643 2570 4694 et
2599 4636 2907 4692 duodecim
2930 4635 3145 4692 solidos
3187 4651 3288 4707 pro
3314 4632 3574 4706 piscibus
3602 4647 3839 4703 compa-

2184 4728 2401 4782 randis.
2427 4727 2743 4783 Duodecim
2779 4741 3012 4799 quoque
3046 4739 3333 4796 pauperes
3386 4721 3516 4778 volo
3548 4726 3613 4777 ut
3640 4736 3708 4776 ea
3735 4718 3838 4776 die

2184 4816 2538 4883 reficiantur,
2571 4819 2627 4870 et
2657 4814 2973 4885 unicuique
3006 4811 3246 4884 pauperi
3278 4810 3447 4883 panis
3467 4815 3535 4866 .et
3582 4807 3836 4882 cyathus

2181 4905 2298 4960 vini
2329 4911 2385 4961 et
2414 4905 2785 4977 pulmentum
2819 4903 3006 4958 detur.
3059 4901 3119 4956 In
3155 4898 3550 4955 anniversario
3593 4911 3840 4969 quoque

2181 4994 2366 5065 patris
2397 4993 2510 5049 mei
2532 4992 2749 5065 Operti,
2771 4991 2929 5063 quod
2953 4995 3109 5046 estw
3134 4989 3216 5044 Id.
3235 4987 3447 5054 Martii,
3467 5002 3652 5042 unum
3670 4983 3836 5040 mal-

2180 5088 2338 5138 trum
2370 5082 2597 5149 similae,
2621 5085 2678 5137 et
2709 5081 2834 5136 duae
2860 5097 3017 5135 urnae
3044 5078 3184 5144 vini,
3217 5076 3343 5132 volo
3378 5081 3440 5132 ut
3463 5076 3636 5131 detur
3665 5073 3836 5131 omni

2182 5169 2616 5243 congregationi
2646 5168 3012 5242 generaliter.
3047 5164 3237 5220 Simili
3270 5165 3442 5222 modo
3491 5164 3564 5221 de
3620 5162 3833 5221 eadem

2181 5314 2253 5369 ad
2286 5330 2376 5367 an.
2407 5313 2565 5367 H32.

2253 5385 2400 5452 (948)
2434 5385 2600 5438 Forte
2623 5380 2912 5452 Ailingcn,
2946 5379 3001 5433 in
3036 5379 3288 5452 capitulo
3317 5378 3678 5451 Thuringen.

2272 5451 2400 5524 949)
2436 5451 2805 5524 Allenspach,
2843 5453 2900 5505 in
2932 5451 3186 5524 capitulo
3210 5452 3609 5524 Reichenausg
3672 5521 3682 5524 _
3742 5495 3757 5524 _.

2271 5517 2396 5595 950)
2424 5517 2728 5580 Heinricus
2752 5517 2946 5580 cemes
2979 5517 3296 5595 Einzgoviae
3325 5540 3420 5582 an.
3470 5522 3632 5593 H35,
3666 5517 3829 5593 infra

2291 5599 2347 5672 ,§
2381 5595 2442 5655 11
2467 5597 2537 5656 de
2569 5596 2985 5669 Sanctomonte
3014 5595 3247 5666 dicitur.

2253 5386 2267 5456 (

2250 5459 2265 5599 ἓ

2250 5614 2283 5657 ν
