4152 6186
267 297 463 374 365⁴

1146 305 1598 375 CHRONICON
1648 301 2465 375 PETERSHUSANUM.—
2493 305 2638 374 LIB.
2684 307 2763 376 ν.

3549 315 3668 382 366

265 435 638 516 possessione
666 438 796 500 volo
825 443 950 500 fieri
990 444 1050 500 in
1099 445 1460 502 universario
1510 446 1713 502 matris
1767 461 1910 500 meas
1939 447 1993 512 Α
2026 461 2158 500 nem
2193 445 2262 499 ad
2304 445 2673 501 excolendam
2725 445 3125 518 supradictam
3177 443 3404 504 vineam
3456 451 3670 508 servire

267 530 573 598 Pecbildae,
608 533 766 605 quod
797 536 886 588 est
913 550 987 588 xv
1017 533 1142 590 Kal.
1175 535 1328 606 Sept.

333 623 409 676 Ut
437 624 636 676 autem
666 619 798 676 haec
829 621 1212 691 omnia,sicut
1231 626 1430 679 notata
1450 625 1606 691 sunt,
1639 621 1916 678 inviolata

262 713 698 776 conserventur,
731 710 940 782 adjuro
971 727 1176 768 omnes
1206 711 1307 784 qui
1357 728 1461 784 per
1506 711 1911 768 successiones

261 800 597 870 temporum
616 796 678 854 in
689 799 891 854 eodem
912 800 1266 856 monasterio
1288 800 1469 856 futuri
1492 804 1652 871 sunt,
1669 817 1770 872 per
1789 815 1911 856 om-

260 885 426 942 nium
446 884 711 942 ﬁdelium
729 886 1269 957 Remuneratorem,
1289 893 1346 944 et
1361 905 1466 960 per
1482 905 1717 945 omnem
1733 888 1915 944 virtu-

261 976 406 1044 tem,
441 990 572 1046 qua
598 974 690 1032 vel
719 975 779 1032 in
801 975 944 1033 ccelo
973 975 1062 1032 vel
1090 977 1147 1032 in
1170 980 1326 1032 terra
1350 978 1460 1033 Deo
1487 976 1825 1044 famulatur,
1849 981 1914 1032 ut

259 1063 466 1119 nullus
487 1064 729 1120 omnino
749 1065 839 1122 vel
860 1065 1043 1128 abbas
1059 1065 1145 1122 vel
1169 1065 1319 1122 alius
1335 1065 1548 1139 aliquis
1564 1066 1686 1124 haec
1704 1068 1915 1122 audeat

254 1152 506 1220 violare,
527 1158 630 1210 aut
649 1153 720 1218 si,
741 1154 897 1227 quod
916 1153 1098 1211 absit!
1121 1154 1340 1221 fecerit,
1360 1154 1419 1210 in
1439 1155 1730 1211 consortio
1746 1154 1912 1210 Judm

257 1242 573 1314 proditoris
593 1241 652 1298 in
678 1247 938 1299 extremo
950 1243 1103 1314 justi
1118 1242 1330 1316 judicii
1352 1243 1445 1299 die
1472 1245 1910 1299 condemnetur.

257 1333 466 1387 Actum
495 1334 555 1386 et
572 1331 984 1387 confirmatum
1001 1347 1156 1388 anno
1180 1332 1473 1387 Incarnat.
1488 1331 1912 1397 Dom.mcxxxv,

258 1421 316 1476 in
339 1419 655 1476 festivitate
677 1419 735 1474 S.
759 1419 1023 1493 Gregorii
1043 1436 1231 1493 papa,
1257 1437 1454 1477 coram
1472 1419 1699 1476 cunctis
1720 1419 1914 1476 fratri-

259 1509 392 1576 bus,
423 1524 490 1563 ac
521 1508 774 1564 testibus
813 1502 1130 1574 Heinrico,'
1152 1509 1508 1577 Hermanno,
1560 1508 1913 1575 Eberhardo,

257 1595 565 1664 Luitfrido,
598 1595 876 1665 Arnoldo,
911 1597 1269 1665 Burcbardo,
1304 1596 1633 1662 Adelberto,
1667 1597 1916 1669 aliisque

257 1682 485 1738 multis.
535 1714 604 1727 --
663 1685 871 1742 Obitus
919 1686 1186 1758 ejusdem
1234 1685 1553 1760 Witigonis
1601 1687 1750 1742 Non.
1787 1686 1911 1741 Oct.

932 1773 962 1847 §
992 1774 1239 1830 XXVIII.

322 1863 438 1918 Sed
468 1865 528 1918 et
555 1861 894 1919 Gisilfridus
925 1863 1004 1919 de
1053 1863 1341 1936 Turingin
1375 1863 1521 1935 (954)
1543 1879 1677 1919 cum
1699 1877 1917 1935 magna

251 1950 560 2008 devotione
589 1951 846 2016 advenit,
881 1955 939 2006 et
971 1952 1214 2008 unicum
1250 1950 1460 2019 ﬁlium,
1493 1952 1731 2008 nomine
1766 1950 1915 2007 Ruc-

250 2045 514 2112 pertum,
548 2039 664 2095 Deo
697 2042 752 2096 et
784 2040 844 2096 S.
877 2039 1154 2111 Gregorio
1185 2056 1380 2096 coram
1411 2040 1572 2096 omni
1604 2055 1915 2113 congrega-

249 2130 408 2185 tione
427 2130 477 2185 3
494 2130 594 2185 10
609 2144 744 2184 cum
764 2128 970 2185 multis
988 2128 1262 2202 lacrymis
1277 2128 1509 2199 obtulit,
1524 2129 1912 2201 universaque

249 2217 470 2289 praedia
488 2234 616 2289 quae
639 2216 699 2272 in
721 2221 880 2273 terra
896 2217 1221 2273 Suevorum
1241 2216 1760 2290 proprietatisjure
1784 2233 1914 2289 pos-

250 2306 404 2363 sedit
417 2311 538 2362 tam
556 2306 712 2379 apud
727 2305 1014 2378 Turingin
1031 2322 1208 2378 quam
1222 2307 1376 2378 apud
1389 2305 1909 2376 Jetinhusin(952);

248 2381 671 2468 omnia'itaque
688 2394 1043 2452 monasterio
1077 2411 1148 2450 ex
1183 2393 1410 2467 integro
1445 2392 1692 2450 contulit
1717 2394 1774 2448 in
1800 2393 1910 2449 mi-

251 2483 567 2541 nisterium
602 2483 852 2539 fratrum
873 2483 988 2539 Deo
1018 2482 1165 2539 inibi
1189 2482 1609 2539 famulantium
1629 2486 1908 2554 perpetuo

242 2574 378 2644 jure
396 2571 780 2645 possidenda,
797 2576 1034 2643 excepta
1049 2571 1314 2644 portione
1331 2570 1528 2627 fratris
1545 2571 1637 2626 sui
1655 2569 1905 2626 Geraldi.

245 2660 495 2717 Vineam
519 2675 758 2732 quoque
782 2659 937 2732 apud
959 2659 1247 2732 Alospach
1275 2660 1418 2716 emit
1453 2677 1570 2715 xxn
1594 2659 1830 2729 marcis,
1851 2663 1910 2715 et

245 2750 597 2806 ﬁrmissimo
628 2753 798 2823 pacto
831 2748 1154 2820 constituit,
1187 2750 1397 2806 abbate
1427 2752 1709 2821 praesente
1731 2752 1907 2820 atque

243 2839 676 2906 consentiente,
707 2841 766 2893 et
781 2837 962 2893 ommi
990 2839 1458 2911 congregatione,
1487 2842 1548 2893 ut
1572 2837 1734 2893 omni
1766 2837 1905 2893 heb-

243 2928 495 2984 domada
520 2943 629 3000 per
651 2943 837 2982 aevum
856 2926 1034 2983 semel
1057 2944 1172 2983 una
1197 2927 1291 2983 die
1308 2927 1492 2982 missa
1508 2943 1611 3000 pro
1628 2925 1904 2983 omnibus

244 3017 594 3088 parentibus
622 3017 754 3086 ejus
805 3016 1100 3072 defunctis
1145 3019 1498 3082 cantaretur,
1551 3019 1608 3071 et
1651 3015 1782 3087 ipsa
1811 3015 1904 3070 die

245 3105 572 3171 monachis,
595 3104 948 3178 generaliter
962 3104 1032 3160 de
1043 3105 1170 3176 jam
1190 3104 1348 3159 dicta
1359 3104 1526 3159 vinea
1543 3103 1748 3158 vinum
1771 3119 1902 3175 pro-

1943 1817 1991 1880 B

2021 533 2399 606 permitteret.
2431 536 2576 590 Acta
2623 539 2762 591 sunt
2813 535 2929 590 haec
2975 535 3172 591 omnia
3219 535 3670 608 inspicientibus

2023 622 2248 677 idoneis
2276 622 2547 692 testibus,
2583 623 2748 679 Patre
2796 627 2853 678 et
2902 622 3045 679 Filio
3090 627 3147 680 et
3195 613 3416 697 Spiritu
3446 631 3670 698 sancto,

2023 709 2310 783 Philippo,
2344 711 2619 784 Gregorio
2648 716 2706 768 et
2741 711 3103 769 Gebebardo.

2719 799 2749 872 §
2779 800 2971 857 XXIX.

2092 889 2227 944 Post
2243 887 2364 942 haec
2385 888 2606 945 obortis
2629 889 2987 961 quibusdam
2999 889 3215 962 jurgiis
3232 891 3382 947 inter
3401 892 3673 949 abbatem

2021 981 2078 1031 et
2097 977 2369 1032 eumdem
2388 976 2775 1046 Gisilfridum,
2793 978 3040 1034 abstulit
3055 979 3244 1035 filium
3267 997 3442 1037 suum
3466 982 3536 1036 de
3553 998 3674 1037 mo-

2021 1064 2275 1120 nasterio
2293 1065 2416 1135 jam
2441 1065 2933 1133 monacbizatum,
2966 1072 3023 1122 et
3065 1067 3419 1124 abalienavit
3452 1069 3672 1141 praedia

2022 1169 2149 1225 quae
2181 1154 2437 1221 dederat,
2489 1153 2547 1209 id
2590 1160 2678 1211 est
2715 1155 2999 1229 Turingin
3040 1161 3096 1212 et
3142 1157 3478 1213 Jetinhusin
3503 1175 3517 1226 ;
3543 1157 3671 1230 ipse

2019 1246 2217 1298 tamen
2232 1242 2291 1296 in
2315 1241 2520 1298 habitu
2538 1243 2915 1300 barbatorum
2940 1244 3281 1317 plerumque
3303 1245 3362 1300 in
3383 1250 3673 1303 monaste-

2021 1331 2107 1386 rio
2140 1331 2378 1399 mansit,
2413 1348 2478 1386 ac
2507 1349 2622 1387 non
2655 1331 2843 1388 multo
2875 1337 3007 1404 post
3037 1333 3182 1389 obiit
3219 1334 3392 1405 (954),
3424 1339 3482 1389 et
3512 1335 3668 1406 apud

2022 1420 2444 1476 monasterium
2479 1420 2752 1492 sepultus
2782 1425 2888 1478 est.
2924 1422 3108 1478 Filius
3155 1425 3349 1478 autem
3381 1422 3509 1493 ejus
3539 1427 3673 1495 post

2023 1512 2271 1563 mortem
2292 1510 2497 1580 patris,
2523 1510 2703 1565 armis
2727 1511 2982 1583 sumptis
3005 1510 3204 1582 inique
3221 1510 3556 1567 haereditate
3576 1529 3675 1584 po-

2023 1595 2169 1652 titus
2203 1601 2312 1652 est.

2738 1686 2767 1759 §
2801 1687 2960 1742 XXX.

2096 1773 2203 1828 Per
2229 1773 2386 1829 idem
2418 1779 2675 1846 tempus,
2712 1791 2844 1830 cum
2878 1775 3008 1831 Utto
3038 1777 3220 1832 abbas
3248 1769 3676 1849 Waginhusen-

2023 1861 2107 1917 sis
2137 1862 2285 1934 (955)
2317 1863 2375 1917 in
2407 1862 2713 1917 infamiam
2761 1863 3082 1930 incidisset,
3108 1864 3412 1935 depositus
3471 1869 3584 1934 est,
3615 1870 3675 1921 et

2024 1950 2240 2006 Gebino
2265 1951 2336 2006 ab
2362 1950 2630 2006 Udalrico
2653 1951 2926 2022 episcopo
2951 1949 3207 2007 secundo
3248 1970 3282 2007 a
3321 1953 3674 2010 monasterio

2021 2043 2242 2096 Domus
2273 2039 2423 2095 Petri
2447 2040 2758 2107 adductus,
2782 2043 2837 2094 et
2858 2039 3048 2095 eidem
3069 2038 3194 2096 loco
3216 2041 3395 2096 abbas
3434 2041 3673 2098 ordina-

2020 2132 2117 2184 tus
2151 2133 2256 2184 est.
2291 2131 2476 2194 Quem
2510 2145 2642 2183 cum
2677 2145 2778 2200 per
2807 2127 3030 2200 aliquot
3060 2145 3245 2185 annos
3271 2129 3474 2186 idonee
3492 2130 3672 2187 rexis-

2022 2221 2130 2288 set,
2161 2217 2476 2272 commissa
2507 2222 2596 2272 est
2625 2217 2675 2272 ei
2708 2216 2882 2272 etiam
2915 2233 3064 2272 nova
3095 2216 3258 2284 cella,
3283 2234 3408 2290 quae
3433 2223 3674 2276 vocatur

2020 2305 2329 2362 Wischina
2358 2306 2504 2376 (956)
2536 2322 2661 2377 quae
2694 2321 2798 2378 per
2827 2305 2995 2361 illum
3037 2307 3372 2363 monasticae
3401 2307 3528 2364 vitae
3559 2309 3674 2366 ini-

2019 2393 2160 2450 tiata
2189 2399 2296 2449 est.
2376 2460 2382 2466 .

2631 2484 2781 2539 επ
2820 2483 3070 2557 §XXXI.

2088 2573 2272 2638 Quam
2305 2588 2438 2628 cum
2471 2575 2602 2644 post
2631 2571 2930 2644 aliquanta
2958 2577 3248 2645 tempora,
3270 2573 3532 2629 laborem
3554 2590 3672 2629 non

2015 2660 2980 2729 sufferens,dimisisset,Conradus
2995 2662 3176 2717 abbas
3191 2665 3431 2733 rogatus
3454 2662 3670 2717 iterum

2017 2749 2092 2804 ab
2110 2748 2376 2805 Udalrico
2395 2749 2665 2822 episcopo
2680 2749 2990 2805 constituit
3011 2765 3118 2821 pro
3135 2765 3201 2804 eo
3216 2748 3670 2805 Waltrammum

2015 2837 2206 2892 eidem
2230 2837 2354 2893 loco
2375 2838 2669 2904 abbatem,
2694 2837 2792 2908 qui
2811 2837 3029 2892 ibidem
3080 2835 3384 2893 ecclesiam
3406 2853 3440 2893 a
3460 2837 3670 2894 funda-

2014 2926 2230 2980 mentis
2254 2928 2591 2981 construere
2612 2925 2806 2996 coepit,
2835 2929 2892 2980 et
2923 2923 3112 2980 multa
3135 2930 3476 2982 ornamenta
3496 2925 3674 2982 eccle-

2015 3013 2114 3069 siae
2146 3018 2202 3069 et
2234 3012 2508 3069 utensilia
2542 3011 2869 3084 acquisivit.

2686 3100 2716 3173 §
2761 3101 2978 3157 XXXII.

246 3193 569 3265 pinaretur,
601 3197 658 3249 et
687 3194 818 3265 ipsa
846 3192 1048 3260 missa,
1095 3192 1329 3265 quando
1367 3196 1720 3261 cantaretur,
1754 3195 1890 3247 noto
1931 3183 1973 3250 C
2075 3190 2341 3247 Posthaec
2355 3191 2656 3246 Conradus
2678 3189 3153 3246 abbasconduxit
3177 3191 3532 3248 monachum
3599 3236 3602 3238 η

247 3282 420 3354 signo
445 3286 679 3338 tantum
725 3299 843 3339 uno
896 3282 1287 3337 nuntiaretur.
1341 3282 1410 3336 Et
1450 3285 1516 3336 ut
1563 3281 1695 3353 ipsa
1731 3280 1898 3337 vinea

253 3370 484 3440 absque
515 3369 718 3425 damno
766 3369 1109 3426 monasterii
1165 3369 1345 3426 excoli
1411 3370 1718 3442 potuisset,
1762 3359 1895 3424 cum

261 3457 529 3528 quaedam
552 3461 833 3526 matrona,
869 3458 1108 3515 nomine
1135 3457 1432 3524 Truitlint,
1457 3473 1559 3530 per
1579 3459 1731 3514 idem
1755 3462 1897 3514 tem-

249 3560 370 3616 pus
391 3547 659 3614 converti,
685 3551 742 3602 et
762 3562 970 3620 agrum
994 3563 1168 3603 suum
1209 3547 1362 3618 apud
1407 3546 1724 3619 Fiscbpach
1747 3547 1895 3618 (853)

236 3634 435 3691 oﬂ’erri
463 3634 770 3706 voluisset,
799 3640 856 3692 et
877 3636 1030 3692 hanc
1051 3635 1236 3692 abbas
1265 3635 1562 3708 suscipere
1585 3635 1893 3703 renuisset,

2005 3280 3220 3353 quemdam,nomineAaron,presbyterum
3235 3281 3305 3336 de
3317 3281 3663 3338 Camberch'

2005 3369 2242 3424 musicae
2275 3368 2419 3423 artis
2446 3368 2897 3440 peritissimum,
2919 3370 3020 3440 qui
3049 3369 3186 3425 fecit
3205 3371 3256 3425 ei
3301 3386 3527 3442 organa
3547 3371 3661 3428 ele-

2004 3457 2369 3530 gantissima
2404 3455 2846 3527 modulationis,
2874 3462 2931 3513 et
2967 3458 3272 3514 constituit
3295 3475 3362 3515 ea
3381 3461 3454 3516 ad
3483 3459 3659 3518 meri-

2006 3547 2242 3602 dianam
2275 3545 2508 3618 plagam
2541 3545 2806 3616 ejusdem
2840 3546 3117 3602 basilicaa.
3171 3548 3297 3620 Ipse
3327 3549 3502 3604 etiam
3527 3550 3657 3620 jam

2004 3641 2137 3692 ante
2176 3635 2440 3705 ejusdem
2472 3634 2703 3708 generis
2732 3635 3195 3692 instrumentum
3223 3636 3657 3693 Constantiensi

2004 3722 2271 3779 Ecclesiae
2314 3722 2548 3791 fecerat,
2596 3727 2865 3795 patrante
2913 3723 3269 3780 Herimanno
3317 3724 3655 3780 vicedomno

2005 3818 2062 3868 et
2093 3812 2338 3869 custode
2368 3817 2510 3868 tunc
2541 3811 2817 3868 ecclesiae.

227 3723 386 3782 idem
411 3725 762 3782 Gisilfridus
784 3725 944 3780 dedit
964 3725 1161 3781 abbati
1184 3725 1384 3781 decem
1408 3723 1643 3792 talenta,
1674 3728 1738 3780 ut
1764 3741 1894 3780 mu-

221 3810 432 3871 lierem
462 3829 604 3870 cum
637 3829 778 3886 agro
809 3812 1153 3886 susciperet,
1185 3817 1242 3870 et
1271 3813 1538 3870 eamdem
1570 3812 1895 3885 possessio-

1468 3949 1810 4035 LIBER
1879 3947 2424 4062 QUINTUS.

805 4076 1094 4138 INCIPIT
1137 4076 1240 4137 DE
1283 4073 1891 4136 TRANSLATIONE
1932 4073 2165 4134 BEATI
2211 4066 2663 4133 GEBEHARDI
2707 4069 3082 4133 EPISCOPI.

1020 4211 1048 4278 §
1079 4209 1120 4263 Ῑ.
1515 4270 1526 4272 ί
2007 4202 2390 4271 obliviscitur,
2444 4201 2745 4259 miraculis
2794 4202 3160 4273 illustraret;
3201 4221 3338 4262 cum
3361 4206 3488 4277 jam
3526 4205 3660 4281 ipsa

381 4300 542 4356 Cum
549 4297 679 4370 jam
693 4312 992 4370 perannos
1007 4296 1487 4352 circitercentum
1508 4295 1896 4368 quadraginta
2006 4292 2267 4360 basilica,
2296 4297 2418 4347 tam
2455 4308 2521 4346 ex
2552 4292 2904 4365 antiquitate
2934 4311 3114 4366 quam
3163 4311 3232 4350 ex
3285 4296 3656 4352 fundamenti

214 4387 366 4445 duos
392 4389 558 4462 (957)
595 4387 657 4442 Β.
696 4385 1048 4444 confessoris
1091 4384 1308 4442 Christi
1349 4383 1676 4441 Gebebardi
1707 4401 1894 4456 quon-
2004 4381 2344 4454 fragilitate,
2371 4378 2746 4452 undiqueper
2763 4382 3048 4438 rimarum
3070 4383 3656 4455 scissurasjamjam-

209 4477 346 4533 dam
375 4474 870 4532 Constantiensis
893 4473 1171 4547 episcopi,
1196 4472 1526 4529 fundatoris
1545 4487 1678 4529 vero
1702 4489 1896 4530 mona-
2003 4488 2117 4544 que
2139 4486 2342 4526 casum
2368 4469 2714 4537 minaretur,
2733 4487 2861 4527 ven.
2889 4471 3071 4527 abbas
3093 4472 3415 4538 Conradus,
3440 4471 3654 4527 adhor-

200 4567 376 4622 sterii
413 4563 586 4638 quod
610 4563 824 4618 dicitur
845 4563 1068 4619 Domus
1112 4561 1286 4630 Petri,
1327 4579 1538 4634 corpus
1571 4562 1681 4618 sub
1711 4559 1891 4618 humo
2001 4560 2220 4616 tatione
2247 4558 2512 4630 Hugonis
2551 4559 2855 4616 Constant.
2903 4559 3172 4617 Ecclesia:
3213 4559 3500 4628 canonici,
3524 4574 3654 4615 eam

199 4670 374 4712 more
412 4656 807 4708 mortuorum
843 4651 1154 4724 quisceret,
1187 4655 1245 4707 et
1275 4655 1474 4706 tamen
1505 4650 1778 4706 eumdem
1808 4649 1891 4706 lo-
2001 4655 2279 4704 renovare
2312 4664 2624 4720 aggressus
2655 4652 2858 4704 est.....

198 4760 343 4800 cum
380 4738 619 4798 tumuli
654 4740 783 4811 ejus
815 4741 1150 4813 frequenter
1193 4738 1384 4796 ﬁdelis
1431 4745 1603 4808 Deus,
1649 4739 1747 4811 qui
1779 4755 1893 4795 non
1922 4744 1970 4808 D

263 4886 444 4961 (851)
485 4880 700 4961 P_r_ocul
732 4882 917 4961 dubio
940 4881 1156 4961 nobilis
1189 4882 1310 4961 haec
1340 4880 1481 4961 ol_i_m
1515 4881 1756 4961 familia
1786 4881 1896 4938 fuit

192 4959 253 5015 in
274 4953 472 5032 'pag'o
514 4953 942 5027 Linzgoviensi,
972 4955 1034 5009 in
1067 4970 1183 5025 quo
1225 4958 1346 5008 tam
1387 4953 1683 5026 Turingen
1717 4971 1893 5026 quam

189 5029 666 5087 Jettenhausen
700 5029 758 5080 et
788 5025 1109 5081 Fiscbhach
1145 5025 1257 5080 sita
1287 5029 1472 5079 erant.

228 5050 666 5086 etwnnuuscu
700 5050 758 5080 ct
788 5050 1109 5081 risuuuuuu
1145 5050 1257 5080 sua
1287 5050 1472 5079 erant.

265 5101 447 5172 (952)
491 5096 1145 5172 Epdiedettenbausen,
1168 5095 1224 5172 in
1250 5095 1505 5172 capilulo
1533 5095 1890 5169 Thuringen.

488 5167 850 5250 fischbac‘h,
882 5168 942 5250 in
974 5167 1536 5250 capitulonliinsgau.

296 5245 445 5314 954)
488 5240 561 5314 [ῃ
588 5239 934 5314 _Necrologi_o
963 5245 1198 5314 notatur
1224 5240 1260 5293 6
1290 5239 1448 5294 Maii.

488 5310 641 5384 Y_id._
667 5310 866 5384 supra
937 5313 1024 5384 12.

264 5379 446 5457 (956)
470 5379 830 5464 _Fiscbing_a,
856 5379 1221 5464 piscina-seu
1265 5381 1461 5464 augis,
1601 5379 1895 5464 Mariam

190 5451 1000 5532 ngggjgiarnonasterium,
1021 5451 1652 5532 cujusbrevishistoria
1672 5452 1897 5532 stitur

189 5531 250 5590 in
275 5523 510 5588 Gallia
535 5523 773 5591 Christ,
797 5528 839 5579 t'
863 5523 933 5591 V,
969 5541 1024 5591 p.
1062 5523 1216 5591 1027,
1247 5524 1341 5579 ubi
1379 5529 1572 5578 tamen
1600 5523 1757 5577 nulla
1789 5523 1892 5579 Ge-

190 5546 250 5590 m
275 5541 510 5588 Gallia
535 5541 773 5591 unrisr.,
797 5541 839 5579 ι·
874 5541 933 5591 γ,
1013 5566 1024 5578 .
1062 5541 1216 5591 ww,
1247 5541 1341 5579 om
1379 5541 1572 5578 tamen
1600 5541 1757 5577 nuna
1789 5541 1892 5579 ue-

190 5602 465 5660 binonis
505 5596 752 5663 mentio,
784 5598 887 5652 sed
914 5541 1344 5652 “Paltrammus
1394 5611 1547 5651 nono
1592 5594 1716 5650 loco
1749 5595 1898 5651 inter

193 5676 475 5746 Ibbates
516 5665 778 5760 ponitur,
811 5667 911 5760 qui
944 5685 996 5726 a.
1023 5667 1162 5729 1138
1184 5665 1604 5730 monasterium
1628 5665 1896 5733 restitue-

2005 4879 2099 4936 rit.
2136 4883 2301 4954 Forte
2330 4879 2426 4934 hic
2475 4878 2592 4954 vita
2649 4878 2972 4954 monastica
3029 4879 3110 4936 ibi
3160 4881 3388 4938 initiata
3417 4882 3658 4954 dicitur,

2004 4953 2159 5033 quod
2193 4951 2649 5033 consuetudines
2676 4950 3125 5033 liirsaugienses
3176 4971 3245 5009 ex
3269 4954 3470 5033 .Domo
3504 4950 3659 5013 Petri

2004 5023 2982 5106 perGebinonemintroductae‘soint
3006 5043 3018 5092 ;
3039 5026 3166 5096 jam
3189 5026 3342 5082 enim
3363 5027 3464 5083 diu
3481 5032 3656 5084 antea

2004 5094 2347 5150 institutum
2379 5099 2500 5148 erat
2532 5094 2641 5148 hoc
2681 5095 3030 5152 cmoobium.

2075 5167 2226 5238 (957)
2247 5170 2303 5219 S.
2328 5164 2668 5238 Gebehardo
2691 5165 2738 5238 ll
2765 5166 2919 5221 circa
2940 5185 3034 5222 an.
3057 5169 3163 5222 996
3185 5172 3434 5233 mortuo,
3458 5183 3651 5238 annus

2005 5239 2364 5292 centesimus
2378 5237 2867 5308 quadragesimus
2887 5241 3180 5294 secundus
3197 5254 3414 5294 annum
3433 5237 3650 5293 Christi

2005 5309 2144 5364 H37
2177 5312 2356 5374 notat,
2383 5312 2651 5380 ettamen
2677 5309 2868 5380 prima
2900 5310 3019 5364 hac
3055 5309 3358 5365 translatio
3381 5313 3512 5377 post
3543 5325 3648 5365 an-

2005 5397 2111 5436 nos
2139 5380 2242 5435 ⁸152
2263 5379 2544 5451 acondito
2562 5379 2916 5436 monasterio
2935 5381 3170 5451 (151.983),
3193 5380 3532 5449 adcoquead
3547 5397 3646 5440 an.

2005 5452 2144 5506 1134
2167 5451 2428 5505 refertur.
2464 5449 2567 5506 Hic
2596 5467 2729 5506 vero
2763 5449 2994 5506 tantum
3041 5449 3346 5521 de'pI-ima
3396 5452 3644 5509 transla-

2005 5525 2160 5578 tione
2182 5523 2238 5577 S.
2266 5521 2590 5577 Gcbchardi
2620 5540 2720 5577 seu
2755 5523 2823 5576 de
2864 5524 3119 5592 corporis
3159 5524 3286 5590 ejus
3318 5539 3346 5576 ο
3383 5528 3535 5578 terra
3564 5524 3646 5579 le-

2004 5594 2466 5677 vationeagitur,
2491 5611 2525 5647 a
2546 5610 2662 5677 qua
2682 5595 2731 5665 ej
2743 5611 2810 5677 us
2831 5593 3278 5677 cultu‘snabsque
3301 5596 3534 5677 turmali
3556 5613 3646 5677 ca-

2005 5662 2374 5734 nonizatiohe
2396 5662 2686 5741 incepisse
2706 5662 2952 5724 videtur.
2984 5662 3116 5728 Vid.
3149 5662 3327 5740 supra
3361 5665 3402 5723 1.
3438 5683 3475 5740 ι,
3507 5668 3644 5748 ςιδ,
