4152 6186
282 401 400 474 873

1183 411 1628 486 GHHONICON
1671 397 2387 488 PETERSHUSANUM.
2414 457 2490 471 —
2519 418 2670 490 LIB.
2715 418 2821 492 v1.

3562 401 3677 492 374

283 542 722 635 8ilva,habebat
741 547 801 608 in
821 549 979 623 villa,
1005 553 1391 612 Miminhusin
1416 557 1590 613 dicta.
1614 561 1762 630 Ergo
1786 574 1927 630 quo-
1955 561 2010 626 Α
2039 557 2158 614 sive
2186 558 2409 615 naviter
2437 559 2668 616 fuerant
2696 559 2976 618 fabricata
2995 555 3084 617 vel
3105 564 3473 635 congregata,
3498 564 3679 622 abbas

281 634 439 693 niam
460 643 728 695 nostrum
754 644 1172 700 monasterium
1193 645 1253 700 in
1271 646 1472 702 eadem
1487 645 1625 702 villa
1645 646 1927 719 praedium

282 724 555 795 habebat,
577 729 734 800 quod
755 729 807 786 ei
831 730 1112 789 Geroldus
1130 733 1290 789 bonaa
1315 735 1607 791 memoriae
1631 737 1930 808 quondam

283 815 523 872 dederat
553 833 685 872 cum
719 835 780 874 se
800 819 927 892 ipso
953 825 1010 876 et
1031 821 1161 877 aliis
1186 822 1420 894 pradiis
1445 823 1592 891 suis,
1616 824 1750 879 Ruti
1783 823 1931 880 scili-

282 909 391 970 cet,
424 909 483 961 et
514 905 1010 965 Efkirchiswilare
1041 915 1217 982 atque
1245 911 1530 982 Niwiron,
1563 913 1778 968 idcirco
1810 917 1929 968 toto

281 991 416 1050 nisu
447 993 745 1050 nitebatur
768 1000 830 1051 ut
850 1000 906 1052 et
925 997 1034 1053 hoc
1057 998 1406 1070 acquireret.
1437 1001 1518 1056 Ea
1540 1002 1611 1056 de
1633 1017 1694 1055 re
1709 1002 1928 1056 factum

282 1086 372 1139 est
402 1086 469 1138 ut
497 1083 720 1151 tabula,
752 1102 878 1157 quae
911 1086 970 1142 in
1020 1087 1327 1159 principali
1378 1088 1546 1144 altari
1576 1089 1634 1145 S.
1670 1090 1931 1162 Gregorii

280 1187 347 1229 ex
378 1171 649 1228 orientali
680 1172 859 1230 latere
889 1179 1090 1232 contra
1129 1176 1371 1232 chorum
1404 1179 1673 1250 apposita
1702 1184 1844 1248 erat,
1875 1185 1930 1235 et

279 1263 404 1317 erat
425 1278 566 1317 auro
587 1267 640 1317 et
658 1263 910 1335 gemmis
927 1264 1337 1320 decentissime
1358 1272 1646 1338 cooperta,
1666 1286 1808 1324 auro
1827 1286 1932 1323 nu-

277 1350 580 1406 daretur...
607 1351 791 1424 Igitur
814 1353 924 1409 hoc
946 1370 1108 1422 auro,
1138 1356 1290 1426 quod
1316 1356 1384 1410 de
1397 1357 1525 1426 jam
1547 1356 1703 1413 dicta
1734 1357 1931 1413 tabula

277 1444 581 1512 sumptum
613 1444 719 1507 est,
758 1446 1162 1514 comparatum
1197 1447 1286 1499 est
1315 1443 1601 1516 praedium
1634 1447 1786 1518 apud
1821 1446 1927 1501 Mi-

279 1527 768 1600 minhusin,quod
798 1529 1221 1588 habueratillic
1243 1533 1665 1589 monasterium
1690 1533 1927 1589 S.Geor-

278 1615 634 1694 gii.Insuper
652 1619 856 1674 datum
874 1623 962 1675 est
979 1637 1082 1691 pro
1102 1637 1170 1676 eo
1203 1622 1488 1693 praedium
1529 1624 1684 1693 quod
1716 1622 1927 1677 habui-

278 1721 409 1762 mus
431 1707 590 1778 apud
608 1707 891 1764 Asilheim
907 1709 1236 1782 (979),quod
1253 1710 1486 1766 dederat
1500 1711 1792 1783 quondam
1812 1712 1930 1766 dux

279 1794 570 1869 Bertoll‘us
600 1797 671 1852 de
699 1795 1182 1870 Zaringiu,l'rater
1205 1798 1527 1854 Gebehardi
1550 1799 1807 1872 episcopi
1828 1800 1926 1865 III,

279 1900 380 1957 pro
411 1884 669 1958 hospitio
698 1885 982 1942 violenter
1011 1887 1167 1959 apud
1199 1904 1306 1944 nos
1335 1892 1592 1961 sumpto.

597 1978 626 2044 §
663 1974 833 2031 XXII.
866 1977 940 2031 De
987 1977 1242 2032 incendio
1286 1979 1611 2033 monasterii

343 2063 534 2135 Igitur
560 2079 697 2119 cum
715 2065 842 2134 jam
875 2064 1156 2134 inusitato
1201 2066 1374 2122 modo
1420 2067 1490 2122 ab
1523 2067 1682 2122 omni
1710 2067 1926 2135 debito,

276 2153 548 2224 quamvis
570 2169 704 2208 cum
721 2153 929 2226 grandi
951 2155 1187 2223 damno,
1212 2155 1464 2211 absoluti
1488 2161 1708 2222 essent,
1730 2161 1787 2211 et
1806 2160 1927 2212 tam

273 2240 434 2300 locus
467 2258 647 2315 quam
679 2244 1098 2299 monasterium
1150 2244 1370 2316 optime
1417 2244 1713 2301 excultum
1753 2250 1926 2311 esset,

275 2330 487 2388 accidit
513 2331 670 2386 sicut
699 2332 983 2403 scriptum
1005 2337 1129 2388 est:
1156 2356 1184 2382 ‹‹
1208 2335 1356 2388 Ante
1378 2333 1612 2389 ruinam
1648 2334 1932 2390 exaltabi-

271 2423 364 2476 tur
394 2436 498 2476 cor
525 2421 711 2489 (Prov.
741 2421 988 2492 xxv,12).
1026 2443 1053 2471 »
1085 2422 1223 2477 Erat
1250 2423 1467 2494 quippe
1496 2422 1744 2478 aedicula
1771 2423 1928 2478 inﬁr-

273 2508 469 2564 mariae
492 2507 819 2577 adhaerens,
837 2509 898 2564 in
921 2526 1037 2582 qua
1058 2505 1350 2579 caminus,
1371 2515 1427 2566 et
1439 2512 1611 2581 juxta
1629 2514 1926 2568 caminum

273 2613 339 2653 ex
366 2601 623 2669 utraque
652 2600 817 2668 parte
845 2602 1174 2654 stramenta
1206 2598 1264 2653 in
1288 2599 1503 2670 quibus
1531 2600 1737 2656 fratres
1761 2617 1925 2656 recu-

275 2685 562 2741 babant...
602 2686 685 2740 Ibi
709 2685 906 2758 itaque
927 2688 1090 2758 pueri
1115 2688 1452 2742 monasterii
1477 2688 1668 2760 ignem
1697 2689 1929 2744 incaute

274 2775 680 2841 accendentes,
712 2773 870 2847 ignis
908 2781 1231 2831 stramenta
1261 2777 1430 2848 juxta
1473 2777 1661 2849 posita
1691 2777 1925 2844 invasit,

273 2867 327 2919 et
353 2864 414 2919 in
445 2867 751 2919 momento
779 2867 967 2919 totum
989 2865 1244 2936 pervasit
1265 2866 1707 2931 monasterium,
1729 2865 1926 2922 basili-

271 2969 396 3010 cam
425 2968 668 3026 quoque
685 2952 744 3006 S.
763 2953 1022 3026 Gregorii
1045 2958 1102 3009 et
1122 2953 1321 3010 omnia
1340 2953 1516 3010 simul
1540 2954 1782 3010 aediﬁcia
1803 2972 1925 3011 mo-

267 3041 506 3100 nasterii
532 3043 775 3097 ﬂamma
797 3043 1231 3114 consumpsit...
1258 3044 1402 3115 (980)
1427 3042 1700 3099 Sacristia
1731 3048 1926 3099 tamen

270 3132 421 3189 886
451 3135 513 3187 et
541 3130 833 3186 librorum
864 3131 1278 3202 repositorium
1324 3131 1418 3185 vix
1467 3136 1758 3186 reservata
1789 3137 1929 3187 sunt

269 3236 405 3276 cum
434 3219 535 3276 his
563 3235 694 3290 quae
726 3220 888 3275 intus
920 3224 1104 3275 erant.
1164 3220 1300 3275 Erat
1339 3221 1494 3276 enim
1526 3219 1719 3276 videre
1751 3221 1924 3275 mise-

1959 1927 2006 1992 B

2039 648 2338 704 Conradus
2368 651 2424 703 et
2475 648 2867 706 Herimannus
2923 649 3082 722 prior
3137 654 3554 723 consurgentes
3585 668 3679 708 ac-

2039 735 2345 792 cinxerunt
2374 753 2435 792 se
2463 737 2704 793 viriliter
2745 739 2817 793 ad
2853 739 3336 794 restaurationem
3379 739 3681 812 praedicta-

2039 841 2168 880 rum
2203 842 2418 880 rerum.
2451 827 2518 881 Et
2543 826 2893 897 adjuverunt
2937 843 3036 883 eos
3084 827 3291 899 reliqui
3322 829 3550 898 fratres,
3584 826 3683 884 alii

2040 912 2272 984 quidem
2309 930 2485 969 onera
2515 915 2798 986 portando
2831 931 2965 970 cum
2997 916 3401 982 exsultatione,
3427 916 3524 972 alii
3548 934 3681 974 vero

2039 1002 2304 1073 regiones
2335 1001 2747 1058 circumeundo
2778 1020 2912 1057 cum
2944 1007 3277 1059 sanctorum
3309 1004 3592 1076 reliquiis,
3626 1012 3685 1062 et

2042 1090 2415 1159 petendotam
2436 1090 2641 1145 divites
2659 1107 2835 1162 quam
2858 1091 3232 1162 pauperiores
3255 1093 3586 1148 subsidium
3609 1095 3681 1149 ad

2037 1179 2521 1234 instaurationem
2557 1179 2822 1234 incendio
2853 1180 3185 1251 consumpti
3211 1182 3569 1236 monasterii.
3600 1183 3683 1238 Ex

2037 1267 2138 1323 tali
2161 1284 2295 1340 ergo
2318 1267 2623 1322 collatione
2640 1275 2938 1338 coeperunt
2956 1268 3238 1323 aedificare
3265 1269 3536 1340 primitus
3561 1269 3684 1340 qui-

2038 1358 2169 1412 dem
2203 1355 2535 1412 habitacula
2563 1356 2810 1424 abbatis,
2843 1357 2989 1412 duas
3019 1355 3271 1428 capellas
3296 1375 3473 1413 unam
3507 1375 3685 1432 super

2038 1445 2303 1516 alteram,
2334 1445 2696 1517 superiorem
2742 1444 2977 1516 quidem
3018 1445 3075 1499 in
3107 1445 3324 1502 honore
3356 1447 3411 1501 S.
3447 1447 3684 1503 Martini

2036 1537 2094 1590 et
2122 1533 2180 1588 S.
2217 1533 2512 1601 Oswaldi;
2550 1533 2881 1589 inferiorem
2907 1550 3039 1590 vero
3071 1533 3128 1587 in
3162 1533 3378 1589 honore
3409 1535 3467 1591 S.
3493 1535 3686 1592 Mariis

2038 1621 2415 1693 Magdalenae,
2449 1627 2504 1677 et
2533 1624 2590 1677 S.
2626 1623 2781 1678 Fidis
2811 1623 2954 1694 Virg.
2988 1625 3044 1678 et
3092 1627 3265 1678 mart.
3299 1623 3594 1680 Dedicatio
3626 1625 3682 1681 S.
3761 1681 3765 1684 Α

2039 1710 2195 1764 Fidis
2227 1709 2609 1781 perseveravit
2638 1711 2788 1765 sicut
2819 1711 2980 1782 prius
3003 1715 3127 1766 erat
3157 1729 3187 1766 Χ
3221 1711 3344 1766 Kal.
3364 1712 3522 1778 Dec.,
3546 1704 3689 1785 quo-

2037 1798 2196 1853 niam
2227 1797 2372 1852 illud
2399 1797 2580 1853 altare
2611 1798 2903 1870 integrum
2936 1804 3230 1871 repertum
3254 1803 3362 1869 est,
3382 1805 3439 1856 et
3457 1801 3539 1856 ibi
3561 1817 3689 1875 age-

2036 1885 2254 1942 bantur
2284 1885 2480 1941 divina
2510 1885 2720 1942 ofﬁcia.

2731 2022 2759 2088 §
2795 2019 2983 2077 XXIV.

2107 2153 2490 2209 Ediﬁcabant
2517 2170 2750 2226 quoque
2781 2154 2896 2209 duo
2928 2153 3249 2222 refectoria,
3283 2171 3467 2211 unum
3513 2172 3690 2230 super

2040 2242 2312 2310 alterum,
2347 2247 2405 2298 et
2433 2241 2766 2314 coquinam,
2801 2247 2859 2297 et
2880 2241 3204 2310 cellarium,
3224 2247 3279 2298 et
3295 2243 3572 2316 torcular,
3596 2262 3690 2302 ca-

2037 2331 2406 2388 lefactorium
2437 2348 2670 2404 quoque
2701 2336 2757 2386 et
2788 2331 3193 2401 inﬁrmariam,
3227 2337 3283 2388 et
3313 2333 3598 2406 capellam
3630 2335 3690 2392 S.

2039 2421 2257 2488 Mariae,
2291 2419 2618 2493 capitulum
2649 2436 2883 2492 quoque
2923 2425 3098 2493 atque
3142 2421 3573 2479 dormitorium.
3607 2425 3694 2480 Ad

2037 2510 2146 2566 hoc
2195 2511 2392 2581 itaque
2443 2510 2892 2565 combusserunt
2943 2510 3159 2565 calcem
3201 2528 3415 2584 magno
3447 2516 3691 2585 sumptu

2029 2599 2202 2669 juxta
2232 2598 2530 2670 Tettingin
2564 2597 2622 2652 in
2656 2597 2822 2665 silva,
2856 2602 2912 2653 et
2940 2615 3220 2671 magnum
3243 2598 3544 2671 liquamen
3575 2593 3693 2657 maé

2037 2705 2288 2761 gnarum
2319 2687 2573 2742 trabium
2607 2692 2660 2743 et
2693 2687 2941 2742 aliorum
2973 2685 3266 2759 lignorum
3308 2688 3692 2745 conciderunt

2037 2777 2095 2832 in
2129 2775 2276 2832 silva
2310 2777 2480 2846 juxta
2529 2775 2914 2848 Brigantium,
2950 2775 3103 2846 quod
3136 2773 3505 2830 adduxerunt
3525 2776 3687 2848 plus-

2036 2880 2214 2935 quam
2248 2861 2676 2935 quinquaginta
2699 2863 2948 2935 remiges
2968 2861 3272 2934 perlatum
3292 2865 3564 2936 stagnum
3589 2881 3686 2920 us-

2037 2968 2150 3023 que
2181 2953 2250 3007 ad
2286 2968 2413 3006 nos.
2445 2951 2795 3006 Monasteria
2826 2967 3061 3022 quoque
3092 2950 3205 3006 alia
3235 2950 3525 3008 miserunt
3553 2969 3688 3009 cum

2037 3040 2189 3095 bona
2219 3040 2517 3095 voluntate
2566 3055 2674 3094 sua
2729 3039 2902 3105 dona,
2961 3039 3408 3112 Hirsaugienses
3449 3041 3688 3112 quidem

2037 3128 2280 3201 pallium
2315 3129 2534 3182 bonum
2586 3131 2643 3182 et
2692 3127 2933 3182 carrada
2982 3127 3120 3192 viui,
3168 3129 3239 3183 de
3271 3127 3415 3182 cella
3443 3133 3499 3182 S.
3533 3130 3689 3184 Petri

2035 3217 2184 3288 (98l)
2210 3233 2392 3271 unum
2415 3214 2674 3283 calicem,
2693 3215 3122 3271 Zwivaldenses
3144 3232 3321 3270 unam
3345 3216 3608 3272 casulam
3629 3221 3686 3273 et

271 3308 447 3365 riam.
480 3308 830 3364 Dormitoria
857 3312 979 3364 tam
1019 3308 1440 3365 monachorum
1473 3325 1651 3382 quam
1682 3309 1929 3364 exterio-
1958 3290 2000 3355 (ἶ
2035 3305 2228 3362 albam
2259 3310 2432 3377 atque
2463 3303 2696 3370 stolam,
2729 3303 2827 3358 alii
2855 3321 2988 3361 vero
3013 3303 3129 3361 alia
3153 3304 3525 3374 munuscula,
3555 3323 3681 3379 quae

277 3412 422 3451 rum
442 3396 680 3455 fratrum
700 3403 1057 3473 consumpta
1079 3417 1144 3456 su
1154 3403 1301 3468 nt,et
1323 3398 1492 3455 multi
1516 3397 1927 3454 miserabiliter

286 3485 582 3541 denudati.
641 3487 1051 3543 Habitaculum
1109 3505 1364 3561 namque
1421 3505 1710 3554 sororum,
1769 3487 1925 3559 quod

285 3571 521 3630 ﬂamma
539 3583 655 3630 non
671 3574 1089 3647 tetigit,statim
1105 3580 1302 3632 tamen
1316 3593 1557 3649 prorsus
1574 3576 1925 3648 dissipatum

272 3666 380 3730 est,
401 3667 458 3719 et
473 3663 617 3735 ipsa
641 3680 1066 3736 usquequaque
1087 3665 1383 3738 dispersae.
1406 3666 1516 3722 Sed
1540 3670 1597 3722 et
1617 3665 1927 3721 monacho-

270 3768 402 3808 rum
435 3752 706 3824 quidam,
746 3769 1098 3826 quacunque
1135 3759 1427 3827 poterant,
1462 3755 1521 3809 in
1555 3754 1925 3810 monasteriis

269 3841 612 3898 transmissi
660 3845 818 3898 sunt.
857 3845 1066 3900 Actum
1105 3860 1258 3900 anno
1296 3844 1369 3900 ab
1407 3846 1696 3900 Incarnat.
1757 3845 1921 3900 Dom.

270 3945 443 3986 acu:
463 3947 500 3986 a
518 3929 800 4002 primitus
821 3932 1051 3988 condito
1072 3931 1198 4004 ipso
1225 3933 1578 3989 monasterio
1610 3933 1919 4000 CLXXVII,

270 4018 474 4075 indict.
523 4037 631 4090 v11,
677 4020 769 4076 die
814 4021 1072 4077 secunda
1109 4022 1331 4088 mensis
1378 4021 1559 4088 Junii,
1612 4024 1720 4076 hoc
1751 4027 1838 4078 est
1867 4039 1923 4076 1v

267 4107 415 4164 Non.
427 4108 949 4176 Junii,feriatertia
965 4110 1376 4166 sacratissima:
1393 4110 1770 4166 hebdomadas
1787 4111 1924 4166 Pen-

269 4201 565 4256 tecostes..
581 4240 593 4253 .

957 4290 984 4356 §
1025 4288 1228 4344 XXIII.

338 4376 722 4450 Consumptis
751 4376 932 4451 igitur
955 4392 1102 4450 pene
1132 4377 1407 4433 omnibus
1440 4393 1567 4449 qum
1600 4375 1924 4447 antiquitus

2035 3394 2232 3450 omnia
2262 3399 2374 3449 Deo
2406 3393 2526 3450 sint
2557 3396 2809 3465 accepta.

2107 3484 2254 3540 887
2286 3485 2450 3538 Anno
2478 3482 2551 3538 ab
2574 3482 2975 3538 Incarnatione
2999 3482 3228 3537 Domini
3257 3499 3449 3549 MCLXI,
3476 3484 3677 3540 indict.

2036 3590 2112 3639 ix,
2146 3573 2238 3629 die
2269 3590 2324 3628 VI
2357 3573 2493 3628 Idus
2541 3573 2700 3640 Dec.,
2726 3572 2992 3627 dedicata
3023 3576 3112 3627 est
3142 3571 3364 3644 capella
3393 3575 3450 3629 S.
3483 3573 3677 3630 Maria

2028 3663 2198 3733 juxta
2219 3661 2603 3716 inﬁrmariam
2622 3677 2655 3715 a
2669 3660 2983 3716 venerabili
3007 3661 3360 3717 Herimanno
3377 3662 3676 3718 Constant.

2034 3751 2326 3822 episcopo,
2355 3754 2621 3821 patrante
2650 3748 2858 3803 abbate
2888 3749 3218 3804 Conrado...

2105 3840 2322 3895 Eadem
2352 3839 2444 3894 die
2473 3836 2761 3892 dedicavit
2783 3836 2935 3892 idem
2959 3836 3268 3908 episcopus
3289 3835 3682 3894 Herimannus

2032 3928 2316 4001 capellam
2372 3927 2431 3982 S.
2467 3923 2721 3992 Martini,
2772 3929 2830 3981 et
2869 3925 3198 3981 recondidit
3241 3924 3359 3980 illic
3405 3925 3684 3998 reliquias

2034 4035 2161 4091 quae
2192 4021 2249 4072 et
2279 4020 2448 4072 antea
2475 4014 2556 4070 ibi
2580 4016 2826 4070 fuerant.
2856 4015 2940 4070 Ab
2964 4015 3072 4070 hoc
3099 4014 3192 4070 die
3215 4019 3460 4086 egerunt
3489 4015 3686 4072 divina

2033 4107 2225 4164 ofﬁcia
2253 4105 2312 4160 in
2345 4102 2683 4176 supradicta
2713 4102 2932 4174 capella
2961 4103 3018 4158 S.
3054 4102 3267 4158 Maria.
3301 4103 3382 4160 Ad
3413 4101 3534 4158 hazc
3553 4103 3685 4159 aedi-

2033 4197 2165 4251 ficia
2193 4210 2514 4266 expensum
2546 4195 2637 4247 est
2667 4207 2839 4246 omne
2887 4207 3097 4246 aurum
3129 4192 3284 4264 quod
3316 4192 3686 4266 superfuerat

2033 4283 2314 4358 emptioni
2346 4281 2542 4354 praedii
2577 4281 2734 4353 apud
2761 4279 3165 4338 Miminhusin.

1306 4528 1716 4617 INCIPIT
1779 4527 2117 4614 LIBER
2177 4525 2665 4614 SEXTUS.

1042 4699 1151 4767 §l.

439 4787 550 4842 Sed
583 4789 641 4842 et
671 4792 825 4855 ante,
887 4786 997 4842 hoc
1045 4792 1157 4855 est,
1210 4805 1363 4843 anno
1425 4789 1592 4844 Dom.
1641 4788 1928 4843 Incarnat.

261 4891 420 4933 acu
455 4875 853 4931 Herimannus
881 4876 1345 4933 Constantiensis
1371 4877 1680 4950 cpiscopus
1705 4876 1930 4931 dedica-

258 4965 345 5042 vit
376 4964 669 5038 capellam
699 4966 757 5022 S.
790 4965 1034 5022 Joannis
1078 4967 1348 5039 Baptistae
1381 4967 1440 5023 iu
1471 4966 1819 5032 cocmeterio,
1855 4984 1930 5022 vu

261 5055 390 5112 Kal.
423 5054 609 5112 Jan...

705 5144 734 5210 §
769 5144 839 5199 ΙΙ.
873 5146 1210 5200 Instauratio
1239 5144 1502 5200 ecclesiae.

339 5232 510 5287 Anno
533 5231 606 5288 ab
639 5235 934 5288 Incarnat.
960 5233 1122 5289 Com.
1153 5250 1372 5298 meum,
1397 5232 1598 5286 indict.
1623 5250 1678 5298 x,
1701 5233 1792 5287 die
1815 5250 1929 5289 xvn

264 5317 517 5376 Kalend.
548 5320 732 5391 Junii,
765 5327 1047 5395 regnante
1079 5321 1370 5378 Friderico
1392 5321 1761 5393 imperatore,
1787 5340 1930 5393 pra:-

262 5408 504 5466 sidente
524 5408 961 5467 Constantiensi
981 5410 1245 5467 Ecclesia
1260 5410 1615 5466 Herimanno
1636 5410 1928 5482 episcopo,

337 5552 495 5626 (979)
518 5549 894 5626 gsseuhe‘im,
929 5553 988 5607 in
1017 5553 1273 5626 capitulo
1302 5551 1615 5626 Villingen.

337 5622 492 5706 (980)
506 5623 606 5706 De
637 5622 1050 5706 boc‘incendio
1072 5622 1129 5682 et
1149 5623 1487 5706 monasterii
1510 5623 1932 5706 restaurationie

261 5693 394 5766 gait
422 5693 635 5752 notitia
668 5695 1054 5755 dedicationis
1084 5715 1242 5754 nova;
1274 5693 1530 5752 basilicae
1572 5695 1930 5752 Petershusii

1951 4700 1998 4764 D
2033 4697 2142 4752 sub
2174 4695 2384 4751 abbate
2405 4693 2689 4757 Conrado,
2720 4693 2778 4746 in
2801 4689 2998 4763 vigilia
3024 4689 3400 4746 Ascensionis
3431 4688 3684 4759 Domini,

2043 4784 2293 4840 locatum
2329 4787 2417 4839 est
2448 4782 2705 4856 primum
2731 4781 3178 4835 fundamentum
3201 4795 3356 4834 nova:
3384 4782 3689 4836 structura:

2041 4873 2295 4930 ecclesiae
2326 4872 2583 4944 Gregorii
2618 4887 2782 4943 papa:
2832 4870 2889 4924 in
2939 4869 3065 4926 loco
3114 4870 3173 4924 S.
3209 4868 3535 4924 Gebehardi
3567 4870 3688 4942 epi-

2041 4964 2201 5036 scOpi
2226 4966 2281 5018 fu
2293 4963 2551 5018 ndatoris
2573 4960 2745 5032 primi
2769 4959 3034 5031 ejusdem
3053 4957 3329 5025 ecclesiae,
3353 4963 3410 5014 et
3433 4959 3690 5028 positum

2041 5058 2130 5109 est
2159 5053 2338 5108 limen
2368 5051 2522 5118 ostii,
2553 5050 2706 5120 quod
2737 5049 2924 5121 vergit
2954 5049 3013 5104 in
3062 5048 3408 5118 claustrum,
3443 5065 3511 5103 ex
3540 5049 3692 5104 occi-

2042 5143 2260 5198 dentali
2295 5145 2475 5213 parte,
2509 5139 2678 5195 tertio
2719 5155 2872 5194 anno
2923 5144 3234 5211 postquam
3267 5139 3570 5192 incensum
3603 5139 3694 5190 est

2040 5233 2193 5288 idem
2215 5227 2656 5284 monasterium.

2112 5321 2188 5374 Eo
2219 5323 2477 5388 tempore
2508 5317 2772 5372 Romana
2801 5314 3063 5371 Ecclesia
3087 5313 3363 5370 destituta
3392 5313 3515 5366 erat
3535 5312 3691 5364 certo

2039 5413 2280 5471 rectore,
2313 5405 2450 5477 quia
2501 5406 2617 5460 duo
2666 5422 2793 5460 eam
2845 5403 2957 5459 sibi
3010 5400 3396 5472 usurpabant,
3439 5398 3548 5454 hoc
3580 5402 3690 5466 est,

2041 5552 2194 5624 apud
2227 5549 2489 5624 Gerbert,
2524 5547 2667 5624 Hist.
2702 5547 2893 5620 Nigrae
2923 5531 3108 5609 Silva,
3141 5548 3182 5598 t.
3216 5543 3311 5608 III,
3344 5559 3402 5614 p.
3438 5541 3557 5597 II8.

2112 5625 2256 5695 (981)
2289 5623 2352 5677 In
2386 5619 2562 5691 Nigra
2589 5618 2760 5673 Silva.
