  <div class='ocr_page' id='page_1' title='image "/cluster/home/n/w/nwhite01/storage/ocr_20150623/143/hvd.32044054760038/196.png"; bbox 0 0 2076 3093; ppageno 0'>
   <div class='ocr_carea' id='block_1_1' title="bbox 135 191 203 226">
    <p class='ocr_par' dir='ltr' id='par_1_1' title="bbox 135 191 203 226">
     <span class='ocr_line' id='line_1_1' title="bbox 135 191 203 226; baseline 0 -3"><span class='ocrx_word' id='word_1_1' title='bbox 135 191 203 226; x_wconf 72' lang='lat' dir='ltr'><strong>m</strong></span> 
     </span>
    </p>
   </div>
   <div class='ocr_carea' id='block_1_2' title="bbox 569 191 1405 228">
    <p class='ocr_par' dir='ltr' id='par_1_2' title="bbox 569 191 1405 228">
     <span class='ocr_line' id='line_1_2' title="bbox 569 191 1405 228; baseline 0.004 -3"><span class='ocrx_word' id='word_1_2' title='bbox 569 191 804 226; x_wconf 63' lang='grc' dir='ltr'><strong>οΗΒυΝιαοιπν</strong></span> <span class='ocrx_word' id='word_1_3' title='bbox 814 191 1173 226; x_wconf 64' lang='grc' dir='ltr'><strong>ΡΕὮΕΒεΗυεΑΝΠΜ.</strong></span> <span class='ocrx_word' id='word_1_4' title='bbox 1189 210 1228 219; x_wconf 83' lang='grc'><strong>-</strong></span> <span class='ocrx_word' id='word_1_5' title='bbox 1242 195 1316 227; x_wconf 79' lang='lat' dir='ltr'><strong>LIB.</strong></span> <span class='ocrx_word' id='word_1_6' title='bbox 1338 195 1405 228; x_wconf 73' lang='lat' dir='ltr'><strong>VII.</strong></span> 
     </span>
    </p>
   </div>
   <div class='ocr_carea' id='block_1_3' title="bbox 1777 198 1844 230">
    <p class='ocr_par' dir='ltr' id='par_1_3' title="bbox 1777 198 1844 230">
     <span class='ocr_line' id='line_1_3' title="bbox 1777 198 1844 230; baseline 0.015 -1"><span class='ocrx_word' id='word_1_7' title='bbox 1777 198 1844 230; x_wconf 67' lang='lat'><strong>378-</strong></span> 
     </span>
    </p>
   </div>
   <div class='ocr_carea' id='block_1_4' title="bbox 137 256 1844 301">
    <p class='ocr_par' dir='ltr' id='par_1_4' title="bbox 137 256 1844 301">
     <span class='ocr_line' id='line_1_4' title="bbox 137 256 1844 301; baseline 0.001 -10"><span class='ocrx_word' id='word_1_8' title='bbox 137 256 494 298; x_wconf 55' lang='lat' dir='ltr'><strong>mmiceetlrgnlarim</strong></span> <span class='ocrx_word' id='word_1_9' title='bbox 501 267 570 289; x_wconf 84' lang='lat' dir='ltr'><strong>cum</strong></span> <span class='ocrx_word' id='word_1_10' title='bbox 583 268 690 297; x_wconf 76' lang='lat' dir='ltr'><strong>magna</strong></span> <span class='ocrx_word' id='word_1_11' title='bbox 717 260 860 289; x_wconf 72' lang='lat' dir='ltr'><strong>libertate.</strong></span> <span class='ocrx_word' id='word_1_12' title='bbox 892 260 960 297; x_wconf 77' lang='lat' dir='ltr'><strong>Epi-</strong></span> <span class='ocrx_word' id='word_1_13' title='bbox 975 260 1003 295; x_wconf 75' lang='grc' dir='ltr'><strong>Α</strong></span> <span class='ocrx_word' id='word_1_14' title='bbox 1018 269 1051 288; x_wconf 79' lang='lat' dir='ltr'><strong>ex</strong></span> <span class='ocrx_word' id='word_1_15' title='bbox 1064 261 1176 298; x_wconf 83' lang='lat' dir='ltr'><strong>integro</strong></span> <span class='ocrx_word' id='word_1_16' title='bbox 1187 262 1337 299; x_wconf 79' lang='lat' dir='ltr'><strong>reciperet.</strong></span> <span class='ocrx_word' id='word_1_17' title='bbox 1353 263 1418 292; x_wconf 76' lang='lat' dir='ltr'><strong>Haec</strong></span> <span class='ocrx_word' id='word_1_18' title='bbox 1433 262 1532 292; x_wconf 95' lang='lat' dir='ltr'><strong>omnia</strong></span> <span class='ocrx_word' id='word_1_19' title='bbox 1546 263 1649 292; x_wconf 84' lang='lat' dir='ltr'><strong>tandiu</strong></span> <span class='ocrx_word' id='word_1_20' title='bbox 1665 263 1844 301; x_wconf 82' lang='lat' dir='ltr'><strong>importuna-</strong></span> 
     </span>
    </p>
   </div>
   <div class='ocr_carea' id='block_1_5' title="bbox 137 306 958 343">
    <p class='ocr_par' dir='ltr' id='par_1_5' title="bbox 137 306 958 343">
     <span class='ocr_line' id='line_1_5' title="bbox 137 306 958 343; baseline -0.004 -7"><span class='ocrx_word' id='word_1_21' title='bbox 137 311 370 343; x_wconf 70' lang='lat' dir='ltr'><strong>M&#39;Opnsqnoque</strong></span> <span class='ocrx_word' id='word_1_22' title='bbox 381 306 580 335; x_wconf 81' lang='lat' dir='ltr'><strong>Heramannus</strong></span> <span class='ocrx_word' id='word_1_23' title='bbox 586 306 731 334; x_wconf 89' lang='lat' dir='ltr'><strong>ordinavit</strong></span> <span class='ocrx_word' id='word_1_24' title='bbox 741 314 883 334; x_wconf 83' lang='lat' dir='ltr'><strong>eumeum</strong></span> <span class='ocrx_word' id='word_1_25' title='bbox 894 313 958 333; x_wconf 86' lang='lat' dir='ltr'><strong>ma-</strong></span> 
     </span>
    </p>
   </div>
   <div class='ocr_carea' id='block_1_6' title="bbox 136 350 960 387">
    <p class='ocr_par' dir='ltr' id='par_1_6' title="bbox 136 350 960 387">
     <span class='ocr_line' id='line_1_6' title="bbox 136 350 960 387; baseline -0.002 -7"><span class='ocrx_word' id='word_1_26' title='bbox 136 351 216 380; x_wconf 79' lang='lat' dir='ltr'><strong>ximo</strong></span> <span class='ocrx_word' id='word_1_27' title='bbox 226 351 340 387; x_wconf 75' lang='lat' dir='ltr'><strong>honore</strong></span> <span class='ocrx_word' id='word_1_28' title='bbox 348 350 378 378; x_wconf 93' lang='lat' dir='ltr'><strong>in</strong></span> <span class='ocrx_word' id='word_1_29' title='bbox 384 350 786 386; x_wconf 64' lang='lat' dir='ltr'><strong>TranslationqSBenodioti,</strong></span> <span class='ocrx_word' id='word_1_30' title='bbox 794 350 960 378; x_wconf 76' lang='lat' dir='ltr'><strong>astantibus</strong></span> 
     </span>
    </p>
   </div>
   <div class='ocr_carea' id='block_1_7' title="bbox 138 394 958 428">
    <p class='ocr_par' dir='ltr' id='par_1_7' title="bbox 138 394 958 428">
     <span class='ocr_line' id='line_1_7' title="bbox 138 394 958 428; baseline -0.002 -4"><span class='ocrx_word' id='word_1_31' title='bbox 138 397 166 424; x_wconf 81' lang='lat' dir='ltr'><strong>et</strong></span> <span class='ocrx_word' id='word_1_32' title='bbox 179 395 346 424; x_wconf 83' lang='lat' dir='ltr'><strong>faventibus</strong></span> <span class='ocrx_word' id='word_1_33' title='bbox 359 403 427 428; x_wconf 87' lang='lat' dir='ltr'><strong>cum</strong></span> <span class='ocrx_word' id='word_1_34' title='bbox 442 395 522 423; x_wconf 88' lang='lat' dir='ltr'><strong>omni</strong></span> <span class='ocrx_word' id='word_1_35' title='bbox 533 394 684 423; x_wconf 72' lang='lat' dir='ltr'><strong>alacritate</strong></span> <span class='ocrx_word' id='word_1_36' title='bbox 713 394 850 423; x_wconf 89' lang='lat' dir='ltr'><strong>omnibus</strong></span> <span class='ocrx_word' id='word_1_37' title='bbox 872 403 958 422; x_wconf 86' lang='lat' dir='ltr'><strong>cano-</strong></span> 
     </span>
    </p>
   </div>
   <div class='ocr_carea' id='block_1_8' title="bbox 137 439 959 475">
    <p class='ocr_par' dir='ltr' id='par_1_8' title="bbox 137 439 959 475">
     <span class='ocr_line' id='line_1_8' title="bbox 137 439 959 475; baseline -0.002 -6"><span class='ocrx_word' id='word_1_38' title='bbox 137 440 211 469; x_wconf 83' lang='lat' dir='ltr'><strong>uicis</strong></span> <span class='ocrx_word' id='word_1_39' title='bbox 221 440 374 469; x_wconf 80' lang='lat' dir='ltr'><strong>Constant.</strong></span> <span class='ocrx_word' id='word_1_40' title='bbox 390 439 517 468; x_wconf 67' lang='lat' dir='ltr'><strong>ecclesiae</strong></span> <span class='ocrx_word' id='word_1_41' title='bbox 529 448 596 467; x_wconf 91' lang='lat' dir='ltr'><strong>cum</strong></span> <span class='ocrx_word' id='word_1_42' title='bbox 613 439 707 467; x_wconf 87' lang='lat' dir='ltr'><strong>multa</strong></span> <span class='ocrx_word' id='word_1_43' title='bbox 723 439 822 475; x_wconf 84' lang='lat' dir='ltr'><strong>plebe.</strong></span> <span class='ocrx_word' id='word_1_44' title='bbox 840 440 959 467; x_wconf 85' lang='lat' dir='ltr'><strong>Factum</strong></span> 
     </span>
    </p>
   </div>
   <div class='ocr_carea' id='block_1_9' title="bbox 137 483 960 521">
    <p class='ocr_par' dir='ltr' id='par_1_9' title="bbox 137 483 960 521">
     <span class='ocr_line' id='line_1_9' title="bbox 137 483 960 521; baseline -0.002 -8"><span class='ocrx_word' id='word_1_45' title='bbox 137 486 260 521; x_wconf 78' lang='lat' dir='ltr'><strong>estergo</strong></span> <span class='ocrx_word' id='word_1_46' title='bbox 272 492 413 520; x_wconf 82' lang='lat' dir='ltr'><strong>magnum</strong></span> <span class='ocrx_word' id='word_1_47' title='bbox 422 484 575 519; x_wconf 80' lang='lat' dir='ltr'><strong>gaudium,</strong></span> <span class='ocrx_word' id='word_1_48' title='bbox 585 484 649 512; x_wconf 89' lang='lat' dir='ltr'><strong>laus</strong></span> <span class='ocrx_word' id='word_1_49' title='bbox 662 485 689 511; x_wconf 90' lang='lat' dir='ltr'><strong>et</strong></span> <span class='ocrx_word' id='word_1_50' title='bbox 697 484 860 520; x_wconf 75' lang='lat' dir='ltr'><strong>tripudium</strong></span> <span class='ocrx_word' id='word_1_51' title='bbox 869 484 897 511; x_wconf 89' lang='lat' dir='ltr'><strong>in</strong></span> <span class='ocrx_word' id='word_1_52' title='bbox 909 483 960 511; x_wconf 89' lang='lat' dir='ltr'><strong>illa</strong></span> 
     </span>
    </p>
   </div>
   <div class='ocr_carea' id='block_1_10' title="bbox 136 527 959 564">
    <p class='ocr_par' dir='ltr' id='par_1_10' title="bbox 136 527 959 564">
     <span class='ocr_line' id='line_1_10' title="bbox 136 527 959 564; baseline -0.002 -7"><span class='ocrx_word' id='word_1_53' title='bbox 136 529 184 558; x_wconf 80' lang='lat' dir='ltr'><strong>die</strong></span> <span class='ocrx_word' id='word_1_54' title='bbox 199 529 235 557; x_wconf 85' lang='lat' dir='ltr'><strong>de</strong></span> <span class='ocrx_word' id='word_1_55' title='bbox 249 528 298 556; x_wconf 88' lang='lat' dir='ltr'><strong>tali</strong></span> <span class='ocrx_word' id='word_1_56' title='bbox 315 537 460 556; x_wconf 84' lang='lat' dir='ltr'><strong>consensu</strong></span> <span class='ocrx_word' id='word_1_57' title='bbox 476 528 610 561; x_wconf 78' lang='lat' dir='ltr'><strong>fratrum,</strong></span> <span class='ocrx_word' id='word_1_58' title='bbox 629 528 698 564; x_wconf 87' lang='lat' dir='ltr'><strong>quia</strong></span> <span class='ocrx_word' id='word_1_59' title='bbox 712 536 746 556; x_wconf 89' lang='lat' dir='ltr'><strong>eo</strong></span> <span class='ocrx_word' id='word_1_60' title='bbox 775 530 905 563; x_wconf 87' lang='lat' dir='ltr'><strong>tempore</strong></span> <span class='ocrx_word' id='word_1_61' title='bbox 930 527 959 554; x_wconf 90' lang='lat' dir='ltr'><strong>in</strong></span> 
     </span>
    </p>
   </div>
   <div class='ocr_carea' id='block_1_11' title="bbox 137 572 961 609">
    <p class='ocr_par' dir='ltr' id='par_1_11' title="bbox 137 572 961 609">
     <span class='ocr_line' id='line_1_11' title="bbox 137 572 961 609; baseline -0.002 -8"><span class='ocrx_word' id='word_1_62' title='bbox 137 573 204 602; x_wconf 82' lang='lat' dir='ltr'><strong>aliis</strong></span> <span class='ocrx_word' id='word_1_63' title='bbox 219 572 407 601; x_wconf 73' lang='lat' dir='ltr'><strong>monasteriis</strong></span> <span class='ocrx_word' id='word_1_64' title='bbox 422 581 529 609; x_wconf 86' lang='lat' dir='ltr'><strong>magna</strong></span> <span class='ocrx_word' id='word_1_65' title='bbox 539 572 710 608; x_wconf 75' lang='lat' dir='ltr'><strong>disceptatio</strong></span> <span class='ocrx_word' id='word_1_66' title='bbox 726 572 961 608; x_wconf 87' lang='lat' dir='ltr'><strong>interplernsque</strong></span> 
     </span>
    </p>
   </div>
   <div class='ocr_carea' id='block_1_12' title="bbox 136 616 960 653">
    <p class='ocr_par' dir='ltr' id='par_1_12' title="bbox 136 616 960 653">
     <span class='ocr_line' id='line_1_12' title="bbox 136 616 960 653; baseline -0.002 -7"><span class='ocrx_word' id='word_1_67' title='bbox 136 618 328 646; x_wconf 73' lang='lat' dir='ltr'><strong>vorsabatur:</strong></span> <span class='ocrx_word' id='word_1_68' title='bbox 346 620 375 645; x_wconf 89' lang='lat' dir='ltr'><strong>et</strong></span> <span class='ocrx_word' id='word_1_69' title='bbox 389 617 454 645; x_wconf 91' lang='lat' dir='ltr'><strong>ideo</strong></span> <span class='ocrx_word' id='word_1_70' title='bbox 470 625 647 653; x_wconf 88' lang='lat' dir='ltr'><strong>magnopere</strong></span> <span class='ocrx_word' id='word_1_71' title='bbox 663 617 748 644; x_wconf 90' lang='lat' dir='ltr'><strong>nobis</strong></span> <span class='ocrx_word' id='word_1_72' title='bbox 777 616 960 652; x_wconf 80' lang='lat' dir='ltr'><strong>congratula-</strong></span> 
     </span>
    </p>
   </div>
   <div class='ocr_carea' id='block_1_13' title="bbox 136 661 960 697">
    <p class='ocr_par' dir='ltr' id='par_1_13' title="bbox 136 661 960 697">
     <span class='ocr_line' id='line_1_13' title="bbox 136 661 960 697; baseline -0.002 -7"><span class='ocrx_word' id='word_1_73' title='bbox 136 662 254 694; x_wconf 86' lang='lat' dir='ltr'><strong>bantur,</strong></span> <span class='ocrx_word' id='word_1_74' title='bbox 272 661 350 697; x_wconf 88' lang='lat' dir='ltr'><strong>quod</strong></span> <span class='ocrx_word' id='word_1_75' title='bbox 366 661 465 689; x_wconf 91' lang='lat' dir='ltr'><strong>nullus</strong></span> <span class='ocrx_word' id='word_1_76' title='bbox 477 661 597 691; x_wconf 86' lang='lat' dir='ltr'><strong>omnino</strong></span> <span class='ocrx_word' id='word_1_77' title='bbox 606 669 639 689; x_wconf 85' lang='lat' dir='ltr'><strong>ex</strong></span> <span class='ocrx_word' id='word_1_78' title='bbox 650 661 733 689; x_wconf 88' lang='lat' dir='ltr'><strong>nobis</strong></span> <span class='ocrx_word' id='word_1_79' title='bbox 740 669 792 688; x_wconf 89' lang='lat' dir='ltr'><strong>nec</strong></span> <span class='ocrx_word' id='word_1_80' title='bbox 804 662 898 696; x_wconf 79' lang='lat' dir='ltr'><strong>major</strong></span> <span class='ocrx_word' id='word_1_81' title='bbox 908 669 960 689; x_wconf 91' lang='lat' dir='ltr'><strong>nec</strong></span> 
     </span>
    </p>
   </div>
   <div class='ocr_carea' id='block_1_14' title="bbox 137 705 603 741">
    <p class='ocr_par' dir='ltr' id='par_1_14' title="bbox 137 705 603 741">
     <span class='ocr_line' id='line_1_14' title="bbox 137 705 603 741; baseline -0.004 -6"><span class='ocrx_word' id='word_1_82' title='bbox 137 707 235 735; x_wconf 86' lang='lat' dir='ltr'><strong>minor</strong></span> <span class='ocrx_word' id='word_1_83' title='bbox 249 714 266 734; x_wconf 88' lang='lat' dir='ltr'><strong>a</strong></span> <span class='ocrx_word' id='word_1_84' title='bbox 281 706 393 733; x_wconf 63' lang='lat' dir='ltr'><strong>caeteris</strong></span> <span class='ocrx_word' id='word_1_85' title='bbox 406 705 603 741; x_wconf 81' lang='lat' dir='ltr'><strong>discrepabat.</strong></span> 
     </span>
    </p>
   </div>
   <div class='ocr_carea' id='block_1_15' title="bbox 527 763 579 797">
    <p class='ocr_par' dir='ltr' id='par_1_15' title="bbox 527 763 579 797">
     <span class='ocr_line' id='line_1_15' title="bbox 527 763 579 797; baseline 0.019 -7"><span class='ocrx_word' id='word_1_86' title='bbox 527 763 579 797; x_wconf 86' lang='lat' dir='ltr'><strong>§II</strong></span> 
     </span>
    </p>
   </div>
   <div class='ocr_carea' id='block_1_16' title="bbox 171 816 961 853">
    <p class='ocr_par' dir='ltr' id='par_1_16' title="bbox 171 816 961 853">
     <span class='ocr_line' id='line_1_16' title="bbox 171 816 961 853; baseline 0 -8"><span class='ocrx_word' id='word_1_87' title='bbox 171 818 255 846; x_wconf 83' lang='lat' dir='ltr'><strong>Anno</strong></span> <span class='ocrx_word' id='word_1_88' title='bbox 267 817 304 845; x_wconf 89' lang='lat' dir='ltr'><strong>ab</strong></span> <span class='ocrx_word' id='word_1_89' title='bbox 320 816 463 845; x_wconf 85' lang='lat' dir='ltr'><strong>incarnat.</strong></span> <span class='ocrx_word' id='word_1_90' title='bbox 475 817 680 845; x_wconf 78' lang='lat' dir='ltr'><strong>Dom.mc1.x111</strong></span> <span class='ocrx_word' id='word_1_91' title='bbox 694 816 867 853; x_wconf 83' lang='lat' dir='ltr'><strong>Rudolphus</strong></span> <span class='ocrx_word' id='word_1_92' title='bbox 897 825 961 845; x_wconf 81' lang='lat' dir='ltr'><strong>mo—</strong></span> 
     </span>
    </p>
   </div>
   <div class='ocr_carea' id='block_1_17' title="bbox 137 860 961 903">
    <p class='ocr_par' dir='ltr' id='par_1_17' title="bbox 137 860 961 903">
     <span class='ocr_line' id='line_1_17' title="bbox 137 860 961 903; baseline 0 -14"><span class='ocrx_word' id='word_1_93' title='bbox 137 861 250 901; x_wconf 85' lang='lat' dir='ltr'><strong>nacbus</strong></span> <span class='ocrx_word' id='word_1_94' title='bbox 262 864 363 903; x_wconf 83' lang='lat' dir='ltr'><strong>noster</strong></span> <span class='ocrx_word' id='word_1_95' title='bbox 371 861 522 897; x_wconf 80' lang='lat' dir='ltr'><strong>presbyter</strong></span> <span class='ocrx_word' id='word_1_96' title='bbox 537 869 570 888; x_wconf 85' lang='lat' dir='ltr'><strong>ex</strong></span> <span class='ocrx_word' id='word_1_97' title='bbox 585 860 738 891; x_wconf 78' lang='lat' dir='ltr'><strong>collatione</strong></span> <span class='ocrx_word' id='word_1_98' title='bbox 754 861 884 889; x_wconf 82' lang='lat' dir='ltr'><strong>fidelium</strong></span> <span class='ocrx_word' id='word_1_99' title='bbox 908 870 961 889; x_wconf 93' lang='lat' dir='ltr'><strong>suo</strong></span> 
     </span>
    </p>
   </div>
   <div class='ocr_carea' id='block_1_18' title="bbox 137 905 960 942">
    <p class='ocr_par' dir='ltr' id='par_1_18' title="bbox 137 905 960 942">
     <span class='ocr_line' id='line_1_18' title="bbox 137 905 960 942; baseline -0.004 -7"><span class='ocrx_word' id='word_1_100' title='bbox 137 905 241 942; x_wconf 83' lang='lat' dir='ltr'><strong>rogatu</strong></span> <span class='ocrx_word' id='word_1_101' title='bbox 258 905 477 942; x_wconf 81' lang='lat' dir='ltr'><strong>aliquantulum</strong></span> <span class='ocrx_word' id='word_1_102' title='bbox 494 906 621 942; x_wconf 60' lang='lat' dir='ltr'><strong>pecuniae</strong></span> <span class='ocrx_word' id='word_1_103' title='bbox 638 906 672 933; x_wconf 89' lang='lat' dir='ltr'><strong>ad</strong></span> <span class='ocrx_word' id='word_1_104' title='bbox 702 914 776 941; x_wconf 90' lang='lat' dir='ltr'><strong>opus</strong></span> <span class='ocrx_word' id='word_1_105' title='bbox 792 906 960 934; x_wconf 80' lang='lat' dir='ltr'><strong>monasterii</strong></span> 
     </span>
    </p>
   </div>
   <div class='ocr_carea' id='block_1_19' title="bbox 138 946 1007 993">
    <p class='ocr_par' dir='ltr' id='par_1_19' title="bbox 138 946 1007 993">
     <span class='ocr_line' id='line_1_19' title="bbox 138 946 1007 993; baseline 0 -15"><span class='ocrx_word' id='word_1_106' title='bbox 138 950 272 993; x_wconf 67' lang='lat' dir='ltr'><strong>cpntulit,</strong></span> <span class='ocrx_word' id='word_1_107' title='bbox 289 953 318 993; x_wconf 73' lang='lat' dir='ltr'><strong>et</strong></span> <span class='ocrx_word' id='word_1_108' title='bbox 328 951 419 986; x_wconf 83' lang='lat' dir='ltr'><strong>etiam</strong></span> <span class='ocrx_word' id='word_1_109' title='bbox 430 950 582 982; x_wconf 74' lang='lat' dir='ltr'><strong>brachium</strong></span> <span class='ocrx_word' id='word_1_110' title='bbox 594 950 683 978; x_wconf 87' lang='lat' dir='ltr'><strong>unius</strong></span> <span class='ocrx_word' id='word_1_111' title='bbox 695 950 796 978; x_wconf 88' lang='lat' dir='ltr'><strong>militis</strong></span> <span class='ocrx_word' id='word_1_112' title='bbox 807 959 841 978; x_wconf 86' lang='lat' dir='ltr'><strong>ex</strong></span> <span class='ocrx_word' id='word_1_113' title='bbox 852 950 962 986; x_wconf 81' lang='lat' dir='ltr'><strong>legione</strong></span> <span class='ocrx_word' id='word_1_114' title='bbox 978 946 1007 978; x_wconf 57' lang='grc' dir='ltr'><em>Βι</em></span> 
     </span>
    </p>
   </div>
   <div class='ocr_carea' id='block_1_20' title="bbox 137 986 961 1031">
    <p class='ocr_par' dir='ltr' id='par_1_20' title="bbox 137 986 961 1031">
     <span class='ocr_line' id='line_1_20' title="bbox 137 986 961 1031; baseline -0.002 -7"><span class='ocrx_word' id='word_1_115' title='bbox 137 986 330 1024; x_wconf 57' lang='grc' dir='ltr'><strong>Ἰθὶῖεῦωοιυιη</strong></span> <span class='ocrx_word' id='word_1_116' title='bbox 345 998 517 1031; x_wconf 78' lang='lat' dir='ltr'><strong>martyrum,</strong></span> <span class='ocrx_word' id='word_1_117' title='bbox 530 995 674 1022; x_wconf 82' lang='lat' dir='ltr'><strong>sociorum</strong></span> <span class='ocrx_word' id='word_1_118' title='bbox 692 997 720 1022; x_wconf 88' lang='lat' dir='ltr'><strong>S.</strong></span> <span class='ocrx_word' id='word_1_119' title='bbox 735 994 872 1029; x_wconf 87' lang='lat' dir='ltr'><strong>Mauritii,</strong></span> <span class='ocrx_word' id='word_1_120' title='bbox 890 1003 961 1024; x_wconf 84' lang='lat' dir='ltr'><strong>auro</strong></span> 
     </span>
    </p>
   </div>
   <div class='ocr_carea' id='block_1_21' title="bbox 138 1033 962 1076">
    <p class='ocr_par' dir='ltr' id='par_1_21' title="bbox 138 1033 962 1076">
     <span class='ocr_line' id='line_1_21' title="bbox 138 1033 962 1076; baseline -0.002 -8"><span class='ocrx_word' id='word_1_121' title='bbox 138 1038 165 1068; x_wconf 69' lang='lat' dir='ltr'><strong>et</strong></span> <span class='ocrx_word' id='word_1_122' title='bbox 173 1042 299 1076; x_wconf 82' lang='lat' dir='ltr'><strong>argento</strong></span> <span class='ocrx_word' id='word_1_123' title='bbox 310 1042 397 1075; x_wconf 82' lang='lat' dir='ltr'><strong>atque</strong></span> <span class='ocrx_word' id='word_1_124' title='bbox 405 1033 552 1075; x_wconf 79' lang='lat' dir='ltr'><strong>lapidibus</strong></span> <span class='ocrx_word' id='word_1_125' title='bbox 564 1038 782 1067; x_wconf 72' lang='lat' dir='ltr'><strong>decoravitJioc</strong></span> <span class='ocrx_word' id='word_1_126' title='bbox 790 1040 887 1075; x_wconf 81' lang='lat' dir='ltr'><strong>itaque</strong></span> <span class='ocrx_word' id='word_1_127' title='bbox 898 1040 962 1067; x_wconf 81' lang='lat' dir='ltr'><strong>bra-</strong></span> 
     </span>
    </p>
   </div>
   <div class='ocr_carea' id='block_1_22' title="bbox 137 1083 961 1113">
    <p class='ocr_par' dir='ltr' id='par_1_22' title="bbox 137 1083 961 1113">
     <span class='ocr_line' id='line_1_22' title="bbox 137 1083 961 1113; baseline -0.002 0"><span class='ocrx_word' id='word_1_128' title='bbox 137 1084 235 1113; x_wconf 82' lang='lat' dir='ltr'><strong>chium</strong></span> <span class='ocrx_word' id='word_1_129' title='bbox 249 1083 375 1112; x_wconf 83' lang='lat' dir='ltr'><strong>contulit</strong></span> <span class='ocrx_word' id='word_1_130' title='bbox 390 1084 566 1111; x_wconf 76' lang='lat' dir='ltr'><strong>monasterio</strong></span> <span class='ocrx_word' id='word_1_131' title='bbox 582 1086 682 1112; x_wconf 87' lang='lat' dir='ltr'><strong>nostro</strong></span> <span class='ocrx_word' id='word_1_132' title='bbox 697 1084 900 1111; x_wconf 87' lang='lat' dir='ltr'><strong>Heremannus</strong></span> <span class='ocrx_word' id='word_1_133' title='bbox 914 1093 961 1111; x_wconf 90' lang='lat' dir='ltr'><strong>se-</strong></span> 
     </span>
    </p>
   </div>
   <div class='ocr_carea' id='block_1_23' title="bbox 138 1127 961 1165">
    <p class='ocr_par' dir='ltr' id='par_1_23' title="bbox 138 1127 961 1165">
     <span class='ocr_line' id='line_1_23' title="bbox 138 1127 961 1165; baseline -0.002 -8"><span class='ocrx_word' id='word_1_134' title='bbox 138 1129 200 1157; x_wconf 86' lang='lat' dir='ltr'><strong>nior</strong></span> <span class='ocrx_word' id='word_1_135' title='bbox 210 1127 517 1164; x_wconf 78' lang='lat' dir='ltr'><strong>deHirzisegge(990),</strong></span> <span class='ocrx_word' id='word_1_136' title='bbox 534 1128 611 1164; x_wconf 88' lang='lat' dir='ltr'><strong>quod</strong></span> <span class='ocrx_word' id='word_1_137' title='bbox 629 1128 748 1164; x_wconf 86' lang='lat' dir='ltr'><strong>quidem</strong></span> <span class='ocrx_word' id='word_1_138' title='bbox 775 1128 837 1165; x_wconf 89' lang='lat' dir='ltr'><strong>ipse</strong></span> <span class='ocrx_word' id='word_1_139' title='bbox 862 1128 961 1164; x_wconf 90' lang='lat' dir='ltr'><strong>acqui-</strong></span> 
     </span>
    </p>
   </div>
   <div class='ocr_carea' id='block_1_24' title="bbox 138 1171 961 1209">
    <p class='ocr_par' dir='ltr' id='par_1_24' title="bbox 138 1171 961 1209">
     <span class='ocr_line' id='line_1_24' title="bbox 138 1171 961 1209; baseline -0.002 -7"><span class='ocrx_word' id='word_1_140' title='bbox 138 1172 386 1209; x_wconf 83' lang='lat' dir='ltr'><strong>sierataquodam</strong></span> <span class='ocrx_word' id='word_1_141' title='bbox 398 1171 552 1208; x_wconf 62' lang='lat' dir='ltr'><strong>praeposito</strong></span> <span class='ocrx_word' id='word_1_142' title='bbox 565 1174 633 1199; x_wconf 90' lang='lat' dir='ltr'><strong>noto</strong></span> <span class='ocrx_word' id='word_1_143' title='bbox 645 1171 961 1207; x_wconf 79' lang='lat' dir='ltr'><strong>sibiAgnuncnsisloci,</strong></span> 
     </span>
    </p>
   </div>
   <div class='ocr_carea' id='block_1_25' title="bbox 139 1216 964 1254">
    <p class='ocr_par' dir='ltr' id='par_1_25' title="bbox 139 1216 964 1254">
     <span class='ocr_line' id='line_1_25' title="bbox 139 1216 964 1254; baseline -0.001 -9"><span class='ocrx_word' id='word_1_144' title='bbox 139 1218 256 1254; x_wconf 85' lang='lat' dir='ltr'><strong>quando</strong></span> <span class='ocrx_word' id='word_1_145' title='bbox 268 1217 334 1253; x_wconf 87' lang='lat' dir='ltr'><strong>ipse</strong></span> <span class='ocrx_word' id='word_1_146' title='bbox 350 1217 384 1244; x_wconf 92' lang='lat' dir='ltr'><strong>de</strong></span> <span class='ocrx_word' id='word_1_147' title='bbox 396 1216 478 1244; x_wconf 88' lang='lat' dir='ltr'><strong>Italia</strong></span> <span class='ocrx_word' id='word_1_148' title='bbox 492 1224 615 1252; x_wconf 84' lang='lat' dir='ltr'><strong>pergens</strong></span> <span class='ocrx_word' id='word_1_149' title='bbox 627 1216 763 1244; x_wconf 88' lang='lat' dir='ltr'><strong>eumdem</strong></span> <span class='ocrx_word' id='word_1_150' title='bbox 780 1216 877 1244; x_wconf 87' lang='lat' dir='ltr'><strong>locum</strong></span> <span class='ocrx_word' id='word_1_151' title='bbox 903 1225 964 1252; x_wconf 87' lang='lat' dir='ltr'><strong>per-</strong></span> 
     </span>
    </p>
   </div>
   <div class='ocr_carea' id='block_1_26' title="bbox 137 1260 969 1306">
    <p class='ocr_par' dir='ltr' id='par_1_26' title="bbox 137 1260 969 1306">
     <span class='ocr_line' id='line_1_26' title="bbox 137 1260 969 1306; baseline -0.001 -16"><span class='ocrx_word' id='word_1_152' title='bbox 137 1262 284 1306; x_wconf 52' lang='grc' dir='ltr'><strong>ῐιῃιλξὶγῇΓ</strong></span> <span class='ocrx_word' id='word_1_153' title='bbox 305 1261 400 1300; x_wconf 75' lang='lat' dir='ltr'><strong>Isdem</strong></span> <span class='ocrx_word' id='word_1_154' title='bbox 416 1260 589 1304; x_wconf 79' lang='lat' dir='ltr'><strong>Rudolphus</strong></span> <span class='ocrx_word' id='word_1_155' title='bbox 601 1263 674 1290; x_wconf 84' lang='lat' dir='ltr'><strong>tunc</strong></span> <span class='ocrx_word' id='word_1_156' title='bbox 684 1260 825 1298; x_wconf 87' lang='lat' dir='ltr'><strong>temporis</strong></span> <span class='ocrx_word' id='word_1_157' title='bbox 841 1261 969 1289; x_wconf 80' lang='lat' dir='ltr'><strong>redemit.</strong></span> 
     </span>
    </p>
   </div>
   <div class='ocr_carea' id='block_1_27' title="bbox 137 1301 962 1342">
    <p class='ocr_par' dir='ltr' id='par_1_27' title="bbox 137 1301 962 1342">
     <span class='ocr_line' id='line_1_27' title="bbox 137 1301 962 1342; baseline -0.001 -7"><span class='ocrx_word' id='word_1_158' title='bbox 235 1301 359 1338; x_wconf 74' lang='lat' dir='ltr'><strong>calicem</strong></span> <span class='ocrx_word' id='word_1_159' title='bbox 376 1306 497 1339; x_wconf 85' lang='lat' dir='ltr'><strong>bonum,</strong></span> <span class='ocrx_word' id='word_1_160' title='bbox 514 1302 765 1341; x_wconf 78' lang='lat' dir='ltr'><strong>quemConradus</strong></span> <span class='ocrx_word' id='word_1_161' title='bbox 792 1305 883 1333; x_wconf 86' lang='lat' dir='ltr'><strong>abbas</strong></span> <span class='ocrx_word' id='word_1_162' title='bbox 899 1307 962 1342; x_wconf 87' lang='lat' dir='ltr'><strong>jam</strong></span> 
     </span>
    </p>
   </div>
   <div class='ocr_carea' id='block_1_28' title="bbox 137 1350 449 1380">
    <p class='ocr_par' dir='ltr' id='par_1_28' title="bbox 137 1350 449 1380">
     <span class='ocr_line' id='line_1_28' title="bbox 137 1350 449 1380; baseline -0.013 0"><span class='ocrx_word' id='word_1_163' title='bbox 137 1351 251 1380; x_wconf 84' lang='lat' dir='ltr'><strong>dudum</strong></span> <span class='ocrx_word' id='word_1_164' title='bbox 265 1350 449 1378; x_wconf 86' lang='lat' dir='ltr'><strong>vendiderat.</strong></span> 
     </span>
    </p>
   </div>
   <div class='ocr_carea' id='block_1_29' title="bbox 168 1389 962 1424">
    <p class='ocr_par' dir='ltr' id='par_1_29' title="bbox 168 1389 962 1424">
     <span class='ocr_line' id='line_1_29' title="bbox 168 1389 962 1424; baseline -0.001 0"><span class='ocrx_word' id='word_1_165' title='bbox 168 1397 256 1424; x_wconf 82' lang='lat' dir='ltr'><strong>Anno</strong></span> <span class='ocrx_word' id='word_1_166' title='bbox 271 1403 379 1422; x_wconf 74' lang='lat' dir='ltr'><strong>MCLllV</strong></span> <span class='ocrx_word' id='word_1_167' title='bbox 393 1389 544 1422; x_wconf 87' lang='lat' dir='ltr'><strong>Conradus</strong></span> <span class='ocrx_word' id='word_1_168' title='bbox 560 1394 651 1422; x_wconf 85' lang='lat' dir='ltr'><strong>abbas</strong></span> <span class='ocrx_word' id='word_1_169' title='bbox 680 1394 846 1422; x_wconf 87' lang='lat' dir='ltr'><strong>melioravit</strong></span> <span class='ocrx_word' id='word_1_170' title='bbox 869 1397 962 1423; x_wconf 85' lang='lat' dir='ltr'><strong>rotam</strong></span> 
     </span>
    </p>
   </div>
   <div class='ocr_carea' id='block_1_30' title="bbox 137 1438 963 1477">
    <p class='ocr_par' dir='ltr' id='par_1_30' title="bbox 137 1438 963 1477">
     <span class='ocr_line' id='line_1_30' title="bbox 137 1438 963 1477; baseline -0.001 -8"><span class='ocrx_word' id='word_1_171' title='bbox 137 1440 165 1469; x_wconf 84' lang='lat' dir='ltr'><strong>S.</strong></span> <span class='ocrx_word' id='word_1_172' title='bbox 175 1438 323 1476; x_wconf 84' lang='lat' dir='ltr'><strong>Gregorii,</strong></span> <span class='ocrx_word' id='word_1_173' title='bbox 338 1441 365 1466; x_wconf 89' lang='lat' dir='ltr'><strong>et</strong></span> <span class='ocrx_word' id='word_1_174' title='bbox 381 1439 447 1467; x_wconf 89' lang='lat' dir='ltr'><strong>Otto</strong></span> <span class='ocrx_word' id='word_1_175' title='bbox 462 1439 611 1475; x_wconf 82' lang='lat' dir='ltr'><strong>presbyter</strong></span> <span class='ocrx_word' id='word_1_176' title='bbox 626 1439 778 1467; x_wconf 78' lang='lat' dir='ltr'><strong>brachium</strong></span> <span class='ocrx_word' id='word_1_177' title='bbox 791 1439 820 1467; x_wconf 92' lang='lat' dir='ltr'><strong>S.</strong></span> <span class='ocrx_word' id='word_1_178' title='bbox 837 1439 963 1477; x_wconf 84' lang='lat' dir='ltr'><strong>Philippi</strong></span> 
     </span>
    </p>
   </div>
   <div class='ocr_carea' id='block_1_31' title="bbox 137 1484 853 1521">
    <p class='ocr_par' dir='ltr' id='par_1_31' title="bbox 137 1484 853 1521">
     <span class='ocr_line' id='line_1_31' title="bbox 137 1484 853 1521; baseline -0.001 -8"><span class='ocrx_word' id='word_1_179' title='bbox 137 1484 272 1521; x_wconf 78' lang='lat' dir='ltr'><strong>apostoli,</strong></span> <span class='ocrx_word' id='word_1_180' title='bbox 286 1484 336 1511; x_wconf 89' lang='lat' dir='ltr'><strong>ubi</strong></span> <span class='ocrx_word' id='word_1_181' title='bbox 353 1484 534 1511; x_wconf 84' lang='lat' dir='ltr'><strong>confractum</strong></span> <span class='ocrx_word' id='word_1_182' title='bbox 549 1484 652 1518; x_wconf 79' lang='lat' dir='ltr'><strong>fuerat,</strong></span> <span class='ocrx_word' id='word_1_183' title='bbox 669 1484 853 1512; x_wconf 78' lang='lat' dir='ltr'><strong>instauravit.</strong></span> 
     </span>
    </p>
   </div>
   <div class='ocr_carea' id='block_1_32' title="bbox 514 1541 587 1575">
    <p class='ocr_par' dir='ltr' id='par_1_32' title="bbox 514 1541 587 1575">
     <span class='ocr_line' id='line_1_32' title="bbox 514 1541 587 1575; baseline 0 -6"><span class='ocrx_word' id='word_1_184' title='bbox 514 1541 587 1575; x_wconf 86' lang='lat' dir='ltr'><strong>§lll.</strong></span> 
     </span>
    </p>
   </div>
   <div class='ocr_carea' id='block_1_33' title="bbox 169 1595 961 1625">
    <p class='ocr_par' dir='ltr' id='par_1_33' title="bbox 169 1595 961 1625">
     <span class='ocr_line' id='line_1_33' title="bbox 169 1595 961 1625; baseline -0.003 0"><span class='ocrx_word' id='word_1_185' title='bbox 169 1597 227 1625; x_wconf 66' lang='lat' dir='ltr'><strong>Nec</strong></span> <span class='ocrx_word' id='word_1_186' title='bbox 242 1596 339 1624; x_wconf 87' lang='lat' dir='ltr'><strong>adhuc</strong></span> <span class='ocrx_word' id='word_1_187' title='bbox 354 1596 390 1623; x_wconf 89' lang='lat' dir='ltr'><strong>de</strong></span> <span class='ocrx_word' id='word_1_188' title='bbox 406 1595 548 1623; x_wconf 86' lang='lat' dir='ltr'><strong>memoria</strong></span> <span class='ocrx_word' id='word_1_189' title='bbox 571 1595 667 1623; x_wconf 87' lang='lat' dir='ltr'><strong>dilecti</strong></span> <span class='ocrx_word' id='word_1_190' title='bbox 693 1595 809 1623; x_wconf 84' lang='lat' dir='ltr'><strong>abbatis</strong></span> <span class='ocrx_word' id='word_1_191' title='bbox 837 1596 961 1624; x_wconf 86' lang='lat' dir='ltr'><strong>Conradi</strong></span> 
     </span>
    </p>
   </div>
   <div class='ocr_carea' id='block_1_34' title="bbox 1014 306 1835 346">
    <p class='ocr_par' dir='ltr' id='par_1_34' title="bbox 1014 306 1835 346">
     <span class='ocr_line' id='line_1_34' title="bbox 1014 306 1835 346; baseline 0.006 -14"><span class='ocrx_word' id='word_1_192' title='bbox 1014 306 1194 335; x_wconf 85' lang='lat' dir='ltr'><strong>exactioneet</strong></span> <span class='ocrx_word' id='word_1_193' title='bbox 1204 307 1376 336; x_wconf 89' lang='lat' dir='ltr'><strong>multimoda</strong></span> <span class='ocrx_word' id='word_1_194' title='bbox 1391 308 1585 344; x_wconf 86' lang='lat' dir='ltr'><strong>promissione</strong></span> <span class='ocrx_word' id='word_1_195' title='bbox 1605 308 1709 346; x_wconf 82' lang='lat' dir='ltr'><strong>exegit,</strong></span> <span class='ocrx_word' id='word_1_196' title='bbox 1727 317 1835 346; x_wconf 85' lang='lat' dir='ltr'><strong>quous-</strong></span> 
     </span>
    </p>
   </div>
   <div class='ocr_carea' id='block_1_35' title="bbox 1014 352 1837 387">
    <p class='ocr_par' dir='ltr' id='par_1_35' title="bbox 1014 352 1837 387">
     <span class='ocr_line' id='line_1_35' title="bbox 1014 352 1837 387; baseline 0.005 -9"><span class='ocrx_word' id='word_1_197' title='bbox 1014 359 1070 386; x_wconf 88' lang='lat' dir='ltr'><strong>que</strong></span> <span class='ocrx_word' id='word_1_198' title='bbox 1084 352 1288 387; x_wconf 87' lang='lat' dir='ltr'><strong>supradictum</strong></span> <span class='ocrx_word' id='word_1_199' title='bbox 1304 353 1439 380; x_wconf 87' lang='lat' dir='ltr'><strong>abbatem</strong></span> <span class='ocrx_word' id='word_1_200' title='bbox 1450 354 1505 381; x_wconf 89' lang='lat' dir='ltr'><strong>sibi</strong></span> <span class='ocrx_word' id='word_1_201' title='bbox 1519 356 1547 381; x_wconf 90' lang='lat' dir='ltr'><strong>et</strong></span> <span class='ocrx_word' id='word_1_202' title='bbox 1558 354 1660 381; x_wconf 79' lang='lat' dir='ltr'><strong>fratres</strong></span> <span class='ocrx_word' id='word_1_203' title='bbox 1672 355 1837 382; x_wconf 85' lang='lat' dir='ltr'><strong>consentire</strong></span> 
     </span>
    </p>
   </div>
   <div class='ocr_carea' id='block_1_36' title="bbox 1014 396 1835 433">
    <p class='ocr_par' dir='ltr' id='par_1_36' title="bbox 1014 396 1835 433">
     <span class='ocr_line' id='line_1_36' title="bbox 1014 396 1835 433; baseline 0.005 -11"><span class='ocrx_word' id='word_1_204' title='bbox 1014 396 1171 431; x_wconf 84' lang='lat' dir='ltr'><strong>persuasit,</strong></span> <span class='ocrx_word' id='word_1_205' title='bbox 1188 399 1217 424; x_wconf 89' lang='lat' dir='ltr'><strong>et</strong></span> <span class='ocrx_word' id='word_1_206' title='bbox 1232 397 1330 425; x_wconf 86' lang='lat' dir='ltr'><strong>decem</strong></span> <span class='ocrx_word' id='word_1_207' title='bbox 1347 398 1466 433; x_wconf 84' lang='lat' dir='ltr'><strong>quidem</strong></span> <span class='ocrx_word' id='word_1_208' title='bbox 1498 397 1607 426; x_wconf 86' lang='lat' dir='ltr'><strong>talenta</strong></span> <span class='ocrx_word' id='word_1_209' title='bbox 1637 406 1668 426; x_wconf 87' lang='lat' dir='ltr'><strong>se</strong></span> <span class='ocrx_word' id='word_1_210' title='bbox 1696 399 1835 426; x_wconf 85' lang='lat' dir='ltr'><strong>daturum</strong></span> 
     </span>
    </p>
   </div>
   <div class='ocr_carea' id='block_1_37' title="bbox 1014 440 1838 478">
    <p class='ocr_par' dir='ltr' id='par_1_37' title="bbox 1014 440 1838 478">
     <span class='ocr_line' id='line_1_37' title="bbox 1014 440 1838 478; baseline 0.005 -12"><span class='ocrx_word' id='word_1_211' title='bbox 1014 440 1180 475; x_wconf 86' lang='lat' dir='ltr'><strong>spopondit,</strong></span> <span class='ocrx_word' id='word_1_212' title='bbox 1205 449 1364 477; x_wconf 85' lang='lat' dir='ltr'><strong>eorumque</strong></span> <span class='ocrx_word' id='word_1_213' title='bbox 1379 441 1510 478; x_wconf 86' lang='lat' dir='ltr'><strong>aliquam</strong></span> <span class='ocrx_word' id='word_1_214' title='bbox 1538 445 1648 478; x_wconf 85' lang='lat' dir='ltr'><strong>partem</strong></span> <span class='ocrx_word' id='word_1_215' title='bbox 1677 443 1768 477; x_wconf 83' lang='lat' dir='ltr'><strong>dedit,</strong></span> <span class='ocrx_word' id='word_1_216' title='bbox 1785 442 1838 471; x_wconf 83' lang='lat' dir='ltr'><strong>ali-</strong></span> 
     </span>
    </p>
   </div>
   <div class='ocr_carea' id='block_1_38' title="bbox 1014 485 1837 523">
    <p class='ocr_par' dir='ltr' id='par_1_38' title="bbox 1014 485 1837 523">
     <span class='ocr_line' id='line_1_38' title="bbox 1014 485 1837 523; baseline 0.005 -12"><span class='ocrx_word' id='word_1_217' title='bbox 1014 492 1102 519; x_wconf 89' lang='lat' dir='ltr'><strong>quam</strong></span> <span class='ocrx_word' id='word_1_218' title='bbox 1119 493 1185 512; x_wconf 86' lang='lat' dir='ltr'><strong>vero</strong></span> <span class='ocrx_word' id='word_1_219' title='bbox 1200 486 1295 513; x_wconf 87' lang='lat' dir='ltr'><strong>adhuc</strong></span> <span class='ocrx_word' id='word_1_220' title='bbox 1310 485 1438 519; x_wconf 86' lang='lat' dir='ltr'><strong>retinuit,</strong></span> <span class='ocrx_word' id='word_1_221' title='bbox 1451 487 1665 522; x_wconf 82' lang='lat' dir='ltr'><strong>possessionem</strong></span> <span class='ocrx_word' id='word_1_222' title='bbox 1675 495 1742 515; x_wconf 88' lang='lat' dir='ltr'><strong>vero</strong></span> <span class='ocrx_word' id='word_1_223' title='bbox 1759 487 1837 523; x_wconf 86' lang='lat' dir='ltr'><strong>apud</strong></span> 
     </span>
    </p>
   </div>
   <div class='ocr_carea' id='block_1_39' title="bbox 1014 528 1845 567">
    <p class='ocr_par' dir='ltr' id='par_1_39' title="bbox 1014 528 1845 567">
     <span class='ocr_line' id='line_1_39' title="bbox 1014 528 1845 567; baseline 0.006 -12"><span class='ocrx_word' id='word_1_224' title='bbox 1014 528 1236 564; x_wconf 85' lang='lat' dir='ltr'><strong>Rinisgimunde</strong></span> <span class='ocrx_word' id='word_1_225' title='bbox 1246 530 1300 557; x_wconf 88' lang='lat' dir='ltr'><strong>sibi</strong></span> <span class='ocrx_word' id='word_1_226' title='bbox 1317 531 1485 566; x_wconf 78' lang='lat' dir='ltr'><strong>contiguam</strong></span> <span class='ocrx_word' id='word_1_227' title='bbox 1502 531 1530 558; x_wconf 91' lang='lat' dir='ltr'><strong>in</strong></span> <span class='ocrx_word' id='word_1_228' title='bbox 1547 539 1630 559; x_wconf 88' lang='lat' dir='ltr'><strong>suam</strong></span> <span class='ocrx_word' id='word_1_229' title='bbox 1662 534 1845 567; x_wconf 74' lang='lat' dir='ltr'><strong>potestatem.</strong></span> 
     </span>
    </p>
   </div>
   <div class='ocr_carea' id='block_1_40' title="bbox 1014 574 1836 612">
    <p class='ocr_par' dir='ltr' id='par_1_40' title="bbox 1014 574 1836 612">
     <span class='ocr_line' id='line_1_40' title="bbox 1014 574 1836 612; baseline 0.006 -13"><span class='ocrx_word' id='word_1_230' title='bbox 1014 574 1266 610; x_wconf 84' lang='lat' dir='ltr'><strong>contraxit.Supcr</strong></span> <span class='ocrx_word' id='word_1_231' title='bbox 1280 575 1326 602; x_wconf 89' lang='lat' dir='ltr'><strong>his</strong></span> <span class='ocrx_word' id='word_1_232' title='bbox 1341 576 1479 602; x_wconf 88' lang='lat' dir='ltr'><strong>omnibus</strong></span> <span class='ocrx_word' id='word_1_233' title='bbox 1494 584 1562 611; x_wconf 89' lang='lat' dir='ltr'><strong>ergo</strong></span> <span class='ocrx_word' id='word_1_234' title='bbox 1572 576 1629 603; x_wconf 88' lang='lat' dir='ltr'><strong>tale</strong></span> <span class='ocrx_word' id='word_1_235' title='bbox 1650 576 1836 612; x_wconf 81' lang='lat' dir='ltr'><strong>privilegium</strong></span> 
     </span>
    </p>
   </div>
   <div class='ocr_carea' id='block_1_41' title="bbox 1014 618 1723 655">
    <p class='ocr_par' dir='ltr' id='par_1_41' title="bbox 1014 618 1723 655">
     <span class='ocr_line' id='line_1_41' title="bbox 1014 618 1723 655; baseline 0.006 -11"><span class='ocrx_word' id='word_1_236' title='bbox 1014 618 1159 645; x_wconf 86' lang='lat' dir='ltr'><strong>conscribi</strong></span> <span class='ocrx_word' id='word_1_237' title='bbox 1176 618 1251 652; x_wconf 85' lang='lat' dir='ltr'><strong>fecit,</strong></span> <span class='ocrx_word' id='word_1_238' title='bbox 1269 619 1356 655; x_wconf 81' lang='lat' dir='ltr'><strong>idque</strong></span> <span class='ocrx_word' id='word_1_239' title='bbox 1372 628 1425 647; x_wconf 85' lang='lat' dir='ltr'><strong>suo</strong></span> <span class='ocrx_word' id='word_1_240' title='bbox 1436 620 1533 655; x_wconf 79' lang='lat' dir='ltr'><strong>sigillo</strong></span> <span class='ocrx_word' id='word_1_241' title='bbox 1550 621 1723 649; x_wconf 82' lang='lat' dir='ltr'><strong>oblirmavil.</strong></span> 
     </span>
    </p>
   </div>
   <div class='ocr_carea' id='block_1_42' title="bbox 1050 662 1847 696">
    <p class='ocr_par' dir='ltr' id='par_1_42' title="bbox 1050 662 1847 696">
     <span class='ocr_line' id='line_1_42' title="bbox 1050 662 1847 696; baseline 0.005 -7"><span class='ocrx_word' id='word_1_242' title='bbox 1050 662 1082 689; x_wconf 90' lang='lat' dir='ltr'><strong>In</strong></span> <span class='ocrx_word' id='word_1_243' title='bbox 1097 663 1215 690; x_wconf 82' lang='lat' dir='ltr'><strong>nomine</strong></span> <span class='ocrx_word' id='word_1_244' title='bbox 1230 666 1337 691; x_wconf 78' lang='lat' dir='ltr'><strong>sanctas</strong></span> <span class='ocrx_word' id='word_1_245' title='bbox 1352 664 1513 696; x_wconf 87' lang='lat' dir='ltr'><strong>Trinitatis,</strong></span> <span class='ocrx_word' id='word_1_246' title='bbox 1531 664 1624 692; x_wconf 87' lang='lat' dir='ltr'><strong>Patris</strong></span> <span class='ocrx_word' id='word_1_247' title='bbox 1647 664 1780 693; x_wconf 82' lang='lat' dir='ltr'><strong>videlicet</strong></span> <span class='ocrx_word' id='word_1_248' title='bbox 1808 667 1847 692; x_wconf 86' lang='lat' dir='ltr'><strong>et-</strong></span> 
     </span>
    </p>
   </div>
   <div class='ocr_carea' id='block_1_43' title="bbox 1016 705 1384 742">
    <p class='ocr_par' dir='ltr' id='par_1_43' title="bbox 1016 705 1384 742">
     <span class='ocr_line' id='line_1_43' title="bbox 1016 705 1384 742; baseline 0.005 -9"><span class='ocrx_word' id='word_1_249' title='bbox 1016 705 1080 733; x_wconf 84' lang='lat' dir='ltr'><strong>Filii</strong></span> <span class='ocrx_word' id='word_1_250' title='bbox 1095 709 1123 734; x_wconf 86' lang='lat' dir='ltr'><strong>et</strong></span> <span class='ocrx_word' id='word_1_251' title='bbox 1138 707 1265 742; x_wconf 84' lang='lat' dir='ltr'><strong>Spiritus</strong></span> <span class='ocrx_word' id='word_1_252' title='bbox 1281 708 1384 735; x_wconf 84' lang='lat' dir='ltr'><strong>sancti.</strong></span> 
     </span>
    </p>
   </div>
   <div class='ocr_carea' id='block_1_44' title="bbox 1050 751 1837 787">
    <p class='ocr_par' dir='ltr' id='par_1_44' title="bbox 1050 751 1837 787">
     <span class='ocr_line' id='line_1_44' title="bbox 1050 751 1837 787; baseline 0.003 -9"><span class='ocrx_word' id='word_1_253' title='bbox 1050 751 1110 786; x_wconf 87' lang='lat' dir='ltr'><strong>Ego</strong></span> <span class='ocrx_word' id='word_1_254' title='bbox 1125 751 1297 787; x_wconf 80' lang='lat' dir='ltr'><strong>Rudolphus</strong></span> <span class='ocrx_word' id='word_1_255' title='bbox 1312 760 1410 780; x_wconf 82' lang='lat' dir='ltr'><strong>comes</strong></span> <span class='ocrx_word' id='word_1_256' title='bbox 1426 753 1460 780; x_wconf 88' lang='lat' dir='ltr'><strong>de</strong></span> <span class='ocrx_word' id='word_1_257' title='bbox 1476 752 1697 780; x_wconf 79' lang='lat' dir='ltr'><strong>Rammisberch</strong></span> <span class='ocrx_word' id='word_1_258' title='bbox 1734 755 1837 781; x_wconf 87' lang='lat' dir='ltr'><strong>notum</strong></span> 
     </span>
    </p>
   </div>
   <div class='ocr_carea' id='block_1_45' title="bbox 1015 794 1838 833">
    <p class='ocr_par' dir='ltr' id='par_1_45' title="bbox 1015 794 1838 833">
     <span class='ocr_line' id='line_1_45' title="bbox 1015 794 1838 833; baseline 0.004 -11"><span class='ocrx_word' id='word_1_259' title='bbox 1015 794 1088 823; x_wconf 83' lang='lat' dir='ltr'><strong>facio</strong></span> <span class='ocrx_word' id='word_1_260' title='bbox 1104 796 1242 824; x_wconf 89' lang='lat' dir='ltr'><strong>omnibus</strong></span> <span class='ocrx_word' id='word_1_261' title='bbox 1258 797 1332 824; x_wconf 88' lang='lat' dir='ltr'><strong>scire</strong></span> <span class='ocrx_word' id='word_1_262' title='bbox 1348 796 1523 830; x_wconf 89' lang='lat' dir='ltr'><strong>volentibus,</strong></span> <span class='ocrx_word' id='word_1_263' title='bbox 1552 799 1612 824; x_wconf 85' lang='lat' dir='ltr'><strong>tam</strong></span> <span class='ocrx_word' id='word_1_264' title='bbox 1643 797 1838 833; x_wconf 74' lang='lat' dir='ltr'><strong>prmsentihua</strong></span> 
     </span>
    </p>
   </div>
   <div class='ocr_carea' id='block_1_46' title="bbox 1016 841 1848 878">
    <p class='ocr_par' dir='ltr' id='par_1_46' title="bbox 1016 841 1848 878">
     <span class='ocr_line' id='line_1_46' title="bbox 1016 841 1848 878; baseline 0.001 -12"><span class='ocrx_word' id='word_1_265' title='bbox 1016 847 1105 875; x_wconf 90' lang='lat' dir='ltr'><strong>quam</strong></span> <span class='ocrx_word' id='word_1_266' title='bbox 1121 842 1148 867; x_wconf 89' lang='lat' dir='ltr'><strong>et</strong></span> <span class='ocrx_word' id='word_1_267' title='bbox 1163 841 1279 874; x_wconf 86' lang='lat' dir='ltr'><strong>futuris,</strong></span> <span class='ocrx_word' id='word_1_268' title='bbox 1297 841 1421 876; x_wconf 88' lang='lat' dir='ltr'><strong>qualiter</strong></span> <span class='ocrx_word' id='word_1_269' title='bbox 1435 850 1497 877; x_wconf 89' lang='lat' dir='ltr'><strong>ego,</strong></span> <span class='ocrx_word' id='word_1_270' title='bbox 1515 841 1612 869; x_wconf 84' lang='lat' dir='ltr'><strong>divina</strong></span> <span class='ocrx_word' id='word_1_271' title='bbox 1620 842 1730 869; x_wconf 83' lang='lat' dir='ltr'><strong>favente</strong></span> <span class='ocrx_word' id='word_1_272' title='bbox 1742 842 1848 878; x_wconf 40' lang='lat' dir='ltr'><strong>pravi»</strong></span> 
     </span>
    </p>
   </div>
   <div class='ocr_carea' id='block_1_47' title="bbox 1015 883 1850 921">
    <p class='ocr_par' dir='ltr' id='par_1_47' title="bbox 1015 883 1850 921">
     <span class='ocr_line' id='line_1_47' title="bbox 1015 883 1850 921; baseline 0.004 -11"><span class='ocrx_word' id='word_1_273' title='bbox 1015 883 1123 917; x_wconf 72' lang='lat' dir='ltr'><strong>tientia,</strong></span> <span class='ocrx_word' id='word_1_274' title='bbox 1134 885 1208 920; x_wconf 67' lang='lat' dir='ltr'><strong>coepi</strong></span> <span class='ocrx_word' id='word_1_275' title='bbox 1220 893 1305 921; x_wconf 87' lang='lat' dir='ltr'><strong>agere</strong></span> <span class='ocrx_word' id='word_1_276' title='bbox 1321 893 1388 912; x_wconf 88' lang='lat' dir='ltr'><strong>cum</strong></span> <span class='ocrx_word' id='word_1_277' title='bbox 1406 886 1650 913; x_wconf 81' lang='lat' dir='ltr'><strong>abbateConrado</strong></span> <span class='ocrx_word' id='word_1_278' title='bbox 1661 889 1690 913; x_wconf 89' lang='lat' dir='ltr'><strong>et</strong></span> <span class='ocrx_word' id='word_1_279' title='bbox 1698 886 1850 914; x_wconf 75' lang='lat' dir='ltr'><strong>fratribus</strong></span> 
     </span>
    </p>
   </div>
   <div class='ocr_carea' id='block_1_48' title="bbox 1016 928 1848 965">
    <p class='ocr_par' dir='ltr' id='par_1_48' title="bbox 1016 928 1848 965">
     <span class='ocr_line' id='line_1_48' title="bbox 1016 928 1848 965; baseline 0.002 -10"><span class='ocrx_word' id='word_1_280' title='bbox 1016 928 1149 963; x_wconf 78' lang='lat' dir='ltr'><strong>ejusdem</strong></span> <span class='ocrx_word' id='word_1_281' title='bbox 1166 929 1334 956; x_wconf 85' lang='lat' dir='ltr'><strong>monasterii</strong></span> <span class='ocrx_word' id='word_1_282' title='bbox 1352 929 1381 956; x_wconf 86' lang='lat' dir='ltr'><strong>S.</strong></span> <span class='ocrx_word' id='word_1_283' title='bbox 1398 930 1527 965; x_wconf 81' lang='lat' dir='ltr'><strong>Gregorii</strong></span> <span class='ocrx_word' id='word_1_284' title='bbox 1535 938 1628 965; x_wconf 56' lang='lat' dir='ltr'><strong>papas,</strong></span> <span class='ocrx_word' id='word_1_285' title='bbox 1641 930 1719 965; x_wconf 87' lang='lat' dir='ltr'><strong>quod</strong></span> <span class='ocrx_word' id='word_1_286' title='bbox 1732 930 1848 962; x_wconf 62' lang='lat' dir='ltr'><strong>dicitur,</strong></span> 
     </span>
    </p>
   </div>
   <div class='ocr_carea' id='block_1_49' title="bbox 1017 972 1838 1010">
    <p class='ocr_par' dir='ltr' id='par_1_49' title="bbox 1017 972 1838 1010">
     <span class='ocr_line' id='line_1_49' title="bbox 1017 972 1838 1010; baseline 0.002 -11"><span class='ocrx_word' id='word_1_287' title='bbox 1017 972 1211 1007; x_wconf 86' lang='lat' dir='ltr'><strong>Petrishusin,</strong></span> <span class='ocrx_word' id='word_1_288' title='bbox 1239 975 1272 1001; x_wconf 88' lang='lat' dir='ltr'><strong>ut</strong></span> <span class='ocrx_word' id='word_1_289' title='bbox 1298 974 1372 1001; x_wconf 89' lang='lat' dir='ltr'><strong>mihi</strong></span> <span class='ocrx_word' id='word_1_290' title='bbox 1403 974 1594 1002; x_wconf 75' lang='lat' dir='ltr'><strong>cencederent</strong></span> <span class='ocrx_word' id='word_1_291' title='bbox 1608 973 1666 1001; x_wconf 86' lang='lat' dir='ltr'><strong>tale</strong></span> <span class='ocrx_word' id='word_1_292' title='bbox 1695 974 1838 1010; x_wconf 75' lang='lat' dir='ltr'><strong>praedium</strong></span> 
     </span>
    </p>
   </div>
   <div class='ocr_carea' id='block_1_50' title="bbox 1017 1017 1846 1052">
    <p class='ocr_par' dir='ltr' id='par_1_50' title="bbox 1017 1017 1846 1052">
     <span class='ocr_line' id='line_1_50' title="bbox 1017 1017 1846 1052; baseline 0 -8"><span class='ocrx_word' id='word_1_293' title='bbox 1017 1017 1103 1052; x_wconf 88' lang='lat' dir='ltr'><strong>quale</strong></span> <span class='ocrx_word' id='word_1_294' title='bbox 1118 1017 1212 1045; x_wconf 88' lang='lat' dir='ltr'><strong>visum</strong></span> <span class='ocrx_word' id='word_1_295' title='bbox 1230 1021 1274 1045; x_wconf 86' lang='lat' dir='ltr'><strong>est</strong></span> <span class='ocrx_word' id='word_1_296' title='bbox 1289 1018 1368 1046; x_wconf 87' lang='lat' dir='ltr'><strong>idem</strong></span> <span class='ocrx_word' id='word_1_297' title='bbox 1385 1018 1596 1045; x_wconf 88' lang='lat' dir='ltr'><strong>monasterium</strong></span> <span class='ocrx_word' id='word_1_298' title='bbox 1613 1017 1720 1045; x_wconf 87' lang='lat' dir='ltr'><strong>habere</strong></span> <span class='ocrx_word' id='word_1_299' title='bbox 1733 1017 1846 1046; x_wconf 77' lang='lat' dir='ltr'><strong>inloco</strong></span> 
     </span>
    </p>
   </div>
   <div class='ocr_carea' id='block_1_51' title="bbox 1017 1062 1849 1098">
    <p class='ocr_par' dir='ltr' id='par_1_51' title="bbox 1017 1062 1849 1098">
     <span class='ocr_line' id='line_1_51' title="bbox 1017 1062 1849 1098; baseline 0 -10"><span class='ocrx_word' id='word_1_300' title='bbox 1017 1062 1067 1096; x_wconf 88' lang='lat' dir='ltr'><strong>qui</strong></span> <span class='ocrx_word' id='word_1_301' title='bbox 1078 1062 1187 1089; x_wconf 85' lang='lat' dir='ltr'><strong>dicitur</strong></span> <span class='ocrx_word' id='word_1_302' title='bbox 1201 1062 1442 1098; x_wconf 80' lang='lat' dir='ltr'><strong>Rinisgimunde;</strong></span> <span class='ocrx_word' id='word_1_303' title='bbox 1468 1062 1538 1097; x_wconf 87' lang='lat' dir='ltr'><strong>quia</strong></span> <span class='ocrx_word' id='word_1_304' title='bbox 1564 1062 1666 1090; x_wconf 86' lang='lat' dir='ltr'><strong>eadem</strong></span> <span class='ocrx_word' id='word_1_305' title='bbox 1691 1062 1849 1098; x_wconf 74' lang='lat' dir='ltr'><strong>possessio.</strong></span> 
     </span>
    </p>
   </div>
   <div class='ocr_carea' id='block_1_52' title="bbox 1018 1106 1851 1143">
    <p class='ocr_par' dir='ltr' id='par_1_52' title="bbox 1018 1106 1851 1143">
     <span class='ocr_line' id='line_1_52' title="bbox 1018 1106 1851 1143; baseline 0.001 -10"><span class='ocrx_word' id='word_1_306' title='bbox 1018 1106 1088 1133; x_wconf 91' lang='lat' dir='ltr'><strong>mihi</strong></span> <span class='ocrx_word' id='word_1_307' title='bbox 1100 1107 1195 1134; x_wconf 90' lang='lat' dir='ltr'><strong>vicina</strong></span> <span class='ocrx_word' id='word_1_308' title='bbox 1210 1109 1255 1134; x_wconf 87' lang='lat' dir='ltr'><strong>est</strong></span> <span class='ocrx_word' id='word_1_309' title='bbox 1269 1109 1298 1134; x_wconf 85' lang='lat' dir='ltr'><strong>et</strong></span> <span class='ocrx_word' id='word_1_310' title='bbox 1312 1110 1478 1143; x_wconf 85' lang='lat' dir='ltr'><strong>opportuna</strong></span> <span class='ocrx_word' id='word_1_311' title='bbox 1496 1107 1531 1134; x_wconf 85' lang='lat' dir='ltr'><strong>ad</strong></span> <span class='ocrx_word' id='word_1_312' title='bbox 1548 1106 1654 1134; x_wconf 83' lang='lat' dir='ltr'><strong>alenda</strong></span> <span class='ocrx_word' id='word_1_313' title='bbox 1669 1114 1783 1143; x_wconf 83' lang='lat' dir='ltr'><strong>peoora,</strong></span> <span class='ocrx_word' id='word_1_314' title='bbox 1810 1108 1851 1134; x_wconf 60' lang='lat' dir='ltr'><strong>et»</strong></span> 
     </span>
    </p>
   </div>
   <div class='ocr_carea' id='block_1_53' title="bbox 1017 1150 1851 1187">
    <p class='ocr_par' dir='ltr' id='par_1_53' title="bbox 1017 1150 1851 1187">
     <span class='ocr_line' id='line_1_53' title="bbox 1017 1150 1851 1187; baseline -0.001 -9"><span class='ocrx_word' id='word_1_315' title='bbox 1017 1151 1152 1179; x_wconf 86' lang='lat' dir='ltr'><strong>homines</strong></span> <span class='ocrx_word' id='word_1_316' title='bbox 1166 1150 1223 1179; x_wconf 86' lang='lat' dir='ltr'><strong>mei</strong></span> <span class='ocrx_word' id='word_1_317' title='bbox 1238 1159 1295 1179; x_wconf 87' lang='lat' dir='ltr'><strong>non</strong></span> <span class='ocrx_word' id='word_1_318' title='bbox 1311 1151 1445 1179; x_wconf 87' lang='lat' dir='ltr'><strong>valebant</strong></span> <span class='ocrx_word' id='word_1_319' title='bbox 1460 1151 1586 1179; x_wconf 81' lang='lat' dir='ltr'><strong>devitarc</strong></span> <span class='ocrx_word' id='word_1_320' title='bbox 1603 1152 1674 1187; x_wconf 90' lang='lat' dir='ltr'><strong>quin</strong></span> <span class='ocrx_word' id='word_1_321' title='bbox 1702 1153 1851 1179; x_wconf 80' lang='lat' dir='ltr'><strong>nocerent:</strong></span> 
     </span>
    </p>
   </div>
   <div class='ocr_carea' id='block_1_54' title="bbox 1018 1195 1839 1232">
    <p class='ocr_par' dir='ltr' id='par_1_54' title="bbox 1018 1195 1839 1232">
     <span class='ocr_line' id='line_1_54' title="bbox 1018 1195 1839 1232; baseline 0.001 -9"><span class='ocrx_word' id='word_1_322' title='bbox 1018 1195 1060 1223; x_wconf 88' lang='lat' dir='ltr'><strong>eis</strong></span> <span class='ocrx_word' id='word_1_323' title='bbox 1071 1204 1078 1229; x_wconf 80' lang='lat'><strong>;</strong></span> <span class='ocrx_word' id='word_1_324' title='bbox 1092 1198 1119 1223; x_wconf 91' lang='lat' dir='ltr'><strong>et</strong></span> <span class='ocrx_word' id='word_1_325' title='bbox 1134 1195 1266 1224; x_wconf 85' lang='lat' dir='ltr'><strong>hocmihi</strong></span> <span class='ocrx_word' id='word_1_326' title='bbox 1278 1195 1372 1223; x_wconf 88' lang='lat' dir='ltr'><strong>visum</strong></span> <span class='ocrx_word' id='word_1_327' title='bbox 1380 1199 1424 1223; x_wconf 90' lang='lat' dir='ltr'><strong>est</strong></span> <span class='ocrx_word' id='word_1_328' title='bbox 1435 1195 1551 1228; x_wconf 88' lang='lat' dir='ltr'><strong>melius,</strong></span> <span class='ocrx_word' id='word_1_329' title='bbox 1562 1197 1593 1223; x_wconf 85' lang='lat' dir='ltr'><strong>ut</strong></span> <span class='ocrx_word' id='word_1_330' title='bbox 1603 1204 1656 1232; x_wconf 85' lang='lat' dir='ltr'><strong>ego</strong></span> <span class='ocrx_word' id='word_1_331' title='bbox 1666 1196 1839 1232; x_wconf 82' lang='lat' dir='ltr'><strong>Rudolphus</strong></span> 
     </span>
    </p>
   </div>
   <div class='ocr_carea' id='block_1_55' title="bbox 1019 1240 1840 1269">
    <p class='ocr_par' dir='ltr' id='par_1_55' title="bbox 1019 1240 1840 1269">
     <span class='ocr_line' id='line_1_55' title="bbox 1019 1240 1840 1269; baseline 0.001 -2"><span class='ocrx_word' id='word_1_332' title='bbox 1019 1240 1117 1267; x_wconf 84' lang='lat' dir='ltr'><strong>darem</strong></span> <span class='ocrx_word' id='word_1_333' title='bbox 1134 1240 1232 1268; x_wconf 86' lang='lat' dir='ltr'><strong>abbati</strong></span> <span class='ocrx_word' id='word_1_334' title='bbox 1248 1240 1380 1268; x_wconf 84' lang='lat' dir='ltr'><strong>Conrado</strong></span> <span class='ocrx_word' id='word_1_335' title='bbox 1391 1241 1468 1268; x_wconf 73' lang='lat'><strong>392</strong></span> <span class='ocrx_word' id='word_1_336' title='bbox 1484 1241 1518 1268; x_wconf 87' lang='lat' dir='ltr'><strong>de</strong></span> <span class='ocrx_word' id='word_1_337' title='bbox 1534 1240 1716 1268; x_wconf 89' lang='lat' dir='ltr'><strong>Petrishusin</strong></span> <span class='ocrx_word' id='word_1_338' title='bbox 1732 1243 1760 1268; x_wconf 90' lang='lat' dir='ltr'><strong>et</strong></span> <span class='ocrx_word' id='word_1_339' title='bbox 1780 1241 1840 1269; x_wconf 89' lang='lat' dir='ltr'><strong>fra-</strong></span> 
     </span>
    </p>
   </div>
   <div class='ocr_carea' id='block_1_56' title="bbox 1019 1284 1839 1321">
    <p class='ocr_par' dir='ltr' id='par_1_56' title="bbox 1019 1284 1839 1321">
     <span class='ocr_line' id='line_1_56' title="bbox 1019 1284 1839 1321; baseline 0 -9"><span class='ocrx_word' id='word_1_340' title='bbox 1019 1284 1113 1312; x_wconf 88' lang='lat' dir='ltr'><strong>tribus</strong></span> <span class='ocrx_word' id='word_1_341' title='bbox 1125 1285 1258 1320; x_wconf 83' lang='lat' dir='ltr'><strong>ejusdem</strong></span> <span class='ocrx_word' id='word_1_342' title='bbox 1273 1285 1442 1313; x_wconf 83' lang='lat' dir='ltr'><strong>monasterii</strong></span> <span class='ocrx_word' id='word_1_343' title='bbox 1468 1285 1567 1312; x_wconf 87' lang='lat' dir='ltr'><strong>decem</strong></span> <span class='ocrx_word' id='word_1_344' title='bbox 1588 1284 1707 1317; x_wconf 87' lang='lat' dir='ltr'><strong>talenta,</strong></span> <span class='ocrx_word' id='word_1_345' title='bbox 1732 1287 1761 1312; x_wconf 84' lang='lat' dir='ltr'><strong>et</strong></span> <span class='ocrx_word' id='word_1_346' title='bbox 1782 1285 1839 1321; x_wconf 88' lang='lat' dir='ltr'><strong>ipsi</strong></span> 
     </span>
    </p>
   </div>
   <div class='ocr_carea' id='block_1_57' title="bbox 1019 1328 1840 1364">
    <p class='ocr_par' dir='ltr' id='par_1_57' title="bbox 1019 1328 1840 1364">
     <span class='ocr_line' id='line_1_57' title="bbox 1019 1328 1840 1364; baseline 0.001 -8"><span class='ocrx_word' id='word_1_347' title='bbox 1019 1328 1091 1356; x_wconf 87' lang='lat' dir='ltr'><strong>mihi</strong></span> <span class='ocrx_word' id='word_1_348' title='bbox 1106 1330 1297 1357; x_wconf 85' lang='lat' dir='ltr'><strong>concederent</strong></span> <span class='ocrx_word' id='word_1_349' title='bbox 1309 1330 1372 1364; x_wconf 85' lang='lat' dir='ltr'><strong>jam</strong></span> <span class='ocrx_word' id='word_1_350' title='bbox 1381 1329 1492 1356; x_wconf 87' lang='lat' dir='ltr'><strong>dictum</strong></span> <span class='ocrx_word' id='word_1_351' title='bbox 1503 1329 1643 1364; x_wconf 79' lang='lat' dir='ltr'><strong>praedium</strong></span> <span class='ocrx_word' id='word_1_352' title='bbox 1655 1329 1732 1364; x_wconf 90' lang='lat' dir='ltr'><strong>apud</strong></span> <span class='ocrx_word' id='word_1_353' title='bbox 1744 1329 1840 1357; x_wconf 74' lang='lat' dir='ltr'><strong>Binis-</strong></span> 
     </span>
    </p>
   </div>
   <div class='ocr_carea' id='block_1_58' title="bbox 1018 1373 1839 1409">
    <p class='ocr_par' dir='ltr' id='par_1_58' title="bbox 1018 1373 1839 1409">
     <span class='ocr_line' id='line_1_58' title="bbox 1018 1373 1839 1409; baseline 0 -9"><span class='ocrx_word' id='word_1_354' title='bbox 1018 1373 1158 1409; x_wconf 89' lang='lat' dir='ltr'><strong>gimunde</strong></span> <span class='ocrx_word' id='word_1_355' title='bbox 1171 1374 1386 1407; x_wconf 85' lang='lat' dir='ltr'><strong>;eaconditione</strong></span> <span class='ocrx_word' id='word_1_356' title='bbox 1397 1373 1543 1409; x_wconf 86' lang='lat' dir='ltr'><strong>utipsi,oh</strong></span> <span class='ocrx_word' id='word_1_357' title='bbox 1554 1373 1724 1400; x_wconf 86' lang='lat' dir='ltr'><strong>memoriam</strong></span> <span class='ocrx_word' id='word_1_358' title='bbox 1736 1375 1839 1401; x_wconf 89' lang='lat' dir='ltr'><strong>etcon-</strong></span> 
     </span>
    </p>
   </div>
   <div class='ocr_carea' id='block_1_59' title="bbox 1019 1417 1839 1454">
    <p class='ocr_par' dir='ltr' id='par_1_59' title="bbox 1019 1417 1839 1454">
     <span class='ocr_line' id='line_1_59' title="bbox 1019 1417 1839 1454; baseline -0.001 -9"><span class='ocrx_word' id='word_1_359' title='bbox 1019 1418 1215 1445; x_wconf 82' lang='lat' dir='ltr'><strong>firmationem</strong></span> <span class='ocrx_word' id='word_1_360' title='bbox 1223 1418 1312 1453; x_wconf 89' lang='lat' dir='ltr'><strong>hujus</strong></span> <span class='ocrx_word' id='word_1_361' title='bbox 1319 1418 1407 1454; x_wconf 84' lang='lat' dir='ltr'><strong>pacti,</strong></span> <span class='ocrx_word' id='word_1_362' title='bbox 1415 1417 1647 1445; x_wconf 88' lang='lat' dir='ltr'><strong>anniversarium</strong></span> <span class='ocrx_word' id='word_1_363' title='bbox 1656 1417 1759 1445; x_wconf 88' lang='lat' dir='ltr'><strong>matris</strong></span> <span class='ocrx_word' id='word_1_364' title='bbox 1769 1425 1839 1449; x_wconf 73' lang='lat' dir='ltr'><strong>mea:</strong></span> 
     </span>
    </p>
   </div>
   <div class='ocr_carea' id='block_1_60' title="bbox 1017 1460 1841 1490">
    <p class='ocr_par' dir='ltr' id='par_1_60' title="bbox 1017 1460 1841 1490">
     <span class='ocr_line' id='line_1_60' title="bbox 1017 1460 1841 1490; baseline 0.001 -1"><span class='ocrx_word' id='word_1_365' title='bbox 1017 1462 1173 1489; x_wconf 87' lang='lat' dir='ltr'><strong>Adelheide</strong></span> <span class='ocrx_word' id='word_1_366' title='bbox 1184 1470 1252 1490; x_wconf 86' lang='lat' dir='ltr'><strong>cum</strong></span> <span class='ocrx_word' id='word_1_367' title='bbox 1261 1462 1402 1490; x_wconf 83' lang='lat' dir='ltr'><strong>fratribus</strong></span> <span class='ocrx_word' id='word_1_368' title='bbox 1413 1462 1477 1489; x_wconf 82' lang='lat' dir='ltr'><strong>suis</strong></span> <span class='ocrx_word' id='word_1_369' title='bbox 1485 1464 1663 1489; x_wconf 82' lang='lat' dir='ltr'><strong>annotarent</strong></span> <span class='ocrx_word' id='word_1_370' title='bbox 1675 1463 1703 1489; x_wconf 84' lang='lat' dir='ltr'><strong>et</strong></span> <span class='ocrx_word' id='word_1_371' title='bbox 1714 1460 1841 1490; x_wconf 53' lang='lat' dir='ltr'><strong>celebra:</strong></span> 
     </span>
    </p>
   </div>
   <div class='ocr_carea' id='block_1_61' title="bbox 1018 1506 1840 1543">
    <p class='ocr_par' dir='ltr' id='par_1_61' title="bbox 1018 1506 1840 1543">
     <span class='ocr_line' id='line_1_61' title="bbox 1018 1506 1840 1543; baseline -0.002 -9"><span class='ocrx_word' id='word_1_372' title='bbox 1018 1509 1090 1541; x_wconf 87' lang='lat' dir='ltr'><strong>rent,</strong></span> <span class='ocrx_word' id='word_1_373' title='bbox 1104 1509 1132 1534; x_wconf 88' lang='lat' dir='ltr'><strong>et</strong></span> <span class='ocrx_word' id='word_1_374' title='bbox 1147 1515 1199 1543; x_wconf 87' lang='lat' dir='ltr'><strong>ego</strong></span> <span class='ocrx_word' id='word_1_375' title='bbox 1214 1507 1278 1543; x_wconf 86' lang='lat' dir='ltr'><strong>ipsa</strong></span> <span class='ocrx_word' id='word_1_376' title='bbox 1293 1506 1339 1534; x_wconf 92' lang='lat' dir='ltr'><strong>die</strong></span> <span class='ocrx_word' id='word_1_377' title='bbox 1353 1507 1388 1534; x_wconf 92' lang='lat' dir='ltr'><strong>de</strong></span> <span class='ocrx_word' id='word_1_378' title='bbox 1399 1514 1463 1533; x_wconf 89' lang='lat' dir='ltr'><strong>meo</strong></span> <span class='ocrx_word' id='word_1_379' title='bbox 1479 1506 1603 1536; x_wconf 85' lang='lat' dir='ltr'><strong>facerem</strong></span> <span class='ocrx_word' id='word_1_380' title='bbox 1624 1506 1778 1542; x_wconf 82' lang='lat' dir='ltr'><strong>propinare</strong></span> <span class='ocrx_word' id='word_1_381' title='bbox 1797 1506 1840 1533; x_wconf 89' lang='lat' dir='ltr'><strong>vi-</strong></span> 
     </span>
    </p>
   </div>
   <div class='ocr_carea' id='block_1_62' title="bbox 1018 1550 1841 1588">
    <p class='ocr_par' dir='ltr' id='par_1_62' title="bbox 1018 1550 1841 1588">
     <span class='ocr_line' id='line_1_62' title="bbox 1018 1550 1841 1588; baseline -0.001 -9"><span class='ocrx_word' id='word_1_382' title='bbox 1018 1560 1088 1579; x_wconf 90' lang='lat' dir='ltr'><strong>num</strong></span> <span class='ocrx_word' id='word_1_383' title='bbox 1106 1551 1243 1579; x_wconf 85' lang='lat' dir='ltr'><strong>fratribus</strong></span> <span class='ocrx_word' id='word_1_384' title='bbox 1259 1551 1384 1588; x_wconf 83' lang='lat' dir='ltr'><strong>singulis</strong></span> <span class='ocrx_word' id='word_1_385' title='bbox 1412 1550 1508 1584; x_wconf 88' lang='lat' dir='ltr'><strong>annis,</strong></span> <span class='ocrx_word' id='word_1_386' title='bbox 1531 1550 1625 1586; x_wconf 85' lang='lat' dir='ltr'><strong>quoad</strong></span> <span class='ocrx_word' id='word_1_387' title='bbox 1652 1550 1788 1586; x_wconf 77' lang='lat' dir='ltr'><strong>viverem,</strong></span> <span class='ocrx_word' id='word_1_388' title='bbox 1812 1555 1841 1578; x_wconf 87' lang='lat' dir='ltr'><strong>et</strong></span> 
     </span>
    </p>
   </div>
   <div class='ocr_carea' id='block_1_63' title="bbox 1017 1594 1839 1631">
    <p class='ocr_par' dir='ltr' id='par_1_63' title="bbox 1017 1594 1839 1631">
     <span class='ocr_line' id='line_1_63' title="bbox 1017 1594 1839 1631; baseline -0.002 -8"><span class='ocrx_word' id='word_1_389' title='bbox 1017 1596 1071 1623; x_wconf 91' lang='lat' dir='ltr'><strong>hoc</strong></span> <span class='ocrx_word' id='word_1_390' title='bbox 1085 1605 1136 1631; x_wconf 87' lang='lat' dir='ltr'><strong>pro</strong></span> <span class='ocrx_word' id='word_1_391' title='bbox 1147 1596 1256 1623; x_wconf 86' lang='lat' dir='ltr'><strong>tributo</strong></span> <span class='ocrx_word' id='word_1_392' title='bbox 1269 1598 1297 1623; x_wconf 91' lang='lat' dir='ltr'><strong>et</strong></span> <span class='ocrx_word' id='word_1_393' title='bbox 1319 1595 1461 1623; x_wconf 90' lang='lat' dir='ltr'><strong>memoria</strong></span> <span class='ocrx_word' id='word_1_394' title='bbox 1486 1594 1639 1630; x_wconf 63' lang='lat' dir='ltr'><strong>presentis</strong></span> <span class='ocrx_word' id='word_1_395' title='bbox 1653 1594 1839 1622; x_wconf 82' lang='lat' dir='ltr'><strong>conditionis.</strong></span> 
     </span>
    </p>
   </div>
   <div class='ocr_carea' id='block_1_64' title="bbox 135 1628 1838 1675">
    <p class='ocr_par' dir='ltr' id='par_1_64' title="bbox 135 1628 1838 1675">
     <span class='ocr_line' id='line_1_64' title="bbox 135 1628 1838 1675; baseline -0.001 -7"><span class='ocrx_word' id='word_1_396' title='bbox 135 1640 396 1674; x_wconf 78' lang='lat' dir='ltr'><strong>conticescam,sed</strong></span> <span class='ocrx_word' id='word_1_397' title='bbox 404 1640 536 1675; x_wconf 59' lang='lat' dir='ltr'><strong>quaedam</strong></span> <span class='ocrx_word' id='word_1_398' title='bbox 545 1640 580 1667; x_wconf 89' lang='lat' dir='ltr'><strong>de</strong></span> <span class='ocrx_word' id='word_1_399' title='bbox 593 1640 962 1675; x_wconf 67' lang='lat' dir='ltr'><strong>ejusindustriamemorim</strong></span> <span class='ocrx_word' id='word_1_400' title='bbox 977 1628 999 1661; x_wconf 70' lang='grc' dir='ltr'><strong>Ο</strong></span> <span class='ocrx_word' id='word_1_401' title='bbox 1018 1640 1086 1668; x_wconf 88' lang='lat' dir='ltr'><strong>Post</strong></span> <span class='ocrx_word' id='word_1_402' title='bbox 1101 1640 1213 1668; x_wconf 82' lang='lat' dir='ltr'><strong>obitum</strong></span> <span class='ocrx_word' id='word_1_403' title='bbox 1225 1643 1323 1668; x_wconf 83' lang='lat' dir='ltr'><strong>autem</strong></span> <span class='ocrx_word' id='word_1_404' title='bbox 1341 1648 1439 1667; x_wconf 89' lang='lat' dir='ltr'><strong>meum</strong></span> <span class='ocrx_word' id='word_1_405' title='bbox 1452 1639 1551 1667; x_wconf 87' lang='lat' dir='ltr'><strong>nullus</strong></span> <span class='ocrx_word' id='word_1_406' title='bbox 1562 1638 1682 1666; x_wconf 86' lang='lat' dir='ltr'><strong>omnino</strong></span> <span class='ocrx_word' id='word_1_407' title='bbox 1691 1638 1838 1667; x_wconf 65' lang='lat' dir='ltr'><strong>heredum</strong></span> 
     </span>
    </p>
   </div>
   <div class='ocr_carea' id='block_1_65' title="bbox 138 1684 962 1720">
    <p class='ocr_par' dir='ltr' id='par_1_65' title="bbox 138 1684 962 1720">
     <span class='ocr_line' id='line_1_65' title="bbox 138 1684 962 1720; baseline 0.001 -8"><span class='ocrx_word' id='word_1_408' title='bbox 138 1685 339 1712; x_wconf 74' lang='lat' dir='ltr'><strong>tradam.Erat</strong></span> <span class='ocrx_word' id='word_1_409' title='bbox 353 1684 433 1712; x_wconf 90' lang='lat' dir='ltr'><strong>enim</strong></span> <span class='ocrx_word' id='word_1_410' title='bbox 450 1684 559 1720; x_wconf 87' lang='lat' dir='ltr'><strong>peritus</strong></span> <span class='ocrx_word' id='word_1_411' title='bbox 577 1685 702 1712; x_wconf 66' lang='lat' dir='ltr'><strong>metrica:</strong></span> <span class='ocrx_word' id='word_1_412' title='bbox 718 1687 747 1713; x_wconf 89' lang='lat' dir='ltr'><strong>et</strong></span> <span class='ocrx_word' id='word_1_413' title='bbox 758 1686 831 1713; x_wconf 77' lang='lat'><strong>89]</strong></span> <span class='ocrx_word' id='word_1_414' title='bbox 844 1685 962 1713; x_wconf 77' lang='lat' dir='ltr'><strong>musicae</strong></span> 
     </span>
    </p>
   </div>
   <div class='ocr_carea' id='block_1_66' title="bbox 143 1721 963 1768">
    <p class='ocr_par' dir='ltr' id='par_1_66' title="bbox 143 1721 963 1768">
     <span class='ocr_line' id='line_1_66' title="bbox 143 1721 963 1768; baseline 0.002 -12"><span class='ocrx_word' id='word_1_415' title='bbox 143 1729 262 1762; x_wconf 83' lang='lat' dir='ltr'><strong>artium,</strong></span> <span class='ocrx_word' id='word_1_416' title='bbox 273 1729 373 1765; x_wconf 89' lang='lat' dir='ltr'><strong>optimi</strong></span> <span class='ocrx_word' id='word_1_417' title='bbox 383 1721 504 1765; x_wconf 82' lang='lat' dir='ltr'><strong>ingenii,</strong></span> <span class='ocrx_word' id='word_1_418' title='bbox 516 1723 619 1768; x_wconf 76' lang='lat' dir='ltr'><strong>serena</strong></span> <span class='ocrx_word' id='word_1_419' title='bbox 629 1728 706 1761; x_wconf 75' lang='lat' dir='ltr'><strong>voce,</strong></span> <span class='ocrx_word' id='word_1_420' title='bbox 722 1728 850 1757; x_wconf 76' lang='lat' dir='ltr'><strong>affabilis</strong></span> <span class='ocrx_word' id='word_1_421' title='bbox 876 1728 963 1766; x_wconf 76' lang='lat' dir='ltr'><strong>collo-</strong></span> 
     </span>
    </p>
   </div>
   <div class='ocr_carea' id='block_1_67' title="bbox 143 1764 962 1809">
    <p class='ocr_par' dir='ltr' id='par_1_67' title="bbox 143 1764 962 1809">
     <span class='ocr_line' id='line_1_67' title="bbox 143 1764 962 1809; baseline 0.001 -8"><span class='ocrx_word' id='word_1_422' title='bbox 143 1773 220 1809; x_wconf 85' lang='lat' dir='ltr'><strong>quio,</strong></span> <span class='ocrx_word' id='word_1_423' title='bbox 238 1773 401 1801; x_wconf 84' lang='lat' dir='ltr'><strong>veneranda</strong></span> <span class='ocrx_word' id='word_1_424' title='bbox 413 1764 530 1807; x_wconf 86' lang='lat' dir='ltr'><strong>canitie,</strong></span> <span class='ocrx_word' id='word_1_425' title='bbox 547 1764 698 1801; x_wconf 75' lang='lat' dir='ltr'><strong>modestus</strong></span> <span class='ocrx_word' id='word_1_426' title='bbox 715 1774 846 1801; x_wconf 88' lang='lat' dir='ltr'><strong>moribus</strong></span> <span class='ocrx_word' id='word_1_427' title='bbox 861 1775 889 1802; x_wconf 89' lang='lat' dir='ltr'><strong>et</strong></span> <span class='ocrx_word' id='word_1_428' title='bbox 900 1764 962 1802; x_wconf 80' lang='lat' dir='ltr'><strong>ver-</strong></span> 
     </span>
    </p>
   </div>
   <div class='ocr_carea' id='block_1_68' title="bbox 137 1817 961 1854">
    <p class='ocr_par' dir='ltr' id='par_1_68' title="bbox 137 1817 961 1854">
     <span class='ocr_line' id='line_1_68' title="bbox 137 1817 961 1854; baseline 0.001 -8"><span class='ocrx_word' id='word_1_429' title='bbox 137 1818 193 1846; x_wconf 83' lang='lat' dir='ltr'><strong>bis.</strong></span> <span class='ocrx_word' id='word_1_430' title='bbox 204 1817 297 1846; x_wconf 82' lang='lat' dir='ltr'><strong>Multa</strong></span> <span class='ocrx_word' id='word_1_431' title='bbox 307 1817 500 1845; x_wconf 72' lang='lat' dir='ltr'><strong>ediﬁcaverat</strong></span> <span class='ocrx_word' id='word_1_432' title='bbox 506 1817 643 1854; x_wconf 66' lang='lat' dir='ltr'><strong>praeclara</strong></span> <span class='ocrx_word' id='word_1_433' title='bbox 654 1826 717 1853; x_wconf 74' lang='lat' dir='ltr'><strong>quae</strong></span> <span class='ocrx_word' id='word_1_434' title='bbox 732 1817 809 1854; x_wconf 85' lang='lat' dir='ltr'><strong>ignis</strong></span> <span class='ocrx_word' id='word_1_435' title='bbox 824 1826 961 1852; x_wconf 83' lang='lat' dir='ltr'><strong>consum-</strong></span> 
     </span>
    </p>
   </div>
   <div class='ocr_carea' id='block_1_69' title="bbox 136 1865 610 1899">
    <p class='ocr_par' dir='ltr' id='par_1_69' title="bbox 136 1865 610 1899">
     <span class='ocr_line' id='line_1_69' title="bbox 136 1865 610 1899; baseline -0.013 -8"><span class='ocrx_word' id='word_1_436' title='bbox 136 1865 242 1899; x_wconf 82' lang='lat' dir='ltr'><strong>pserat.</strong></span> <span class='ocrx_word' id='word_1_437' title='bbox 606 1881 610 1885; x_wconf 90' lang='lat'><strong>.</strong></span> 
     </span>
    </p>
   </div>
   <div class='ocr_carea' id='block_1_70' title="bbox 428 1907 584 1945">
    <p class='ocr_par' dir='ltr' id='par_1_70' title="bbox 428 1907 584 1945">
     <span class='ocr_line' id='line_1_70' title="bbox 428 1907 584 1945; baseline 0 -11"><span class='ocrx_word' id='word_1_438' title='bbox 428 1944 431 1945; x_wconf 20' lang='grc' dir='ltr'><em>ν</em></span> <span class='ocrx_word' id='word_1_439' title='bbox 509 1907 584 1941; x_wconf 87' lang='lat' dir='ltr'><strong>§1v.</strong></span> 
     </span>
    </p>
   </div>
   <div class='ocr_carea' id='block_1_71' title="bbox 169 1947 960 1991">
    <p class='ocr_par' dir='ltr' id='par_1_71' title="bbox 169 1947 960 1991">
     <span class='ocr_line' id='line_1_71' title="bbox 169 1947 960 1991; baseline 0.001 -12"><span class='ocrx_word' id='word_1_440' title='bbox 169 1953 208 1979; x_wconf 78' lang='lat' dir='ltr'><strong>Bo</strong></span> <span class='ocrx_word' id='word_1_441' title='bbox 223 1947 548 1991; x_wconf 39' lang='lat' dir='ltr'><strong>temporifgidolphus</strong></span> <span class='ocrx_word' id='word_1_442' title='bbox 561 1959 664 1990; x_wconf 69' lang='lat' dir='ltr'><strong>comes</strong></span> <span class='ocrx_word' id='word_1_443' title='bbox 680 1952 715 1979; x_wconf 87' lang='lat' dir='ltr'><strong>de</strong></span> <span class='ocrx_word' id='word_1_444' title='bbox 739 1952 960 1989; x_wconf 79' lang='lat' dir='ltr'><strong>Rammisberch</strong></span> 
     </span>
    </p>
   </div>
   <div class='ocr_carea' id='block_1_72' title="bbox 135 1995 958 2031">
    <p class='ocr_par' dir='ltr' id='par_1_72' title="bbox 135 1995 958 2031">
     <span class='ocr_line' id='line_1_72' title="bbox 135 1995 958 2031; baseline 0.001 -8"><span class='ocrx_word' id='word_1_445' title='bbox 135 1996 206 2031; x_wconf 81' lang='lat'><strong>(991)</strong></span> <span class='ocrx_word' id='word_1_446' title='bbox 222 1995 296 2023; x_wconf 88' lang='lat' dir='ltr'><strong>emit</strong></span> <span class='ocrx_word' id='word_1_447' title='bbox 311 1996 468 2023; x_wconf 83' lang='lat' dir='ltr'><strong>aConrado</strong></span> <span class='ocrx_word' id='word_1_448' title='bbox 483 1995 518 2023; x_wconf 88' lang='lat' dir='ltr'><strong>de</strong></span> <span class='ocrx_word' id='word_1_449' title='bbox 534 1996 640 2024; x_wconf 90' lang='lat' dir='ltr'><strong>Sancto</strong></span> <span class='ocrx_word' id='word_1_450' title='bbox 666 1999 764 2024; x_wconf 88' lang='lat' dir='ltr'><strong>monte</strong></span> <span class='ocrx_word' id='word_1_451' title='bbox 793 1996 958 2030; x_wconf 89' lang='lat' dir='ltr'><strong>castellum,</strong></span> 
     </span>
    </p>
   </div>
   <div class='ocr_carea' id='block_1_73' title="bbox 135 2033 958 2077">
    <p class='ocr_par' dir='ltr' id='par_1_73' title="bbox 135 2033 958 2077">
     <span class='ocr_line' id='line_1_73' title="bbox 135 2033 958 2077; baseline 0 -9"><span class='ocrx_word' id='word_1_452' title='bbox 135 2041 210 2077; x_wconf 89' lang='lat' dir='ltr'><strong>quod</strong></span> <span class='ocrx_word' id='word_1_453' title='bbox 222 2042 345 2068; x_wconf 87' lang='lat' dir='ltr'><strong>vocatur</strong></span> <span class='ocrx_word' id='word_1_454' title='bbox 360 2040 498 2076; x_wconf 78' lang='lat' dir='ltr'><strong>Rinegge,</strong></span> <span class='ocrx_word' id='word_1_455' title='bbox 515 2041 593 2076; x_wconf 88' lang='lat' dir='ltr'><strong>quod</strong></span> <span class='ocrx_word' id='word_1_456' title='bbox 610 2040 658 2068; x_wconf 89' lang='lat' dir='ltr'><strong>ille</strong></span> <span class='ocrx_word' id='word_1_457' title='bbox 674 2040 815 2068; x_wconf 86' lang='lat' dir='ltr'><strong>habuerat</strong></span> <span class='ocrx_word' id='word_1_458' title='bbox 831 2040 860 2068; x_wconf 90' lang='lat' dir='ltr'><strong>in</strong></span> <span class='ocrx_word' id='word_1_459' title='bbox 872 2033 958 2070; x_wconf 53' lang='lat' dir='ltr'><strong>bene;</strong></span> 
     </span>
    </p>
   </div>
   <div class='ocr_carea' id='block_1_74' title="bbox 135 2084 957 2124">
    <p class='ocr_par' dir='ltr' id='par_1_74' title="bbox 135 2084 957 2124">
     <span class='ocr_line' id='line_1_74' title="bbox 135 2084 957 2124; baseline 0.001 -12"><span class='ocrx_word' id='word_1_460' title='bbox 135 2085 234 2124; x_wconf 80' lang='lat' dir='ltr'><strong>ﬁcium</strong></span> <span class='ocrx_word' id='word_1_461' title='bbox 251 2093 269 2112; x_wconf 84' lang='lat' dir='ltr'><strong>a</strong></span> <span class='ocrx_word' id='word_1_462' title='bbox 283 2084 497 2112; x_wconf 85' lang='lat' dir='ltr'><strong>Constantiensi</strong></span> <span class='ocrx_word' id='word_1_463' title='bbox 514 2084 652 2112; x_wconf 83' lang='lat' dir='ltr'><strong>Ecclesia.</strong></span> <span class='ocrx_word' id='word_1_464' title='bbox 669 2084 802 2120; x_wconf 89' lang='lat' dir='ltr'><strong>Cumque</strong></span> <span class='ocrx_word' id='word_1_465' title='bbox 816 2085 870 2113; x_wconf 90' lang='lat' dir='ltr'><strong>hoc</strong></span> <span class='ocrx_word' id='word_1_466' title='bbox 880 2085 957 2113; x_wconf 90' lang='lat' dir='ltr'><strong>idem</strong></span> 
     </span>
    </p>
   </div>
   <div class='ocr_carea' id='block_1_75' title="bbox 135 2121 958 2169">
    <p class='ocr_par' dir='ltr' id='par_1_75' title="bbox 135 2121 958 2169">
     <span class='ocr_line' id='line_1_75' title="bbox 135 2121 958 2169; baseline 0.001 -12"><span class='ocrx_word' id='word_1_467' title='bbox 135 2121 291 2169; x_wconf 67' lang='lat' dir='ltr'><strong>castellum</strong></span> <span class='ocrx_word' id='word_1_468' title='bbox 304 2126 454 2169; x_wconf 80' lang='lat' dir='ltr'><strong>incoleret,</strong></span> <span class='ocrx_word' id='word_1_469' title='bbox 470 2128 568 2164; x_wconf 85' lang='lat' dir='ltr'><strong>ibique</strong></span> <span class='ocrx_word' id='word_1_470' title='bbox 579 2130 718 2168; x_wconf 86' lang='lat' dir='ltr'><strong>maneret,</strong></span> <span class='ocrx_word' id='word_1_471' title='bbox 730 2129 865 2165; x_wconf 85' lang='lat' dir='ltr'><strong>cognovit</strong></span> <span class='ocrx_word' id='word_1_472' title='bbox 879 2131 958 2166; x_wconf 86' lang='lat' dir='ltr'><strong>quod</strong></span> 
     </span>
    </p>
   </div>
   <div class='ocr_carea' id='block_1_76' title="bbox 134 2166 956 2209">
    <p class='ocr_par' dir='ltr' id='par_1_76' title="bbox 134 2166 956 2209">
     <span class='ocr_line' id='line_1_76' title="bbox 134 2166 956 2209; baseline 0 -7"><span class='ocrx_word' id='word_1_473' title='bbox 134 2166 347 2202; x_wconf 69' lang='lat' dir='ltr'><strong>monasterium</strong></span> <span class='ocrx_word' id='word_1_474' title='bbox 357 2166 531 2209; x_wconf 82' lang='lat' dir='ltr'><strong>S.Gregorii,</strong></span> <span class='ocrx_word' id='word_1_475' title='bbox 550 2166 626 2209; x_wconf 85' lang='lat' dir='ltr'><strong>quod</strong></span> <span class='ocrx_word' id='word_1_476' title='bbox 641 2173 820 2201; x_wconf 85' lang='lat' dir='ltr'><strong>Petrishusin</strong></span> <span class='ocrx_word' id='word_1_477' title='bbox 828 2177 956 2208; x_wconf 86' lang='lat' dir='ltr'><strong>vocatur,</strong></span> 
     </span>
    </p>
   </div>
   <div class='ocr_carea' id='block_1_77' title="bbox 133 2217 957 2254">
    <p class='ocr_par' dir='ltr' id='par_1_77' title="bbox 133 2217 957 2254">
     <span class='ocr_line' id='line_1_77' title="bbox 133 2217 957 2254; baseline 0.002 -8"><span class='ocrx_word' id='word_1_478' title='bbox 133 2218 171 2246; x_wconf 89' lang='lat' dir='ltr'><strong>ibi</strong></span> <span class='ocrx_word' id='word_1_479' title='bbox 187 2219 218 2246; x_wconf 91' lang='lat' dir='ltr'><strong>in</strong></span> <span class='ocrx_word' id='word_1_480' title='bbox 234 2217 368 2254; x_wconf 78' lang='lat' dir='ltr'><strong>proximo</strong></span> <span class='ocrx_word' id='word_1_481' title='bbox 380 2218 595 2254; x_wconf 86' lang='lat' dir='ltr'><strong>possessionem</strong></span> <span class='ocrx_word' id='word_1_482' title='bbox 603 2217 722 2245; x_wconf 87' lang='lat' dir='ltr'><strong>haberet</strong></span> <span class='ocrx_word' id='word_1_483' title='bbox 733 2226 796 2254; x_wconf 63' lang='lat' dir='ltr'><strong>qua</strong></span> <span class='ocrx_word' id='word_1_484' title='bbox 806 2218 862 2246; x_wconf 92' lang='lat' dir='ltr'><strong>sibi</strong></span> <span class='ocrx_word' id='word_1_485' title='bbox 876 2218 957 2248; x_wconf 83' lang='lat' dir='ltr'><strong>valde</strong></span> 
     </span>
    </p>
   </div>
   <div class='ocr_carea' id='block_1_78' title="bbox 132 2262 956 2307">
    <p class='ocr_par' dir='ltr' id='par_1_78' title="bbox 132 2262 956 2307">
     <span class='ocr_line' id='line_1_78' title="bbox 132 2262 956 2307; baseline 0 -17"><span class='ocrx_word' id='word_1_486' title='bbox 132 2266 299 2299; x_wconf 82' lang='lat' dir='ltr'><strong>opportuna</strong></span> <span class='ocrx_word' id='word_1_487' title='bbox 314 2264 408 2296; x_wconf 86' lang='lat' dir='ltr'><strong>esset;</strong></span> <span class='ocrx_word' id='word_1_488' title='bbox 421 2264 449 2289; x_wconf 91' lang='lat' dir='ltr'><strong>et</strong></span> <span class='ocrx_word' id='word_1_489' title='bbox 463 2262 737 2307; x_wconf 22' lang='lat' dir='ltr'><strong>cmpit’agerevcum</strong></span> <span class='ocrx_word' id='word_1_490' title='bbox 755 2263 867 2307; x_wconf 79' lang='lat' dir='ltr'><strong>abbate</strong></span> <span class='ocrx_word' id='word_1_491' title='bbox 878 2263 956 2305; x_wconf 35' lang='lat' dir='ltr'><strong>Con:</strong></span> 
     </span>
    </p>
   </div>
   <div class='ocr_carea' id='block_1_79' title="bbox 1018 1683 1838 1720">
    <p class='ocr_par' dir='ltr' id='par_1_79' title="bbox 1018 1683 1838 1720">
     <span class='ocr_line' id='line_1_79' title="bbox 1018 1683 1838 1720; baseline -0.002 -8"><span class='ocrx_word' id='word_1_492' title='bbox 1018 1693 1150 1712; x_wconf 89' lang='lat' dir='ltr'><strong>meorum</strong></span> <span class='ocrx_word' id='word_1_493' title='bbox 1157 1685 1390 1720; x_wconf 84' lang='lat' dir='ltr'><strong>qualemcunque</strong></span> <span class='ocrx_word' id='word_1_494' title='bbox 1402 1686 1574 1720; x_wconf 81' lang='lat' dir='ltr'><strong>potestatem</strong></span> <span class='ocrx_word' id='word_1_495' title='bbox 1581 1683 1687 1711; x_wconf 83' lang='lat' dir='ltr'><strong>habeat</strong></span> <span class='ocrx_word' id='word_1_496' title='bbox 1698 1683 1726 1710; x_wconf 93' lang='lat' dir='ltr'><strong>in</strong></span> <span class='ocrx_word' id='word_1_497' title='bbox 1738 1683 1838 1711; x_wconf 85' lang='lat' dir='ltr'><strong>eadem</strong></span> 
     </span>
    </p>
   </div>
   <div class='ocr_carea' id='block_1_80' title="bbox 1018 1727 1839 1767">
    <p class='ocr_par' dir='ltr' id='par_1_80' title="bbox 1018 1727 1839 1767">
     <span class='ocr_line' id='line_1_80' title="bbox 1018 1727 1839 1767; baseline -0.002 -10"><span class='ocrx_word' id='word_1_498' title='bbox 1018 1729 1212 1765; x_wconf 77' lang='lat' dir='ltr'><strong>possessione,</strong></span> <span class='ocrx_word' id='word_1_499' title='bbox 1228 1728 1271 1758; x_wconf 85' lang='lat' dir='ltr'><strong>vel</strong></span> <span class='ocrx_word' id='word_1_500' title='bbox 1283 1730 1312 1757; x_wconf 93' lang='lat' dir='ltr'><strong>in</strong></span> <span class='ocrx_word' id='word_1_501' title='bbox 1328 1729 1465 1767; x_wconf 80' lang='lat' dir='ltr'><strong>omnibus</strong></span> <span class='ocrx_word' id='word_1_502' title='bbox 1481 1736 1544 1767; x_wconf 61' lang='lat' dir='ltr'><strong>quin</strong></span> <span class='ocrx_word' id='word_1_503' title='bbox 1558 1730 1629 1755; x_wconf 83' lang='lat' dir='ltr'><strong>tunc</strong></span> <span class='ocrx_word' id='word_1_504' title='bbox 1643 1727 1762 1755; x_wconf 82' lang='lat' dir='ltr'><strong>inventa</strong></span> <span class='ocrx_word' id='word_1_505' title='bbox 1778 1728 1839 1755; x_wconf 87' lang='lat' dir='ltr'><strong>fue-</strong></span> 
     </span>
    </p>
   </div>
   <div class='ocr_carea' id='block_1_81' title="bbox 1018 1771 1839 1810">
    <p class='ocr_par' dir='ltr' id='par_1_81' title="bbox 1018 1771 1839 1810">
     <span class='ocr_line' id='line_1_81' title="bbox 1018 1771 1839 1810; baseline -0.002 -9"><span class='ocrx_word' id='word_1_506' title='bbox 1018 1774 1077 1802; x_wconf 91' lang='lat' dir='ltr'><strong>rint</strong></span> <span class='ocrx_word' id='word_1_507' title='bbox 1093 1774 1122 1801; x_wconf 91' lang='lat' dir='ltr'><strong>in</strong></span> <span class='ocrx_word' id='word_1_508' title='bbox 1136 1781 1180 1807; x_wconf 85' lang='lat' dir='ltr'><strong>ea,</strong></span> <span class='ocrx_word' id='word_1_509' title='bbox 1197 1773 1292 1801; x_wconf 87' lang='lat' dir='ltr'><strong>tamin</strong></span> <span class='ocrx_word' id='word_1_510' title='bbox 1300 1774 1462 1810; x_wconf 86' lang='lat' dir='ltr'><strong>pecudibus</strong></span> <span class='ocrx_word' id='word_1_511' title='bbox 1475 1781 1565 1809; x_wconf 86' lang='lat' dir='ltr'><strong>quam</strong></span> <span class='ocrx_word' id='word_1_512' title='bbox 1575 1772 1604 1800; x_wconf 91' lang='lat' dir='ltr'><strong>in</strong></span> <span class='ocrx_word' id='word_1_513' title='bbox 1616 1772 1682 1800; x_wconf 89' lang='lat' dir='ltr'><strong>aliis</strong></span> <span class='ocrx_word' id='word_1_514' title='bbox 1694 1771 1839 1808; x_wconf 88' lang='lat' dir='ltr'><strong>suppelle—</strong></span> 
     </span>
    </p>
   </div>
   <div class='ocr_carea' id='block_1_82' title="bbox 1017 1817 1839 1854">
    <p class='ocr_par' dir='ltr' id='par_1_82' title="bbox 1017 1817 1839 1854">
     <span class='ocr_line' id='line_1_82' title="bbox 1017 1817 1839 1854; baseline -0.004 -8"><span class='ocrx_word' id='word_1_515' title='bbox 1017 1818 1135 1852; x_wconf 80' lang='lat' dir='ltr'><strong>ctilibus</strong></span> <span class='ocrx_word' id='word_1_516' title='bbox 1145 1819 1188 1846; x_wconf 90' lang='lat' dir='ltr'><strong>vel</strong></span> <span class='ocrx_word' id='word_1_517' title='bbox 1200 1819 1228 1845; x_wconf 93' lang='lat' dir='ltr'><strong>in</strong></span> <span class='ocrx_word' id='word_1_518' title='bbox 1244 1818 1441 1854; x_wconf 88' lang='lat' dir='ltr'><strong>qualicunque</strong></span> <span class='ocrx_word' id='word_1_519' title='bbox 1457 1817 1623 1845; x_wconf 87' lang='lat' dir='ltr'><strong>substantia</strong></span> <span class='ocrx_word' id='word_1_520' title='bbox 1640 1826 1646 1850; x_wconf 88' lang='lat'><strong>;</strong></span> <span class='ocrx_word' id='word_1_521' title='bbox 1671 1817 1722 1844; x_wconf 90' lang='lat' dir='ltr'><strong>sed</strong></span> <span class='ocrx_word' id='word_1_522' title='bbox 1747 1817 1839 1845; x_wconf 86' lang='lat' dir='ltr'><strong>abbas</strong></span> 
     </span>
    </p>
   </div>
   <div class='ocr_carea' id='block_1_83' title="bbox 1017 1861 1837 1898">
    <p class='ocr_par' dir='ltr' id='par_1_83' title="bbox 1017 1861 1837 1898">
     <span class='ocr_line' id='line_1_83' title="bbox 1017 1861 1837 1898; baseline -0.002 -8"><span class='ocrx_word' id='word_1_523' title='bbox 1017 1863 1143 1898; x_wconf 89' lang='lat' dir='ltr'><strong>quitunc</strong></span> <span class='ocrx_word' id='word_1_524' title='bbox 1153 1863 1240 1890; x_wconf 84' lang='lat' dir='ltr'><strong>fuerit</strong></span> <span class='ocrx_word' id='word_1_525' title='bbox 1251 1862 1410 1898; x_wconf 67' lang='lat' dir='ltr'><strong>praesidens</strong></span> <span class='ocrx_word' id='word_1_526' title='bbox 1423 1861 1600 1889; x_wconf 84' lang='lat' dir='ltr'><strong>monasterio</strong></span> <span class='ocrx_word' id='word_1_527' title='bbox 1609 1861 1837 1894; x_wconf 85' lang='lat' dir='ltr'><strong>Petrishusensi,</strong></span> 
     </span>
    </p>
   </div>
   <div class='ocr_carea' id='block_1_84' title="bbox 1015 1905 1838 1945">
    <p class='ocr_par' dir='ltr' id='par_1_84' title="bbox 1015 1905 1838 1945">
     <span class='ocr_line' id='line_1_84' title="bbox 1015 1905 1838 1945; baseline -0.002 -10"><span class='ocrx_word' id='word_1_528' title='bbox 1015 1910 1043 1934; x_wconf 90' lang='lat' dir='ltr'><strong>et</strong></span> <span class='ocrx_word' id='word_1_529' title='bbox 1054 1907 1156 1941; x_wconf 79' lang='lat' dir='ltr'><strong>fratres</strong></span> <span class='ocrx_word' id='word_1_530' title='bbox 1169 1907 1300 1943; x_wconf 73' lang='lat' dir='ltr'><strong>ejusdem</strong></span> <span class='ocrx_word' id='word_1_531' title='bbox 1311 1906 1378 1945; x_wconf 83' lang='lat' dir='ltr'><strong>loci,</strong></span> <span class='ocrx_word' id='word_1_532' title='bbox 1391 1914 1425 1933; x_wconf 86' lang='lat' dir='ltr'><strong>ex</strong></span> <span class='ocrx_word' id='word_1_533' title='bbox 1433 1906 1544 1941; x_wconf 90' lang='lat' dir='ltr'><strong>integro</strong></span> <span class='ocrx_word' id='word_1_534' title='bbox 1553 1907 1648 1940; x_wconf 85' lang='lat' dir='ltr'><strong>totum</strong></span> <span class='ocrx_word' id='word_1_535' title='bbox 1656 1905 1767 1941; x_wconf 77' lang='lat' dir='ltr'><strong>absque</strong></span> <span class='ocrx_word' id='word_1_536' title='bbox 1778 1905 1838 1933; x_wconf 85' lang='lat' dir='ltr'><strong>ulla</strong></span> 
     </span>
    </p>
   </div>
   <div class='ocr_carea' id='block_1_85' title="bbox 1015 1947 1836 1988">
    <p class='ocr_par' dir='ltr' id='par_1_85' title="bbox 1015 1947 1836 1988">
     <span class='ocr_line' id='line_1_85' title="bbox 1015 1947 1836 1988; baseline -0.002 -10"><span class='ocrx_word' id='word_1_537' title='bbox 1015 1951 1243 1988; x_wconf 82' lang='lat' dir='ltr'><strong>contradictione</strong></span> <span class='ocrx_word' id='word_1_538' title='bbox 1257 1948 1436 1987; x_wconf 84' lang='lat' dir='ltr'><strong>possideant,</strong></span> <span class='ocrx_word' id='word_1_539' title='bbox 1447 1957 1499 1986; x_wconf 88' lang='lat' dir='ltr'><strong>pro</strong></span> <span class='ocrx_word' id='word_1_540' title='bbox 1508 1947 1637 1985; x_wconf 77' lang='lat' dir='ltr'><strong>remedio</strong></span> <span class='ocrx_word' id='word_1_541' title='bbox 1648 1948 1753 1975; x_wconf 65' lang='lat' dir='ltr'><strong>animae</strong></span> <span class='ocrx_word' id='word_1_542' title='bbox 1765 1957 1836 1976; x_wconf 70' lang='lat' dir='ltr'><strong>meo:</strong></span> 
     </span>
    </p>
   </div>
   <div class='ocr_carea' id='block_1_86' title="bbox 1014 1993 1838 2029">
    <p class='ocr_par' dir='ltr' id='par_1_86' title="bbox 1014 1993 1838 2029">
     <span class='ocr_line' id='line_1_86' title="bbox 1014 1993 1838 2029; baseline -0.002 -6"><span class='ocrx_word' id='word_1_543' title='bbox 1014 1998 1042 2023; x_wconf 88' lang='lat' dir='ltr'><strong>et</strong></span> <span class='ocrx_word' id='word_1_544' title='bbox 1058 1996 1160 2023; x_wconf 86' lang='lat' dir='ltr'><strong>matris</strong></span> <span class='ocrx_word' id='word_1_545' title='bbox 1175 2004 1244 2023; x_wconf 66' lang='lat' dir='ltr'><strong>meae</strong></span> <span class='ocrx_word' id='word_1_546' title='bbox 1259 1998 1289 2023; x_wconf 88' lang='lat' dir='ltr'><strong>et</strong></span> <span class='ocrx_word' id='word_1_547' title='bbox 1304 1994 1436 2022; x_wconf 90' lang='lat' dir='ltr'><strong>omnium</strong></span> <span class='ocrx_word' id='word_1_548' title='bbox 1453 1995 1605 2029; x_wconf 88' lang='lat' dir='ltr'><strong>parentum</strong></span> <span class='ocrx_word' id='word_1_549' title='bbox 1631 2000 1774 2021; x_wconf 90' lang='lat' dir='ltr'><strong>meorum.</strong></span> <span class='ocrx_word' id='word_1_550' title='bbox 1803 1993 1838 2021; x_wconf 85' lang='lat' dir='ltr'><strong>Et</strong></span> 
     </span>
    </p>
   </div>
   <div class='ocr_carea' id='block_1_87' title="bbox 1013 2037 1836 2076">
    <p class='ocr_par' dir='ltr' id='par_1_87' title="bbox 1013 2037 1836 2076">
     <span class='ocr_line' id='line_1_87' title="bbox 1013 2037 1836 2076; baseline -0.002 -9"><span class='ocrx_word' id='word_1_551' title='bbox 1013 2039 1455 2076; x_wconf 71' lang='lat' dir='ltr'><strong>egolludolphustestamentum</strong></span> <span class='ocrx_word' id='word_1_552' title='bbox 1464 2038 1540 2065; x_wconf 89' lang='lat' dir='ltr'><strong>istud</strong></span> <span class='ocrx_word' id='word_1_553' title='bbox 1550 2037 1694 2065; x_wconf 88' lang='lat' dir='ltr'><strong>conscribi</strong></span> <span class='ocrx_word' id='word_1_554' title='bbox 1704 2038 1836 2074; x_wconf 61' lang='lat' dir='ltr'><strong>pracepi;</strong></span> 
     </span>
    </p>
   </div>
   <div class='ocr_carea' id='block_1_88' title="bbox 1013 2082 1837 2112">
    <p class='ocr_par' dir='ltr' id='par_1_88' title="bbox 1013 2082 1837 2112">
     <span class='ocr_line' id='line_1_88' title="bbox 1013 2082 1837 2112; baseline -0.002 0"><span class='ocrx_word' id='word_1_555' title='bbox 1013 2092 1047 2112; x_wconf 86' lang='lat' dir='ltr'><strong>ea</strong></span> <span class='ocrx_word' id='word_1_556' title='bbox 1062 2083 1174 2112; x_wconf 89' lang='lat' dir='ltr'><strong>scilicet</strong></span> <span class='ocrx_word' id='word_1_557' title='bbox 1190 2084 1301 2111; x_wconf 83' lang='lat' dir='ltr'><strong>ratione</strong></span> <span class='ocrx_word' id='word_1_558' title='bbox 1317 2087 1349 2111; x_wconf 87' lang='lat' dir='ltr'><strong>ut</strong></span> <span class='ocrx_word' id='word_1_559' title='bbox 1364 2083 1463 2111; x_wconf 90' lang='lat' dir='ltr'><strong>nullus</strong></span> <span class='ocrx_word' id='word_1_560' title='bbox 1472 2091 1504 2112; x_wconf 85' lang='lat' dir='ltr'><strong>ex</strong></span> <span class='ocrx_word' id='word_1_561' title='bbox 1520 2082 1687 2110; x_wconf 69' lang='lat' dir='ltr'><strong>basredibns</strong></span> <span class='ocrx_word' id='word_1_562' title='bbox 1698 2083 1772 2110; x_wconf 90' lang='lat' dir='ltr'><strong>meis</strong></span> <span class='ocrx_word' id='word_1_563' title='bbox 1781 2083 1837 2110; x_wconf 88' lang='lat' dir='ltr'><strong>hoc</strong></span> 
     </span>
    </p>
   </div>
   <div class='ocr_carea' id='block_1_89' title="bbox 1013 2127 1835 2164">
    <p class='ocr_par' dir='ltr' id='par_1_89' title="bbox 1013 2127 1835 2164">
     <span class='ocr_line' id='line_1_89' title="bbox 1013 2127 1835 2164; baseline -0.001 -8"><span class='ocrx_word' id='word_1_564' title='bbox 1013 2129 1122 2157; x_wconf 81' lang='lat' dir='ltr'><strong>factum</strong></span> <span class='ocrx_word' id='word_1_565' title='bbox 1140 2136 1237 2164; x_wconf 82' lang='lat' dir='ltr'><strong>meum</strong></span> <span class='ocrx_word' id='word_1_566' title='bbox 1253 2128 1421 2164; x_wconf 80' lang='lat' dir='ltr'><strong>infringere,</strong></span> <span class='ocrx_word' id='word_1_567' title='bbox 1437 2128 1480 2156; x_wconf 89' lang='lat' dir='ltr'><strong>vel</strong></span> <span class='ocrx_word' id='word_1_568' title='bbox 1498 2128 1654 2164; x_wconf 75' lang='lat' dir='ltr'><strong>prazdictos</strong></span> <span class='ocrx_word' id='word_1_569' title='bbox 1679 2127 1784 2155; x_wconf 83' lang='lat' dir='ltr'><strong>fratres</strong></span> <span class='ocrx_word' id='word_1_570' title='bbox 1807 2127 1835 2155; x_wconf 90' lang='lat' dir='ltr'><strong>in</strong></span> 
     </span>
    </p>
   </div>
   <div class='ocr_carea' id='block_1_90' title="bbox 1013 2171 1835 2209">
    <p class='ocr_par' dir='ltr' id='par_1_90' title="bbox 1013 2171 1835 2209">
     <span class='ocr_line' id='line_1_90' title="bbox 1013 2171 1835 2209; baseline -0.001 -9"><span class='ocrx_word' id='word_1_571' title='bbox 1013 2173 1119 2209; x_wconf 74' lang='lat' dir='ltr'><strong>praedio</strong></span> <span class='ocrx_word' id='word_1_572' title='bbox 1130 2173 1186 2200; x_wconf 89' lang='lat' dir='ltr'><strong>isto</strong></span> <span class='ocrx_word' id='word_1_573' title='bbox 1202 2172 1365 2209; x_wconf 88' lang='lat' dir='ltr'><strong>inquietare</strong></span> <span class='ocrx_word' id='word_1_574' title='bbox 1380 2172 1484 2200; x_wconf 86' lang='lat' dir='ltr'><strong>audeat</strong></span> <span class='ocrx_word' id='word_1_575' title='bbox 1499 2175 1566 2208; x_wconf 89' lang='lat' dir='ltr'><strong>post</strong></span> <span class='ocrx_word' id='word_1_576' title='bbox 1589 2171 1701 2199; x_wconf 82' lang='lat' dir='ltr'><strong>obitum</strong></span> <span class='ocrx_word' id='word_1_577' title='bbox 1727 2179 1835 2201; x_wconf 84' lang='lat' dir='ltr'><strong>meum.</strong></span> 
     </span>
    </p>
   </div>
   <div class='ocr_carea' id='block_1_91' title="bbox 1012 2215 1835 2250">
    <p class='ocr_par' dir='ltr' id='par_1_91' title="bbox 1012 2215 1835 2250">
     <span class='ocr_line' id='line_1_91' title="bbox 1012 2215 1835 2250; baseline -0.004 -5"><span class='ocrx_word' id='word_1_578' title='bbox 1012 2220 1117 2245; x_wconf 85' lang='lat' dir='ltr'><strong>Actum</strong></span> <span class='ocrx_word' id='word_1_579' title='bbox 1134 2226 1210 2245; x_wconf 88' lang='lat' dir='ltr'><strong>anno</strong></span> <span class='ocrx_word' id='word_1_580' title='bbox 1232 2218 1376 2244; x_wconf 85' lang='lat' dir='ltr'><strong>lncarnat.</strong></span> <span class='ocrx_word' id='word_1_581' title='bbox 1390 2217 1473 2243; x_wconf 85' lang='lat' dir='ltr'><strong>Dom.</strong></span> <span class='ocrx_word' id='word_1_582' title='bbox 1486 2224 1606 2250; x_wconf 67' lang='lat' dir='ltr'><strong>meum,</strong></span> <span class='ocrx_word' id='word_1_583' title='bbox 1623 2217 1764 2250; x_wconf 80' lang='lat' dir='ltr'><strong>regnante</strong></span> <span class='ocrx_word' id='word_1_584' title='bbox 1775 2215 1835 2243; x_wconf 86' lang='lat' dir='ltr'><strong>Fri-</strong></span> 
     </span>
    </p>
   </div>
   <div class='ocr_carea' id='block_1_92' title="bbox 1012 2259 1834 2302">
    <p class='ocr_par' dir='ltr' id='par_1_92' title="bbox 1012 2259 1834 2302">
     <span class='ocr_line' id='line_1_92' title="bbox 1012 2259 1834 2302; baseline -0.005 -13"><span class='ocrx_word' id='word_1_585' title='bbox 1012 2262 1108 2302; x_wconf 83' lang='lat' dir='ltr'><strong>derico</strong></span> <span class='ocrx_word' id='word_1_586' title='bbox 1124 2263 1309 2297; x_wconf 84' lang='lat' dir='ltr'><strong>imperatore,</strong></span> <span class='ocrx_word' id='word_1_587' title='bbox 1320 2261 1500 2288; x_wconf 85' lang='lat' dir='ltr'><strong>Hcrimanno</strong></span> <span class='ocrx_word' id='word_1_588' title='bbox 1511 2260 1662 2287; x_wconf 82' lang='lat' dir='ltr'><strong>Constant.</strong></span> <span class='ocrx_word' id='word_1_589' title='bbox 1686 2259 1834 2295; x_wconf 87' lang='lat' dir='ltr'><strong>episcopo,</strong></span> 
     </span>
    </p>
   </div>
   <div class='ocr_carea' id='block_1_93' title="bbox 131 2299 1836 2344">
    <p class='ocr_par' dir='ltr' id='par_1_93' title="bbox 131 2299 1836 2344">
     <span class='ocr_line' id='line_1_93' title="bbox 131 2299 1836 2344; baseline -0.003 -9"><span class='ocrx_word' id='word_1_590' title='bbox 131 2308 212 2342; x_wconf 81' lang='lat' dir='ltr'><strong>rado,</strong></span> <span class='ocrx_word' id='word_1_591' title='bbox 226 2309 378 2343; x_wconf 89' lang='lat' dir='ltr'><strong>quatenus</strong></span> <span class='ocrx_word' id='word_1_592' title='bbox 388 2299 726 2342; x_wconf 43' lang='lat' dir='ltr'><strong>eadempo&#39;ssessiojuc</strong></span> <span class='ocrx_word' id='word_1_593' title='bbox 736 2301 853 2336; x_wconf 82' lang='lat' dir='ltr'><strong>vocatur</strong></span> <span class='ocrx_word' id='word_1_594' title='bbox 864 2299 958 2340; x_wconf 48' lang='lat' dir='ltr'><strong>Binis;</strong></span> <span class='ocrx_word' id='word_1_595' title='bbox 972 2312 996 2344; x_wconf 76' lang='grc' dir='ltr'>ῃ</span> <span class='ocrx_word' id='word_1_596' title='bbox 1011 2299 1065 2334; x_wconf 78' lang='lat' dir='ltr'><strong>sub</strong></span> <span class='ocrx_word' id='word_1_597' title='bbox 1076 2300 1180 2339; x_wconf 78' lang='lat' dir='ltr'><strong>abbate</strong></span> <span class='ocrx_word' id='word_1_598' title='bbox 1196 2305 1338 2336; x_wconf 83' lang='lat' dir='ltr'><strong>Conrado.</strong></span> <span class='ocrx_word' id='word_1_599' title='bbox 1350 2306 1383 2332; x_wconf 88' lang='lat' dir='ltr'><strong>Et</strong></span> <span class='ocrx_word' id='word_1_600' title='bbox 1393 2312 1445 2340; x_wconf 81' lang='lat' dir='ltr'><strong>ego</strong></span> <span class='ocrx_word' id='word_1_601' title='bbox 1462 2303 1652 2338; x_wconf 80' lang='lat' dir='ltr'><strong>Gehehardus</strong></span> <span class='ocrx_word' id='word_1_602' title='bbox 1683 2303 1836 2338; x_wconf 88' lang='lat' dir='ltr'><strong>presbyter</strong></span> 
     </span>
    </p>
   </div>
   <div class='ocr_carea' id='block_1_94' title="bbox 130 2351 955 2390">
    <p class='ocr_par' dir='ltr' id='par_1_94' title="bbox 130 2351 955 2390">
     <span class='ocr_line' id='line_1_94' title="bbox 130 2351 955 2390; baseline 0 -11"><span class='ocrx_word' id='word_1_603' title='bbox 130 2351 284 2390; x_wconf 81' lang='lat' dir='ltr'><strong>gimunde,</strong></span> <span class='ocrx_word' id='word_1_604' title='bbox 301 2351 357 2386; x_wconf 87' lang='lat' dir='ltr'><strong>sibi</strong></span> <span class='ocrx_word' id='word_1_605' title='bbox 374 2359 426 2387; x_wconf 91' lang='lat' dir='ltr'><strong>pro</strong></span> <span class='ocrx_word' id='word_1_606' title='bbox 441 2351 565 2387; x_wconf 88' lang='lat' dir='ltr'><strong>pecunia</strong></span> <span class='ocrx_word' id='word_1_607' title='bbox 577 2351 786 2390; x_wconf 83' lang='lat' dir='ltr'><strong>concederetur</strong></span> <span class='ocrx_word' id='word_1_608' title='bbox 801 2359 894 2387; x_wconf 84' lang='lat' dir='ltr'><strong>usque</strong></span> <span class='ocrx_word' id='word_1_609' title='bbox 919 2352 955 2379; x_wconf 86' lang='lat' dir='ltr'><strong>ad</strong></span> 
     </span>
    </p>
   </div>
   <div class='ocr_carea' id='block_1_95' title="bbox 130 2387 957 2437">
    <p class='ocr_par' dir='ltr' id='par_1_95' title="bbox 130 2387 957 2437">
     <span class='ocr_line' id='line_1_95' title="bbox 130 2387 957 2437; baseline 0.001 -15"><span class='ocrx_word' id='word_1_610' title='bbox 130 2387 219 2437; x_wconf 54' lang='lat' dir='ltr'><strong>finem</strong></span> <span class='ocrx_word' id='word_1_611' title='bbox 227 2394 300 2423; x_wconf 79' lang='lat' dir='ltr'><strong>vita:</strong></span> <span class='ocrx_word' id='word_1_612' title='bbox 316 2403 386 2432; x_wconf 68' lang='lat' dir='ltr'><strong>suae,</strong></span> <span class='ocrx_word' id='word_1_613' title='bbox 398 2396 431 2422; x_wconf 88' lang='lat' dir='ltr'><strong>ut</strong></span> <span class='ocrx_word' id='word_1_614' title='bbox 444 2395 485 2422; x_wconf 85' lang='lat' dir='ltr'><strong>ibi</strong></span> <span class='ocrx_word' id='word_1_615' title='bbox 502 2387 774 2432; x_wconf 85' lang='lat' dir='ltr'><strong>peculiaenutriret</strong></span> <span class='ocrx_word' id='word_1_616' title='bbox 802 2398 831 2423; x_wconf 90' lang='lat' dir='ltr'><strong>et</strong></span> <span class='ocrx_word' id='word_1_617' title='bbox 854 2395 957 2423; x_wconf 82' lang='lat' dir='ltr'><strong>exinde</strong></span> 
     </span>
    </p>
   </div>
   <div class='ocr_carea' id='block_1_96' title="bbox 130 2430 955 2481">
    <p class='ocr_par' dir='ltr' id='par_1_96' title="bbox 130 2430 955 2481">
     <span class='ocr_line' id='line_1_96' title="bbox 130 2430 955 2481; baseline 0 -13"><span class='ocrx_word' id='word_1_618' title='bbox 130 2430 240 2481; x_wconf 63' lang='lat' dir='ltr'><strong>pabula</strong></span> <span class='ocrx_word' id='word_1_619' title='bbox 247 2442 281 2480; x_wconf 38' lang='lat' dir='ltr'><strong>et,</strong></span> <span class='ocrx_word' id='word_1_620' title='bbox 291 2430 404 2477; x_wconf 84' lang='lat' dir='ltr'><strong>pascua</strong></span> <span class='ocrx_word' id='word_1_621' title='bbox 411 2430 518 2469; x_wconf 80' lang='lat' dir='ltr'><strong>habere</strong></span> <span class='ocrx_word' id='word_1_622' title='bbox 529 2430 682 2477; x_wconf 87' lang='lat' dir='ltr'><strong>potuisset,</strong></span> <span class='ocrx_word' id='word_1_623' title='bbox 696 2442 821 2476; x_wconf 87' lang='lat' dir='ltr'><strong>postque</strong></span> <span class='ocrx_word' id='word_1_624' title='bbox 831 2442 955 2468; x_wconf 89' lang='lat' dir='ltr'><strong>mortem</strong></span> 
     </span>
    </p>
   </div>
   <div class='ocr_carea' id='block_1_97' title="bbox 130 2483 956 2520">
    <p class='ocr_par' dir='ltr' id='par_1_97' title="bbox 130 2483 956 2520">
     <span class='ocr_line' id='line_1_97' title="bbox 130 2483 956 2520; baseline 0 -9"><span class='ocrx_word' id='word_1_625' title='bbox 130 2484 303 2520; x_wconf 69' lang='lat' dir='ltr'><strong>ipsiuatam</strong></span> <span class='ocrx_word' id='word_1_626' title='bbox 319 2483 415 2520; x_wconf 78' lang='lat' dir='ltr'><strong>ipsam</strong></span> <span class='ocrx_word' id='word_1_627' title='bbox 428 2483 656 2519; x_wconf 80' lang='lat' dir='ltr'><strong>possessionem,</strong></span> <span class='ocrx_word' id='word_1_628' title='bbox 672 2492 761 2520; x_wconf 89' lang='lat' dir='ltr'><strong>quam</strong></span> <span class='ocrx_word' id='word_1_629' title='bbox 778 2484 878 2513; x_wconf 88' lang='lat' dir='ltr'><strong>omnia</strong></span> <span class='ocrx_word' id='word_1_630' title='bbox 893 2493 956 2520; x_wconf 81' lang='lat' dir='ltr'><strong>quae</strong></span> 
     </span>
    </p>
   </div>
   <div class='ocr_carea' id='block_1_98' title="bbox 129 2528 957 2566">
    <p class='ocr_par' dir='ltr' id='par_1_98' title="bbox 129 2528 957 2566">
     <span class='ocr_line' id='line_1_98' title="bbox 129 2528 957 2566; baseline 0.002 -11"><span class='ocrx_word' id='word_1_631' title='bbox 129 2531 200 2557; x_wconf 83' lang='lat' dir='ltr'><strong>tunc</strong></span> <span class='ocrx_word' id='word_1_632' title='bbox 214 2528 289 2566; x_wconf 81' lang='lat' dir='ltr'><strong>inibi</strong></span> <span class='ocrx_word' id='word_1_633' title='bbox 305 2528 517 2561; x_wconf 82' lang='lat' dir='ltr'><strong>invenirentur,</strong></span> <span class='ocrx_word' id='word_1_634' title='bbox 533 2529 642 2565; x_wconf 87' lang='lat' dir='ltr'><strong>absque</strong></span> <span class='ocrx_word' id='word_1_635' title='bbox 654 2528 713 2556; x_wconf 84' lang='lat' dir='ltr'><strong>ulla</strong></span> <span class='ocrx_word' id='word_1_636' title='bbox 727 2529 957 2557; x_wconf 85' lang='lat' dir='ltr'><strong>contradictione</strong></span> 
     </span>
    </p>
   </div>
   <div class='ocr_carea' id='block_1_99' title="bbox 175 2620 527 2657">
    <p class='ocr_par' dir='ltr' id='par_1_99' title="bbox 175 2620 527 2657">
     <span class='ocr_line' id='line_1_99' title="bbox 175 2620 527 2657; baseline -0.006 -7"><span class='ocrx_word' id='word_1_637' title='bbox 175 2621 242 2657; x_wconf 82' lang='lat'><strong>990)</strong></span> <span class='ocrx_word' id='word_1_638' title='bbox 252 2620 319 2657; x_wconf 73' lang='lat' dir='ltr'><strong>Yid.</strong></span> <span class='ocrx_word' id='word_1_639' title='bbox 337 2621 389 2650; x_wconf 89' lang='lat' dir='ltr'><strong>lib.</strong></span> <span class='ocrx_word' id='word_1_640' title='bbox 407 2630 440 2654; x_wconf 91' lang='lat'><strong>11,</strong></span> <span class='ocrx_word' id='word_1_641' title='bbox 455 2621 469 2655; x_wconf 86' lang='lat'><strong>§</strong></span> <span class='ocrx_word' id='word_1_642' title='bbox 484 2622 527 2649; x_wconf 79' lang='lat' dir='ltr'><strong>l7.</strong></span> 
     </span>
    </p>
   </div>
   <div class='ocr_carea' id='block_1_100' title="bbox 165 2622 956 2722">
    <p class='ocr_par' dir='ltr' id='par_1_100' title="bbox 165 2622 956 2722">
     <span class='ocr_line' id='line_1_100' title="bbox 175 2622 527 2657; baseline -0.006 -7"><span class='ocrx_word' id='word_1_643' title='bbox 175 2622 230 2650; x_wconf 84' lang='lat'><strong>990</strong></span> <span class='ocrx_word' id='word_1_644' title='bbox 252 2622 319 2657; x_wconf 76' lang='lat' dir='ltr'><strong>Yid.</strong></span> <span class='ocrx_word' id='word_1_645' title='bbox 337 2622 389 2650; x_wconf 89' lang='lat' dir='ltr'><strong>lib.</strong></span> <span class='ocrx_word' id='word_1_646' title='bbox 407 2630 440 2654; x_wconf 91' lang='lat'><strong>11,</strong></span> <span class='ocrx_word' id='word_1_647' title='bbox 455 2622 469 2655; x_wconf 86' lang='lat'><strong>§</strong></span> <span class='ocrx_word' id='word_1_648' title='bbox 484 2622 527 2649; x_wconf 79' lang='lat' dir='ltr'><strong>l7.</strong></span> 
     </span>
     <span class='ocr_line' id='line_1_101' title="bbox 165 2622 956 2722; baseline 0.001 -37"><span class='ocrx_word' id='word_1_649' title='bbox 165 2622 242 2722; x_wconf 46' lang='lat' dir='ltr'><strong>Eli</strong></span> <span class='ocrx_word' id='word_1_650' title='bbox 252 2656 539 2698; x_wconf 58' lang='lat' dir='ltr'><strong>Budolpbusromes</strong></span> <span class='ocrx_word' id='word_1_651' title='bbox 551 2657 585 2684; x_wconf 87' lang='lat' dir='ltr'><strong>de</strong></span> <span class='ocrx_word' id='word_1_652' title='bbox 600 2657 858 2697; x_wconf 72' lang='lat' dir='ltr'><strong>Ramesberginler</strong></span> <span class='ocrx_word' id='word_1_653' title='bbox 869 2658 956 2698; x_wconf 74' lang='lat' dir='ltr'><strong>testes</strong></span> 
     </span>
     <span class='ocr_line' id='line_1_102' title="bbox 220 2693 954 2722; baseline 0.001 -1"><span class='ocrx_word' id='word_1_654' title='bbox 220 2696 307 2722; x_wconf 77' lang='lat' dir='ltr'><strong>noslt</strong></span> <span class='ocrx_word' id='word_1_655' title='bbox 319 2702 347 2721; x_wconf 82' lang='lat' dir='ltr'><strong>ll]</strong></span> <span class='ocrx_word' id='word_1_656' title='bbox 362 2701 479 2722; x_wconf 66' lang='lat' dir='ltr'><strong>gemino</strong></span> <span class='ocrx_word' id='word_1_657' title='bbox 495 2693 653 2722; x_wconf 73' lang='lat' dir='ltr'><strong>diplomate</strong></span> <span class='ocrx_word' id='word_1_658' title='bbox 670 2693 792 2720; x_wconf 75' lang='lat' dir='ltr'><strong>Conradi</strong></span> <span class='ocrx_word' id='word_1_659' title='bbox 819 2693 854 2720; x_wconf 83' lang='lat' dir='ltr'><strong>Ili</strong></span> <span class='ocrx_word' id='word_1_660' title='bbox 883 2701 954 2722; x_wconf 78' lang='lat' dir='ltr'><strong>imo.</strong></span> 
     </span>
    </p>
   </div>
   <div class='ocr_carea' id='block_1_101' title="bbox 132 2692 954 2730">
    <p class='ocr_par' dir='ltr' id='par_1_101' title="bbox 132 2692 954 2730">
     <span class='ocr_line' id='line_1_103' title="bbox 132 2692 954 2730; baseline 0 -9"><span class='ocrx_word' id='word_1_661' title='bbox 132 2692 483 2730; x_wconf 18' lang='lat' dir='ltr'><strong>subscrﬁpsitin’gemino»</strong></span> <span class='ocrx_word' id='word_1_662' title='bbox 495 2692 653 2730; x_wconf 73' lang='lat' dir='ltr'><strong>diplomate</strong></span> <span class='ocrx_word' id='word_1_663' title='bbox 670 2692 792 2730; x_wconf 58' lang='lat' dir='ltr'><strong>Conraili</strong></span> <span class='ocrx_word' id='word_1_664' title='bbox 819 2693 854 2720; x_wconf 88' lang='lat' dir='ltr'><strong>Ill</strong></span> <span class='ocrx_word' id='word_1_665' title='bbox 883 2693 954 2730; x_wconf 85' lang='lat' dir='ltr'><strong>imp.</strong></span> 
     </span>
    </p>
   </div>
   <div class='ocr_carea' id='block_1_102' title="bbox 132 2727 956 2791">
    <p class='ocr_par' dir='ltr' id='par_1_102' title="bbox 132 2727 956 2791">
     <span class='ocr_line' id='line_1_104' title="bbox 132 2727 956 2791; baseline 0.001 -36"><span class='ocrx_word' id='word_1_666' title='bbox 132 2737 178 2760; x_wconf 77' lang='lat' dir='ltr'><strong>an.</strong></span> <span class='ocrx_word' id='word_1_667' title='bbox 193 2727 259 2769; x_wconf 57' lang='lat' dir='ltr'><strong>illi</strong></span> <span class='ocrx_word' id='word_1_668' title='bbox 273 2727 310 2769; x_wconf 41' lang='lat' dir='ltr'><strong>et.</strong></span> <span class='ocrx_word' id='word_1_669' title='bbox 321 2729 348 2756; x_wconf 85' lang='grc'><strong>11</strong></span> <span class='ocrx_word' id='word_1_670' title='bbox 359 2727 393 2769; x_wconf 58' lang='lat'><strong>4?</strong></span> <span class='ocrx_word' id='word_1_671' title='bbox 408 2728 484 2773; x_wconf 74' lang='lat' dir='ltr'><strong>apud</strong></span> <span class='ocrx_word' id='word_1_672' title='bbox 500 2727 635 2791; x_wconf 61' lang='lat' dir='ltr'><strong>lierrgott</strong></span> <span class='ocrx_word' id='word_1_673' title='bbox 648 2731 717 2755; x_wconf 87' lang='lat' dir='ltr'><strong>tom.</strong></span> <span class='ocrx_word' id='word_1_674' title='bbox 740 2729 771 2761; x_wconf 82' lang='lat' dir='ltr'><strong>li,</strong></span> <span class='ocrx_word' id='word_1_675' title='bbox 782 2738 847 2764; x_wconf 70' lang='lat' dir='ltr'><strong>pag.</strong></span> <span class='ocrx_word' id='word_1_676' title='bbox 882 2727 956 2757; x_wconf 61' lang='lat' dir='ltr'><strong>65st</strong></span> 
     </span>
     <span class='ocr_line' id='line_1_105' title="bbox 133 2764 954 2791; baseline 0 0"><span class='ocrx_word' id='word_1_677' title='bbox 133 2764 286 2791; x_wconf 73' lang='lat' dir='ltr'><strong>168.:1tem</strong></span> <span class='ocrx_word' id='word_1_678' title='bbox 304 2773 333 2791; x_wconf 88' lang='lat' dir='ltr'><strong>1n</strong></span> <span class='ocrx_word' id='word_1_679' title='bbox 347 2764 404 2791; x_wconf 79' lang='lat' dir='ltr'><strong>alio</strong></span> <span class='ocrx_word' id='word_1_680' title='bbox 418 2764 556 2791; x_wconf 69' lang='lat' dir='ltr'><strong>i‘rldel&#39;lCl</strong></span> <span class='ocrx_word' id='word_1_681' title='bbox 589 2786 595 2791; x_wconf 94' lang='lat'><strong>.</strong></span> <span class='ocrx_word' id='word_1_682' title='bbox 613 2772 658 2791; x_wconf 78' lang='lat' dir='ltr'><strong>an.</strong></span> <span class='ocrx_word' id='word_1_683' title='bbox 677 2765 755 2791; x_wconf 82' lang='grc'>1155.</span> <span class='ocrx_word' id='word_1_684' title='bbox 788 2768 841 2791; x_wconf 68' lang='lat' dir='ltr'><strong>etc.</strong></span> <span class='ocrx_word' id='word_1_685' title='bbox 870 2765 954 2791; x_wconf 87' lang='lat' dir='ltr'><strong>Anud</strong></span> 
     </span>
    </p>
   </div>
   <div class='ocr_carea' id='block_1_103' title="bbox 133 2763 954 2802">
    <p class='ocr_par' dir='ltr' id='par_1_103' title="bbox 133 2763 954 2802">
     <span class='ocr_line' id='line_1_106' title="bbox 133 2763 954 2802; baseline 0.001 -11"><span class='ocrx_word' id='word_1_686' title='bbox 133 2764 286 2802; x_wconf 17' lang='lat' dir='ltr'><strong>i76§.;ritem</strong></span> <span class='ocrx_word' id='word_1_687' title='bbox 304 2764 333 2791; x_wconf 88' lang='lat' dir='ltr'><strong>in</strong></span> <span class='ocrx_word' id='word_1_688' title='bbox 347 2763 556 2802; x_wconf 67' lang='lat' dir='ltr'><strong>aliol&#39;riderici</strong></span> <span class='ocrx_word' id='word_1_689' title='bbox 575 2763 658 2802; x_wconf 79' lang='lat' dir='ltr'><strong>I,_an.</strong></span> <span class='ocrx_word' id='word_1_690' title='bbox 677 2765 755 2802; x_wconf 17' lang='lat'><strong>1717575,</strong></span> <span class='ocrx_word' id='word_1_691' title='bbox 788 2763 841 2791; x_wconf 66' lang='lat' dir='ltr'><strong>etc.</strong></span> <span class='ocrx_word' id='word_1_692' title='bbox 870 2765 954 2800; x_wconf 87' lang='lat' dir='ltr'><strong>Apud</strong></span> 
     </span>
    </p>
   </div>
   <div class='ocr_carea' id='block_1_104' title="bbox 132 2796 955 2837">
    <p class='ocr_par' dir='ltr' id='par_1_104' title="bbox 132 2796 955 2837">
     <span class='ocr_line' id='line_1_107' title="bbox 132 2796 955 2837; baseline 0.002 -11"><span class='ocrx_word' id='word_1_693' title='bbox 132 2796 261 2837; x_wconf 56' lang='lat' dir='ltr'><strong>Gnosium</strong></span> <span class='ocrx_word' id='word_1_694' title='bbox 272 2809 303 2837; x_wconf 86' lang='lat' dir='ltr'><strong>p.</strong></span> <span class='ocrx_word' id='word_1_695' title='bbox 319 2799 474 2837; x_wconf 20' lang='lat' dir='ltr'><strong>111,Alib.rv,</strong></span> <span class='ocrx_word' id='word_1_696' title='bbox 492 2808 518 2837; x_wconf 66' lang='grc' dir='ltr'><strong>ι)ἶ</strong></span> <span class='ocrx_word' id='word_1_697' title='bbox 530 2801 564 2837; x_wconf 51' lang='grc' dir='ltr'><strong>5ζ</strong></span> <span class='ocrx_word' id='word_1_698' title='bbox 572 2800 606 2827; x_wconf 88' lang='lat' dir='ltr'><strong>ad</strong></span> <span class='ocrx_word' id='word_1_699' title='bbox 621 2808 667 2837; x_wconf 85' lang='lat' dir='ltr'><strong>an.</strong></span> <span class='ocrx_word' id='word_1_700' title='bbox 683 2801 751 2827; x_wconf 72' lang='lat'><strong>135‘.)</strong></span> <span class='ocrx_word' id='word_1_701' title='bbox 782 2801 876 2827; x_wconf 81' lang='lat' dir='ltr'><strong>adhuc</strong></span> <span class='ocrx_word' id='word_1_702' title='bbox 895 2796 955 2828; x_wconf 37' lang='lat' dir='ltr'><strong>lno-</strong></span> 
     </span>
    </p>
   </div>
   <div class='ocr_carea' id='block_1_105' title="bbox 133 2834 721 2874">
    <p class='ocr_par' dir='ltr' id='par_1_105' title="bbox 133 2834 721 2874">
     <span class='ocr_line' id='line_1_108' title="bbox 133 2834 721 2874; baseline -0.007 -7"><span class='ocrx_word' id='word_1_703' title='bbox 133 2837 208 2873; x_wconf 62' lang='lat' dir='ltr'><strong>tatu:</strong></span> <span class='ocrx_word' id='word_1_704' title='bbox 220 2834 300 2868; x_wconf 76' lang='lat' dir='ltr'><strong>alitis</strong></span> <span class='ocrx_word' id='word_1_705' title='bbox 318 2835 496 2874; x_wconf 72' lang='lat' dir='ltr'><strong>Budolphus</strong></span> <span class='ocrx_word' id='word_1_706' title='bbox 505 2836 540 2864; x_wconf 90' lang='lat' dir='ltr'><strong>de</strong></span> <span class='ocrx_word' id='word_1_707' title='bbox 550 2835 721 2871; x_wconf 77' lang='lat' dir='ltr'><strong>Rarnsberg.</strong></span> 
     </span>
    </p>
   </div>
   <div class='ocr_carea' id='block_1_106' title="bbox 1010 2347 1833 2386">
    <p class='ocr_par' dir='ltr' id='par_1_106' title="bbox 1010 2347 1833 2386">
     <span class='ocr_line' id='line_1_109' title="bbox 1010 2347 1833 2386; baseline -0.005 -8"><span class='ocrx_word' id='word_1_708' title='bbox 1010 2351 1115 2386; x_wconf 84' lang='lat' dir='ltr'><strong>scripsi</strong></span> <span class='ocrx_word' id='word_1_709' title='bbox 1127 2350 1180 2377; x_wconf 91' lang='lat' dir='ltr'><strong>hoc</strong></span> <span class='ocrx_word' id='word_1_710' title='bbox 1197 2350 1380 2385; x_wconf 87' lang='lat' dir='ltr'><strong>privilegium</strong></span> <span class='ocrx_word' id='word_1_711' title='bbox 1396 2348 1574 2383; x_wconf 88' lang='lat' dir='ltr'><strong>annoprimo</strong></span> <span class='ocrx_word' id='word_1_712' title='bbox 1593 2347 1756 2375; x_wconf 88' lang='lat' dir='ltr'><strong>Gebehardi</strong></span> <span class='ocrx_word' id='word_1_713' title='bbox 1780 2347 1833 2375; x_wconf 89' lang='lat' dir='ltr'><strong>ab-</strong></span> 
     </span>
    </p>
   </div>
   <div class='ocr_carea' id='block_1_107' title="bbox 1012 2391 1835 2429">
    <p class='ocr_par' dir='ltr' id='par_1_107' title="bbox 1012 2391 1835 2429">
     <span class='ocr_line' id='line_1_110' title="bbox 1012 2391 1835 2429; baseline -0.006 -6"><span class='ocrx_word' id='word_1_714' title='bbox 1012 2395 1099 2423; x_wconf 87' lang='lat' dir='ltr'><strong>batis.</strong></span> <span class='ocrx_word' id='word_1_715' title='bbox 1113 2395 1215 2423; x_wconf 83' lang='lat' dir='ltr'><strong>Testes</strong></span> <span class='ocrx_word' id='word_1_716' title='bbox 1232 2394 1320 2429; x_wconf 90' lang='lat' dir='ltr'><strong>hujus</strong></span> <span class='ocrx_word' id='word_1_717' title='bbox 1332 2393 1453 2421; x_wconf 88' lang='lat' dir='ltr'><strong>actionis</strong></span> <span class='ocrx_word' id='word_1_718' title='bbox 1468 2399 1540 2420; x_wconf 89' lang='lat' dir='ltr'><strong>uxor</strong></span> <span class='ocrx_word' id='word_1_719' title='bbox 1553 2400 1619 2419; x_wconf 90' lang='lat' dir='ltr'><strong>mea</strong></span> <span class='ocrx_word' id='word_1_720' title='bbox 1635 2391 1782 2419; x_wconf 80' lang='lat' dir='ltr'><strong>Elisabeth</strong></span> <span class='ocrx_word' id='word_1_721' title='bbox 1806 2393 1835 2419; x_wconf 84' lang='lat' dir='ltr'><strong>et</strong></span> 
     </span>
    </p>
   </div>
   <div class='ocr_carea' id='block_1_108' title="bbox 1011 2435 1834 2477">
    <p class='ocr_par' dir='ltr' id='par_1_108' title="bbox 1011 2435 1834 2477">
     <span class='ocr_line' id='line_1_111' title="bbox 1011 2435 1834 2477; baseline -0.005 -10"><span class='ocrx_word' id='word_1_722' title='bbox 1011 2439 1115 2467; x_wconf 87' lang='lat' dir='ltr'><strong>fratrcr</strong></span> <span class='ocrx_word' id='word_1_723' title='bbox 1135 2447 1216 2467; x_wconf 86' lang='lat' dir='ltr'><strong>meus</strong></span> <span class='ocrx_word' id='word_1_724' title='bbox 1244 2437 1400 2470; x_wconf 84' lang='lat' dir='ltr'><strong>Arnoldus,</strong></span> <span class='ocrx_word' id='word_1_725' title='bbox 1430 2436 1602 2477; x_wconf 84' lang='lat' dir='ltr'><strong>Rudolphus</strong></span> <span class='ocrx_word' id='word_1_726' title='bbox 1631 2436 1666 2463; x_wconf 88' lang='lat' dir='ltr'><strong>de</strong></span> <span class='ocrx_word' id='word_1_727' title='bbox 1693 2435 1834 2473; x_wconf 84' lang='lat' dir='ltr'><strong>Gutingin</strong></span> 
     </span>
    </p>
   </div>
   <div class='ocr_carea' id='block_1_109' title="bbox 1011 2480 1833 2519">
    <p class='ocr_par' dir='ltr' id='par_1_109' title="bbox 1011 2480 1833 2519">
     <span class='ocr_line' id='line_1_112' title="bbox 1011 2480 1833 2519; baseline -0.002 -9"><span class='ocrx_word' id='word_1_728' title='bbox 1011 2484 1095 2519; x_wconf 78' lang='grc'><strong>(992),</strong></span> <span class='ocrx_word' id='word_1_729' title='bbox 1112 2483 1278 2511; x_wconf 86' lang='lat' dir='ltr'><strong>Adilbertus</strong></span> <span class='ocrx_word' id='word_1_730' title='bbox 1289 2490 1386 2510; x_wconf 86' lang='lat' dir='ltr'><strong>comes</strong></span> <span class='ocrx_word' id='word_1_731' title='bbox 1402 2482 1488 2518; x_wconf 85' lang='lat'><strong>(993),</strong></span> <span class='ocrx_word' id='word_1_732' title='bbox 1503 2483 1649 2516; x_wconf 85' lang='lat' dir='ltr'><strong>Rupertus</strong></span> <span class='ocrx_word' id='word_1_733' title='bbox 1673 2480 1708 2508; x_wconf 89' lang='lat' dir='ltr'><strong>de</strong></span> <span class='ocrx_word' id='word_1_734' title='bbox 1728 2481 1833 2511; x_wconf 55' lang='lat' dir='ltr'><strong>Turin-r</strong></span> 
     </span>
    </p>
   </div>
   <div class='ocr_carea' id='block_1_110' title="bbox 1010 2524 1833 2564">
    <p class='ocr_par' dir='ltr' id='par_1_110' title="bbox 1010 2524 1833 2564">
     <span class='ocr_line' id='line_1_113' title="bbox 1010 2524 1833 2564; baseline -0.002 -9"><span class='ocrx_word' id='word_1_735' title='bbox 1010 2527 1247 2564; x_wconf 87' lang='lat' dir='ltr'><strong>gin,Adi1bertus</strong></span> <span class='ocrx_word' id='word_1_736' title='bbox 1260 2527 1411 2563; x_wconf 82' lang='lat' dir='ltr'><strong>presbyter</strong></span> <span class='ocrx_word' id='word_1_737' title='bbox 1427 2526 1462 2554; x_wconf 88' lang='lat' dir='ltr'><strong>de</strong></span> <span class='ocrx_word' id='word_1_738' title='bbox 1477 2525 1556 2559; x_wconf 84' lang='lat' dir='ltr'><strong>Tale,</strong></span> <span class='ocrx_word' id='word_1_739' title='bbox 1582 2525 1746 2553; x_wconf 79' lang='lat' dir='ltr'><strong>Diemode</strong></span> <span class='ocrx_word' id='word_1_740' title='bbox 1772 2524 1833 2553; x_wconf 61' lang='lat' dir='ltr'><strong>Bri:-</strong></span> 
     </span>
    </p>
   </div>
   <div class='ocr_carea' id='block_1_111' title="bbox 1046 2618 1847 2657">
    <p class='ocr_par' dir='ltr' id='par_1_111' title="bbox 1046 2618 1847 2657">
     <span class='ocr_line' id='line_1_114' title="bbox 1046 2618 1847 2657; baseline -0.002 -9"><span class='ocrx_word' id='word_1_741' title='bbox 1046 2618 1362 2657; x_wconf 18' lang='lat' dir='ltr'><strong>(9972)7Gutingenrolim</strong></span> <span class='ocrx_word' id='word_1_742' title='bbox 1378 2618 1528 2657; x_wconf 69' lang='lat' dir='ltr'><strong>Turgoviae</strong></span> <span class='ocrx_word' id='word_1_743' title='bbox 1540 2620 1705 2657; x_wconf 37' lang='lat' dir='ltr'><strong>cast‘rum,&#39;a</strong></span> <span class='ocrx_word' id='word_1_744' title='bbox 1716 2623 1773 2657; x_wconf 77' lang='lat' dir='ltr'><strong>quo</strong></span> <span class='ocrx_word' id='word_1_745' title='bbox 1785 2622 1847 2657; x_wconf 56' lang='lat'><strong>519-.</strong></span> 
     </span>
    </p>
   </div>
   <div class='ocr_carea' id='block_1_112' title="bbox 1011 2649 1833 2690">
    <p class='ocr_par' dir='ltr' id='par_1_112' title="bbox 1011 2649 1833 2690">
     <span class='ocr_line' id='line_1_115' title="bbox 1011 2649 1833 2690; baseline -0.005 -7"><span class='ocrx_word' id='word_1_746' title='bbox 1011 2649 1075 2684; x_wconf 78' lang='lat' dir='ltr'><strong>men</strong></span> <span class='ocrx_word' id='word_1_747' title='bbox 1089 2649 1192 2683; x_wconf 79' lang='lat' dir='ltr'><strong>habuit</strong></span> <span class='ocrx_word' id='word_1_748' title='bbox 1202 2649 1308 2683; x_wconf 62' lang='lat' dir='ltr'><strong>nobilis</strong></span> <span class='ocrx_word' id='word_1_749' title='bbox 1321 2649 1479 2688; x_wconf 48' lang='lat' dir='ltr'><strong>familiaix</strong></span> <span class='ocrx_word' id='word_1_750' title='bbox 1490 2663 1547 2690; x_wconf 81' lang='lat' dir='ltr'><strong>qua</strong></span> <span class='ocrx_word' id='word_1_751' title='bbox 1556 2649 1833 2690; x_wconf 56' lang='lat' dir='ltr'><strong>Ileinricilibobilis</strong></span> 
     </span>
    </p>
   </div>
   <div class='ocr_carea' id='block_1_113' title="bbox 1011 2685 1831 2727">
    <p class='ocr_par' dir='ltr' id='par_1_113' title="bbox 1011 2685 1831 2727">
     <span class='ocr_line' id='line_1_116' title="bbox 1011 2685 1831 2727; baseline -0.009 -8"><span class='ocrx_word' id='word_1_752' title='bbox 1011 2691 1108 2720; x_wconf 88' lang='lat' dir='ltr'><strong>senior</strong></span> <span class='ocrx_word' id='word_1_753' title='bbox 1124 2692 1159 2719; x_wconf 86' lang='lat' dir='ltr'><strong>de</strong></span> <span class='ocrx_word' id='word_1_754' title='bbox 1174 2691 1319 2727; x_wconf 84' lang='lat' dir='ltr'><strong>Gutingen</strong></span> <span class='ocrx_word' id='word_1_755' title='bbox 1336 2685 1563 2727; x_wconf 20' lang='lat' dir='ltr'><strong>chartamid‘cdit</strong></span> <span class='ocrx_word' id='word_1_756' title='bbox 1580 2697 1626 2715; x_wconf 90' lang='lat' dir='ltr'><strong>an.</strong></span> <span class='ocrx_word' id='word_1_757' title='bbox 1652 2685 1831 2727; x_wconf 48' lang='lat' dir='ltr'><strong>i251.(lfl&#39;sa«</strong></span> 
     </span>
    </p>
   </div>
   <div class='ocr_carea' id='block_1_114' title="bbox 1010 2719 1832 2762">
    <p class='ocr_par' dir='ltr' id='par_1_114' title="bbox 1010 2719 1832 2762">
     <span class='ocr_line' id='line_1_117' title="bbox 1010 2719 1832 2762; baseline -0.009 -7"><span class='ocrx_word' id='word_1_758' title='bbox 1010 2719 1098 2755; x_wconf 66' lang='lat' dir='ltr'><strong>noon</strong></span> <span class='ocrx_word' id='word_1_759' title='bbox 1114 2728 1149 2754; x_wconf 84' lang='lat' dir='ltr'><strong>N.</strong></span> <span class='ocrx_word' id='word_1_760' title='bbox 1161 2727 1232 2762; x_wconf 78' lang='grc'>414).</span> <span class='ocrx_word' id='word_1_761' title='bbox 1250 2719 1282 2754; x_wconf 63' lang='grc' dir='ltr'><strong>Ιιῗ</strong></span> <span class='ocrx_word' id='word_1_762' title='bbox 1293 2726 1404 2754; x_wconf 81' lang='lat' dir='ltr'><strong>Nerrol.</strong></span> <span class='ocrx_word' id='word_1_763' title='bbox 1426 2726 1457 2753; x_wconf 77' lang='lat' dir='ltr'><strong>Io</strong></span> <span class='ocrx_word' id='word_1_764' title='bbox 1470 2725 1539 2762; x_wconf 83' lang='lat' dir='ltr'><strong>Maii</strong></span> <span class='ocrx_word' id='word_1_765' title='bbox 1557 2725 1682 2762; x_wconf 77' lang='lat' dir='ltr'><strong>occurrit</strong></span> <span class='ocrx_word' id='word_1_766' title='bbox 1704 2719 1832 2762; x_wconf 36' lang='lat' dir='ltr'><strong>piethals</strong></span> 
     </span>
    </p>
   </div>
   <div class='ocr_carea' id='block_1_115' title="bbox 1011 2757 1829 2799">
    <p class='ocr_par' dir='ltr' id='par_1_115' title="bbox 1011 2757 1829 2799">
     <span class='ocr_line' id='line_1_118' title="bbox 1011 2757 1829 2799; baseline -0.006 -8"><span class='ocrx_word' id='word_1_767' title='bbox 1011 2772 1077 2791; x_wconf 91' lang='lat' dir='ltr'><strong>mus</strong></span> <span class='ocrx_word' id='word_1_768' title='bbox 1093 2763 1127 2790; x_wconf 90' lang='lat' dir='ltr'><strong>dc</strong></span> <span class='ocrx_word' id='word_1_769' title='bbox 1143 2757 1302 2799; x_wconf 81' lang='lat' dir='ltr'><strong>Gittibgen,</strong></span> <span class='ocrx_word' id='word_1_770' title='bbox 1333 2762 1410 2799; x_wconf 86' lang='lat' dir='ltr'><strong>haud</strong></span> <span class='ocrx_word' id='word_1_771' title='bbox 1427 2761 1514 2799; x_wconf 74' lang='lat' dir='ltr'><strong>dubie</strong></span> <span class='ocrx_word' id='word_1_772' title='bbox 1542 2759 1674 2799; x_wconf 82' lang='lat' dir='ltr'><strong>ejusdem</strong></span> <span class='ocrx_word' id='word_1_773' title='bbox 1702 2757 1829 2799; x_wconf 70' lang='lat' dir='ltr'><strong>familiar.</strong></span> 
     </span>
    </p>
   </div>
   <div class='ocr_carea' id='block_1_116' title="bbox 1047 2795 1846 2834">
    <p class='ocr_par' dir='ltr' id='par_1_116' title="bbox 1047 2795 1846 2834">
     <span class='ocr_line' id='line_1_119' title="bbox 1047 2795 1846 2834; baseline -0.004 -7"><span class='ocrx_word' id='word_1_774' title='bbox 1047 2799 1120 2834; x_wconf 78' lang='lat'>(993)</span> <span class='ocrx_word' id='word_1_775' title='bbox 1136 2799 1210 2826; x_wconf 76' lang='lat' dir='ltr'><strong>Num</strong></span> <span class='ocrx_word' id='word_1_776' title='bbox 1227 2795 1272 2826; x_wconf 72' lang='lat' dir='ltr'><strong>Hic</strong></span> <span class='ocrx_word' id='word_1_777' title='bbox 1288 2800 1359 2826; x_wconf 84' lang='lat' dir='ltr'><strong>torte</strong></span> <span class='ocrx_word' id='word_1_778' title='bbox 1367 2796 1538 2834; x_wconf 78' lang='lat' dir='ltr'><strong>Adelbertus</strong></span> <span class='ocrx_word' id='word_1_779' title='bbox 1549 2802 1647 2822; x_wconf 76' lang='lat' dir='ltr'><strong>comes</strong></span> <span class='ocrx_word' id='word_1_780' title='bbox 1663 2795 1692 2821; x_wconf 91' lang='lat' dir='ltr'><strong>in</strong></span> <span class='ocrx_word' id='word_1_781' title='bbox 1705 2795 1830 2824; x_wconf 81' lang='lat' dir='ltr'><strong>Winter-</strong></span> <span class='ocrx_word' id='word_1_782' title='bbox 1844 2822 1846 2824; x_wconf 84' lang='lat'><strong>.</strong></span> 
     </span>
    </p>
   </div>
   <div class='ocr_carea' id='block_1_117' title="bbox 1010 2832 1528 2871">
    <p class='ocr_par' dir='ltr' id='par_1_117' title="bbox 1010 2832 1528 2871">
     <span class='ocr_line' id='line_1_120' title="bbox 1010 2832 1528 2871; baseline -0.008 -8"><span class='ocrx_word' id='word_1_783' title='bbox 1010 2832 1080 2863; x_wconf 72' lang='lat' dir='ltr'><strong>om</strong></span> <span class='ocrx_word' id='word_1_784' title='bbox 1095 2838 1122 2863; x_wconf 90' lang='lat' dir='ltr'><strong>et</strong></span> <span class='ocrx_word' id='word_1_785' title='bbox 1138 2835 1260 2871; x_wconf 84' lang='lat' dir='ltr'><strong>Kiburg,</strong></span> <span class='ocrx_word' id='word_1_786' title='bbox 1277 2834 1312 2861; x_wconf 91' lang='lat' dir='ltr'><strong>de</strong></span> <span class='ocrx_word' id='word_1_787' title='bbox 1329 2841 1386 2869; x_wconf 82' lang='lat' dir='ltr'><strong>quo</strong></span> <span class='ocrx_word' id='word_1_788' title='bbox 1402 2832 1421 2860; x_wconf 94' lang='lat' dir='ltr'><strong>l.</strong></span> <span class='ocrx_word' id='word_1_789' title='bbox 1438 2840 1456 2866; x_wconf 90' lang='lat'><strong>1,</strong></span> <span class='ocrx_word' id='word_1_790' title='bbox 1473 2832 1528 2868; x_wconf 66' lang='grc' dir='ltr'>ΞΒ.</span> 
     </span>
    </p>
   </div>
  </div>
