4102 6182
431 375 550 445 379

1257 373 1673 442 HERMANNI
1719 375 2161 441 CONTRACTI
2202 375 2621 444 AUGIENSIS
2666 375 3048 444 MONACHI.

429 514 645 590 gentia,
678 510 895 572 Arnold
927 511 998 570 de
1021 511 1267 581 Criessa,
1292 512 1596 570 Bertoldus
1623 512 1693 568 de
1725 512 2070 568 Lustinowa
2097 519 2153 584 Α
2183 512 2523 572 charitative
2543 517 2718 587 atque
2737 513 2987 588 pleniter
3001 513 3457 574 ministraretur.
3473 511 3609 588 Ipsa
3625 514 3826 573 tamen

431 605 601 679 (994),
633 608 690 661 et
720 602 818 661 alii
849 601 1040 658 multi.

499 785 702 841 Eterat
721 782 875 854 apud
897 779 1293 836 Constantiam
1315 777 1607 834 civitatem
1625 783 1894 836 matrona
1915 797 2069 853 quaa-

428 871 836 940 dam,nomine
863 868 1164 936 Mathilda,
1181 867 1406 924 habens
1429 869 1584 940 apud
1609 885 1715 924 nos
1740 868 1950 937 ﬁlium,
1976 887 2074 925 no-

427 963 585 1018 mine
604 960 939 1016 Heinricum
973 959 1374 1029 presbyterum
1408 957 1553 1012 bene
1573 955 1919 1024 litteratum,
1967 959 2068 1015 sed

425 1050 578 1107 heu!
611 1050 710 1104 diu
742 1046 921 1102 nimis
943 1049 1344 1122 aegrotantem.
1372 1049 1499 1099 Haec
1532 1061 1668 1117 ergo
1713 1063 1815 1117 pro
1873 1062 2070 1102 amore

425 1138 689 1210 ejusdem
713 1135 816 1191 ﬁlii
847 1135 938 1190 sui
967 1134 1222 1190 Heinrici
1284 1135 1510 1189 diverso
1565 1134 1733 1190 modo
1791 1135 2072 1205 persolvit

423 1226 591 1284 nobis
615 1224 1005 1298 quadraginta
1044 1223 1264 1278 talenta
1313 1223 1422 1277 sub
1455 1221 1556 1276 tali
1615 1223 1950 1278 conditione
2007 1228 2072 1277 ut

313 1378 320 1388 ,
420 1315 577 1372 ﬁlius
597 1316 726 1386 ejus
747 1312 1053 1369 Heinricus
1081 1328 1254 1366 usum
1280 1311 1668 1366 fructuarium
1692 1311 1978 1384 acciperet
2000 1313 2070 1368 de

423 1404 574 1461 curti
591 1421 718 1476 quae
737 1406 976 1458 vocatur
1001 1399 1337 1472 Ouwingin,
1363 1403 1653 1470 quatenus
1670 1401 1804 1455 inde
1826 1400 2073 1456 haberet

423 1492 749 1550 necessaria
779 1508 907 1562 quae
939 1507 1050 1546 non
1072 1494 1271 1560 posset
1301 1488 1515 1544 habere
1546 1490 1616 1545 de
1637 1491 1937 1545 communi
1965 1507 2067 1545 an-

423 1600 598 1650 nona,
630 1587 689 1639 et
719 1582 828 1638 hoc
860 1580 932 1636 ad
963 1578 1317 1646 subsidium,
1351 1596 1478 1650 quae
1507 1579 1871 1635 inﬁrmitatis
1921 1579 2070 1651 (995)

421 1675 577 1731 893
627 1671 850 1741 absque
905 1667 1294 1724 diminutione
1350 1667 1750 1724 indubitanter
1803 1667 2068 1735 haberet,

421 1761 686 1834 quandiu
708 1761 768 1814 in
790 1759 898 1813 hac
920 1757 1038 1812 vita
1061 1760 1339 1812 maneret.
1367 1756 1710 1813 Haec'omnia
1727 1755 2068 1812 ﬁrmissimo

2184 601 2470 659 Mathilda
2489 607 2623 676 post
2645 620 2860 676 paucos
2879 603 3006 661 dies
3025 604 3229 662 eodem
3251 622 3404 662 anno
3427 604 3642 661 mIdus
3657 604 3826 677 Apri-

2181 690 2258 747 lis
2302 691 2455 763 (966)
2487 692 2558 748 de
2589 692 2699 748 hac
2729 693 2848 748 vita
2896 693 3191 765 migravit,
3243 692 3532 766 nobisque
3609 693 3824 750 iterum

2182 779 2445 852 quinque
2467 780 2648 837 libras
2667 782 2890 853 argenti
2914 781 3169 849 donavit,
3210 799 3388 855 seque
3409 783 3564 855 apud
3596 797 3704 838 nos
3730 799 3826 838 se-

2181 867 2347 941 peliri
2368 870 2774 943 rogavit,quod
2797 874 2854 924 et
2875 871 3091 926 factum
3108 875 3196 926 est
3209 887 3340 927 cum
3362 887 3574 944 magno
3586 871 3826 927 honore.

2179 957 2319 1012 Acta
2342 963 2481 1013 sunt
2501 958 2622 1014 haec
2649 975 2801 1014 anno
2825 959 2896 1014 ab
2919 960 3320 1016 Incarnatione
3343 960 3576 1016 Domini
3598 977 3828 1028 MCLXIV,

2182 1052 2459 1118 regnante
2479 1047 2768 1104 Friderico
2784 1047 3155 1120 imperatore,
3179 1048 3533 1104 Herimanno
3555 1049 3829 1121 episcopo

2182 1135 2526 1205 praesidente
2555 1139 2850 1193 Constant.
2879 1135 3170 1206 Ecclesiae,
3221 1138 3332 1193 sub
3373 1138 3586 1194 abbate
3641 1138 3829 1194 Gebe-

2181 1223 2364 1279 hardo
2399 1223 2663 1280 feliciter.
2698 1225 2901 1280 Amen.

2936 1358 3076 1427 §VI.

2254 1497 2422 1548 Anno
2455 1510 2642 1548 MCLXX
2665 1491 2861 1548 multa:
2879 1491 3245 1548 calamitates
3267 1497 3690 1565 oppresserunt
3710 1511 3830 1552 mo-

2184 1581 2506 1636 nasterium
2532 1581 2589 1637 S.
2616 1581 2903 1654 Gregorii,
2938 1581 3009 1636 de
3031 1581 3245 1652 quibus
3261 1598 3353 1638 me
3375 1581 3546 1638 taedet
3576 1581 3831 1654 amplius

2180 1667 2401 1740 aliquid
2425 1669 2670 1726 ulterius
2699 1671 2911 1726 dicere.
2944 1669 3139 1726 Abbas
3171 1669 3388 1743 quippe
3446 1670 3830 1730 Gebehardus

2178 1757 2479 1831 depositus
2510 1763 2599 1814 est
2618 1759 2857 1831 (997],et
2878 1757 3043 1816 locus
3062 1758 3170 1816 iste
3195 1757 3447 1832 graviter
3501 1775 3828 1832 oppressus

419 1854 589 1924 pacto
619 1847 967 1904 conﬁrmata
995 1849 1135 1901 sunt
1163 1845 1222 1901 in
1254 1846 1562 1916 praesentia
1592 1844 1916 1900 Gebehardi
1967 1845 2067 1900 ab-
2098 1878 2144 1944 Β
2179 1851 2269 1904 est
2297 1851 2354 1902 et
2373 1846 2682 1920 spoliatus.

419 1938 575 1996 batis
605 1940 664 1993 et
683 1937 932 1992 fratrum
963 1935 1228 2005 ejusdem
1260 1934 1621 2001 monasterii,
1647 1935 1757 1989 sub
1805 1933 1907 1990 tali
1930 1950 2064 1989 con-

418 2025 680 2084 clusione
710 2029 766 2081 et
797 2022 1237 2080 conﬁrmatione
1259 2026 1345 2088 ut,
1370 2023 1603 2094 quando
1622 2021 1871 2088 obirent,
1916 2027 2068 2077 utro-

418 2131 670 2187 rumque
699 2111 1133 2169 anniversarius
1165 2111 1224 2166 in
1259 2127 1366 2166 suo
1396 2116 1656 2182 tempore
1687 2127 1821 2166 cum
1873 2111 2066 2167 ofﬁcio

418 2205 829 2262 defunctorum
869 2199 1206 2256 memoriter
1261 2199 1668 2267 celebraretur,
1705 2209 1759 2254 et
1790 2199 2068 2256 fratribus

420 2293 543 2352 sive
578 2291 738 2350 omni
769 2288 1205 2362 congregationi
1235 2304 1304 2344 ea
1348 2287 1441 2344 die
1493 2289 1564 2343 de
1593 2287 1798 2344 eodem
1852 2289 2066 2361 praedio

2241 1937 2406 1992 Anno
2438 1955 2690 1993 MCLXXIII
2719 1937 2908 1993 locata
2957 1941 3097 1994 sunt
3129 1937 3517 1994 fundamenta
3558 1937 3816 1995 ecclesia

2175 2028 2231 2080 8.
2258 2025 2517 2098 Gregorii
2542 2027 2613 2082 ab
2636 2025 2900 2082 orientali
2934 2030 3117 2098 parte.
3141 2028 3306 2083 Anno
3338 2043 3497 2082 mccn
3519 2027 3829 2101 episcopus

2178 2113 2616 2187 Herbipolensis
2631 2115 2919 2172 occiditur
2947 2115 3118 2187 (998).

2244 2205 2409 2259 Anno
2459 2221 2638 2261 Μαρια
2696 2203 3002 2276 Philippus
3055 2204 3204 2276 (999)
3253 2203 3575 2261 exercitum
3621 2210 3828 2263 contra

2181 2293 2633 2366 Landlgravium
2667 2293 2865 2350 movit.
2899 2295 3102 2349 Amen.

1538 2428 1760 2468 EPLICIT
1788 2428 2111 2468 CHRONICON
2141 2431 2661 2474 PETERBHUSANUM.

492 2556 982 2636 (994)12ustinova
1013 2570 1115 2611 seu
1149 2555 1495 2636 Lustenova,
1510 2553 1694 2636 curtis
1711 2553 1849 2636 olim
1883 2554 2062 2636 regia,

415 2634 476 2690 in
497 2625 648 2706 pago
678 2631 958 2701 Ringowe
990 2643 1168 2699 prope
1191 2625 1480 2694 Rhenum,
1507 2630 1744 2682 notatur
1775 2625 1832 2679 in
1857 2625 2063 2681 charta

424 2722 519 2758 an.
551 2704 676 2758 894.
712 2700 865 2758 apud
897 2699 1251 2758 HerrgottN.
1285 2699 1373 2752 95.

506 2745 519 2760 .
551 2715 676 2768 894,
712 2715 865 2768 apua
897 2715 1373 2768 nerrgoumrvo.

424 2722 519 2762 an.
551 2714 676 2768 894,
712 2714 865 2772 apua
897 2714 1251 2770 uerrgoum.
1285 2714 1373 2752 ac.

487 2775 638 2848 (995)
667 2773 803 2848 _Ifeg.
820 2772 1173 2848 _inﬁrmatus_,_
1189 2767 1546 2848 velﬂtcgnpore
1559 2768 1940 2848 ﬁrmitatis.

487 2777 616 2848 (995
671 2775 803 2844 Leg.
827 2775 1160 2841 inﬁrmatus,
1189 2775 1276 2823 vel
1307 2776 1546 2839 tempore
1574 2775 1940 2837 inﬁrmitatis.

484 2775 638 2918 (996)
667 2839 1217 2918 Haecinprzesentia
1242 2839 1600 2918 _Gebehardi
1646 2843 1810 2918 gesta
1860 2853 2062 2894 mense

416 2909 604 2991 Aprili
619 2909 704 2991 "ad
727 2913 866 2991 ξιιμ-4
885 2909 983 2968 165
997 2911 1300 2991 referenda
1321 2915 1477 2991 sunt.
1504 2909 1757 2966 Cumhic
1779 2926 1846 2965 eo
1861 2925 2062 2965 mense

426 2981 521 3047 an.
545 2989 601 3043 14
615 2988 684 3043 64
697 2985 944 3041 necdum
978 2983 1158 3039 abbas
1189 2981 1382 3038 fuerit.

485 3060 633 3133 (997)
659 3058 795 3133 liae
811 3055 1132 3133 consistere
1175 3056 1637 3133 nequeuntcum
1667 3050 2063 3133 chartanlder-

416 3124 626 3191 manni'
650 3129 950 3185 Constant.
1013 3124 1283 3198 episcOpi'
1313 3142 1407 3180 an.
1468 3125 1608 3180 4183
1660 3124 1818 3196 (Hist.
1879 3124 2062 3192 Nigrae

412 3266 2968 3315 ,Μ

2176 2543 2344 2600 Silvae
2374 2547 2515 2600 tom.
2551 2543 2654 2609 III,

2175 2613 2354 2669 Blasii
2373 2619 2429 2670 et
2459 2612 2868 2671 Gebehardum
2902 2612 3408 2670 Petrisbusensem
3425 2612 3665 2672 abbates
3686 2633 3829 2672 con-

2174 2687 2455 2760 troversia
2482 2687 2662 2760 fuisse
2684 2686 2928 2760 dicitur.
2953 2684 3536 2760 Theopertusautem
3568 2688 3830 2760 primum

2177 2773 2271 2812 an.
2300 2758 2440 2813 4474
2467 2758 2649 2813 abbas
2674 2757 2863 2812 factus
2884 2760 2990 2812 est.
3010 2755 3175 2814 Unde
3203 2757 3550 2814 Gebhardus
3568 2755 3828 2816 necdum

2175 2846 2268 2885 an.
2302 2829 2444 2885 4170
2474 2829 2773 2900 depositus
2829 2833 2937 2896 est,
2980 2832 3082 2884 aut
3109 2833 3315 2900 postea
3369 2829 3582 2888 iterum
3643 2831 3832 2888 resti-

2173 2905 2393 3112 ωὲδδέζ)
2425 2972 2643 3043 Nempe
2671 2970 2968 3026 Conradus
2990 2974 3033 3024 Ι.

2243 3043 2370 3112 (999
2425 3043 2648 3098 Suevus
2681 3041 2921 3110 scilicet,
2954 3041 3033 3098 Ca

2243 3041 2393 3113 (999)
2425 3041 2648 3098 Saevus
2681 3041 2921 3110 scilicet,
2954 3041 3146 3098 Caisar
3167 3041 3408 3099 electus.

2686 2559 2820 2615 pag.
2858 2542 3004 2613 108),
3041 2541 3153 2615 _u_bi
3181 2541 3334 2598 inter
3371 2542 3712 2615 Tiepertum
3759 2545 3823 2604 S.

2969 3266 3831 3299 ..τετε-πεπτ-

985 3430 2014 3627 HERMANNI
2142 3419 3261 3627 CONTRACTI.

1748 3683 2074 3742 MONACHI
2104 3679 2486 3740 AUGIENSIS

788 3861 1046 3984 DE
1170 3853 2106 3984 MENSURA
2239 3849 3433 3978 ASTROLABII

1907 4052 2318 4161 LIBER.

403 4236 598 4310 (Apud
629 4236 695 4293 R.
724 4235 1170 4320 P.._Bernardum
1201 4234 1454 4318 Pezium,
1483 4234 1786 4290 Thesaurus
1807 4232 2219 4300 Anecdotorum,
2251 4234 2395 4287 tom.
2431 4230 2526 4298 III,
2563 4231 2726 4301 parte
2753 4246 2814 4296 ιι,
2848 4243 2980 4355 pag.
3013 4227 3108 4297 94,
3159 4244 3230 4313 ex
3271 4228 3401 4314 cod.
3435 4243 3549 4284 ms.
3608 4223 3823 4299 inclyti

475 4312 812 4355 monasterii
847 4307 917 4355 ad
952 4307 1010 4355 S-
1044 4307 1276 4355 Petrum
1309 4305 1632 4355 Salisburn'.
1658 4306 1782 4355 0rd-
1816 4305 1873 4355 S.
1899 4304 2037 4355 Ben.
2065 4307 2228 4355 eruta
2257 4303 2330 4355 ab
2347 4302 2504 4355 adm.
2538 4305 2603 4355 Β.
2636 4304 2692 4355 et
2712 4299 2785 4355 cl.
2819 4299 2886 4355 D.
2965 4338 2982 4355 .
3024 4297 3256 4355 Placido
3306 4299 3486 4355 Bokn.
3545 4297 3818 4355 eiusdem

475 4299 816 4379 inonasterii
847 4307 919 4363 ad
952 4307 1010 4364 S.
1044 4307 1278 4363 Petrum
1309 4299 1632 4379 Salisburg.
1658 4306 1782 4362 ord.
1816 4305 1873 4361 S.
1899 4304 2037 4361 Ben.
2065 4299 2228 4360 eruto
2257 4303 2330 4359 ab
2347 4302 2504 4358 adm.
2538 4299 2603 4357 R.
2636 4304 2692 4356 et
2712 4299 2785 4355 cl.
2819 4299 2886 4355 D.

473 4378 587 4437 loci
609 4383 825 4437 asceta.

3024 4297 3256 4357 Placido
3306 4299 3486 4366 Bokn,
3545 4297 3818 4371 ejusdem

1909 4478 2316 4494 μ-

1055 4584 1162 4678 Β.
1234 4583 1332 4676 Ρ.
1404 4581 2049 4677 BERNABDI
2121 4580 2462 4674 PEZZI
2532 4577 3148 4674 MONITUM.

473 4801 486 4816 .
569 4801 581 4814 .
663 4801 676 4815 .
755 4763 929 4818 Porro
958 4762 1030 4817 ad
1064 4760 1380 4816 Hermanni
1413 4763 1726 4831 praesentes
1759 4763 1837 4831 De
1860 4775 2117 4814 mensura
2145 4762 2197 4814 et
2215 4759 2458 4831 utilitate
2488 4755 2797 4831 Astrolubii
2825 4755 3015 4822 libros,
3051 4770 3198 4831 quos
3231 4771 3300 4810 ex
3320 4751 3830 4831 bibliothecaePeT

397 4831 614 4887 trensis
644 4832 840 4888 codice
863 4833 1262 4899 membraneo,
1295 4849 1329 4886 a
1350 4825 1634 4887 seicentis
1665 4830 1835 4886 annis
1867 4835 2119 4896 exarato,
2155 4847 2308 4886 nunc
2330 4829 2587 4901 primum
2609 4828 2763 4901 typis
2794 4825 3299 4901 commendamus,
3332 4825 3487 4901 quod
3507 4825 3737 4901 attinet,
3777 4825 3826 4884 ii

395 4901 510 4974 ipsi
533 4905 674 4956 sunt
697 4903 796 4971 qui
826 4907 1051 4959 tantam
1083 4903 1133 4958 ei
1164 4902 1655 4984 existimationem
1688 4906 2056 4985 pepererunt,
2091 4907 2157 4956 ut
2189 4918 2223 4956 a
2247 4898 2472 4967 multis,
2500 4898 2852 4980 interfquos,
2877 4903 3022 4954 teste
3045 4898 3358 4953 Possevino
3387 4898 3664 5023 Aptparat.
3684 4912 3824 4979 sac.

395 4977 438 5023 t.
465 4973 660 5023 Luae.
685 4974 810 5023 737-
859 4979 997 5023 sunt
1026 4973 1337 5023 Durandne
1368 4975 1450 5023 De
1479 4975 1688 5023 divmis
1710 4973 1918 5023 officiis
1949 4973 2048 5023 lib.
2082 4990 2156 5023 1v.
2181 4989 2230 5023 c.
2262 4975 2352 5023 22.
2385 4975 2442 5023 et
2466 4974 2753 5023 Antonius
2783 4969 3170 5023 Demochares
3194 4969 3272 5023 De
3300 4985 3452 5023 sacri
3497 4984 3586 5023 οιο
3617 4983 3824 5023 misse

393 4969 440 5030 ιζ
464 4973 660 5098 Ιχρειε.
685 4969 810 5040 7⁷37,
859 4979 997 5028 sunt
1025 4973 1337 5056 Durandus
1368 4975 1450 5030 De
1479 4969 1918 5056 divinis—ofﬁciis
1949 4973 2048 5056 lib:
2082 4990 2156 5056 ιγ,
2181 4989 2230 5028 c.
2262 4975 2352 5041 22,
2385 4975 2442 5028 et
2466 4969 2753 5054 Antonius
2783 4969 3170 5052 Demochares
3194 4969 3272 5051 De
3300 4969 3452 5051 sacri

393 5048 437 5100 t.
475 5045 496 5101 l
555 5087 568 5101 .
619 5060 670 5099 c.
726 5045 810 5101 15.
862 5050 1063 5099 auctor
1091 5061 1277 5101 ipsius
1307 5043 1619 5101 Astrolabu
1642 5045 1825 5101 fuisse
1854 5049 1931 5100 sit
1960 5049 2346 5100 exnstimatus.
2381 5047 2664 5098 Caeterum
2695 5041 3032 5098 distributio
3048 5044 3352 5101 etpartitio
3381 5039 3452 5096 lib

3497 4968 3586 5024 cio
3617 4968 3827 5026 misse

424 5086 437 5100 .
475 5037 568 5113 IV,
604 5037 670 5099 'c.
726 5037 810 5110 l5,
862 5050 1063 5099 auctor
1091 5045 1277 5116 ipsius
1307 5043 1619 5101 Astrolabii
1642 5045 1825 5101 fuisse
1854 5044 1931 5100 sit
1960 5037 2347 5100 existimatus.
2381 5047 2664 5098 Caeterum
2695 5041 3032 5098 distributio
3048 5040 3352 5112 etpartitio
3381 5037 3713 5096 libellorum
3739 5041 3824 5098 de

424 5115 707 5168 ιεὶῐιοῙιὼίἱ
738 5116 962 5168 ratione
991 5116 1062 5168 ab
1098 5115 1425 5168 Hermanno
1457 5117 1825 5168 conditorum
1848 5133 1961 5168 non
1997 5115 2215 5168 nihilin
2229 5115 2426 5168 codice
2453 5113 2714 5168 Patrensi
2738 5113 3081 5168 perturbata
3106 5117 3214 5168 est.
3227 5111 3388 5168 vitio.
3422 5116 3488 5167 ut
3508 5111 3817 5168 existima-

391 5115 707 5174 Astrolabii
738 5116 962 5171 ratione
991 5116 1062 5170 ab
1098 5115 1425 5172 Hermanno
1457 5117 1825 5172 conditorum
1848 5133 1961 5172 non
1997 5115 2215 5170 nihilin
2229 5115 2426 5170 codice
2453 5115 2714 5170 Petrensi
2738 5115 3081 5185 perturbata
3106 5117 3214 5179 est,
3227 5115 3388 5180 vitio,
3422 5116 3488 5167 ut
3508 5115 3817 5168 existima-

393 5205 548 5268 mus,
580 5187 825 5268 librarii,
860 5187 1342 5268 quinposteriores
1373 5189 1518 5268 duos
1542 5188 1614 5268 De
1643 5189 1885 5268 utilitate
1911 5187 2212 5268 Astrotubii
2243 5188 2466 5268 litat-tos.
2487 5186 2816 5268 secundum
2834 5190 2892 5266 et
2921 5184 3164 5266 tertium
3179 5183 3435 5268 universi
3467 5186 3524 5239 et
3543 5185 3822 5265 perpetui

392 5260 702 5332 cuiusdam
734 5257 925 5331 operis
951 5257 1171 5332 (librum
1191 5259 1799 5332 esseiarbitratusest,
1827 5259 1983 5331 quod
2010 5259 2152 5332 satis

391 5329 480 5389 De
494 5349 750 5389 mensura
773 5329 1082 5403 'Astrolabii
1113 5330 1258 5386 liber
1288 5330 1604 5386 Hermanni
1635 5331 1731 5386 sit.
1755 5329 1951 5403 Neque
1982 5329 2137 5385 enim

2220 5259 2383 5314 robat
2404 5257 2613 5313 titulus
2644 5257 2777 5312 libri
2802 5256 3002 5328 primi,
3020 5271 3154 5328 cum
3178 5254 3562 5328 tamenrunus:
3591 5254 3814 5328 unicus

2220 5275 2383 5314 rooat
2404 5275 2613 5313 titulus
2645 5275 2777 5312 non
2802 5275 3002 5328 prlml,
3020 5275 3154 5311 cum
3178 5275 3378 5310 tamen
3405 5275 3562 5311 unus
3591 5275 3814 5313 unicus

2168 5275 2491 5385 gritbemio
2523 5328 2624 5384 lib.
2650 5328 2729 5384 De
2760 5326 3504 5400 script.eccles.,cap._32l,
3533 5324 3818 5400 ﬁdesgha-

391 5403 586 5459 benda
617 5408 724 5469 est,
758 5403 857 5458 ubi
888 5403 968 5456 ait
1002 5401 1440 5457 :Hermannum
1457 5403 1532 5458 De
1561 5397 1949 5473 compositione
1989 5401 2283 5457 Astrotabii
2339 5401 2505 5457 libros
2554 5401 2632 5473 Il!
2658 5397 2985 5473 scripsisse,
3021 5415 3086 5473 ac
3115 5397 3380 5473 iteruml
3443 5399 3518 5453 De
3568 5397 3821 5457 utilitate

391 5473 710 5547 Astrolabii,
743 5491 812 5529 ex
833 5474 1049 5547 quibus
1073 5477 1190 5547 tres
1213 5473 1434 5547 priores
1464 5470 1783 5547 incipiant:
1817 5475 1878 5529 In
1909 5473 2181 5547 metienda
2211 5475 2388 5543 igitur
2414 5473 2531 5528 sub.
2551 5472 2633 5547 _Et
2665 5470 2952 5547 posterior
2973 5470 3216 5547 unicus:

391 5544 659 5616 nomint.
682 5546 813 5609 Quae
847 5544 1022 5616 quam
1059 5544 1393 5601 male’inter
1423 5563 1484 5600 se
1513 5544 1836 5600 cohaereant
1856 5545 1941 5599 vel
1973 5545 2064 5599 ins

393 5615 908 5690 omnis__deinceps
937 5617 1201 5673 confusio
1219 5635 1342 5690 quae
1370 5619 1426 5672 in
1462 5616 2036 5690 scriptis‘Hermanni

3253 5470 3572 5542 Quicunque
3626 5473 3814 5526 astro-

2112 5540 2249 5600 ccta'
2268 5549 2470 5600 nostra
2498 5540 2750 5599 editione
2776 5541 2996 5597 nemini
3056 5559 3169 5598 non
3220 5540 3493 5614 patebit,—
3520 5540 3702 5614 Ergo,
3743 5546 3818 5597 ut

2105 5633 2134 5672 e
2163 5616 2490 5672 Astrolabio
2521 5615 2784 5671 admissa
2813 5620 2922 5681 est,
2957 5610 3239 5681 evitetur;
3255 5612 3339 5669 sic
3368 5610 3816 5681 accipe.Primo

390 5687 576 5751 edidit
597 5683 966 5749 Hermannus
986 5689 1192 5745 librum
1220 5683 1394 5746 unum
1424 5690 1494 5747 De
1525 5683 1782 5746 mbnsura
1813 5689 2136 5758 itstrotabii,
2173 5704 2350 5760 quem
2379 5686 2737 5745 Trithemius
2755 5687 2829 5745 De
2851 5687 3238 5760 compositione
3266 5683 3564 5743 Astrolabii
3593 5683 3812 5742 inscri-
