4152 6186
300 341 416 414 381

298 481 441 559 psit.

1327 350 1564 418 LIBER
1607 351 1709 419 DE
1752 350 2135 422 MENSURA
2177 349 2674 418 ASTROLABII.

484 493 778 570 quemque
805 479 1042 570 hic:una
1068 501 1202 544 cum
1233 487 1634 570 praefationes.
1661 489 1772 570 col.
1799 489 2107 570 38tusque
2130 488 2201 544 ad
2221 489 2628 570 390excusum
2652 486 2853 570 habes.
2885 485 3004 570 Nec
3019 485 3181 570 hunc
3202 481 3694 570 librum_priorem

3582 355 3698 422 38!

298 556 427 632 esse
442 556 646 632 aliquo
667 556 846 615 altero
866 559 1132 631 ejusdem
1154 556 1385 632 generis
1406 577 1471 616 ac
1485 561 1728 630 ordinis,
1755 556 2130 617 manifestum
2152 564 2321 616 estex
2341 559 2434 615 bis
2455 560 2644 615 verbis
2666 559 3005 625 Hermanni,
3029 558 3246 631 quibus
3257 556 3530 618 eumdem
3551 581 3690 620 con-

296 627 483 706 cludit
692 635 874 706 autem
895 627 1188 706 quantast
1208 634 1474 688 utilitates
1499 650 1682 689 omnes
1703 627 2024 706 praetexat;
2047 633 2283 706 habeant
2298 634 2762 706 Vmensuqationes,
2811 627 3063 687 libellum
3081 632 3429 704 Astrolapsus
3481 636 3700 706 legenti,

298 709 348 758 et
370 691 658 772 ingenium
683 703 740 758 in
768 691 1080 773 hujusmodi
1106 721 1295 759 rerum
1324 721 1430 760 usu
1459 691 1785 761 exercitanti
1812 707 1953 760 alias
1981 703 2132 760 debet
2157 705 2453 773 notiﬁcari.
2515 691 2532 719 ’

370 774 644 847 Secundo
675 774 910 845 scripsit
939 775 1317 847 Hermannus
1339 778 1410 832 De
1439 778 1800 832 utillitatibus
1819 776 2114 831 Astrolabii
2133 776 2297 830 libros
2322 777 2385 838 Il,
2411 791 2559 847 quos
2577 773 2855 828 Tritbemi
2866 791 2933 828 us
2957 775 3072 847 sub
3091 775 3295 829 eadem
3319 775 3700 847 inscriptione

294 842 422 918 loco
444 845 620 918 citato
639 842 916 918 recenset,
941 847 1049 901 etsi
1069 864 1186 902 non
1207 846 1322 902 nisi
1342 864 1516 902 unum
1537 864 1666 902 esse
1689 848 1862 906 dicat.
1888 847 2162 918 quocirca
2190 847 2311 901 viro
2335 842 2504 901 docto
2527 845 2688 918 litem
2713 845 3238 918 nonmovebimus.
3265 847 3430 918 Certe
3464 842 3532 902 ex
3564 865 3697 903 mox

299 916 571 972 adductis
590 916 782 986 ipsius
805 916 1120 972 Hermanni
1148 935 1216 974 ex
1238 919 1384 974 libro
1430 921 1504 973 De
1539 935 1798 973 mensura
1827 916 2140 983 Astrolabii,
2162 918 2354 972 verbis
2376 918 2468 972 vix
2492 917 2646 971 aliud
2675 916 3016 972 concludas.
3043 917 3167 971 Non
3190 917 3346 972 enim
3375 919 3445 973 ad
3470 919 3702 986 libellos,

297 988 398 1044 sed
428 986 720 1060 libellum,
751 989 1135 1060 Astrolapsus,,
1173 990 1231 1044 id
1261 994 1349 1045 est
1379 991 1450 1044 De
1479 991 1810 1044 utilitatibus
1840 989 2452 1053 Astrolabii,lectorem
2479 1005 2651 1043 suum
2677 989 2939 1042 remittit.
2960 989 3074 1043 Nec
3107 1005 3211 1044 nos
3236 987 3410 1043 aliam
3434 990 3695 1060 partitio-

296 1075 432 1115 nem
454 1059 946 1124 instituissemus,
964 1059 1084 1114 nisi
1110 1061 1290 1116 codex
1311 1061 1602 1117 Petrensis
1624 1077 1752 1116 eam
1776 1061 1942 1116 nobis
1962 1065 2216 1115 mentem
2239 1060 2554 1130 injecisset.
2593 1061 2738 1115 Cum
2777 1060 2932 1114 enim
2955 1077 3023 1115 ea
3046 1077 3174 1130 quae
3196 1065 3376 1130 caput
3395 1059 3458 1115 21
3496 1078 3700 1117 conse-

300 1135 586 1202 quuntur,
618 1147 752 1186 cum
792 1132 1252 1202 praecedentibus
1284 1131 1445 1188 nulla
1471 1133 1693 1188 ratione
1723 1132 2080 1187 cohaererent
2109 1149 2123 1196 ;
2159 1131 2218 1184 in
2249 1132 2448 1186 codice
2474 1136 2667 1202 tamen
2694 1131 2905 1202 eadem
2939 1132 3138 1186 omnia
3169 1148 3343 1186 manu
3379 1137 3616 1202 exarata
3647 1137 3706 1187 et

301 1200 620 1275 conjuncta
650 1200 866 1275 essent,
899 1203 1192 1275 integrum
1216 1203 1386 1258 nobis
1403 1220 1532 1259 esse
1562 1221 1676 1259 non
1710 1203 2047 1275 putavimus
2069 1219 2136 1257 ea
2155 1203 2281 1275 sine
2321 1202 2488 1275 titulo
2512 1201 2640 1275 novi
2668 1201 2797 1275 libri
2820 1202 3110 1266 exhibere,
3141 1202 3261 1256 sive
3289 1219 3355 1258 ea
3375 1203 3550 1275 etiam
3574 1200 3709 1258 Her-

301 1273 504 1346 manni
521 1272 643 1346 sive
666 1272 1072 1346 cujuscunque
1084 1275 1325 1331 alterius
1341 1279 1557 1331 essent.
1582 1272 1868 1340 Qua—dere
1893 1273 2267 1346 fortemelius
2289 1272 2386 1346 alii
2413 1273 2757 1337 censebunt,
2783 1272 2841 1346 in
2865 1290 3114 1346 quorum
3139 1289 3352 1346 manus
3375 1273 3544 1345 plura
3566 1275 3706 1330 Her-

301 1343 647 1418 manﬁnianni
670 1342 1060 1418 operismahu
1085 1353 1317 1402 exarata
1338 1346 1894 1418 exemplaincident.
1915 1345 2092 1418 Nobis
2110 1344 2169 1418 in
2193 1360 2263 1418 re
2277 1345 2531 1418 obscura
2560 1349 2616 1398 et
2654 1342 2922 1418 perplexa
2958 1343 3020 1418 id
3039 1342 3709 1418 sectandum—videbatur

300 1417 457 1488 quod
490 1414 726 1489 planius
749 1420 805 1472 et
834 1416 1049 1472 clarius
1076 1422 1248 1473 esset.
1295 1418 1441 1473 Nam
1476 1414 1650 1472 verba
1697 1416 2014 1473 Hermanni
2056 1416 2375 1489 admodum
2404 1416 2655 1489 obstant.
2706 1414 2902 1489 Potuit
2932 1414 3086 1489 enim
3121 1415 3230 1470 sub
3271 1417 3444 1471 ﬁnem
3477 1416 3611 1472 libri
3637 1419 3710 1472 De

295 1486 560 1560 mensura
588 1489 889 1544 Astrolabii
915 1489 1279 1560 propositum
1312 1489 1525 1544 habere
1557 1506 1670 1544 non
1703 1489 1814 1545 nisi
1845 1505 2032 1543 unum
2062 1486 2734 1560 libelluqustrolapsus
2757 1486 3065 1560 condendi,
3090 1503 3263 1557 quem
3280 1491 3480 1560 tamen
3509 1492 3713 1560 postea

297 1558 665 1615 incressente
695 1558 938 1615 materia
961 1558 1063 1615 aut
1094 1560 1224 1616 aliis
1249 1577 1319 1616 ex
1347 1560 1542 1616 causis
1573 1560 1751 1616 altero
1807 1559 2128 1625 adauxerit,
2190 1559 2344 1630 quod
2409 1558 2742 1629 frequenter
2800 1558 3140 1614 auctoribus
3172 1559 3400 1630 accidit.
3436 1558 3603 1614 Forte
3633 1558 3707 1613 li-

294 1630 434 1687 belli
465 1630 652 1702 hujus
681 1632 922 1688 secundi
955 1631 1222 1705 epilogus
1253 1632 1497 1688 certiora
1530 1649 1633 1688 nos
1666 1631 1983 1696 docuisset,
2017 1630 2130 1686 nisi
2163 1629 2444 1697 a’codice,
2481 1629 2800 1696 nescimus,
2843 1647 2958 1701 quo
2988 1647 3152 1696 casu,
3204 1629 3442 1687 avulsus
3469 1631 3707 1688 fuisset.

301 1820 927 2024 HERMANNI'
958 1913 1566 2026 malum
1603 1915 1720 2025 IN
1758 1913 2189 2024 LIBRUM
2222 1912 2371 2021 DE
2417 1909 2961 2071 MENSURA
3005 1843 3709 2024 ASTROLABII.

367 2118 763 2175 HIBIMANNUS
775 2118 985 2176 Christi
1000 2137 1324 2193 pauperum
1338 2120 1675 2193 peripsima,
1691 2124 1748 2176 et
1765 2119 1950 2192 philo-
1982 2119 2037 2186 Α
2068 2118 2272 2173 borum
2298 2116 2728 2188 compositioni,
2752 2116 2852 2173 sed
2875 2115 3156 2172 intricatae
3169 2118 3250 2172 rei
3264 2117 3507 2174 studens
3528 2120 3711 2192 expli-

301 2207 522 2280 sophise
543 2208 826 2273 tironum,
850 2208 1052 2279 asello,
1077 2209 1194 2265 imo
1215 2209 1446 2279 limace,
1465 2209 1690 2265 tardior
1710 2208 1953 2275 assecla,

303 2295 362 2353 B.
407 2312 519 2353 suo
543 2297 752 2370 jugem
785 2297 844 2352 in
875 2297 1119 2354 Domino
1152 2298 1422 2355 salutem.

369 2385 519 2442 Cum
538 2403 573 2441 a
590 2385 867 2458 plurimis
885 2403 1036 2458 saepe
1052 2387 1259 2444 amicis
1282 2403 1519 2460 rogarer
1531 2390 1597 2442 ut
1618 2401 1953 2441 mensuram

302 2474 602 2532 utrolabii
637 2491 764 2546 quae
804 2476 959 2547 apud
1009 2481 1304 2531 nostrates
1343 2476 1588 2532 confusa
1627 2479 1684 2530 et
1703 2473 1832 2530 ideo
1854 2475 1954 2529 ob-

302 2580 473 2620 scura
503 2567 561 2619 et
592 2563 818 2636 passim
866 2563 1135 2620 mutilata
1182 2565 1500 2629 invenitur,
1550 2564 1803 2620 lucidius
1835 2562 1955 2634 ple-

301 2654 555 2725 niusque
580 2653 838 2708 scribere
852 2656 1161 2720 tentarem,
1182 2653 1358 2725 idque
1380 2653 1669 2709 hactenus
1689 2657 1811 2707 tum
1831 2668 1956 2723 pro-

299 2745 427 2814 pter
446 2740 852 2806 inscientiam,
882 2744 1008 2796 tum
1050 2741 1226 2796 etiam
1270 2746 1508 2814 propter
1541 2741 1954 2813 pedissequam

301 2829 438 2886 heu!
463 2828 620 2885 mihi
645 2828 993 2885 familiarem
1014 2831 1299 2886 desidiam
1325 2831 1816 2902 subterfugerem,
1832 2833 1956 2884 tan-

298 2917 427 2975 dem
452 2936 488 2974 a
519 2917 611 2973 tui
651 2917 1028 2990 potissimum
1077 2918 1359 2984 instantia
1410 2919 1750 2992 perpulsus,
1785 2920 1958 2989 prout

297 3007 511 3064 inertia
531 3006 879 3078 desidiaque
920 3007 1291 3078 permittente
1329 3007 1513 3079 potui,
1557 3008 1658 3062 diu
1701 3006 1955 3077 seposito

301 3113 461 3153 more
481 3094 862 3151 mendacium
877 3095 1174 3151 fabrorum
1189 3096 1347 3167 Operi
1371 3095 1846 3151 cunctabundum
1865 3094 1958 3149 de-

301 3201 394 3243 ses
422 3200 672 3241 manum
703 3183 984 3257 applicui,
1015 3201 1132 3241 non
1157 3184 1362 3257 lepori,
1393 3201 1510 3241 non
1541 3183 1794 3258 eleganti
1822 3199 1954 3238 ver-

2067 2206 2300 2262 cationi.
2333 2207 2394 2261 In
2429 2223 2546 2278 qua
2576 2223 2636 2261 re
2669 2206 2717 2261 si
2750 2205 2888 2278 quid
2920 2205 3154 2262 indocta
3175 2206 3554 2278 obsequentis
3574 2226 3712 2282 pec-

2069 2295 2217 2351 cavit
2248 2294 2573 2362 temeritas,
2605 2294 2859 2366 benigna
2889 2294 3226 2365 jubentium
3267 2296 3588 2353 amicorum
3621 2299 3712 2354 in-

2068 2383 2307 2455 dulgeat
2330 2383 2608 2450 charitas,
2632 2387 2942 2456 totumque
2963 2401 3069 2440 suo
3093 2385 3288 2456 potius
3320 2384 3594 2442 delictum
3619 2405 3708 2444 as-

2065 2473 2251 2528 cribat
2280 2472 2499 2540 studio,
2528 2489 2655 2545 quae
2687 2471 2966 2528 imbecilli
2996 2477 3117 2528 tam
3157 2489 3330 2547 grave
3360 2491 3476 2531 non
3508 2493 3713 2550 peper-

2065 2562 2141 2617 cit
2171 2579 2320 2617 onus
2352 2563 2650 2633 imponere
2682 2562 2875 2617 dorso.

2135 2652 2222 2706 Tu
2253 2650 2453 2722 igitur,
2485 2654 2546 2704 tu
2580 2650 2776 2705 anime
2805 2649 2905 2716 mi,
2943 2654 3240 2722 utcunque
3266 2650 3363 2706 alii
3388 2653 3576 2707 ferant
3592 2653 3714 2709 hinc

2064 2755 2196 2794 mea
2224 2739 2439 2811 scripta
2468 2739 2748 2811 legentes,
2782 2742 3098 2810 gratanter,
3134 2743 3200 2794 ut
3235 2739 3490 2794 amicum
3523 2742 3710 2810 decet,

2065 2829 2593 2900 quomodocunque
2624 2827 2978 2899 descriptam
3010 2826 3337 2899 simplicem
3374 2829 3600 2898 praefati
3630 2830 3714 2888 in-

2066 2920 2187 2972 stru
2197 2918 2376 2971 menti
2403 2916 2597 2989 accipe
2620 2933 2956 2971 mensuram
2986 2933 2998 2983 ;
3020 2919 3104 2985 ut,
3120 2916 3236 2972 site
3251 2919 3628 2989 postmodum
3642 2920 3712 2976 de

2066 3007 2193 3076 ejus
2220 3005 2440 3060 ratione
2461 3005 2657 3076 aliqua
2678 3021 3001 3077 cognovero
3029 3011 3386 3077 permovere,
3430 3024 3498 3064 ea
3517 3012 3711 3064 tecum

2065 3093 2296 3161 alacris,
2328 3098 2675 3166 suppetente
2706 3093 2850 3149 alias
2880 3094 3016 3161 otio,
3069 3111 3172 3166 pro
3222 3111 3395 3166 posse
3438 3097 3709 3154 studeam

2066 3181 2370 3254 vestigare.

1350 3335 1754 3426 INCIPIT
1818 3335 2162 3423 LIBER
2224 3336 2669 3423 PRIMUS.

850 3505 1080 3561 CAPUT
1119 3505 1429 3562 PRIMUM.

319 3628 590 3696 Quomodo
626 3629 828 3684 circuli
874 3630 1297 3700 zquirroctialis,
1346 3631 1662 3685 colurorum
1707 3631 1963 3686 solstitio-

554 3715 788 3772 rumque
815 3701 871 3755 in
902 3701 1198 3757 astrolabio
1239 3701 1557 3758 inveniendi
1585 3703 1718 3757 sint.

375 3859 440 3916 In
479 3860 778 3916 metienda
815 3860 997 3933 igitur
1017 3860 1417 3918 subtilissima
1440 3861 1795 3919 inventionis
1821 3862 1955 3916 Pto-

309 3947 497 4005 lomaei
537 3948 918 4016 Walwchora,
948 3950 1006 4005 id
1065 3953 1172 4018 est,
1234 3949 1411 4023 plana
1468 3949 1717 4022 sphaera,
1779 3966 1958 4022 quam

311 4038 682 4095 Astrolabium
710 4037 1050 4107 vocitamus,
1083 4043 1204 4096 tres
1228 4039 1486 4111 primum
1511 4038 1762 4095 circulos
1793 4039 1959 4095 inve-

312 4126 432 4182 nire
443 4126 753 4195 debemus,
769 4142 1017 4198 quorum
1038 4126 1296 4183 medium
1319 4127 1834 4200 quiaequinoctialis
1853 4145 1960 4183 cce-

312 4215 471 4271 lestis
498 4215 892 4287 (protenditur
912 4215 1068 4271 enim
1090 4232 1194 4287 per
1213 4215 1446 4272 Libram
1467 4220 1526 4271 et
1545 4215 1864 4286 Arientem)
1889 4233 1960 4272 ne

315 4305 640 4360 maximum
661 4305 946 4360 duntaxat
961 4305 1298 4377 praepediat,
1322 4305 1393 4360 ad
1415 4304 1649 4361 libitum
1669 4305 1958 4361 moderari

315 4391 618 4449 convenit:
647 4408 824 4463 quem
847 4397 1041 4448 centro
1063 4410 1098 4448 a
1117 4391 1432 4466 diligenter
1443 4392 1958 4466 circumscriptum

311 4478 370 4536 in
407 4485 670 4554 quatuor
709 4498 879 4554 aequa
907 4481 1182 4554 partiaris
1212 4482 1452 4554 punctis
1484 4482 1513 4538 b
1541 4499 1570 4538 ε
1597 4482 1632 4537 d
1663 4498 1712 4548 e,
1740 4491 1792 4538 et
1823 4483 1901 4538 sit
1932 4484 1960 4538 b

312 4568 594 4626 orientale
624 4573 910 4642 punctum
941 4588 974 4626 a
1003 4571 1260 4628 sinistris
1285 4589 1299 4639 ;
1332 4587 1361 4626 ο
1390 4569 1528 4626 huic
1557 4570 1897 4642 oppositum
1929 4589 1963 4628 a

311 4657 534 4715 dextris
557 4658 921 4715 occidentale
945 4677 958 4728 ;
981 4659 1015 4715 ιι
1038 4659 1285 4716 inferius
1309 4659 1762 4732 septentrionale
1784 4679 1796 4727 ;
1818 4677 1846 4716 e
1869 4678 1964 4717 su-

311 4747 511 4819 perius
542 4747 964 4804 meridianum.

377 4835 622 4901 Dehinc,
647 4835 915 4909 apposita
934 4835 1157 4910 regula,
1181 4853 1283 4909 per
1305 4837 1334 4892 b
1375 4854 1410 4892 a
1429 4853 1458 4893 ε
1494 4841 1715 4909 puncta
1740 4836 1977 4899 lineam.

305 4929 529 4980 rectam
552 4941 589 4979 a
606 4925 724 4980 ﬁne
741 4925 814 4980 ad
835 4925 1014 4982 finem
1036 4924 1250 4982 tabula:
1275 4925 1598 4998 perducito,
1639 4925 1694 4982 id
1740 4930 1850 4993 est,
1884 4927 1958 4981 ab

307 5012 546 5079 Oriente
567 5013 628 5068 in
658 5013 1030 5070 Occidentem
1059 5031 1072 5069 :
1099 5014 1357 5086 itemque
1381 5031 1482 5086 per
1501 5015 1540 5070 ά
1569 5032 1602 5071 ιι
1623 5031 1670 5084 e,
1706 5015 1768 5070 id
1787 5019 1898 5080 est,
1931 5031 1965 5069 a

307 5102 719 5175 Septentrione
740 5102 800 5159 in
822 5103 1148 5174 Meridiem,
1172 5103 1414 5160 alteram
1436 5103 1674 5161 lineam.
1700 5104 1856 5168 Quas
1874 5103 1962 5159 vi-

308 5190 718 5248 delicetlineas
734 5192 1092 5264 quadrifarie
1107 5191 1395 5249 circulum
1409 5193 1735 5248 dividentes
1749 5193 1964 5250 Arabes

308 5281 539 5337 Alcotan
570 5281 918 5350 nominant;
952 5298 1082 5348 nos,
1115 5282 1364 5338 Coluros.

384 5368 490 5424 His
516 5367 692 5425 lineis
735 5369 933 5441 itaque
976 5369 1184 5442 positis
1235 5385 1721 5441 unumquemque
1763 5370 1966 5426 circuli

310 5458 708 5530 quadrantem
729 5458 789 5514 in
809 5460 880 5514 90
898 5475 1096 5531 eaquae
1119 5463 1314 5532 partes
1337 5457 1548 5526 divide,
1577 5464 1634 5514 et
1671 5475 1741 5514 ex
1782 5460 1875 5515 his
1896 5462 1967 5516 24

311 5563 382 5602 ex
423 5550 680 5620 utroque
724 5546 902 5604 latere
947 5565 993 5615 ο,
1032 5565 1237 5605 versus
1276 5548 1311 5603 ἀ
1347 5547 1566 5605 scilicet
1609 5551 1667 5603 et
1707 5565 1754 5617 e,
1788 5549 1966 5607 debes

309 5635 594 5721 accipere.
623 5637 738 5692 Sed
769 5641 834 5692 ut
854 5637 964 5694 hoc
985 5637 1215 5695 facilius
1236 5638 1355 5706 ﬁat,
1381 5637 1737 5709 quadrantes
1759 5638 1964 5711 singu-

1990 3505 2038 3570 B
2070 3501 2158 3559 los
2187 3503 2247 3559 in
2278 3503 2392 3559 tria
2419 3503 2629 3571 divide,
2663 3506 2728 3558 ut
2760 3502 2982 3559 scilicet
3030 3521 3397 3578 unaquaeque
3445 3508 3618 3576 tertia
3645 3510 3718 3566 30

2073 3597 2267 3665 partes
2287 3592 2511 3665 capiat;
2535 3597 2593 3648 et
2631 3593 2778 3648 duas
2813 3594 3014 3649 tertias
3053 3610 3081 3648 c
3110 3596 3415 3668 contiguas
3444 3596 3501 3653 in
3531 3600 3567 3654 5
3591 3599 3714 3656 sin-

2071 3681 2240 3753 gulas
2270 3682 2506 3754 partire,
2529 3697 3010 3754 unamquamque
3031 3683 3345 3754 quinarum
3369 3687 3623 3756 partium
3649 3689 3716 3744 16

2071 3771 2142 3826 de
2174 3772 2244 3824 90
2275 3771 2540 3842 partibus
2573 3769 3019 3842 subintelligens
3050 3771 3339 3826 claudere.

2142 3859 2220 3914 Ex
2249 3859 2342 3915 his
2374 3859 2632 3930 quinque
2663 3859 2950 3932 partibus,
2982 3860 3013 3914 4
3064 3859 3338 3932 utrinque
3376 3860 3533 3918 circa
3560 3879 3590 3919 c
3617 3881 3706 3920 se-

2071 3965 2261 4015 cerne,
2293 3951 2350 4003 et
2379 3948 2610 4021 punctis
2667 3946 2941 4020 superius
2969 3950 3012 4019 f,
3065 3948 3313 4005 inferius
3361 3969 3397 4020 g
3435 3951 3712 4011 inscribe.

2068 4036 2276 4107 Sicque
2315 4037 2468 4092 inter
2496 4054 2525 4093 ο
2551 4042 2610 4092 et
2645 4039 2688 4107 γ’,
2731 4036 2985 4108 itemque
3015 4033 3170 4093 inter
3196 4054 3225 4094 c
3254 4041 3310 4095 et
3335 4058 3389 4112 g,
3417 4042 3489 4096 24
3517 4048 3714 4115 partes

2070 4125 2140 4181 de
2167 4124 2237 4180 90
2266 4123 2523 4180 inclusas
2565 4124 2793 4180 noveris
2833 4141 2981 4181 esse.
3024 4126 3230 4183 Postea
3265 4127 3325 4185 in
3364 4137 3629 4204 punctae
3657 4138 3716 4191 et

2067 4216 2111 4285 f,
2141 4212 2252 4279 vel,
2286 4211 2336 4268 si
2366 4212 2574 4281 mavis,
2603 4213 2637 4268 d
2665 4216 2721 4268 et
2737 4232 2791 4285 g,
2838 4214 3027 4287 posita
3068 4215 3289 4290 regula,
3337 4219 3468 4277 vide
3515 4222 3574 4278 in
3597 4236 3714 4296 quo

2069 4301 2195 4358 loco
2218 4301 2455 4368 lineam,
2475 4302 2546 4358 ab
2568 4301 2786 4359 oriente
2806 4301 2867 4358 in
2903 4303 3264 4362 occidentem
3305 4323 3406 4378 per
3427 4310 3459 4365 b
3499 4328 3534 4365 a
3552 4328 3582 4366 ο
3601 4313 3713 4368 du-

2069 4395 2245 4457 ctam,
2276 4395 2439 4447 extra
2485 4391 2773 4447 circulum
2822 4396 3047 4465 tangat,
3102 4394 3302 4466 ibique
3351 4401 3488 4453 nota
3538 4400 3568 4454 b
3598 4399 3710 4457 im-

2070 4496 2296 4553 pressa,
2329 4479 2530 4536 circini
2560 4481 2736 4552 pedes
2766 4481 2824 4536 in
2857 4499 2892 4537 a
2935 4485 2994 4537 et
3039 4483 3074 4536 h
3106 4483 3290 4556 ﬁgito,
3339 4489 3399 4539 et
3444 4484 3711 4545 latiorem

2069 4570 2297 4625 solstitii
2324 4570 2580 4625 hiemalis
2607 4568 2890 4626 circulam
2919 4573 3117 4625 centro
3149 4587 3210 4638 α,
3255 4575 3313 4626 et
3342 4571 3643 4632 intervallo
3675 4577 3712 4633 h

2071 4657 2514 4714 circumducito.
2549 4659 2691 4714 Item
2739 4657 2798 4712 in
2847 4661 3065 4729 puncta
3105 4674 3135 4713 e
3181 4662 3238 4714 et
3279 4677 3333 4729 g,
3367 4659 3483 4717 sive
3511 4662 3545 4717 ἀ
3571 4668 3629 4720 et
3664 4669 3712 4738 f,

2072 4746 2335 4820 regulam
2361 4763 2564 4819 pones,
2598 4750 2654 4801 et
2684 4745 2784 4801 ubi
2815 4746 3028 4802 lineam
3055 4747 3392 4819 praedictam
3424 4751 3454 4806 b
3483 4769 3517 4808 a
3542 4757 3716 4812 ctan-

2072 4837 2176 4909 git,
2209 4841 2406 4892 notam
2439 4839 2460 4892 i
2497 4835 2767 4909 infigens,
2818 4835 3228 4906 nihilominus,
3279 4839 3390 4896 ﬁxo
3437 4840 3497 4897 in
3546 4862 3581 4899 a
3609 4850 3718 4905 eti

2073 4925 2311 4994 circino,
2347 4925 2663 4982 minimum
2690 4926 2866 4981 aestivi
2885 4926 3107 4982 solstitii
3135 4927 3420 4985 circulum
3452 4939 3650 4992 centro
3679 4955 3711 4993 a

2075 5014 2372 5071 circinato.

2713 5105 2951 5161 CAPUT
3004 5106 3071 5162 ΙΙ.

2604 5194 2681 5248 De
2716 5195 3178 5251 almucantarath.

2146 5282 2249 5337 His
2273 5281 2506 5338 circulis
2536 5282 2619 5337 ita
2650 5282 2922 5350 inventis,
2953 5285 3344 5355 quodcunque
3363 5282 3544 5338 clima
3575 5301 3712 5345 con-

2079 5371 2321 5428 stituere
2369 5371 2535 5437 velis,
2567 5372 2698 5441 ejus
2729 5370 2986 5427 climatis
3036 5371 3364 5426 altitudinis
3421 5378 3567 5443 quot
3597 5377 3718 5439 sint

2075 5461 2294 5534 gradus
2324 5461 2472 5527 vide,
2505 5465 2704 5533 utpote
2731 5461 2903 5544 primi
2936 5459 3188 5514 climatis
3231 5459 3314 5526 15,
3348 5449 3592 5521 secundi
3622 5471 3713 5544 23,

2075 5550 2228 5605 tertii
2261 5551 2348 5616 30,
2375 5550 2564 5620 quarti
2590 5550 2679 5616 36,
2703 5541 2890 5622 quinti
2939 5548 3026 5616 41,
3071 5546 3212 5602 sexti
3238 5548 3326 5613 45,
3360 5550 3594 5623 septimi
3625 5541 3712 5629 48,

2075 5641 2146 5697 Et
2175 5644 2258 5696 tot
2287 5644 2483 5711 partes
2512 5640 2582 5695 de
2611 5639 2701 5705 90,
2737 5656 2769 5693 a
2799 5656 2828 5694 c
2848 5653 3053 5693 versus
3083 5653 3130 5705 θ,
3159 5652 3396 5695 secerne
3422 5658 3435 5706 ;
3459 5640 3715 5716 itemque
