4102 6182
420 331 556 399 383‘.

1181 315 1184 318 “
1220 327 1640 398 HERMANNI
1681 322 2120 394 CONTBAGTI
2154 325 3001 400 AvetsuslswuoN-ACHI.

421 477 496 536 ab
524 471 788 550 opposito
819 491 853 531 a
884 473 914 530 ὁ
961 489 1166 531 versus
1195 477 1477 546 punctum
1507 472 1543 530 ἀ
1588 472 1828 529 totidem
1855 490 1868 540 ;
1899 471 2059 528 verbi
2091 462 2145 528 Α
2177 465 2235 520 in
2270 471 2390 524 tres
2417 467 2659 536 divides,
2692 473 2750 525 et
2777 470 2899 526 erit.
2918 485 3284 550 unaquaeque
3311 483 3452 548 pars
3473 468 3586 539 3ος-
3611 467 3833 545 postea;

418 567 626 644 gratia,
655 567 704 623 si
735 569 1028 630 nostrum,
1059 563 1117 620 id
1150 570 1237 619 est
1293 565 1610 636 septimum
1662 562 1838 618 clima
1866 561 2060 618 volue-

416 659 496 717 ris
529 657 742 725 metiri,
777 673 943 713 sume
974 674 1006 712 a
1036 673 1065 712 c
1091 672 1292 711 versus
1323 672 1351 711 ε
1380 657 1448 710 48
1479 660 1667 726 pertes
1684 655 1754 710 de
1773 653 1864 718 90,
1888 653 2073 725 supe?

414 750 599 808 riores
620 746 887 804 videlicet
910 747 999 812 24,
1023 762 1126 816 per
1144 762 1292 815 quas
1320 743 1571 799 circulor
1594 743 1917 810 inveneras,
1946 743 2052 798 du,

413 838 678 912 plicatas,
709 851 923 907 easque
958 838 1091 889 nota
1121 834 1152 887 k
1186 833 1368 887 ﬁnito.
1418 833 1558 888 Item
1616 850 1650 887 a
1699 833 1728 887 ὁ
1771 848 1974 887 versus
2002 831 2056 898 ά,

411 928 805 991 tantumdem,
823 923 880 979 id
905 926 992 978 est
1014 923 1080 975 48
1111 925 1306 992 partes
1329 925 1466 976 nota
1494 921 1511 976 ι
1550 919 1855 983 secernito,
1880 923 1945 974 ut
1972 918 2053 972 vi-

411 1016 621 1079 delicet
651 1014 876 1084 integra
905 1009 1104 1066 circuli
1137 1010 1418 1066 medietas
1451 1028 1484 1066 a
1513 1010 1544 1065 k
1575 1011 1643 1065 ad
1677 1008 1710 1064 ci
1747 1011 1764 1065 l
1797 1007 2054 1064 invenia-

407 1108 522 1163 tur.
557 1103 762 1157 Postea
793 1099 1180 1170 hemicyclum
1212 1118 1245 1154 a
1273 1100 1305 1154 li
1337 1117 1438 1171 per
1466 1117 1494 1156 ο
1522 1104 1580 1155 et
1611 1103 1640 1156 ὁ
1667 1101 1737 1154 ad
1758 1100 1792 1154 d
1823 1100 1841 1154 ι
1869 1114 2054 1169 usque

407 1193 481 1249 ad
533 1193 574 1260 Ι,
634 1190 692 1244 in
749 1191 782 1242 6
841 1189 1079 1261 partire,
1137 1206 1615 1260 unamquamque
1674 1193 1897 1244 sextam
1929 1187 2054 1240 in6

402 1280 608 1352 itidem
642 1277 942 1350 impressis
968 1279 1198 1349 punctis
1222 1278 1460 1349 partire,
1493 1278 1678 1332 ethoc
1703 1278 1851 1332 facto
1875 1275 2050 1331 habe-

401 1370 480 1428 tis
511 1368 595 1426 ak
629 1384 813 1439 usque
845 1368 916 1422 ad
950 1366 967 1421 l
1001 1365 1303 1423 intervalla
1322 1366 1410 1433 36,
1435 1365 1668 1438 singula
1691 1366 1900 1438 quinas
1923 1382 2053 1437 par-

401 1462 494 1519 tes
513 1459 584 1514 de
613 1458 717 1512 360
746 1457 926 1514 totius
957 1455 1158 1511 circuli
1192 1456 1456 1527 partibus
1488 1455 1955 1526 complectentis.
2001 1505 2005 1512 .

472 1546 690 1604 Deinde
715 1545 978 1617 regulam
1011 1545 1068 1598 in
1101 1561 1130 1599 ε
1159 1550 1214 1599 et
1242 1545 1275 1598 Ic
1306 1549 1521 1616 puncta
1551 1561 1795 1617 ponens,
1826 1544 1955 1598 vide
1989 1543 2043 1597 in

403 1653 516 1710 quo
536 1636 662 1691 loco
685 1639 886 1707 tangat
919 1633 1133 1689 lineam
1161 1634 1545 1689 meridianam
1578 1651 1681 1706 per
1702 1633 1736 1688 ἁ
1756 1652 1789 1688 a
1818 1649 1847 1688 θ
1875 1633 2047 1704 longe

403 1731 564 1784 extra
589 1723 838 1780 circulos
869 1724 927 1777 in
961 1723 1075 1778 alia
1123 1722 1345 1786 tabula,
1397 1740 1574 1792 supra
1618 1740 1794 1794 quam
1827 1721 2042 1777 walza-

401 1816 577 1872 chora
605 1813 900 1868 metienda
931 1811 1186 1881 ponitur,
1239 1811 1663 1882 prolongatam,
1711 1811 1908 1881 ibique
1939 1828 2046 1865 no-
2087 1831 2132 1898 Β
2235 1811 2350 1862 Hoc
2373 1811 2543 1862 modo
2564 1811 2831 1878 perfectis
2857 1811 3322 1862 almucautarath
3353 1811 3805 1880 campilogram-

401 1908 527 1964 tam
555 1901 744 1962 seribe
771 1917 846 1968 τη,
875 1901 1118 1970 sicque,
1171 1915 1286 1954 non
1333 1905 1489 1954 mota
1535 1898 1698 1965 hinc,
1744 1899 1801 1954 id
1835 1902 1923 1954 est
1953 1899 1986 1954 d
2013 1915 2047 1954 c
2105 1903 2108 1906 ’
2163 1896 2274 1952 mis
2292 1896 2548 1966 spatium
2585 1896 2762 1952 trium
2797 1895 3074 1968 primitus
3106 1895 3393 1958 dictorum
3424 1896 3826 1970 circulanti“

398 1908 527 1964 tam
555 1901 744 1962 seribe
771 1917 846 1968 τη,
875 1901 1118 1972 sicque,
1171 1915 1286 1954 non
1333 1905 1489 1954 mota
1535 1898 1698 1965 hinc,
1744 1899 1801 1954 id
1835 1902 1923 1954 est
1953 1899 1986 1954 d
2013 1915 2047 1954 ε

398 1995 617 2066 puncto
641 1988 862 2062 regula,
887 1991 956 2045 ad
981 1988 1216 2061 singula
1238 2005 1338 2058 per
1364 1988 1651 2055 ordinem,
1677 2005 1792 2060 quo
1816 2006 1848 2043 a
1869 1989 1900 2042 k
1921 1988 1991 2043 ad
2024 1989 2045 2043 ἰ

396 2083 616 2152 feceras
638 2084 875 2153 puncta,
899 2079 1166 2134 eamdem
1190 2075 1451 2149 regulam
1476 2077 1715 2148 ponitio,
1749 2081 1807 2132 et
1827 2077 1899 2134 ad
1928 2077 2048 2134 sin-.

397 2170 567 2244 gulae
605 2169 924 2242 positiones
945 2167 1240 2238 praefatam
1261 2166 1296 2220 d
1326 2183 1359 2220 α
1389 2183 1418 2220 c
1435 2164 1674 2234 lineam,
1700 2170 1814 2226 uta
1839 2165 2044 2244 regula

396 2263 689 2332 tengatur,
724 2259 946 2322 notato,
977 2255 1160 2310 donec
1195 2253 1387 2309 tricies
1416 2257 1474 2308 et
1503 2253 1690 2309 sexies
1727 2253 1858 2325 ipsa
1885 2253 2042 2324 linea
2067 2303 2072 2312 .

397 2350 603 2414 notata
642 2344 705 2399 in
745 2361 772 2399 ε
799 2347 856 2400 et
891 2344 908 2398 ι
947 2345 1164 2414 puncta
1207 2341 1468 2415 regulam
1502 2347 1861 2413 ponas,et,ut
1889 2359 2040 2412 saepe

398 2435 616 2497 dictam
627 2432 894 2506 regulam
908 2435 1124 2502 tangat,
1141 2430 1514 2501 trigesimum
1526 2436 1754 2490 sextum
1775 2431 2012 2504 signum
2023 2473 2038 2498 ,

396 2522 456 2578 id
497 2527 586 2578 est
614 2541 673 2587 η,
722 2521 919 2576 facias.
963 2519 1086 2583 Quo
1140 2520 1288 2574 facto
1339 2520 1598 2592 spatium
1648 2519 1834 2584 linem,
1881 2521 2036 2593 quod

395 2611 549 2668 inter
575 2628 630 2664 m
659 2614 716 2665 et
741 2609 1162 2674 ncontinetur,
1195 2613 1432 2679 accepto
1465 2608 1680 2664 circino
1708 2609 1768 2664 in
1794 2609 1910 2663 duo
1947 2609 2035 2664 di-

392 2701 546 2767 vide,
569 2702 625 2756 et
647 2697 705 2752 in
728 2697 1037 2753 medietate
1067 2702 1265 2754 centro
1288 2697 1398 2752 fixo
1418 2697 1832 2770 hemicyclum,
1859 2715 2034 2770 quem

391 2786 875 2854 Almucantaratb
909 2786 1125 2842 Arabes
1165 2789 1395 2854 vocant,
1425 2787 1578 2842 inter
1619 2791 1741 2842 tres
1783 2786 2056 2842 circulos.

391 2893 496 2949 per
525 2876 554 2930 b
585 2893 624 2930 η
651 2891 679 2930 c
710 2874 958 2930 inflecte.
995 2873 1136 2930 Item
1169 2874 1428 2946 spatium
1472 2873 1656 2942 lineaz,
1696 2877 1848 2948 quod
1885 2875 2038 2931 inter

393 2952 724 3044 proximum
745 2964 982 3035 signum
1007 2963 1078 3022 ab
1099 2981 1154 3020 m
1184 2969 1238 3020 et
1259 2963 1592 3035 proximum
1615 2965 1686 3020 ab
1709 2981 1762 3019 ,η
1785 2965 2037 3036 comple-

393 3053 592 3122 ctitur,
614 3052 673 3108 in
696 3053 810 3108 duo
833 3051 1077 3118 divides,
1103 3056 1179 3118 et,
1221 3056 1486 3109 centrum
1510 3053 1568 3108 in
1610 3052 1802 3109 medio
1826 3053 2032 3126 figens,

391 3139 855 3198 alterumitidem
880 3139 1266 3213 hemicyclum
1290 3141 1580 3196 curvabis.
1612 3141 1824 3197 Eodem
1857 3143 2032 3198 modo

389 3229 566 3303 spatii
596 3229 762 3284 lineae
794 3227 946 3284 inter
975 3228 1213 3283 tertium
1258 3229 1330 3283 ab
1381 3248 1454 3296 m,
1499 3234 1556 3285 et
1602 3229 1840 3284 tertium
1889 3231 1961 3286 ab
1994 3248 2032 3286 η

365 3317 627 3391 -signum
649 3318 881 3372 inventa
906 3316 1236 3381 medietate,
1261 3317 1499 3372 tertium
1515 3317 1906 3390 hemicyclum
1933 3319 2030 3374 de-

389 3407 492 3462 bes
515 3407 818 3460 incurvare
835 3422 848 3470 ;
865 3405 1064 3475 sicque
1078 3404 1393 3459 ordinatim
1411 3405 2029 3477 persingulaejusdem

387 3493 554 3550 lineas
575 3492 742 3564 signa
757 3491 1008 3548 interius
1024 3490 1299 3562 utrinque
1322 3491 1720 3563 progrediens,
1749 3494 2031 3564 spatium-

390 3579 867 3654 quc'quodinter
908 3579 1036 3651 ipsa
1085 3578 1420 3634 continetur
1465 3579 1522 3634 in
1575 3581 1690 3635 duo
1741 3581 2028 3650 dividens,

387 3667 948 3741 nuncsemiplenes,
966 3684 1123 3724 nunc
1139 3668 1400 3740 integros
1421 3668 1671 3725 circulos
1691 3668 2026 3737 circinabis,

386 3760 589 3824 donec,
613 3758 684 3813 ad
709 3756 968 3812 medium
991 3755 1295 3829 signorum
1321 3755 1681 3827 perveniens,
1705 3759 2025 3816 octodecim

387 3847 782 3906 orbiculorum
813 3844 1291 3902 Almucantaratb
1315 3846 1756 3904 consummabis
1781 3865 1794 3913 ;
1827 3847 2028 3920 sicque

385 3939 462 3994 ab
486 3954 546 4004 η,
575 3935 632 3990 id
657 3939 816 4000 estate
836 3933 1028 4006 primo
1047 3934 1514 3990 almucautarath
1539 3951 1728 4006 usque
1750 3935 1822 3994 ad
1849 3937 2026 3992 medii

385 4023 628 4082 orbiculi
651 4027 942 4090 centrum,
970 4022 1043 4076 90
1061 4024 1280 4095 gradus
1313 4027 1752 4095 computantur,
1779 4041 1882 4097 per
1904 4026 2024 4082 sin-

384 4111 526 4186 gula
541 4111 765 4168 scilicet
801 4110 1455 4183 campilogrammorum
1496 4111 1800 4169 intervalla
1828 4113 2052 4186 quinis

383 4201 666 4277 gradibus
695 4201 1074 4256 enumeratis.

453 4291 543 4346 Ab
569 4289 700 4362 ipso
719 4305 853 4344 vero
885 4306 924 4343 η
963 4305 1151 4359 usque
1181 4289 1251 4344 ad
1285 4289 1545 4345 medium
1586 4295 1850 4346 centrum
1874 4309 1911 4346 α
1941 4295 2025 4348 tot

381 4379 604 4453 gradus
632 4379 690 4433 in
737 4378 1072 4449 inoquoque
1103 4377 1332 4433 climate
1365 4379 1604 4450 reperis,
1635 4384 1776 4452 quot
1806 4382 2026 4452 gradus

380 4469 558 4527 habet
587 4467 835 4522 altitudo
881 4466 1370 4538 ipsiusclimatis
1419 4471 1576 4540 quod
1627 4470 2020 4538 mensurabis,

2175 556 2320 612 duas
2339 561 2556 629 partes,
2582 557 2638 613 id
2663 560 2832 614 est60
2860 559 2917 615 in
2937 561 2975 616 5
2989 559 3231 626 divides,
3255 562 3311 616 et
3326 558 3838 642 eritunaqueque"

2173 663 2308 718 pars
2339 648 2443 715 12;
2478 647 2683 704 deinde
2714 649 2860 724 duas
2890 653 3105 721 partes,
3139 647 3194 706 id
3246 655 3334 708 est
3355 649 3442 706 .24
3480 648 3731 722 auferes,
3759 654 3834 716 et.

2171 739 2311 792 tunc
2341 737 2409 791 36
2441 738 2846 794 remanebunt.
3756 727 3760 730 ⁴

2242 826 2303 879 In
2335 826 2544 897 quinto
2577 831 2774 881 autem
2806 827 2987 897 [rogita
3015 827 3270 898 reperies
3299 843 3312 882 :
3363 827 3636 882 eumdem
3667 843 3814 899 qua-

2169 914 2434 970 drantem
2457 917 2516 969 in
2542 921 2661 970 tres
2684 916 2930 984 divides,
2949 919 3007 972 et
3036 921 3237 987 postea
3273 916 3440 982 duas,
3471 917 3530 972 id
3555 916 3832 974 est60in"

2167 1018 2284 1067 sex,
2305 1005 2361 1057 et
2386 1004 2493 1058 erit
2516 1021 2879 1076 unaquaque
2902 1003 3195 1060 denarius.
3221 1005 3384 1059 Tunc
3405 1005 3554 1062 duas
3583 1005 3822 1068 auferes.

2165 1096 2381 1162 partes,
2413 1091 2472 1146 id
2505 1098 2595 1148 est
2620 1093 2713 1162 20,
2745 1098 2799 1148 et
2831 1093 3220 1149 remanebunt
3246 1093 3332 1149 40.
3380 1094 3440 1150 In
3467 1099 3627 1151 sexto
3651 1095 3816 1152 deni-

2164 1196 2277 1252 que
2303 1182 2372 1235 45
2402 1181 2595 1237 taliter
2627 1183 2923 1238 invenies:
2967 1183 3237 1237 eumdem
3287 1182 3674 1253 quadrantem
3707 1199 3834 1256 pcr-

2163 1269 2420 1324 medium
2455 1270 2698 1337 divides,
2735 1274 2790 1325 et
2821 1287 3187 1342 unaquaeque
3238 1285 3374 1342 pars
3405 1271 3516 1328 erit
3547 1273 3635 1341 45,
3670 1277 3808 1348 nam

2161 1358 2251 1413 bis
2285 1360 2350 1413 45
2379 1359 2450 1414 90
2481 1360 2719 1417 faciunt.
2755 1359 2836 1418 De
2866 1359 3113 1432 septimo
3137 1357 3372 1417 climate
3394 1359 3830 1438 superiusjamf

2160 1447 2384 1504 dictum
2421 1451 2527 1505 est.
3523 1477 3526 1482 -

2795 1573 3028 1630 CAPUT
3066 1573 3162 1632 III.

2492 1665 2568 1720 De
2597 1664 2760 1719 lineis
2791 1665 3052 1720 horarum
3099 1663 3461 1720 inveniendis.

2235 1807 2350 1862 Hoc
2373 1807 2543 1862 modo
2564 1807 2831 1878 perfectis
2857 1805 3322 1862 almucautarath
3353 1806 3805 1880 campilogram-

2157 1984 2310 2056 quod
2345 1986 2496 2040 infra
2518 1983 2772 2056 primum
2797 1983 3264 2040 almucautarath
3281 2002 3346 2040 ex
3367 1990 3559 2056 partes
3579 1971 3828 2043 scilicet:

2153 2073 2208 2142 d,
2226 2073 2298 2144 Aid
2326 2075 2416 2130 est
2434 2073 2900 2145 septentrionali,
2939 2077 3224 2144 remanet,
3248 2073 3620 2144 12_horarum
3643 2073 3799 2148 loca-

2150 2161 2296 2218 tioni
2317 2161 2618 2233 aequaliter
2643 2161 2920 2232 distribui
2949 2162 3061 2218 hoc
3089 2163 3260 2220 modo
3310 2163 3502 2222 debet.
3525 2163 3838 2232 Initioeb.

2151 2249 2278 2322 ipso
2301 2249 2768 2305 almucautarath
2799 2254 3025 2322 aperte
3053 2268 3081 2307 ε
3111 2257 3368 2324 sumpto,
3399 2252 3836 2326 spatiumque

2142 2339 2364 2411 jusque
2394 2339 2573 2394 trium
2597 2338 2951 2395 circulorum
2984 2356 3171 2414 usque
3191 2340 3263 2396 ad
3287 2339 3506 2396 lineam
3523 2341 3557 2397 ά
3577 2358 3802 2414 anget:

2149 2427 2627 2483 antemeridianis
2640 2427 2799 2484 horis
2821 2427 3118 2500 aequaliter
3133 2429 3464 2502 dispertire.
3485 2429 3800 2501 Similiter,
3817 2477 3830 2496 ,

2149 2517 2220 2572 ab
2247 2517 2371 2588 ipsa
2394 2518 2427 2572 d
2446 2534 2481 2573 a
2501 2535 2531 2572 e
2553 2516 2708 2572 linea
2725 2534 2912 2588 usque
2934 2519 3005 2572 ad
3045 2517 3508 2578 almucautarath
3539 2535 3616 2575 ex
3629 2524 3800 2592 parte

2150 2605 2198 2670 b,
2259 2622 2400 2661 sena
2455 2606 2512 2659 in
2560 2605 2810 2677 singulis
2860 2604 3096 2661 circulis
3154 2605 3838 2678 metiens~intervalla,-..

2148 2694 2624 2767 postmeridianis
2645 2695 2810 2750 horis
2842 2694 3175 2768 deputabis.
3725 2763 3728 2770 ί

2220 2784 2423 2839 Postea
2451 2784 2673 2856 accepti
2695 2782 2904 2838 circini
2939 2799 3125 2838 unum
3157 2785 3368 2856 pedem
3423 2786 3532 2843 tali
3571 2787 3837 2856 inJocoy

2146 2873 2322 2946 figere
2345 2873 2540 2937 debes,
2565 2877 2630 2926 ut
2660 2870 2808 2928 alter
2831 2871 2942 2925 tria
2965 2876 3201 2942 puncta,
3236 2874 3438 2947 prima
3459 2875 3613 2938 hora
3633 2875 3793 2946 lini-
3817 2913 3822 2922 .

2143 2966 2262 3018 tem
2293 2961 2352 3016 in
2383 2960 2636 3033 singulis
2681 2959 2904 3016 scilicet
2951 2960 3187 3018 circulis
3238 2962 3814 3038 signantia,.pmgit,.

2144 3051 2450 3123 attingere,
2478 3054 2536 3106 et
2574 3049 2654 3105 ita
2712 3049 3046 3105 circinando
3102 3050 3337 3108 finalem
3382 3054 3826 3125 primatibus»,-

2146 3139 2365 3196 lineam
2387 3139 2538 3195 inter
2559 3139 2720 3211 ipsos
2742 3142 2860 3196 tres
2883 3138 3132 3195 circulos
3155 3141 3444 3210 curvabis,
3467 3143 3824 3216 cedemus.

2148 3229 2320 3284 modo
2339 3245 2439 3299 per
2459 3226 2724 3299 singulas
2744 3226 2919 3281 horas
2941 3226 3160 3282 faciens
3187 3245 3341 3284 nunc
3367 3232 3785 3302 contrahendo,

2144 3331 2298 3386 nunc
2315 3315 2638 3392 dilatando,
2656 3315 2715 3370 in
2739 3314 3102 3386 diversisque
3124 3315 3265 3372 locis
3286 3317 3595 3387 circinum,
3612 3325 3790 3392 pmut

2142 3391 2490 3478 punctorum
2513 3403 2724 3476 positio
2746 3403 3210 3476 poscit,ﬁgendo,
3229 3405 3594 3479 singularum
3614 3391 3792 3465 bora-

2138 3509 2273 3549 rum
2298 3492 2500 3547 ﬁnales
2522 3491 2706 3547 lineas
2729 3490 3042 3548 circinsbis
3069 3511 3081 3560 ;
3105 3491 3307 3566 sicque
3345 3496 3595 3570 singulis
3619 3497 3788 3554 boris

2141 3587 2455 3637 nascentur
2475 3579 2775 3638 intervalla
2796 3581 2865 3634 ad
2885 3581 3220 3638 interiorem
3237 3583 3475 3657 quidem
3493 3585 3785 3658 circulum
3797 3613 3832 3644 .-.

2137 3669 2537 3737 contractiora,
2562 3669 2631 3725 ad
2654 3669 2996 3726 exteriorem
3021 3685 3164 3728 vero
3197 3669 3438 3740 latium,-
3468 3690 3594 3746 qua
3623 3674 3782 3732 vide-

2136 3759 2273 3814 licet
2290 3758 2418 3830 ipsa
2439 3756 2909 3828 septentrionalis
2929 3757 2964 3812 ἀ
2985 3776 3019 3813 α
3039 3775 3067 3814 e
3087 3759 3142 3813 in
3165 3761 3356 3816 medio
3374 3760 3782 3821 limitatlinea.

2139 3848 2380 3905 Talibus
2409 3847 2491 3902 ita
2521 3847 2815 3901 mensuris
2853 3851 2911 3902 et
2957 3848 3348 3922 perigraphiis
3397 3855 3715 3924 quaternas
3746 3841 3784 3910 7

2137 3937 2358 3994 scilicet
2389 3936 2691 3992 climatum
2718 3936 2951 3992 tabulas
2981 3937 3279 4010 insignito.
3569 3935 3576 3944 ’
3810 3961 3812 3968 ·

2771 4077 3003 4136 CAPUT
3040 4079 3139 4135 III.
3423 4139 3426 4142 .

2586 4168 2884 4240 Descriptio
2931 4167 3329 4226 Alhancabuth.

2207 4291 2423 4347 Deinde
2450 4289 2782 4357 volvellum,
2815 4307 2918 4347 seu
2948 4296 3089 4357 rete,
3125 4294 3280 4364 quod
3311 4294 3540 4351 Arabes
3568 4295 3790 4352 Αιῆσηιιι

2132 4381 2330 4437 cabth
2345 4380 2879 4450 nominant,orebra
2891 4383 3267 4452 percussione
3279 4383 3798 4454 perforattim,hoo'
3811 4397 3834 4422 ’ί

2134 4471 2306 4526 modo
2337 4469 2448 4524 erit
2472 4469 2855 4524 metiendum.
2890 4469 3206 4541 Descriptio
3229 4515 3232 4520 .
3256 4471 3446 4543 primo
3487 4473 3806 4531 intabulai-

379 4562 583 4631 utpote
609 4557 672 4611 in
700 4557 970 4621 septimo,
1003 4556 1172 4627 cujus
1202 4573 1358 4611 nunc
1403 4573 1688 4613 mensura:
1731 4557 2029 4631 ex°mplar
2059 4578 2105 4644 Ι)
2136 4558 2643 4631 ejusaliquantum
2676 4557 2974 4630 spissiora,
3000 4573 3182 4630 quam
3213 4559 3332 4615 sint
3351 4561 3784 4632 subposita'ro-

379 4645 657 4718 expressi,
687 4648 777 4701 4εξ.
815 4646 875 4704 In
903 4646 1094 4718 primo
1124 4650 1321 4704 autem
1371 4645 1603 4701 climate
1657 4648 1721 4701 15
1753 4648 1835 4703 sic
1867 4647 2023 4704 inve-

378 4735 508 4791 nies
532 4751 546 4790 :
571 4735 766 4790 divide
803 4735 1186 4806 quadrantem
1221 4735 1278 4789 in
1312 4737 1430 4790 tres
1477 4739 1669 4806 partes
1699 4741 1759 4791 et
1791 4737 2023 4792 tertiam
2065 4755 2068 4758 ’

379 4822 682 4895 partemin
702 4823 872 4878 duas.
893 4824 1058 4878 Tunc
1081 4828 1330 4894 utraque
1355 4841 1486 4895 pars
1509 4825 1768 4880 continet
1788 4825 1846 4880 in
1871 4841 1935 4881 se
1960 4827 2027 4880 15

379 4911 620 4984 gradus.
644 4912 706 4967 In
732 4913 987 4967 secundo
1027 4916 1224 4966 autem
1265 4911 1502 4967 climate
1539 4914 1606 4967 24
1631 4914 1711 4968 ita
1734 4915 2020 4986 reperies:

379 4998 569 5056 divide
591 5001 945 5073 quadrantes
969 5001 1025 5054 in
1055 5005 1172 5056 tres
1218 5006 1434 5072 partes,
1476 5006 1530 5056 et
1563 5008 1762 5073 postea
1793 5003 2022 5058 tertiam

378 5094 603 5162 partem
633 5106 702 5144 ex
731 5089 1017 5161 almagrip
1043 5089 1102 5144 in
1131 5092 1168 5146 5
1197 5089 1408 5154 divide,
1441 5093 1497 5144 et
1525 5091 1846 5147 continebit
1879 5109 2021 5146 una-

378 5196 624 5252 quteque
647 5197 781 5252 pars
802 5179 1119 5234 senarium.
1157 5179 1363 5233 Postea
1395 5178 1663 5250 quintam
1695 5187 1921 5251 partem
1956 5197 2023 5236 ex

378 5267 664 5340 almagrip
686 5268 1120 5331 semocriorem,
1143 5266 1408 5321 videlicet
1439 5267 1736 5322 senarium
1769 5270 2018 5335 auferes,

377 5357 946 5421 et:,remanebunt2-i.
975 5356 1038 5409 In
1063 5355 1226 5409 tertio
1269 5371 1401 5410 vero
1449 5355 1682 5411 climate
1723 5358 1897 5412 39ita
1928 5375 2020 5413 rc-

377 5443 602 5516 peries:
627 5445 1015 5507 Quadrantem
1060 5443 1372 5500 scilicet90
1399 5461 1432 5498 a
1461 5461 1490 5498 ε
1530 5444 1586 5498 in
1625 5450 1742 5500 tres
1773 5447 2019 5514 divides,

377 5531 569 5600 etperit
588 5549 951 5604 unaquaeque
974 5551 1108 5606 pars
1128 5535 1216 5588 30.
1246 5535 1304 5588 In
1330 5538 1537 5604 quarto
1559 5540 1757 5590 autem
1789 5535 2020 5592 climate

374 5620 993 5698 362t4a1iter~reperiesz
1028 5625 1240 5679 iterum
1274 5623 1682 5696 quadrantem,
1725 5624 1781 5680 id
1811 5631 1898 5682 est
1926 5627 2015 5694 90,

2135 4647 2270 4703 tutae
2300 4647 2444 4715 alias,
2475 4663 2600 4719 quae
2641 4651 2758 4703 tres
2807 4651 2946 4703 sunt
2986 4663 3253 4716 numero,
3301 4648 3494 4705 tribus
3539 4649 3834 4708 circulis“-

2134 4738 2397 4808 ejusdem
2427 4735 2792 4807 quantitatis,
2818 4737 2988 4808 cujus
3010 4740 3066 4792 et
3083 4753 3263 4809 supra
3279 4737 3784 4810 isquinoctiaii’vib'
3823 4775 3834 4790 ς.

2134 4825 2362 4902 delicet,
2387 4823 2626 4880 hiemali
2661 4829 2836 4896 atque
2864 4825 3061 4882 aestivo
3091 4825 3786 4896 solstitialibus,veodem-

2134 4931 2248 4987 que
2268 4915 2439 4970 modo
2477 4930 2612 4969 cum
2651 4911 2824 4969 lineis
2860 4915 3054 4981 rectis,
3097 4931 3245 4986 quas
3275 4915 3515 4972 Coluros
3545 4915 3814 4985 dixiin

2135 5010 2384 5076 quatuor
2411 5019 2597 5074 requa,
2629 5007 2693 5058 ut
2739 5019 2948 5075 supra,
2986 5003 3208 5072 divisis,
3261 5004 3546 5061 Colurutn
3591 5017 3808 5066 unum'

2131 5109 2336 5148 versus
2357 5091 2659 5147 meridiem
2679 5109 2712 5147 a
2735 5092 3132 5164 septentrione
3151 5093 3468 5159 directum,
3491 5111 3526 5150 a
3546 5099 3820 5167 puncto"

2134 5181 2233 5237 ubi
2257 5181 2520 5237 aestivum
2557 5179 2844 5235 minimus
2878 5180 2938 5236 in
2960 5182 3077 5236 ﬁne
3109 5185 3287 5249 secat,
3317 5193 3508 5254 usque
3529 5184 3786 5256 adpun-

2132 5275 2288 5326 ctum
2326 5269 2420 5325 ubi
2445 5286 2508 5324 ex
2531 5269 2796 5341 opposito
2818 5269 3076 5326 maximo
3095 5271 3369 5344 jungitur
3393 5271 3634 5350 hiemali
3653 5273 3814 5328 θῆτα-ι

2131 5358 2281 5426 culo,
2316 5360 2372 5413 in
2406 5359 2521 5415 duo
2551 5358 2764 5423 divide,
2795 5363 2854 5414 et
2881 5363 3080 5415 centro
3103 5359 3171 5417 'in
3203 5360 3396 5417 medio
3446 5351 3781 5419 ﬁxo-{odii-

2129 5464 2255 5503 cum
2283 5446 2590 5513 circulum,
2616 5447 2672 5500 in
2701 5463 2815 5518 quo
2843 5451 2967 5502 tota
2989 5447 3170 5520 hujus
3207 5448 3349 5505 artis
3365 5450 3637 5506 consistit
3653 5450 3784 5506 "efﬂi-
3807 5495 3813 5502 .

2128 5537 2364 5604 cacitas,
2384 5536 2460 5591 ita
2482 5535 2895 5591 circumscribe
2916 5541 2981 5590 ut
3003 5535 3314 5593 minimum
3331 5541 3524 5594 totum
3547 5538 3798 5598 intrass-

2129 5625 2436 5682 continens
2459 5622 2742 5682 circulum
2763 5641 2834 5680 ex
2856 5641 2972 5682 una
2992 5625 3044 5681 ei
3070 5627 3780 5701 conjungetur,'ex‘oppo~
