4152 6186
393 309 508 373 387

707 435 759 495 3.
1033 440 1122 494 74.
1284 439 1535 495 Gemini.
1760 436 1966 495 Alszon.

682 512 762 568 19.
929 510 1000 566 66
1031 509 1117 567 vel
1149 511 1202 566 5.
1277 511 1402 567 Leo.
1761 507 2155 564 Halhazhoch.

666 655 758 721 26,
1017 654 1110 708 72.
1259 655 1494 708 Cancer.

1145 347 1150 350 -
1220 298 1640 368 HERMANNI
1687 298 2129 366 CONTllACTl
2175 298 2592 367 AUGIENSIS
2637 297 3022 366 MONACHI.

3684 293 3804 363 388

2695 437 2806 510 Pes
2833 407 3017 510 dextri
3048 427 3438 510 Sagittatoris.

2687 507 2936 635 Sinistter
2950 506 3248 592 .hume'rus
3274 506 3530 580 Sagitta-

2881 596 3016 637 oris.

1776 648 2090 705 Alrucuba.
2160 650 2428 722 Egregez.

462 805 580 861 Hoc
610 805 783 860 modo
813 801 1219 858 Alhaneabuth
1253 803 1662 856 mensuratum
1684 801 1895 869 totum,
1919 798 2047 854 ubi-
2077 801 2131 867 Α
2161 799 2519 856 diebusanni
2537 799 2739 855 360vel
2763 799 3006 872 5potius
3024 798 3214 856 adhuc
3247 798 3462 855 additis
3479 796 3802 854 dividatur:

388 910 620 967 cunque
644 896 826 958 vacat,
851 890 1161 963 diligenter
1191 888 1370 944 facias
1415 888 1696 961 perforari
1739 891 1796 943 et
1833 903 2040 960 perpo-

388 983 504 1051 liri,
539 985 693 1037 recto
723 987 916 1034 tamen
947 978 1181 1033 zodiaco
1210 982 1267 1033 et
1292 978 1556 1050 partibus
1585 977 1832 1033 aliorum
1855 976 2040 1032 circu-

386 1071 595 1136 lerum,
629 1084 776 1139 quos
809 1067 947 1133 dixi,
981 1083 1114 1120 cum
1136 1065 1326 1122 stellis
1348 1065 1493 1133 suis,
1517 1070 1574 1121 et
1593 1065 1846 1137 quadam
1870 1081 2040 1136 regu-

387 1159 443 1213 la
460 1173 561 1229 per
580 1157 774 1211 Pisces
791 1159 848 1211 et
867 1155 1163 1228 Virginem
1203 1155 1530 1210 secundum
1569 1153 1748 1210 alium
1774 1153 2040 1210 eolurum

387 1246 582 1312 ducta,
616 1261 744 1316 quas
775 1245 935 1316 ipsos
955 1242 1224 1299 videlicet
1245 1260 1378 1299 cum
1401 1243 1591 1298 medio
1615 1242 1794 1298 centri
1823 1241 2039 1297 circulo

388 1333 574 1406 possit
604 1333 900 1389 continere
931 1333 1002 1387 ad
1027 1333 1154 1402 ejus
1176 1331 1390 1387 relictis
1413 1330 1794 1398 soliditatem,
1820 1335 1884 1385 ut
1906 1347 2038 1385 cum

387 1422 558 1477 alicui
593 1421 1028 1494 superpositum
1060 1419 1280 1476 elimati
1311 1437 1413 1492 per
1441 1437 1628 1486 axem,
1653 1435 1827 1490 quem
1857 1419 2040 1474 Alchf-

387 1511 472 1566 tob
484 1513 711 1577 vocant,
731 1510 950 1565 circum
968 1507 1646 1580 volviturapparentibus
1659 1523 1762 1579 per
1773 1511 2039 1579 apertum

386 1597 614 1653 cunctis
643 1597 906 1668 ejusdem
939 1596 1197 1652 climatis
1211 1595 1774 1668 perigraphisortus,
1797 1611 2042 1650 occasus

386 1685 884 1757 exaltationesque
931 1684 1236 1756 signorum
1282 1687 1340 1738 et
1401 1682 1725 1750 stellarum,
1777 1683 2040 1754 ratioque

386 1776 663 1832 horarum
695 1773 917 1846 liquido
951 1772 1296 1837 declaretur,
1333 1771 1487 1826 sicut
1519 1788 1622 1843 per
1649 1770 1838 1842 ipsius
1874 1774 2038 1826 ortus

391 1864 547 1930 [cod.,
579 1862 746 1932 ortis]
777 1861 1194 1934 experientiam
1224 1864 1278 1915 et
1319 1877 1495 1915 usum
1536 1860 1844 1915 manifeste
1891 1859 2039 1914 scire

387 1951 721 2009 volentibus
752 1950 1127 2023 approbatur.

1017 2063 1246 2120 CAPUT
1270 2063 1392 2120 VII.

855 2155 930 2210 De
954 2155 1256 2227 partitione
1285 2152 1558 2209 Umbonis.

458 2264 575 2319 Hoc
606 2263 682 2318 ita
722 2262 974 2333 perfecto
1038 2262 1351 2329 Umbonem,
1394 2259 1494 2330 qui
1541 2259 1731 2330 ipsam
1791 2261 2037 2315 matrem

387 2351 783 2410 Walzacoram
831 2349 1217 2415 circumdare,
1261 2352 1318 2403 et
1366 2351 1578 2404 cuneta
1607 2346 1907 2402 climatum
1947 2352 2032 2404 ta-

387 2438 578 2500 bulas,
610 2438 929 2509 ipsumque
961 2437 1396 2509 superpositum
1430 2436 1836 2493 Alhancabuth
1869 2437 2040 2493 debet

386 2526 862 2592 circumcludere,
895 2526 1086 2598 primo
1118 2527 1175 2581 in
1204 2529 1456 2598 quatuor
1474 2542 1658 2597 aequa,
1687 2532 1752 2581 ut
1771 2525 2039 2581 videlicet

385 2615 642 2689 praefatis
673 2615 974 2670 conveniat
1003 2613 1239 2680 coluris,
1289 2613 1498 2668 divide.
1551 2612 1769 2668 Dehinc
1821 2629 2037 2667 unum-

388 2705 659 2778 quodque
673 2708 1013 2776 quartorum
1037 2704 1094 2758 in
1117 2703 1249 2767 tria,
1269 2706 1325 2758 et
1343 2702 1555 2758 horum
1573 2702 2037 2774 unumquodque

386 2796 444 2850 in
468 2811 610 2850 sena
634 2793 871 2866 partire,
897 2797 962 2848 ut
981 2792 1249 2848 videlicet
1277 2796 1434 2846 totus
1457 2791 1736 2848 Umbonis
1759 2790 2036 2846 circuitus

385 2884 556 2940 lineis
588 2883 762 2938 rectis
793 2882 1072 2937 distincta
1102 2883 1174 2935 72
1204 2879 1366 2953 paria
1385 2880 1679 2936 contineat
1710 2878 2032 2948 intervalla,

387 2979 442 3029 et
463 2972 925 3044 unumquodque
947 2971 1156 3026 horum
1183 2967 1623 3025 intervallorum
1645 2967 1910 3034 interius,
1935 2968 2035 3023 ubi

387 3061 726 3135 prominens
757 3061 814 3115 in
848 3059 1288 3116 Halhancabuth
1312 3063 1367 3114 at
1397 3057 1809 3130 Almeritingit,
1832 3057 1889 3112 in
1913 3057 2039 3128 qui-

389 3169 495 3208 nos
525 3151 715 3208 adhuc
732 3151 949 3224 gradus
972 3149 1259 3215 discerne,
1283 3152 1346 3203 ut
1364 3147 1650 3203 circuiens
1672 3145 1890 3202 Almeri
1913 3146 2033 3202 die-

383 3258 513 3297 rum
537 3245 595 3297 et
625 3225 902 3296 horarum
926 3237 1323 3310 longitudines
1356 3236 1542 3308 possit
1569 3241 1924 3308 computare.

997 3351 1228 3406 CAPUT
1258 3351 1407 3405 VllI.

512 3442 586 3495 De
610 3441 908 3510 partitione
927 3439 1232 3508 signorum,
1267 3439 1540 3492 mensium
1569 3446 1619 3492 et
1653 3437 1893 3492 dierum.

2066 2173 2114 2238 B

2153 889 2309 961 quod
2341 889 2451 945 hoc
2483 890 2656 944 modo
2687 887 2922 946 facilius
2952 887 3161 945 facies:
3195 887 3278 943 Ab
3302 904 3417 944 uno
3444 884 3646 943 circuli
3668 901 3808 958 qua-

2151 977 2355 1033 drante
2412 978 2700 1033 decimam
2758 982 3017 1033 octavam
3076 980 3294 1049 partem
3362 975 3620 1042 seclude,
3694 973 3805 1030 hac

2149 1072 2388 1138 excepta
2425 1067 2716 1139 reliquum
2747 1071 2937 1123 totum
2967 1066 3276 1122 circuitum
3307 1066 3365 1120 in
3403 1066 3492 1132 12,
3523 1068 3580 1120 et
3595 1079 3804 1120 unam-

2150 1170 2444 1227 quamque
2466 1156 2875 1212 duodecimam
2897 1156 2957 1211 in
2981 1171 3152 1212 senas
3173 1154 3361 1210 divide
3373 1153 3804 1226 partes,sicque

2152 1249 2559 1313 anuumerata,
2573 1261 2751 1316 quam
2774 1243 3122 1311 secluseras,
3137 1242 3481 1316 quadrantis
3503 1244 3684 1314 parte,
3699 1242 3801 1298 de-

2151 1331 2364 1388 cimam
2388 1336 2648 1388 octavam
2672 1333 2731 1388 in
2764 1336 2885 1388 toto
2928 1332 3148 1389 circulo
3177 1333 3250 1388 7O
3277 1331 3391 1387 tria
3426 1330 3679 1404 reperies
3710 1330 3800 1386 in-

2148 1420 2408 1490 tervalla,
2441 1422 2656 1494 quibus
2687 1420 2940 1495 siugulis
2963 1422 3021 1476 in
3058 1423 3095 1476 5
3125 1420 3359 1494 partitis
3390 1419 3571 1476 habes
3607 1419 3800 1476 circu-

2150 1510 2274 1565 lum
2307 1526 2411 1582 per
2437 1512 2544 1566 365
2575 1511 2698 1566 dies
2720 1510 2997 1566 divisum.

2221 1600 2385 1654 Tunc
2457 1597 2784 1655 autumnali
2860 1597 3226 1670 aequinoctio,
3295 1597 3450 1670 quod
3535 1594 3800 1652 moderni

2149 1687 2339 1760 primo
2391 1689 2577 1761 gradu
2649 1688 2890 1756 Arietis,
2950 1688 3008 1743 id
3057 1691 3180 1757 est,
3238 1686 3308 1742 15
3381 1685 3505 1742 Kal.
3582 1683 3801 1757 Aprilis

2149 1777 2562 1833 ascribendum
2585 1777 2849 1843 credunt,
2881 1775 3168 1848 incipiens
3200 1775 3263 1830 14
3296 1775 3420 1830 dies
3452 1778 3587 1847 post
3614 1772 3801 1846 equi-

2149 1866 2434 1932 noctium,
2484 1866 2542 1921 id
2572 1869 2678 1934 est,
2713 1870 2844 1939 post
2881 1863 3094 1919 lineam
3145 1861 3562 1920 occidentalem
3592 1860 3653 1917 in
3685 1877 3802 1934 qua

2147 1955 2398 2011 Arietem
2419 1955 2729 2021 inchoasti,
2748 1952 2953 2010 Martio
2975 1952 3160 2008 mensi
3176 1948 3800 2022 tribue,deindeAprili

2145 2046 2236 2113 30,
2267 2044 2418 2099 Maio
2447 2045 2536 2112 31,
2565 2043 2742 2099 Junio
2761 2043 2850 2110 30,
2873 2041 3027 2097 Julio
3045 2042 3404 2113 31,Augusto
3432 2039 3800 2111 31,Septem-

2147 2133 2234 2189 bri
2266 2133 2354 2200 30,
2387 2132 2618 2188 Octobri
2649 2131 2738 2201 31,
2771 2129 3079 2186 Novembri
3111 2130 3202 2196 30,
3251 2127 3532 2185 Deeenbri
3561 2127 3649 2195 31,
3693 2126 3793 2183 Ja-

2149 2220 2353 2276 nuario
2384 2221 2473 2285 31,
2489 2219 2801 2275 Februario
2821 2220 2892 2274 28
2913 2223 2970 2274 et
2981 2217 3184 2274 Martio
3198 2232 3384 2288 usque
3404 2215 3475 2272 ad
3493 2214 3794 2288 praefatam

2147 2308 2478 2382 aequinoctii
2507 2308 2759 2364 vernalis
2786 2307 3002 2364 lineam
3041 2305 3111 2361 47
3140 2306 3449 2378 deputans,
3500 2305 3796 2376 integrum

2147 2399 2285 2455 anni
2317 2398 2605 2455 currentis
2629 2397 2938 2454 circuitum
2979 2393 3320 2467 complebis,
3365 2391 3596 2448 duabus
3625 2390 3798 2447 lineis

2145 2487 2395 2544 circulos
2428 2485 2849 2560 quadrifariam
2879 2483 3288 2557 partientibus,
3320 2480 3542 2538 scilicet
3560 2483 3800 2552 quater-

2147 2593 2252 2632 nos
2286 2575 2423 2630 anni
2444 2575 2742 2642 articulos,
2775 2573 2912 2629 bina
2933 2571 3226 2644 siquidem
3258 2568 3604 2643 aequinoctia
3633 2572 3689 2625 et
3709 2571 3797 2624 to-

2143 2665 2323 2720 tidem
2347 2663 2599 2720 solstitia
2619 2660 3129 2718 intersecantibns.

2215 2752 2421 2807 Adhuc
2453 2753 2606 2823 quod
2633 2751 2743 2806 sub
2774 2750 2882 2806 hoc
2897 2752 3158 2804 remanet
3175 2751 3372 2803 centro
3393 2746 3661 2803 citimum
3683 2745 3796 2801 cir-

2145 2840 2410 2897 culorum
2429 2838 2822 2906 intervallum,
2846 2838 2928 2893 ita
2943 2837 3003 2892 in
3016 2851 3371 2908 unoquoque
3383 2850 3584 2890 mense
3600 2834 3802 2890 distics

2145 2947 2278 3003 gue,
2304 2933 2369 2984 ut
2389 2929 2603 3001 quinos
2626 2928 2770 2998 dies,
2792 2926 2881 2983 vel
2903 2927 3058 2998 quod
3078 2925 3385 2997 expeditus
3406 2928 3642 2996 propter
3660 2923 3798 2979 heb-

2147 3019 2427 3075 domadas
2491 3017 2740 3084 videtur,
2789 3019 3060 3088 septenos
3111 3012 3304 3086 potius
3341 3017 3793 3068 connumeratos

2145 3109 2316 3164 lineis
2346 3107 2694 3180 distinguas,
2719 3103 3160 3161 remanentibus
3181 3101 3231 3157 si
3258 3101 3357 3173 qui
3379 3101 3570 3157 adhuc
3593 3117 3787 3172 super.

2145 3201 2284 3254 sunt
2305 3196 2377 3252 de
2399 3213 2599 3252 mense
2619 3195 2844 3250 diebus.
2868 3192 2970 3248 His
2983 3196 3179 3247 autem
3197 3189 3278 3246 ita
3293 3190 3584 3262 perfectis,
3606 3193 3791 3245 totam

2146 3302 2483 3342 mensuram
2497 3281 3061 3352 instrumentihujus
3078 3280 3149 3335 ad
3163 3278 3615 3335 astronomicam
3632 3277 3792 3334 vide-

2142 3374 2276 3430 licet
2306 3373 2769 3447 horologicamve
2797 3369 3167 3442 disciplinam
3212 3366 3600 3440 pertinentem
3631 3381 3790 3422 com-

2143 3463 2357 3534 pletam
2388 3479 2517 3518 esse
2569 3460 2878 3516 laetaberis.
2933 3459 3042 3515 Sed
3100 3456 3292 3513 adhuc
3342 3456 3414 3511 de
3468 3455 3792 3528 quadranu'x

454 3547 656 3602 Restat
683 3543 907 3617 postica
935 3542 1270 3598 walzacorae
1291 3541 1564 3613 planities
1589 3543 1882 3597 metienda
1901 3558 2026 3597 om-

2152 3551 2602 3615 mensuratione,
2623 3549 2723 3620 qui
2746 3548 2899 3603 intra
2921 3546 3205 3602 circulum
3227 3545 3454 3601 dierum
3477 3544 3630 3601 inter
3650 3543 3804 3600 occi-

385 3635 557 3691 nibus
582 3632 804 3690 zodiaci
834 3631 1137 3705 gradibus,
1174 3631 1383 3703 signis,
1409 3631 1711 3686 mensibus
1742 3634 1799 3685 et
1828 3630 2035 3686 diebus

382 3725 520 3782 anni
543 3721 934 3796 insignienda.
968 3721 1149 3792 Cujus
1179 3723 1468 3775 extremos
1499 3717 1772 3785 circulos,
1805 3718 1863 3772 in
1896 3719 1927 3772 4
1953 3717 2037 3772 iti-

382 3815 516 3872 dem
546 3829 712 3885 aqua
741 3810 914 3868 rectis
943 3809 1114 3866 lineis
1156 3825 1258 3882 per
1289 3812 1551 3864 centrum
1597 3807 1788 3862 ductis
1821 3806 2037 3863 divisos

382 3904 582 3960 eadem
613 3919 731 3974 qua
749 3905 806 3957 et
826 3899 1167 3973 praedictum
1186 3897 1510 3954 Umbonem
1534 3913 1812 3953 mensura
1828 3896 2035 3952 distin-

381 3995 620 4064 guas,ut
643 3989 906 4045 videlicet
941 3988 1349 4060 unusquisque
1370 3987 1666 4059 quadrans
1693 3984 1950 4058 primum
1976 3983 2035 4040 in

382 4081 514 4145 tria,
548 4082 604 4134 et
635 4077 735 4132 illa
765 4077 823 4132 in
853 4093 1019 4144 sena,
1049 4076 1106 4132 id
1138 4082 1226 4133 est
1257 4078 1324 4131 18
1355 4075 1681 4142 intervalla,
1714 4079 1872 4131 totus
1903 4090 2036 4131 vero

385 4167 626 4224 circuito
648 4166 706 4220 in
725 4168 795 4219 72
817 4165 1037 4220 divisus
1061 4165 1156 4233 sit,
1175 4169 1231 4220 et
1251 4165 1716 4236 unumquoque
1732 4163 1940 4218 horum
1978 4163 2036 4217 in

389 4257 601 4328 quinos
621 4254 915 4309 dividatur
933 4253 1173 4324 gradus,
1198 4253 1297 4323 qui
1320 4252 1495 4308 simul
1515 4253 1621 4307 360
1638 4252 2034 4323 complebunt.

385 4345 504 4401 Sub
526 4341 615 4398 his
642 4358 775 4398 vero
801 4341 1133 4412 proximum
1169 4341 1520 4395 circulorum
1548 4340 1918 4396 intervallum
1941 4341 2041 4395 tri-

383 4434 495 4488 bus
516 4432 575 4487 in
606 4446 958 4503 unoquoque
993 4429 1316 4502 quadrante
1348 4429 1531 4501 signis
1561 4429 1958 4500 dispertiatur,
1983 4429 2040 4484 et

384 4538 586 4578 eorum
617 4519 914 4576 vocabulis
949 4519 1326 4588 inscribatur,
1359 4535 1392 4572 a
1418 4517 1569 4572 linea
1592 4516 1857 4572 videlicet
1887 4517 2036 4572 occi-

385 4609 625 4676 dentali,
659 4609 715 4664 id
749 4613 837 4665 est
859 4609 1112 4674 dextera,
1146 4623 1337 4678 usque
1376 4606 1446 4662 ad
1479 4622 1775 4662 summam
1808 4609 2035 4660 austra-

385 4700 520 4767 lem,
541 4698 634 4754 cui
657 4696 1158 4769 suspendicularis
1177 4697 1540 4751 incatenatur
1561 4693 1816 4750 circulus
1837 4698 2039 4750 contra

389 4787 675 4841 mundum
705 4786 887 4853 Aries,
920 4787 1167 4852 Taurus,
1199 4783 1447 4840 Gemini.
1486 4783 1711 4838 Abhinc
1745 4800 1931 4855 usque
1962 4783 2034 4838 ad

385 4873 746 4939 orientalem,
781 4873 838 4927 id
872 4879 959 4928 est
990 4874 1314 4941 sinistram,
1343 4875 1581 4936 Cancer,
1615 4873 1726 4927 Leo
1759 4878 1816 4927 et
1834 4871 2029 4944 Virgo.
2066 4908 2110 4972 Ι)

390 4963 526 5018 Inde
544 4977 730 5031 usque
745 4961 814 5015 ad
830 4960 1008 5015 imam
1025 4960 1536 5032 septentrionalem
1554 4960 1742 5024 Libra,
1760 4960 2032 5032 Scorpius

386 5057 443 5107 et
473 5047 841 5121 Sagittarius.
865 5048 935 5102 Et
959 5049 1165 5103 dehinc
1199 5049 1268 5102 ad
1294 5047 1706 5104 occidentalem
1740 5049 2036 5121 Capricor-

388 5157 521 5208 nus,
553 5137 847 5209 Aquarius
879 5143 935 5192 et
966 5136 1157 5192 Pisces
1189 5141 1549 5192 revertantur
1589 5155 1602 5204 ;
1635 5142 1692 5192 et
1721 5138 2036 5210 unicuique

388 5229 556 5302 signo
586 5225 774 5282 sexies
803 5225 987 5298 quini,
1023 5225 1079 5280 id
1111 5229 1220 5294 est,
1245 5226 1314 5279 30
1334 5226 1402 5280 de
1427 5225 1716 5297 praedictis
1740 5226 2037 5282 160totius

359 5315 590 5374 'circuli
619 5315 900 5389 gradibus
931 5315 1300 5388 deputentur.

459 5405 582 5460 Sub
603 5403 873 5461 hocitem
907 5403 1064 5460 aliud
1096 5403 1444 5460 circulorum
1478 5403 1848 5459 intervallum
1882 5419 2038 5458 men-

391 5495 554 5549 sibus
587 5493 915 5561 duodecim,
950 5510 983 5548 a
1009 5494 1198 5547 medio
1235 5493 1347 5548 fere
1370 5493 1670 5562 signorum
1695 5493 1762 5546 ad
1785 5511 1842 5546 se
1869 5493 2036 5564 perli-

393 5581 656 5639 nentium
672 5581 1655 5648 inchoantibus,distribuatur,eoru
1667 5597 1839 5651 mque
1855 5580 2036 5635 nomi-

392 5672 566 5734 nibus
591 5668 963 5746 insigniatur.
985 5671 1057 5734 Et
1078 5671 1188 5734 sub
1206 5670 1314 5730 hoc
1327 5670 1466 5729 item
1487 5667 1856 5731 intervallum
1875 5667 2035 5732 aliud

2145 3637 2436 3694 dentalem
2470 3643 2526 3694 et
2542 3635 3054 3710 septentrionalem
3074 3633 3292 3690 lineam
3315 3650 3517 3690 versus
3539 3633 3803 3690 medium

2145 3726 2466 3799 Aquarium
2540 3726 2764 3780 locatus
2822 3725 2893 3779 ad
2968 3722 3318 3795 geomtricas
3405 3721 3806 3778 dimensiones

2147 3815 2499 3872 utilissimus
2528 3813 2799 3887 pertinet,
2842 3811 3095 3886 paucula
3141 3812 3393 3868 scribere
3442 3828 3559 3868 non
3603 3811 3808 3884 pigere

2146 3905 2336 3962 debet.

2795 4026 3026 4082 CAPUT
3053 4026 3142 4082 IX.

2767 4117 2843 4173 De
2871 4116 3152 4188 quadrato.

2219 4240 2496 4306 Quartam
2519 4250 2656 4307 ergo
2684 4232 2903 4306 pretati
2925 4233 3151 4289 dierum
3173 4229 3374 4288 circuli
3401 4233 3624 4303 partem
3646 4227 3800 4284 inter

2148 4327 2424 4401 praedicta
2464 4322 2882 4380 occidentalem
2912 4326 2970 4377 et
3013 4318 3526 4394 septentrionalem
3570 4317 3797 4374 litteras

2147 4417 2206 4472 in
2238 4418 2353 4472 duo
2385 4413 2577 4470 divide
2606 4431 2618 4478 ;
2652 4417 2709 4467 et
2737 4414 2952 4484 puncto
2974 4411 3032 4465 in
3062 4410 3250 4466 medio
3269 4409 3419 4465 facto
3450 4407 3623 4464 aliam
3654 4421 3798 4478 quo-

2147 4523 2260 4578 que
2291 4507 2560 4577 quartam
2592 4502 2743 4556 inter
2777 4498 3289 4572 septentrionalem
3327 4501 3384 4553 et
3403 4495 3720 4554 australem
3740 4498 3800 4550 et

2146 4597 2285 4651 item
2309 4592 2484 4649 aliam
2519 4591 2668 4646 inter
2700 4587 3213 4661 septentrionalem
3239 4590 3296 4643 et
3314 4583 3658 4642 orientalem
3733 4581 3797 4639 in

2145 4687 2260 4740 duo
2295 4682 2493 4738 itidem
2543 4678 2896 4751 dispertiens
2949 4677 3291 4732 medietates
3339 4674 3570 4747 punctis
3602 4673 3631 4728 ὸ
3661 4677 3719 4728 et
3748 4687 3796 4743 ο,

2147 4771 2450 4830 secernito.
2483 4769 2666 4836 Tunc,
2700 4766 2966 4839 apposita
3009 4764 3213 4838 regula
3254 4763 3313 4818 in
3346 4767 3561 4836 puncta
3589 4779 3624 4817 a
3653 4765 3711 4818 et
3742 4760 3796 4831 b,

2146 4863 2362 4918 lineam
2417 4863 2633 4914 rectam
2667 4857 2738 4912 ab
2789 4855 3132 4912 occidentali
3185 4853 3342 4910 linea
3395 4853 3456 4906 in
3513 4869 3546 4907 a
3588 4850 3796 4922 dirige.

2143 4954 2284 5007 Item
2320 4951 2377 5004 in
2406 4967 2437 5004 (ι
2468 4953 2524 5004 et
2552 4964 2580 5003 ο
2607 4945 2866 5018 regulam
2888 4961 3131 5017 ponens,
3165 4943 3340 4999 aliam
3371 4940 3586 4996 lineam
3623 4957 3658 4995 a
3701 4955 3795 4996 se-

2145 5037 2515 5115 ptentrionali
2536 5038 2591 5091 in
2611 5035 2947 5103 adedueito,
2964 5039 3022 5089 et
3042 5032 3381 5103 habesquad
3393 5035 3582 5086 ratum
3603 5027 3797 5085 ortho-

2144 5147 2361 5204 gonum
2390 5125 2813 5198 asquilaterum,
2849 5123 3019 5192 cujus
3051 5138 3204 5176 unus
3221 5118 3471 5192 angulus
3491 5119 3548 5173 in
3571 5135 3625 5187 a,
3647 5115 3795 5173 alter

2145 5218 2446 5292 oppositus
2476 5231 2578 5288 per
2623 5215 2938 5285 diagonum
2970 5211 3028 5264 in
3073 5214 3312 5265 centro:
3348 5207 3557 5281 reliqui
3603 5205 3700 5263 cui
3729 5206 3790 5262 in

2143 5308 2312 5364 lineis
2333 5301 2672 5361 occidentali
2703 5306 2759 5356 et
2781 5296 3218 5371 septentrionali
3246 5297 3600 5352 limitantur.

2215 5395 2400 5466 Hujns
2429 5393 2544 5447 duo
2573 5389 2754 5446 latera
2787 5385 3068 5459 angulum
3101 5386 3161 5442 in
3183 5402 3216 5441 a
3248 5383 3678 5453 facientia,data
3705 5382 3792 5441 eis

2144 5486 2211 5542 ad
2250 5478 2830 5544 libitumlatiludinc,
2866 5477 2923 5532 in
2957 5475 3260 5532 duodecim
3299 5472 3550 5548 mquales
3595 5476 3792 5547 partes

2145 5567 2680 5640 divide,etinterius
2707 5568 2855 5623 duas
2894 5581 2961 5620 ex
2999 5565 3092 5622 his
3114 5564 3502 5637 complectens
3527 5562 3587 5618 in
3648 5579 3792 5620 sena

2144 5661 2379 5742 partire,
2413 5661 2704 5737 quatenus
2736 5671 2914 5738 super
2968 5658 3236 5716 currente
3281 5652 3540 5727 Alhidaa,
3585 5651 3644 5713 id
3676 5655 3788 5738 est,
