4152 6186
272 238 388 301 389

1164 240 1266 304 DE
1311 241 1869 308 UTILI'I‘ATIBUS
1912 241 2408 307 ASTROLABII.
2441 279 2518 290 —
2548 246 2696 308 LIB.
2744 247 2792 308 l.

3561 251 3681 318 390

273 370 529 442 quadam
548 370 753 446 regula
771 388 907 430 cum
925 374 1156 430 duabus
1175 374 1369 446 pinnis
1387 378 1595 433 erectis
1616 378 1686 432 ad
1708 381 1923 433 rectam
1953 379 2008 444 Α
2039 394 2241 434 omnes
2269 383 2591 450 praataxatse
2622 380 2876 437 habeant
2905 383 3391 454 mensurationes,
3437 387 3684 444 libellum

271 457 486 516 lineam
500 460 1224 535 perforatis,quotalateris
1237 465 1505 537 quadrati
1516 483 1653 537 pars
1666 466 1928 539 designe-

2041 468 2392 538 Astrolapsus
2421 467 2653 540 legenti,
2690 474 2746 524 et
2777 470 3078 541 ingenium
3109 471 3168 526 in
3204 472 3541 544 hujusmodi
3587 493 3682 533 re-

271 550 371 604 tur
388 549 577 621 possit
596 566 894 624 apparere.
912 553 1067 618 Quas
1083 556 1281 610 autem
1303 558 1624 626 quantasve
1647 553 1926 611 utilitates
2037 571 2168 611 rum
2200 573 2309 612 usu
2343 556 2702 625 exercitanti,
2735 557 2879 614 alias
2909 559 3082 614 debet
3109 560 3417 616 notificari.

273 699 2191 733 ω

975 825 1950 932 HRMANNI
2021 832 2984 934 GONTRAGTI

1602 1053 1930 1110 MONACHI
1970 1053 2349 1111 AUGIENSIS

675 1250 891 1373 DE
981 1250 2168 1376 UTILITATIBUS
2258 1253 3286 1380 ASTROLABII

1660 1510 1971 1599 LIBRI
2029 1510 2316 1598 DUO.

647 1711 807 1767 Eruit
838 1729 907 1768 ex
939 1728 1048 1768 ms.
1079 1713 1206 1769 eod.
1237 1712 1597 1788 celeberrimi
1630 1714 1969 1788 monasterii
2003 1714 2058 1770 S.
2093 1714 2602 1788 Petri_§alisburg.
2639 1715 2698 1770 P.
2735 1720 3066 1774 Bernardus
3098 1718 3320 1776 Pezius.

1377 1785 1697 1856 (Theseum:
1726 1786 1980 1842 Anecdot.
2014 1788 2214 1840 noviss.
2250 1786 2344 1852 lll,
2381 1785 2614 1856 ιι,107.)

1557 2071 1747 2128 LIBRI
1787 2072 1993 2129 PRIMI
2033 2072 2408 2128 CAPITULA.

282 2167 323 2223 Ι.
367 2167 437 2222 De
465 2166 808 2222 utilitatibus
827 2167 1135 2223 astrolabii.

279 2238 353 2311 Il:
393 2239 695 2311 Descriptio
715 2239 834 2311 ejus
848 2239 1360 2311 perigraplziarum.

283 2309 377 2382 Ill.
420 2310 498 2365 Da
522 2309 829 2382 colligendo
853 2309 1010 2382 signo
1030 2309 1085 2366 et
1099 2311 1278 2379 gradu
1296 2312 1448 2368 solis.

283 2380 375 2439 IV.
414 2382 491 2437 De
511 2380 839 2436 inveniendo
867 2380 1068 2437 nadair
1093 2383 1244 2438 solis.

281 2452 350 2508 V.
392 2453 466 2508 De
493 2452 850 2523 concipienda
878 2454 1010 2509 solis
1038 2453 1352 2520 altitudine,
1385 2463 1436 2509 et
1466 2457 1626 2511 certis
1654 2456 1808 2511 horis
1833 2455 1966 2512 diei.

280 2523 371 2580 VI.
411 2526 488 2580 De
516 2523 813 2579 altitudine
839 2525 1146 2591 stellarum,
1178 2529 1230 2580 et
1259 2527 1409 2580 horis
1437 2530 1739 2582 nocturnis.

440 2597 519 2670 De
545 2596 1182 2670 distinctionehorarnm
1209 2612 1308 2668 per
1335 2601 1571 2667 quatuor
1594 2600 1806 2670 plagas.

287 2667 461 2750 XIII.“
476 2667 556 2722 De
763 2668 1256 2750 wquinoctialibus,
1287 2676 1338 2723 et
1365 2667 1758 2750 inaequalibus.

285 2738 376 2811 IX.
418 2739 500 2794 De
523 2739 776 2811 partibus
805 2738 1167 2811 ianualium
1198 2739 1458 2795 horarum
1485 2738 1618 2796 diei.

283 2810 347 2866 X.
386 2815 476 2866 De
499 2809 756 2881 partibus
786 2809 1148 2883 inceqitalium
1176 2811 1438 2866 horarum
1464 2815 1653 2868 noctis.

284 2883 375 2937 XI.
419 2883 498 2938 De
527 2882 850 2953 indaganda
871 2882 1176 2953 quantitate
1197 2884 1343 2937 orbis
1371 2883 1500 2938 diei.

284 2954 403 3026 XII.
444 2955 526 3010 De
555 2957 863 3026 quantitate
889 2954 1038 3010 orbis
1066 2955 1343 3010 nocturni.

285 3025 427 3098 XIII.
473 3025 614 3094 Qubt
641 3027 754 3098 sint
770 3027 917 3098 horae
945 3026 1343 3098 azqninoctialis
1375 3025 1491 3082 diei
1518 3035 1569 3082 et
1598 3028 1786 3082 noctis.

289 3097 422 3170 XIV.
465 3099 544 3154 De
569 3097 926 3170 percipienda
951 3097 1238 3152 vicinitate
1263 3113 1502 3154 aurora.

287 3169 394 3242 XV,
436 3172 514 3242 De
533 3168 886 3242 percipiendo
915 3169 1155 3242 quolibet
1181 3176 1417 3240 tempore
1442 3171 1703 3242 cujusque
1728 3169 1880 3238 signi
1904 3173 2084 3226 ortum
2110 3177 2160 3226 et
2183 3185 2448 3226 occasum.

289 3241 432 3313 ξνι.
476 3240 663 3313 Ιγίᾳιιο
692 3242 853 3313 signo
880 3240 1216 3313 sinlistellae.

293 3311 466 3366 XVII.
509 3311 581 3368 De
607 3312 888 3368 vocabulis
918 3311 1203 3367 stellarum
1234 3311 1484 3368 Arabicis
1503 3319 1556 3367 et
1584 3313 1810 3367 Latinis.

299 3383 498 3438 XVIII.
539 3385 604 3439 De
626 3383 960 3440 discretione
984 3383 1283 3448 climatum,
1315 3391 1367 3438 et
1396 3399 1585 3438 eorum
1604 3382 1936 3439 invenienda
1957 3383 2268 3439 latitudine.

298 3453 436 3510 XIX.
478 3456 548 3510 De
571 3457 847 3511 divisione
874 3455 1022 3510 orbis
1046 3471 1148 3526 per
1170 3459 1372 3526 septem
1400 3455 1646 3523 climata,
1677 3463 1728 3512 et
1758 3457 1938 3511 initiis
1961 3463 2011 3510 et
2041 3458 2293 3511 terminis
2323 3471 2531 3512 eorum.

451 3527 514 3583 Ut
525 3529 667 3582 scias
697 3528 752 3582 si
778 3529 944 3582 restat
976 3525 1059 3581 vel
1079 3525 1322 3598 prater-it
1350 3525 1627 3598 meridies.

293 3595 418 3654 XXI.
459 3599 535 3655 De
563 3598 914 3655 inveniendis
946 3599 1005 3652 in
1025 3595 1184 3654 dorso
1214 3598 1503 3654 astrolabii
1521 3597 1691 3652 horis.

1576 3761 1896 3847 LIBER
1953 3762 2422 3849 PRIMUS.

815 3911 1049 3970 CAPUT
1091 3912 1400 3969 PRIMUM.

716 4005 791 4060 De
820 4004 1160 4060 utilitatibus
1191 4001 1500 4059 astrolabii.

345 4095 703 4166 Quicunque
754 4094 1158 4149 astronomiae
1204 4093 1477 4164 peritiam
1527 4089 1850 4164 disciplinae
1883 4093 1939 4146 et

277 4181 605 4239 caelestium
655 4181 1018 4254 sphaerarum
1057 4180 1676 4254 geometricaliumque
1707 4197 1938 4236 mensu-

274 4288 476 4328 rarum
528 4269 800 4327 altiorem
831 4271 1135 4327 seientiam
1169 4269 1432 4343 diligenti
1462 4269 1718 4326 veritatis
1747 4269 1939 4342 inqui-

274 4361 493 4416 sitione
525 4358 704 4415 altius
735 4358 935 4415 rimari
967 4363 1233 4428 conatur,
1283 4363 1338 4414 et
1369 4357 1728 4415 certissimus
1759 4359 1938 4414 horo-

270 4447 573 4522 logiorum
603 4447 1002 4520 quorumlibet
1056 4447 1357 4504 climatum
1391 4446 1662 4514 rationes,
1697 4452 1754 4504 et
1782 4464 1937 4520 quaa-

270 4537 424 4595 libet
457 4539 532 4594 ad
563 4537 686 4593 haec
735 4537 1107 4611 pertinentia,
1164 4537 1494 4594 industrius
1533 4537 1939 4593 discriminare

267 4624 514 4694 n‘ititur,
547 4627 702 4682 hanc
732 4627 1111 4694 walzacoram,
1143 4626 1200 4682 id
1234 4631 1342 4694 est,
1375 4626 1608 4698 planam.
1649 4625 1937 4698 sphaeram

268 4714 583 4773 Ptolomaei
615 4732 719 4772 seu
753 4714 1147 4788 astrolapsum
1179 4713 1377 4770 solerti
1408 4713 1780 4787 indagatione
1810 4730 1938 4786 per-

268 4805 482 4878 quirat
537 4809 596 4861 et
633 4805 844 4873 discat,
876 4809 934 4860 et
991 4803 1384 4876 perquisitam‘
1406 4803 1594 4858 tenaci
1646 4803 1939 4859 memoria:

265 4893 530 4950 ﬁrmiter
560 4894 952 4959 commendet,
983 4894 1066 4949 ita
1096 4898 1180 4962 ut,
1205 4908 1338 4948 cum
1361 4892 1656 4962 quaslibet
1685 4891 1940 4964 perigra-

266 4982 455 5056 pbias
476 4982 942 5054 partitionesque
973 4980 1423 5053 anaglypberias
1449 4980 1508 5035 in
1526 4997 1594 5036 ea
1615 4981 1864 5052 scriptas
1885 4985 1944 5036 et

264 5069 610 5144 insculptas
646 5068 1274 5144 cognoverit,singulas
1301 5070 1649 5125 nominatim
1674 5070 1938 5125 retineat.

264 5160 424 5218 Nam
439 5160 493 5216 si
515 5160 727 5216 borum
746 5159 1013 5233 diligenti
1029 5159 1398 5216 discussione
1419 5176 1714 5214 summam
1728 5159 1946 5232 ample-

1965 3916 2013 3980 B
2115 3913 2374 3969 Inveniet
2395 3916 2592 3969 autem
2617 3930 2719 3984 per
2746 3929 2898 3982 eam,
2921 3915 3246 3992 secundum
3280 3915 3577 3989 sphaerion
3601 3935 3699 3975 vo-

2047 4000 2359 4056 lubilitatis
2398 4000 2726 4068 circuitum,
2788 4007 2976 4058 certos
3020 4008 3183 4060 ortus
3211 4009 3268 4060 et
3299 4022 3544 4064 occasus
3574 4024 3700 4064 om-

2049 4090 2215 4146 nium
2248 4089 2504 4146 siderum
2535 4089 2786 4164 singulis
2815 4092 3151 4165 quibusque
3187 4093 3370 4164 boris,
3397 4099 3453 4152 et
3482 4101 3702 4169 quotus

2051 4180 2329 4244 decanus,
2376 4182 2671 4252 quotaque
2710 4197 2848 4252 pars
2905 4182 3223 4253 cujuslibet
3279 4183 3432 4258 signi
3464 4186 3702 4242 oriendo

2049 4273 2402 4341 emergatur,
2435 4273 2535 4323 aut
2575 4269 2888 4326 occidendo
2921 4271 3312 4344 demergatur,
3361 4278 3419 4329 et
3448 4290 3552 4346 per
3571 4275 3702 4330 uni-

2048 4374 2246 4414 versas
2275 4357 2401 4413 coeli
2428 4356 2694 4431 regiones
2725 4363 2918 4415 motus
2950 4360 3231 4430 siderum,
3253 4365 3310 4417 et
3329 4361 3480 4418 situs
3511 4363 3704 4437 signo~

2051 4464 2205 4514 rum,
2237 4452 2294 4503 et
2319 4448 2538 4520 gradus
2577 4447 2737 4517 solis,
2770 4454 2828 4504 et
2875 4447 3245 4505 altitudinem
3271 4451 3398 4520 ejus
3425 4451 3700 4506 diurnam

2049 4553 2151 4592 seu
2177 4540 2560 4605 menstruam,
2603 4542 2661 4591 et
2690 4542 2834 4608 qnot
2888 4537 3103 4592 terreni
3145 4537 3302 4593 orbis
3355 4537 3546 4593 stadia
3566 4555 3700 4610 per-

2050 4630 2221 4690 meet,
2255 4625 2524 4680 similiter
2549 4631 2607 4680 et
2627 4625 2932 4682 stellarum
2955 4627 3201 4680 lixarum
3225 4625 3395 4698 signa
3424 4631 3480 4682 et
3510 4626 3706 4682 altitu-

2050 4715 2246 4770 dines:
2264 4714 2334 4770 ad
2358 4713 2478 4769 haec
2501 4714 2760 4769 noctium
2783 4717 2839 4768 et
2859 4713 3087 4769 dierum
3110 4713 3286 4771 horas
3317 4714 3700 4783 certissimae,

2050 4803 2346 4859 naturales
2377 4804 2495 4858 sive
2525 4801 2877 4868 artiﬁciales,
2917 4819 3049 4859 cum
3084 4804 3420 4877 augmentis
3449 4809 3506 4861 et
3526 4805 3703 4862 detri-

2054 4893 2287 4948 mentis.
2321 4895 2576 4958 Quarum
2637 4891 2890 4963 cognitio
2935 4909 3110 4964 quam
3171 4895 3505 4951 necessaria
3536 4895 3614 4952 sit
3643 4895 3706 4952 in

2052 4982 2266 5037 divinis
2299 4980 2661 5045 ministeriis,
2693 4997 2872 5053 quam
2925 4981 2997 5036 ad
3045 4983 3481 5040 exercitandum
3516 4984 3704 5052 utilis,

2051 5077 2108 5127 et
2129 5071 2198 5125 ad
2223 5071 2558 5126 exacuanda
2577 5075 2633 5126 et
2661 5070 2828 5126 irrita
2849 5071 3112 5128 facienda
3137 5071 3402 5130 falsidica
3430 5089 3707 5144 quorum-

2052 5160 2184 5216 dam
2213 5164 2269 5214 et
2295 5158 2839 5232 pseudohorologia,
2873 5161 3130 5232 prudens
3159 5161 3396 5216 animus
3417 5160 3703 5224 scire,im-

265 5251 481 5317 etitur,
513 5253 572 5306 et
607 5248 821 5306 celebri
853 5249 1192 5304 intentionis
1231 5248 1484 5320 jugitate
1514 5248 1607 5304 bis
1638 5248 1940 5304 studiosus
1973 5294 2015 5360 Ο
2054 5248 2312 5321 prudens
2335 5247 2554 5303 discere
2578 5252 2785 5320 potest.
2815 5249 3066 5304 Etinitia
3086 5249 3401 5314 mensium,
3435 5245 3706 5302 mutatio-

266 5343 469 5360 --Α;ι---
523 5339 837 5360 _.-_2_.__...
877 5355 936 5360 Α--
968 5338 1074 5360 1.--
1138 5336 1362 5360 --112-.-ι
1407 5336 1713 5360 --ι212ι-ι--.
1799 5343 1847 5360 ,ι
1881 5337 1934 5360 ξ..
2055 5353 2269 5360 ..-----,.
2302 5336 2731 5360 1.---1-..;----...
2773 5341 2822 5360 ‘L
2885 5337 3179 5360 -‘:__-L--_
3240 5339 3292 5360 ,Δ
3331 5335 3398 5360 ..Δ
3433 5333 3702 5360 ηηζιιηιῑιι-

265 5343 491 5410 utitur,
523 5339 844 5396 maximam
871 5355 940 5394 ex
968 5338 1078 5394 hoc
1132 5336 1368 5408 colliget
1407 5336 1740 5406 utilitatem,
1795 5343 1852 5393 et
1881 5337 1941 5393 in
1974 5333 2015 5360 υ
2055 5353 2272 5408 nesque
2302 5336 2736 5409 horologiorum
2769 5341 2826 5392 et
2881 5337 3206 5401 climatum,
3237 5339 3296 5389 et
3329 5335 3401 5390 ad
3433 5333 3704 5392 sciendos

267 5429 697 5488 astronomicis
750 5432 809 5484 et
857 5426 1226 5503 geometricis
1249 5426 1462 5485 studiis
1493 5427 1768 5486 subtilem
1804 5443 1941 5502 pro-

265 5519 658 5588 funditatem.

2052 5442 2305 5482 canones
2341 5425 2660 5493 Ptolomaei,
2712 5424 2827 5481 alia
2855 5426 3031 5481 etiam
3085 5421 3547 5495 quamplurima,
3577 5440 3706 5500 qua

2051 5514 2147 5571 hic
2174 5515 2518 5590 prooemiare
2538 5514 2901 5589 superfluum
2934 5517 3042 5584 est,
3067 5526 3199 5568 cum
3229 5509 3290 5568 in
3325 5514 3706 5593 sequentibus
