4152 6186
461 243 578 306 691

1285 237 1702 302 HERMANNI
1749 237 2192 304 CUNTBA‘CTI
2238 236 2658 304 AUGIENSIS
2702 233 3086 304 MONACHI.

3749 230 3882 298 ⁸8111

462 371 892 447 competentius
913 372 1212 444 pateﬁant.
1243 373 1406 429 Unde
1420 389 1533 429 non
1563 378 1794 430 tantum
1827 373 2120 430 laetabitur
2145 375 2201 441 Α
2232 375 2519 430 currendo
2548 373 3042 446 perlatitudinem
3062 370 3326 428 exterius
3345 367 3602 444 amplius
3615 367 3876 442 pateant.

464 469 667 529 lector,
700 466 989 534 quantum
1023 461 1355 518 mirabitur.
1390 463 1498 517 Sed
1523 462 1681 517 omni
1717 463 1850 518 nisu
1885 463 2123 518 nomina

2237 465 2491 528 Quarum
2526 463 2719 522 media
2747 465 2834 518 est
2862 463 3016 518 linea
3043 460 3370 534 diagonalis
3401 451 3879 530 Meridi~ei,‘ouj'nis

463 551 883 624 subsequentia
903 555 961 606 et
985 551 1102 606 alia
1123 551 1460 622 subscripta
1475 551 1822 622 inquirat,et
1841 551 2127 623 inquisita
2235 565 2304 606 ex
2316 548 2902 622 utriusquepartibus
2915 549 3091 605 simul
3106 565 3236 606 cum
3256 549 3386 621 ipsa
3397 546 3707 621 geminatis
3724 541 3880 604 aenis

462 641 524 696 in
577 640 776 696 arcula
809 641 1000 695 cordis
1042 639 1308 695 tenacius
1344 639 1606 710 retineat,
1629 644 1770 694 tunc
1805 640 1930 695 sine
1962 657 2124 695 scru-

465 729 602 800 pulo
625 729 822 802 aliquo
873 727 1049 800 plana
1078 729 1186 784 erit
1232 729 1324 782 via
1354 729 1423 784 ad
1469 729 1886 783 inveniendum
1919 734 2122 800 presta-

465 825 618 874 xata.

536 909 638 963 His
671 907 748 962 ila
771 905 1086 977 praelibatis
1121 921 1234 959 non
1268 903 1502 977 pigritia
1529 904 1860 970 exterritus,
1894 906 1964 960 de
1995 906 2121 975 ejus

459 994 846 1068 perigrapbiis
889 994 1340 1048 architectonica
1396 1011 1495 1048 seu
1526 993 1867 1049 mechanica
1897 994 2121 1050 ratione

458 1083 832 1154 comparatis,
874 1098 1196 1154 eorumque
1239 1081 1599 1150 nominibus,
1635 1099 1707 1138 ne
1748 1081 1935 1137 multa
1975 1081 2116 1136 scri-

456 1171 646 1225 bendo
668 1170 981 1237 offendam,
1006 1170 1415 1242 compendiose
1438 1171 1651 1236 dicam,
1676 1176 1731 1225 et
1750 1174 1812 1226 ut
1828 1171 2118 1225 maturius

457 1259 750 1332 promissa
781 1259 859 1313 im
868 1257 1078 1332 pleam.

1116 1337 1347 1401 CAPUT
1391 1343 1455 1401 ῙΙ.

867 1435 1163 1505 Descriptio
1189 1435 1698 1506 perigraphiarum.

525 1523 624 1577 Est
656 1522 890 1594 quidem
922 1522 1290 1578 walzachora
1338 1522 1538 1578 tabula
1567 1525 1635 1579 ad
1690 1523 2110 1584 coali,rotundi-
2191 1511 2193 1514 i

455 1616 634 1666 tatem
661 1613 1043 1677 conformata,
1069 1611 1239 1681 cujus
1261 1615 1508 1683 utraque
1540 1613 1880 1684 superficies
1901 1611 2111 1683 aequali

453 1701 778 1770 spatiorum
813 1699 1126 1754 interstitio
1157 1700 1505 1771 quadrifidis
1536 1701 1608 1756 ab
1639 1700 1766 1772 ipso
1783 1706 1979 1756 centro
2009 1713 2112 1772 per

454 1789 808 1844 diametrum
845 1789 990 1842 fusis
1010 1788 1426 1843 lineationibus
1456 1788 1671 1858 partita
1699 1794 1808 1855 est,
1833 1789 1890 1843 id
1923 1794 2012 1844 est
2030 1803 2112 1844 co-

451 1878 610 1942 lurz's,
646 1877 744 1947 qui
779 1882 897 1930 tam
959 1878 1029 1931 ab
1059 1875 1350 1942 orientali,
1403 1893 1580 1948 quam
1615 1895 1648 1932 a
1670 1877 2108 1950 septentrionali

448 1964 660 2019 vertice
701 1965 759 2018 in
807 1964 1035 2020 diversa
1066 1965 1299 2019 deducti
1329 1970 1645 2037 quaternas
1701 1967 1758 2021 in
1799 1972 1992 2038 partes
2018 1983 2108 2022 2.0-

449 2055 671 2109 di'acum
701 2053 1080 2120 dividunt,ita
1108 2059 1171 2108 ut
1192 2072 1347 2110 unus
1371 2071 1471 2127 per
1499 2055 1750 2111 Arietem
1772 2062 1834 2112 et
1856 2056 2108 2125 Libram,

451 2144 596 2198 alter
621 2160 722 2216 per
743 2143 1030 2198 Cancrum
1053 2148 1110 2198 et
1132 2143 1544 2215 Capricornnm
1579 2147 2107 2217 permeent.lpsum

451 2239 647 2287 autem
673 2236 938 2287 centrum
963 2232 1170 2286 harum
1189 2233 1498 2302 trajectum
1519 2234 2106 2289 secationelincarum

449 2338 482 2374 a
521 2321 712 2375 littera
743 2321 1103 2392 designatur.
1139 2322 1397 2384 Quarum
1431 2322 1717 2377 linearum
1752 2323 2050 2378 sinistram
2080 2324 2109 2378 b

451 2410 791 2464 adnotatam
850 2410 1156 2472 Almarech,
1207 2411 1264 2464 id
1311 2416 1417 2478 est,
1469 2411 1807 2466 orientalem
1867 2413 1938 2466 ab
1979 2417 2108 2466 ortu

452 2498 712 2553 siderum
746 2503 802 2553 et
833 2499 968 2568 diei,
1015 2499 1312 2554 dexteram
1367 2505 1583 2565 autem,
1619 2501 1718 2555 ubi
1767 2503 2106 2556 estcAIma-

448 2589 592 2658 grip,
614 2587 671 2640 id
704 2591 812 2651 est,
845 2587 1266 2642 occidentalem
1288 2591 1358 2642 ab
1390 2605 1595 2644 occasu
1632 2589 1890 2644 siderum
1916 2594 1972 2643 et
1995 2588 2106 2644 diei

451 2675 765 2747 appellant,
798 2680 854 2730 et
883 2680 972 2730 est
1002 2675 1101 2730 illa
1134 2693 1260 2747 quae
1282 2678 1519 2732 ducitur
1549 2679 1619 2732 de
1644 2678 1875 2734 Oriente
1896 2678 1968 2732 ad
2002 2678 2106 2732 Oc-

449 2764 762 2830 cidentem,
796 2781 973 2835 quam
1031 2765 1206 2820 etiam
1265 2767 1474 2821 solaris
1524 2767 1790 2836 designat
1820 2767 2019 2822 radius
2050 2766 2108 2820 in

449 2853 640 2925 primo
671 2857 822 2920 ortu,
857 2857 959 2908 aut
990 2855 1201 2909 umbra
1247 2855 1577 2925 gnomonis.
1611 2855 1981 2927 Superiorem
2007 2873 2108 2911 au-

447 2947 590 3008 tem,
621 2943 710 2996 cui
745 2941 779 2995 d
812 2942 1143 3009 «scribitur,
1171 2945 1531 3007 IValzaz-ene,
1553 2945 1610 2998 id
1642 2943 1969 3009 est,lineam
1994 2959 2112 3001 me-

451 3029 762 3093 ridianam,
796 3046 861 3085 eo
893 3032 1045 3101 quod
1079 3030 1187 3097 sol,
1221 3031 1350 3104 ipsa
1372 3033 1738 3088 ascendendo
1765 3037 2104 3101 attacta,sex

451 3118 734 3174 dimensis
767 3117 922 3174 horis
958 3119 1260 3175 meridiem
1284 3121 1578 3187 efﬁciat,et
1602 3122 2008 3178 descendendo
2031 3122 2101 3177 ad
2134 3105 2175 3171 (ἶ

454 3225 725 3262 occasum
760 3208 1620 3281 vergereincipiat.lni‘eriorem
1657 3211 1980 3277 autem,ubi
2016 3215 2104 3266 est

452 3313 499 3365 θ,
539 3296 917 3360 Calhezenuel,
971 3296 1025 3349 id
1061 3301 1148 3350 est
1207 3295 1418 3351 lineam
1465 3299 1813 3368 aequalitatis
1863 3300 1949 3354 vel
1983 3317 2103 3355 me-

452 3383 755 3438 diatricem
789 3383 1048 3453 sphaerae,
1083 3389 1132 3437 et
1169 3388 1256 3438 est
1287 3384 1387 3438 illa
1419 3402 1544 3455 quin
1577 3403 1609 3439 a
1641 3387 1877 3442 Meridie
1899 3389 1969 3441 ad
2002 3389 2104 3444 Se-

453 3469 841 3542 ptentrionem
905 3472 1291 3540 protenditur,
1343 3490 1516 3542 quam
1579 3475 1781 3528 radius
1822 3475 1981 3541 solis,
2015 3477 2103 3532 vel

454 3558 664 3613 umbra
693 3556 1003 3630 gnomonis
1035 3557 1447 3626 solstitialis,in
1479 3562 1702 3632 trepico
1734 3565 1929 3618 aestivo
1957 3565 2108 3618 desi-

454 3651 616 3720 gnat,
638 3646 697 3701 in
730 3647 899 3717 cujus
930 3647 1122 3703 antica
1155 3647 1392 3721 planitie
1437 3649 1616 3704 trifidi
1650 3651 1867 3705 zodiaci
1893 3652 2105 3707 inscri-

454 3737 675 3792 buntur
697 3735 920 3803 circuli,
957 3753 1208 3808 quorum
1245 3754 1426 3791 unum
1460 3737 1850 3808 aaquinoctiali
1883 3741 2105 3796 ratione

455 3827 648 3883 medio
699 3825 1042 3881 collocatum
1075 3843 1284 3881 cursus
1324 3826 1534 3882 Arietis
1565 3832 1621 3882 et
1654 3828 1826 3882 Librae
1857 3829 1980 3884 sine
2006 3829 2103 3884 de-

453 3914 705 3970 viatione
734 3918 916 3969 notat.
941 3914 1046 3977 Qui
1097 3915 1274 3970 etiam
1327 3917 1733 3986 arquinoctialis
1776 3917 2006 3986 dicitur,
2038 3935 2104 3975 eo

456 4001 613 4073 quod
645 4001 725 4057 ibi
747 4002 871 4074 pari
902 4005 1378 4075 compensatione
1408 4005 1556 4061 lucis
1583 3996 1888 4077 noctisque
1918 4003 2108 4077 spatia

453 4088 858 4145 dimetiantur.
887 4090 1110 4146 Dicitur
1130 4098 1185 4146 et
1204 4094 1662 4164 eclipticus.Nam
1687 4095 1826 4150 dum
1851 4096 1996 4152 inibi
2021 4097 2106 4153 soi

455 4175 963 4248 lunaquepariter
991 4185 1220 4247 coeunt,
1258 4181 1504 4252 quilibet
1523 4198 1726 4238 eorum
1755 4200 1991 4240 necesse
2021 4185 2108 4241 est

459 4270 526 4322 ut
551 4265 817 4337 eclipsim
845 4266 1128 4338 patiatur.

533 4359 609 4410 Ex
631 4354 864 4410 duobus
893 4359 1090 4410 autem
1138 4357 1544 4413 terminalibus
1578 4377 1758 4415 unum
1793 4362 1984 4418 cernis
2018 4362 2106 4418 in-

2235 639 2542 694 duodecim
2566 639 2842 694 horarum
2872 642 3028 693 meta
3056 637 3454 704 constituitur,
3489 641 3546 692 et
3576 633 3880 710 impressis

2234 728 2572 784 nominibus
2593 726 2838 800 singulae
2862 728 3234 790 denotantur,
3255 731 3312 781 et
3333 725 3452 780 haec
3483 723 3724 780 nomina
3745 727 3882 779 sunt

2229 817 2466 873 illorum
2486 816 2754 882 Arabica,
2779 831 2914 888 quae
2935 815 3329 871 subtth‘vides
3359 813 3642 884 inscripta
3669 811 3882 867 formu-

2230 903 2321 960 lae.
2356 906 2614 970 Quarum
2643 902 2798 959 linea
2834 895 3068 958 dextera
3099 895 3605 968 antemetidianas,
3640 900 3881 957 sinistra

2230 999 2424 1050 autem
2457 993 2948 1068 postmeridianas
2967 992 3144 1049 horas
3175 995 3345 1047 cauta
3369 988 3720 1046 discretione
3745 987 3882 1044 insi-

2228 1087 2387 1155 gnat,
2421 1087 2477 1138 et
2503 1081 2810 1154 diligenter
2839 1079 3258 1136 inhaerentibus
3288 1079 3589 1136 obtutibus
3618 1076 3880 1134 adhibito

2227 1171 2551 1244 horoscOpo
2583 1171 2967 1226 demonstrat.

2511 1249 2650 1332 XII
3265 1245 3272 1248 ’
3346 1256 3386 1328 I.
3428 1245 3592 1315 bora.

2395 1325 2736 1404 Etbesiai‘er.
2905 1333 2908 1336 ’
3347 1325 3615 1400 Eléwiul.

2529 1436 2620 1491 ΧΙ.
3446 1432 3515 1487 ΙΙ.

2417 1524 2733 1581 Aldimata.
3339 1520 3607 1576 Atbenia.

2532 1618 2603 1667 X.
3417 1609 3516 1665 III.

2401 1702 2734 1758 Albansira.
3319 1697 3612 1754 Atheziza.

2513 1793 2600 1846 IX.
3407 1785 3501 1842 IV.

2432 1880 2698 1935 Ethezea.
3315 1876 3595 1930 Arrabea.

2488 1969 2635 2023 VIII.
3424 1963 3490 2017 V.

2390 2057 2729 2114 Ethemima.
3296 2049 3604 2107 Alcamize.

2491 2147 2610 2200 VII.
3397 2139 3491 2196 Vl.
3757 2185 3759 2190 .

2421 2235 2691 2290 Escebea.
3266 2227 3693 2285 Escendelisza.

2292 2327 2352 2382 In
2379 2322 2664 2396 superiori
2691 2325 2881 2376 autem
2907 2313 3238 2374 medietatis
3261 2317 3495 2392 regione
3517 2299 3879 2396 be‘m‘icyciob

2219 2420 2276 2470 et
2300 2393 2558 2486 integros
2579 2411 2754 2482 etiam
2781 2407 3086 2488 orbiculos
3105 2403 3422 2462 artificiosa
3445 2393 3884 2488 industriume-

2220 2501 2438 2558 chinati
2471 2505 2630 2567 sunt,
2664 2515 2810 2571 quos
2841 2498 3045 2554 dicunt
3075 2485 3878 2567 Omucantarathﬁdestpro-

2219 2589 2642 2664 gressionarios
2673 2587 2832 2651 solis,
2867 2586 2970 2657 qui
3001 2584 3291 2666 frequenti
3307 2583 3881 2671 circuitibne‘et‘tirs;

2219 2682 2323 2736 bra
2353 2679 2692 2741 retorsione,
2727 2673 2823 2730 alii
2861 2675 3254 2740 extractiores,
3286 2672 3383 2727 alii
3433 2673 3877 2752 contractiOres',

2220 2775 2374 2824 certa
2404 2773 2459 2822 et
2491 2765 2821 2822 necessaria
2852 2761 3137 2819 locatione
3164 2757 3540 2828 coronantur,
3560 2763 3619 2817 in
3652 2753 3877 2834 quibus

2221 2873 2433 2930 magna
2464 2853 2836 2911 instrumenti
2861 2851 3042 2922 hujus
3059 2851 3330 2907 consistit
3345 2841 3696 2924 efﬁcaciaJn
3721 2838 3879 2923 quo-

2220 2964 2350 3001 rum
2378 2941 2698 2999 intervallis
2725 2941 2944 3015 gradus
2976 2957 3258 2996 ascensus
3289 2944 3347 2996 et
3375 2941 3694 2996 descensus
3727 2937 3877 3021 solis

2220 3034 2416 3091 diurni
2438 3036 2491 3090 et
2507 3031 2785 3087 menstrui
2804 3029 3097 3103 geminato
3116 3028 3174 3083 in
3191 3029 3500 3100 utriusque
3519 3023 3782 3099 partibus
3801 3028 3879 3084 90

2215 3124 2661 3198 permetiuntur.
2687 3120 2836 3175 Sunt
2867 3135 3003 3192 ergo
3035 3118 3091 3173 in
3121 3117 3229 3174 hac
3261 3118 3586 3175 walzacora
3617 3115 3874 3190 Quinde-

2214 3216 2325 3270 cim
2351 3210 2842 3282 orbiculi,quibus
2864 3207 3116 3280 singulis
3138 3207 3577 3282 sexquipertitis
3599 3208 3674 3264 90
3705 3222 3872 3275 com:

2214 3305 2407 3377 pletur
2439 3311 2740 3366 numerus,
2773 3298 2831 3353 id
2863 3302 2951 3353 est
2980 3298 3278 3368 quadrans
3307 3296 3492 3352 totius
3512 3295 3736 3351 circuli.
3757 3295 3877 3362 Qui

2213 3398 2409 3447 tamen
2434 3387 2678 3445 orbiculi
2709 3385 2886 3442 simul
2923 3401 3056 3440 cum
3089 3401 3331 3440 numero
3353 3385 3677 3440 secundum
3700 3379 3879 3448 horo-

2214 3479 2500 3551 logiorum
2529 3475 2884 3530 mutationes
2915 3490 3017 3546 pro
3041 3472 3154 3528 situ
3188 3471 3445 3528 locorum
3473 3477 3526 3527 et
3557 3461 3872 3556 climatum

2214 3574 2314 3622 aut
2345 3567 2709 3635 majorantur
2730 3567 2831 3619 aut
2853 3561 3220 3628 minuuntur,
3256 3560 3409 3633 quod
3435 3559 3580 3615 alias
3607 3553 3874 3633 lueidius

2213 3656 2473 3713 clarabit.
2507 3654 2686 3724 Cujus
2705 3653 2762 3706 in
2785 3651 3058 3706 extremis
3080 3653 3356 3706 coronata
3376 3648 3554 3704 labris
3568 3647 3877 3720 gyratione

2215 3744 2554 3818 prominens
2589 3741 2765 3795 umbo
2795 3739 2984 3794 tenaci
3016 3737 3308 3794 soliditate
3357 3737 3638 3808 affigitur,
3687 3752 3875 3808 quem

2214 3835 2416 3890 dicunt
2446 3831 2731 3899 Alnogz’za,
2762 3829 2862 3900 qui
2903 3827 2961 3881 in
2989 3825 3175 3882 altum
3208 3831 3508 3900 porrectus
3537 3825 3876 3882 eminentes

2213 3921 2460 3978 aliorum
2485 3919 2787 3975 climatum
2811 3914 3039 3972 tabulas
3062 3916 3120 3970 in
3149 3932 3210 3970 se
3231 3915 3606 3986 suscipiendo
3628 3912 3875 3970 conclu-

2214 4012 2318 4067 dit.
2349 4010 2435 4065 Ad
2491 4025 2639 4080 quas
2698 4005 3111 4078 concipiendas
3159 4003 3321 4060 frons
3353 4001 3481 4074 ejus
3513 4019 3687 4076 parvo
3718 4006 3877 4060 tere-

2215 4083 2422 4158 bratur.
2444 4097 2748 4165 foramine,
2809 4095 2900 4151 cui
2933 4098 3105 4150 acuta
3144 4092 3481 4148 tabularum
3540 4085 3880 4168 infiguntur

2216 4187 2507 4260 capitula:
2568 4175 2732 4253 Quod
2771 4185 3032 4240 foramen
3067 4183 3402 4240 meridianae
3443 4179 3757 4260 respondet
3785 4195 3881 4238 res

2215 4276 2583 4350 gulae.Cujus
2605 4275 2930 4331 crassitudo
2974 4287 3090 4328 non
3130 4271 3305 4327 altius
3343 4270 3641 4328 extollitur
3689 4275 3878 4349 quam

2215 4364 2551 4422 tabularum
2583 4363 2896 4437 capacitas.

457 4442 728 4499 feriorsm
751 4442 1036 4499 circulum
1073 4444 1133 4499 in
1165 4447 1421 4501 confinio
1449 4448 1634 4502 centri
1664 4448 2108 4518 circumactum,
2140 4473 2185 4538 Β
2288 4454 2506 4511 Dehinc
2578 4433 2707 4523 ejus
2763 4451 2983 4507 extanti
3032 4449 3260 4506 laterali
3316 4447 3540 4504 vertice
3578 4433 3878 4521 perforatu

459 4533 584 4606 qui,
617 4531 868 4588 naturali
899 4533 1200 4589 observata
1215 4533 1456 4601 ratione,
1482 4541 1767 4606 quantum
1799 4543 1997 4594 centro
2023 4545 2110 4596 est
2140 4531 2177 4538 ⁷
2218 4541 2729 4616 suspendiculares
2768 4539 3100 4594 inferuntur
3139 4535 3363 4602 circuli,
3385 4536 3472 4593 vel
3497 4535 3685 4608 magis”
3711 4535 3881 4615 ineui-

458 4622 722 4689 vicinior,
774 4624 1002 4678 tantum
1055 4622 1507 4679 circumactione
1561 4627 1952 4694 contractior;
2015 4628 2112 4699 qui

461 4709 714 4766 circulus
738 4710 967 4766 Cameri
991 4715 1229 4783 tropicus
1245 4714 1467 4767 (nativus
1488 4712 1725 4768 dicitur:
1751 4714 1806 4768 in
1839 4715 2112 4772 extremis

459 4798 672 4854 tabulas
699 4799 861 4854 horis
883 4800 1151 4856 dilatiore
1206 4800 1584 4857 circulatione
1631 4804 1885 4860 circulus
1914 4805 2110 4877 Capri-

459 4886 644 4952 corni,
675 4885 732 4940 id
766 4891 874 4954 cst,
907 4891 1149 4959 trapicus
1182 4891 1436 4945 hiemalis
1457 4889 1818 4946 inscribitur.
1852 4894 2109 4956 Quorum

457 4974 893 5046 inscriptiones,
927 4977 998 5031 ad
1038 4978 1224 5032 instar
1253 4977 1505 5033 cmlestis
1528 4979 1766 5050 sphaerae
1800 4981 2110 5050 collocatae,

460 5063 725 5133 signiferi
756 5063 1128 5120 latitudinem
1143 5067 1346 5122 circuli
1377 5065 1774 5132 includunt,et
1795 5069 1935 5126 solis
1954 5077 2112 5128 caste-

459 5169 778 5225 rorumquc
838 5153 1200 5225 planetarum
1263 5155 1534 5211 cursibus
1583 5155 1830 5213 limitem
1865 5163 2090 5231 ponunt

459 5243 618 5301 Inter
645 5259 792 5314 quos
834 5247 1123 5298 extremos
1155 5245 1325 5300 orbes
1375 5246 1433 5300 in
1467 5245 1637 5318 plaga
1669 5249 2111 5318 septentrionali

461 5340 774 5397 artiﬁciosa
830 5341 1072 5398 rationis
1125 5341 1412 5414 positione
1468 5343 1842 5412 hototallasab,
1894 5345 1950 5402 id
2001 5353 2107 5417 est,

460 5429 662 5486 breves
683 5430 954 5487 horarum
977 5431 1137 5488 linere
1161 5447 1323 5505 aqua
1347 5433 1781 5488 intervallorum
1802 5436 2109 5506 partitione

461 5520 853 5588 instruuntur,
879 5520 960 5578 ita
991 5526 1054 5580 ut
1100 5521 1358 5581 interiori
1415 5523 1690 5598 angustia
1718 5525 1974 5582 extracta
2003 5525 2106 5584 de-

2221 4636 2516 4689 te‘nantur.
2549 4628 2770 4695 Quibus
2792 4627 3214 4683 cohaerentibus
3245 4624 3644 4697 quandolibet,
3669 4625 3742 4680 ad
3775 4629 3880 4682 τειδ

2221 4723 2384 4777 dium
2416 4719 2556 4778 solis
2596 4716 3032 4792 percipiendum
3088 4715 3457 4783 sublevatur;
3490 4716 3658 4786 cujus
3687 4705 3878 4790 etiam

2222 4809 2533 4883 epiphania
2581 4823 2815 4863 summa
2867 4804 3177 4878 diligenter
3224 4804 3400 4878 polita
3459 4798 3738 4859 dividitur
3766 4811 3884 4876 per

2220 4905 2414 4972 partes
2436 4902 2769 4969 tetragona‘s
2793 4896 3058 4968 partibus
3077 4894 3183 4950 360
3201 4893 3447 4965 aequatis
3467 4907 3570 4964 per
3588 4883 3885 4964 quinque;

2221 4991 2432 5062 pertita
2462 4985 2801 5054 intervalla;
2835 4985 3039 5057 quae,si
3073 4982 3272 5040 subtili
3299 4982 3717 5037 discernuntur
3735 4973 3879 5053 paro

2219 5078 2441 5142 titione,
2462 5076 2532 5132 ad
2549 5074 2904 5146 multiplices
2921 5074 3212 5145 pertinent
3225 5070 3880 5150 utilitates,exquarnrn

2220 5167 2508 5239 impressa
2539 5165 2779 5229 ratione,
2813 5163 2965 5233 quod
2998 5160 3356 5236 praecipuum
3397 5164 3506 5226 est,
3539 5157 3879 5238 certissime

2219 5254 2514 5312 naturales
2566 5252 2823 5307 noctium
2868 5255 2925 5305 et
2975 5250 3200 5305 dierum
3234 5247 3666 5323 cognoscuntur
3707 5246 3880 5302 borké

2219 5359 2351 5400 cum
2377 5339 2711 5414 augmentis
2741 5343 2797 5394 et
2843 5337 3233 5408 detrimentis,
3267 5344 3332 5394 ut
3382 5337 3445 5394 in
3477 5331 3876 5409 sequentibul

2219 5433 2410 5506 aptius
2444 5427 2868 5486 admonebitur.
3493 5447 3499 5456 -
3707 5505 3711 5508 ι

2288 5521 2518 5582 Eisdem
2559 5518 2732 5577 etiam
2783 5516 3170 5595 perigraphiis
3201 5521 3412 5578 cetera:
3435 5503 3751 5574 excreatur
3772 5509 3877 5581 1αὲ
