4152 6186
277 263 393 324 393

1359 266 1458 332 DE
1505 264 2058 336 U'l‘liJ'i‘A'I‘lBUS
2105 267 2593 337 ASTROLABII.

3561 269 3679 344 3'94

278 394 1600 475 bulae,qu0rumlibetsintclimatum,quamvis
1625 405 1921 477 paulisper
1950 407 2002 472 Α
2037 403 2237 478 plagas
2273 409 2520 480 propriis
2553 410 2872 479 distantiis,
2919 401 3002 467 vel
3053 429 3154 484 per
3209 413 3679 486 quinquepertita

279 503 380 559 pro
404 485 663 542 locorum
688 493 744 543 et
764 489 1064 548 climatum
1090 493 1414 549 mutatione
1435 494 1545 566 ipsi
1569 493 1927 549 almucanta-

278 574 406 630 rath
436 576 842 635 varientur.De
871 597 990 652 qua
1029 581 1301 638 varietate
1330 587 1487 638 certa
1513 582 1660 638 ratio
1689 582 1927 638 dabitur

276 663 334 720 in
367 679 477 720 suo
508 664 886 732 loco.Quibus
917 670 1134 727 tabulis
1165 671 1494 743 supersidet
1521 670 1922 737 Alhancabuth,

276 753 331 809 id
362 757 454 809 est
473 755 748 811 versatile
778 755 1274 830 volvellum,quod
1308 759 1566 815 manuali
1600 759 1927 816 versatione

275 843 344 898 ad
395 843 913 901 demonstrandam
945 847 1193 904 caelestis
1236 849 1475 920 sphaerae
1497 847 1922 905 volubilitatem

272 935 324 990 et
354 932 427 987 ad
459 932 1018 991 demonstrationem
1050 935 1324 993 horarum
1354 937 1549 992 volvit.
1611 937 1758 991 Nam
1790 937 1920 1007 ejus

273 1021 704 1077 versationibus
732 1027 789 1078 et
818 1025 1099 1096 gradibus
1120 1024 1488 1098 solis,eisque
1512 1025 1920 1098 respondenti-

275 1109 382 1164 bus
413 1109 759 1183 horoscOpis
785 1128 888 1183 per
917 1117 1114 1184 partes
1161 1115 1426 1187 signiferi
1486 1114 1686 1169 circuli
1746 1113 1921 1170 certis

271 1197 414 1254 locis
445 1197 769 1271 designatis
801 1199 1178 1258 lucidissime
1213 1203 1490 1259 horarum
1538 1201 1921 1276 proprietates

277 1285 581 1358 pateﬁunt,
609 1290 667 1342 et
697 1289 1087 1361 correptiones
1117 1294 1174 1345 et
1221 1289 1548 1346 crescentiae
1579 1290 1839 1346 noctium
1867 1294 1924 1345 et

273 1375 499 1430 dierum
531 1376 872 1446 probantur.
907 1379 1007 1433 Est
1037 1378 1194 1434 enim
1236 1378 1379 1434 illud
1406 1384 1678 1435 excavata
1707 1379 1924 1434 machi-

274 1465 506 1520 natione
534 1463 897 1538 insculptum
930 1468 1252 1523 secundum
1286 1467 1597 1524 interstitia
1613 1467 1921 1541 praedicto-

274 1570 398 1608 rum
433 1554 787 1610 circulorum
819 1561 876 1612 et
905 1557 1253 1630 positionem
1295 1557 1595 1614 stellarum
1649 1557 1916 1625 lixarum,

273 1658 371 1714 per
401 1659 552 1714 quas
582 1643 736 1699 hora:
769 1645 953 1700 noctis
985 1645 1434 1718 dignoscuntur.
1471 1648 1619 1702 Sunt
1649 1650 1803 1701 certe
1857 1645 1918 1701 in

275 1731 393 1803 ipso
423 1735 543 1788 tres
575 1732 798 1798 circuli,
832 1750 1082 1805 quorum
1111 1733 1351 1791 interior
1381 1734 1438 1790 in
1482 1735 1628 1790 duos
1658 1734 1916 1806 hemicy-

273 1819 386 1875 clos
431 1836 538 1892 per
593 1821 942 1878 diametrum
1000 1823 1249 1894 partitus
1302 1827 1412 1890 est,
1473 1823 1686 1895 quibus
1718 1821 1916 1877 lineali

274 1908 552 1965 divisione
586 1911 826 1968 sextatis
857 1913 1014 1968 senis
1047 1913 1231 1985 signis
1262 1913 1569 1968 duodecim
1612 1912 1916 1985 signorum

273 2014 553 2055 numerus
575 1999 859 2056 redditur.
893 2002 1014 2066 Quo
1041 2000 1409 2073 superposito
1441 2000 1776 2074 impellente
1797 2016 1919 2055 ver—

271 2087 494 2142 satione
522 2086 747 2143 videbis
762 2089 1011 2144 Arietem
1032 2094 1087 2145 et
1105 2089 1339 2145 Libram
1360 2089 1912 2145 mediumcirculum

269 2174 556 2231 Cancrum
580 2181 636 2231 et
663 2177 1079 2249 Capricornum
1113 2178 1452 2235 terminales
1482 2179 1768 2234 currendo
1811 2179 1916 2234 de-

271 2268 469 2320 notare
501 2263 1170 2323 circulos.Estetiamita
1201 2267 1544 2323 naturaliter
1563 2267 1917 2338 dispositum

270 2360 330 2409 ut
357 2353 415 2408 in
449 2353 893 2426 septentrionali
926 2359 1089 2426 parte
1121 2355 1562 2423 sublimetur,in
1593 2355 1920 2411 meridiana

271 2448 462 2498 autem
495 2443 564 2498 ad
624 2443 878 2498 conﬁnia
941 2443 1284 2500 inferiorum
1345 2446 1737 2518 demergatur.
1771 2444 1918 2500 Nam

269 2531 494 2588 arctius
526 2530 1010 2603 hemisphaerium
1032 2533 1104 2588 ab
1130 2532 1646 2600 Arieteinitiatum,
1680 2533 1785 2589 etsi
1811 2533 1918 2588 mi-

269 2637 472 2677 norum
506 2621 870 2693 correptione
909 2622 1233 2695 spatiorum
1292 2627 1656 2678 contractum
1706 2626 1814 2688 est,
1849 2622 1920 2676 de

267 2715 457 2766 tamen
483 2709 787 2766 dilatando
819 2728 922 2784 per
951 2729 1129 2767 verna
1150 2711 1418 2766 ascendit
1442 2711 1630 2784 signa,
1664 2715 1719 2767 et
1754 2727 1920 2767 sum-

267 2815 354 2854 mo
382 2799 612 2855 Cancro
652 2799 842 2871 posita
871 2798 1167 2856 solstitiali
1199 2799 1354 2855 linea
1383 2801 1712 2856 denotatur.
1775 2799 1922 2855 Hinc

265 2889 462 2944 eadem
498 2887 843 2944 circuitione
875 2887 1000 2945 dies
1033 2888 1432 2945 contrahendo
1454 2905 1557 2961 per
1605 2889 1803 2945 aestiva
1833 2889 1920 2944 di-

267 2976 537 3050 grediens
571 2976 742 3050 signa
772 2978 830 3032 in
891 2977 1285 3049 aequinoctiali
1332 2978 1684 3034 terminatur
1734 2978 1918 3033 Libra.

267 3067 306 3119 Α
333 3065 509 3121 Libra
540 3067 736 3136 majus
766 3065 1229 3138 hemispherium
1264 3066 1561 3122 initiatum
1594 3071 1650 3122 et
1681 3065 1923 3120 dilatata

268 3153 604 3210 circuitione
636 3154 982 3226 depressum
1015 3155 1389 3211 autumnales
1408 3155 1772 3227 corripiendo
1797 3153 1922 3209 dies
1953 3139 1994 3204 C

269 3242 334 3296 ad
364 3243 705 3315 Capricorni
737 3241 1053 3299 solstitium
1095 3244 1406 3316 perveniet.
1467 3244 1609 3300 Hinc
1665 3241 1919 3298 brumali

275 3330 607 3386 circuitione
641 3330 711 3386 ad
751 3331 965 3387 Arietis
999 3331 1232 3404 signum
1264 3333 1579 3401 reducitur,
1639 3333 1696 3386 in
1747 3333 1918 3402 cujus

282 3417 473 3474 circuli
507 3419 781 3476 lateribus
807 3421 898 3492 [in
930 3437 1132 3490 marg.,
1166 3420 1252 3476 vel
1289 3421 1608 3492 laterculis]
1655 3419 1918 3493 diligenti

286 3507 578 3579 partitione
641 3508 945 3580 signorum
1001 3515 1196 3581 partes
1255 3509 1718 3582 distinguuntur.
1771 3509 1917 3564 Nam

282 3596 734 3668 unumquodque
765 3598 1003 3669 signum
1035 3598 1526 3671 quinquepertitis
1557 3597 1921 3654 discurnitur

275 3684 836 3757 intervallis,quibus
859 3686 1058 3758 quinis
1087 3687 1225 3743 data
1253 3704 1394 3743 sena
1421 3687 1796 3744 tricenarium
1827 3687 1922 3743 de-

282 3774 630 3841 nominant;
673 3778 730 3829 et
759 3774 842 3829 sic
874 3791 976 3846 per
1031 3775 1295 3832 ordinem
1345 3776 1775 3849 progredientis
1827 3793 1920 3832 zo-

265 3862 408 3918 diaci
433 3862 774 3935 adimplent
805 3881 1139 3919 numerum.
1177 3866 1238 3920 In
1270 3882 1384 3938 quo
1417 3865 1592 3922 etiam
1627 3865 1779 3921 acuti
1805 3883 1926 3920 ma-

275 3949 490 4008 chinati
521 3956 666 4007 sunt
699 3952 1110 4024 denticuli,qui
1138 3953 1310 4010 certis
1351 3955 1409 4009 in
1466 3954 1610 4011 locis
1661 3953 1925 4011 collocati

273 4037 473 4094 stellas
504 4038 794 4093 adnotant
826 4039 991 4107 ﬁxas,
1034 4031 1135 4112 per
1189 4057 1336 4112 quas
1395 4042 1580 4098 noctis
1626 4041 1925 4116 cognosci-

273 4143 402 4184 mus
427 4127 629 4194 horas,
664 4143 791 4199 quae
813 4128 1062 4200 propriis
1092 4129 1269 4184 etiam
1303 4130 1634 4187 nominibus
1663 4132 1929 4188 Arabicis

268 4215 543 4288 inscripti
575 4221 734 4271 sunt.
771 4216 830 4271 In
865 4217 1032 4288 cujus
1053 4206 1408 4275 rotunditate
1436 4219 1522 4274 vel
1554 4219 1929 4276 rotunditatis

270 4304 460 4361 fronte
493 4308 732 4361 exstans
762 4309 852 4360 est
903 4305 1234 4362 denticulus
1290 4323 1467 4380 super
1511 4308 1928 4381 Capricornum

267 4395 524 4466 positus,
561 4398 616 4449 et
647 4395 717 4449 ad
748 4393 942 4466 ipsum
973 4396 1291 4452 umbonem
1330 4401 1648 4468 porrectus,
1681 4399 1779 4470 qui
1812 4396 1928 4453 cal-

264 4483 526 4539 culando
559 4499 858 4540 summam
897 4485 1125 4540 numeri
1175 4484 1236 4540 in
1293 4485 1607 4558 epiphania
1653 4487 1928 4544 umbonis
1959 4509 2005 4573 Ι)

262 4573 446 4644 positi
480 4571 780 4629 naturales
810 4572 1178 4629 discriminat
1207 4573 1401 4630 horas.
1433 4575 1536 4632 Cui
1569 4575 1783 4631 dicitur
1829 4576 1918 4631 al-

259 4663 429 4728 meri,
456 4661 518 4716 id
550 4666 642 4717 est
670 4661 987 4729 caculator,
1019 4667 1077 4717 et
1115 4661 1261 4718 illud
1311 4663 1716 4720 halbancabuth
1747 4665 1918 4721 desu-

259 4765 362 4821 per
395 4749 668 4824 positum
697 4749 899 4806 tabula
928 4750 1344 4807 involutionem
1376 4751 1650 4825 contegit.

325 4839 475 4894 Jarn
499 4854 636 4894 vero
677 4839 869 4894 antica
896 4840 1187 4912 descripta
1217 4839 1456 4912 planitie
1513 4841 1584 4896 ad
1640 4842 1922 4914 posticam

257 4930 522 4983 vertitur
545 4926 758 4999 stylus,
791 4928 850 4983 in
883 4943 996 5000 qua
1022 4929 1326 5002 signorum
1360 4934 1417 4986 et
1463 4931 1755 4986 mensium
1817 4931 1924 4985 ha-

255 5014 482 5072 bentur
512 5015 754 5072 notitiae.
789 5015 936 5072 Nam
968 5017 1028 5072 in
1060 5017 1438 5074 interioribus
1469 5019 1702 5074 circulis
1758 5024 1929 5074 cauta

257 5103 1467 5179 discretione,singulismensibus,proprii
1485 5107 1767 5180 subcripti
1791 5112 1930 5163 sunt

255 5192 400 5250 dies.
434 5195 670 5260 Quibus
692 5194 997 5251 mensibus
1028 5195 1198 5268 signa
1228 5195 1478 5268 singulis
1509 5196 1818 5252 attinentia
1864 5195 1930 5251 li-

252 5283 413 5338 neali
469 5282 767 5339 divisione
835 5285 1208 5357 superposita
1255 5289 1412 5340 sunt.
1452 5286 1512 5340 In
1546 5285 1930 5342 exterioribus

2037 493 2342 551 intervalla
2374 515 2476 568 per
2505 515 2643 554 sena
2672 499 2994 556 distributae
3034 501 3240 573 signis,
3301 519 3444 572 quae-
3484 505 3682 561 omnia

2037 586 2164 638 visu
2217 585 2409 657 potius
2441 604 2616 658 quam
2649 589 2805 645 dictu
2839 590 3194 662 deprehendi
3227 596 3488 662 possunt.

2107 672 2365 729 Habetur
2393 675 2569 731 etiam
2602 677 2679 732 ibi
2713 678 3002 748 Alhz’dada,
3050 680 3106 735 id
3164 684 3254 736 est
3307 679 3677 748 verticulum,

2036 760 2190 831 quod
2224 779 2328 817 nos
2359 764 2587 818 radium
2622 765 2812 820 dicere
2844 783 3184 838 possumus,
3209 769 3362 840 quod
3402 769 3474 824 ad
3496 767 3682 824 instar

2033 848 2244 920 regula:
2278 855 2580 907 extensum
2614 855 3029 926 superponitur
3088 857 3319 912 tabulae.
3380 858 3559 929 Cujus
3619 858 3678 913 in

2032 937 2325 1009 capitibus
2357 939 2501 994 bina:
2533 947 2671 996 sunt
2701 947 2902 999 erectae
2943 945 3153 1016 pinnas,
3205 963 3332 1016 qua:
3392 947 3464 1001 ad
3522 947 3676 1002 acci-

2035 1025 2314 1096 piendum
2347 1027 2486 1084 solis
2518 1030 2747 1086 radium
2780 1036 2836 1086 et
2867 1033 3169 1089 stellarum
3203 1035 3582 1100 ﬁxarum,seu
3606 1037 3675 1091 ad

2031 1116 2529 1186 geometricalium
2563 1119 2869 1175 scientiam
2913 1139 3324 1178 mensurarum
3387 1122 3499 1177 sibi
3555 1139 3675 1179 res-

2032 1203 2348 1274 pondentia
2371 1205 2510 1261 bina
2540 1205 2757 1262 habent
2789 1208 3094 1277 foramina,
3128 1210 3282 1282 quod
3333 1215 3492 1266 tactu
3539 1227 3672 1266 cum

2029 1295 2356 1363 torquetur,
2387 1294 2468 1349 itu
2501 1298 2557 1349 ct
2583 1295 2772 1351 reditu
2796 1296 3169 1354 altitudinem
3219 1297 3360 1354 solis
3418 1299 3674 1371 providis

2031 1379 2393 1437 demonstrat
2423 1383 2745 1440 obtutibus.

2103 1470 2201 1525 Est
2227 1471 2401 1526 etiam
2435 1473 2697 1539 Alchz'tob,
2731 1473 2785 1528 id
2824 1479 2912 1530 est
2967 1476 3148 1532 vectis
3208 1477 3518 1545 rotundus,
3575 1475 3675 1546 qui

2029 1557 2142 1629 ipsi
2163 1558 2511 1616 Walzacorae
2539 1561 2597 1616 in
2629 1562 2819 1618 medio
2850 1565 3151 1635 perforatae
3181 1565 3252 1619 ad
3275 1563 3679 1637 constringen-

2029 1645 2171 1700 dum
2205 1646 2506 1704 climatum
2540 1650 2771 1706 tabulas
2800 1650 3190 1725 inﬁgitur.Cui
3214 1652 3274 1709 in
3295 1669 3529 1709 summo
3555 1669 3679 1724 per-

2030 1733 2212 1790 forato
2243 1735 2388 1791 alter
2417 1754 2635 1793 cuneus
2666 1743 2722 1794 et
2753 1744 2914 1812 parte
2946 1739 3347 1796 Alhancabuth
3379 1745 3677 1796 tranverse

2031 1822 2327 1891 inseritur,
2362 1841 2535 1896 quem
2564 1827 2800 1897 Alfcraz,
2838 1827 2894 1882 id
2928 1831 3016 1883 est
3039 1827 3588 1895 caballum,dicunt,
3610 1844 3676 1884 eo

2028 1911 2183 1982 quod
2209 1914 2397 1967 instar
2425 1912 2630 1968 caballi
2667 1915 2949 1970 formatus
2982 1915 3076 1970 sit.
3113 1916 3392 1980 Etiam,ut
3420 1915 3676 1970 lucidius

2027 1999 2204 2071 quivi,
2260 2002 2388 2071 ejus
2446 2001 2849 2074 perigraphias
2931 2003 3342 2075 compendiose
3403 2003 3674 2075 explicui,

2029 2093 2267 2161 excepto
2302 2107 2416 2146 uno
2439 2094 2762 2163 tetragono,
2786 2092 2857 2147 de
2887 2109 3002 2164 quo
3027 2095 3085 2146 in
3122 2093 3246 2148 loco
3295 2109 3403 2147 suo
3437 2091 3676 2147 uberius

2028 2178 2240 2234 dicam.
2274 2178 2384 2234 Sed
2419 2180 2536 2234 haec
2567 2196 2660 2236 res
2719 2181 2888 2236 tectis
2935 2181 3347 2237 innexionibus
3403 2181 3677 2236 intricata

2027 2271 2116 2322 est
2139 2283 2265 2334 ;nec
2295 2268 2570 2324 omnibus
2601 2269 2671 2323 ad
2704 2268 3150 2342 intelligendum
3182 2268 3677 2340 enodabilis,prae-

2027 2360 2117 2410 ter
2145 2372 2243 2411 eos
2274 2357 2370 2428 qui
2406 2359 2667 2413 usualem
2702 2357 2921 2414 habent
2951 2358 3008 2412 in
3039 2358 3132 2414 his
3177 2358 3673 2414 exercitationem.

2028 2444 2084 2498 Si
2117 2447 2250 2515 quis
2279 2450 2472 2502 autem
2507 2447 2661 2502 dicta
2691 2451 2792 2502 aut
2821 2447 3066 2502 dicenda
3095 2463 3302 2518 parum
3334 2464 3402 2503 ex
3441 2445 3676 2518 scriptis

2030 2532 2394 2602 intellexerit,
2430 2535 2619 2606 ipsam
2637 2551 2757 2590 rem
2793 2535 3016 2608 probet,
3051 2540 3108 2590 et
3141 2534 3344 2606 procul
3377 2535 3556 2590 dubio
3587 2551 3676 2590 re-

2031 2622 2212 2694 periet
2254 2622 2397 2678 satis
2427 2623 2738 2696 diligenter
2781 2624 2981 2679 omnia
3029 2623 3186 2678 dicta
3225 2639 3372 2679 esse.
3428 2623 3530 2678 His
3596 2623 3680 2678 ita

2031 2711 2365 2782 prwtaxatis
2388 2715 2521 2768 vota
2547 2711 2948 2784 persolvendo,
2995 2711 3245 2783 qualiter
3284 2711 3404 2764 haec
3460 2710 3678 2766 exerci-

2029 2803 2243 2866 temus,
2278 2799 2490 2867 dicam,
2523 2806 2580 2856 et
2639 2801 2698 2856 in
2731 2800 3039 2872 primis'de
3067 2798 3469 2855 artiﬁcialibus
3516 2797 3680 2855 horis

2033 2887 2146 2942 diei
2178 2892 2235 2944 et
2266 2888 2472 2945 noctis.

2664 2977 2897 3033 CAPUT
2938 2977 3034 3033 III.

2321 3067 2394 3120 De
2413 3067 2720 3136 colligendo
2750 3069 2904 3137 signo
2935 3071 2986 3120 ct
3017 3065 3199 3135 gradu
3229 3067 3379 3121 solis.

2107 3155 2164 3208 Si
2197 3154 2522 3210 certissime
2549 3153 2723 3209 horas
2756 3154 3050 3209 naturales
3074 3154 3191 3209 sive
3205 3153 3534 3209 artiﬁciales
3559 3154 3674 3208 diei

2028 3246 2085 3297 et
2116 3243 2302 3297 noctis
2336 3243 2503 3315 cupis
2534 3243 2681 3298 scire
2714 3247 2938 3315 oportet
2969 3244 3026 3297 in
3059 3242 3265 3314 primis
3296 3246 3359 3297 ut
3404 3242 3556 3297 scias
3611 3242 3670 3297 in

2029 3349 2142 3404 quo
2173 3332 2340 3404 signo
2373 3333 2450 3387 sit
2471 3332 2555 3388 sol
2580 3337 2636 3388 et
2657 3333 2712 3386 in
2740 3338 2913 3404 quoto
2941 3333 3159 3387 decano
3191 3335 3293 3386 aut
3313 3331 3496 3403 gradu
3519 3332 3672 3402 ejus-

2029 3421 2159 3476 dem
2190 3419 2365 3492 signi.
2400 3421 2518 3476 Hoc
2550 3421 2786 3492 quidem
2819 3420 2926 3478 etsi
2958 3419 3385 3492 multiplicibus
3419 3418 3670 3475 calcula-

2026 3508 2255 3564 tionum
2291 3509 2614 3564 rationibus
2646 3512 2790 3565 scire
2823 3527 3025 3581 queas,
3059 3513 3256 3564 tamen
3297 3509 3584 3564 absolutis
3614 3525 3685 3565 ex

2029 3598 2138 3653 hac
2181 3598 2370 3670 figura
2424 3597 2681 3653 maxima
2729 3597 2968 3654 solertia
3034 3597 3325 3668 acquisita
3365 3612 3683 3668 cognosces

2030 3703 2207 3758 quam
2241 3687 2334 3742 hic
2375 3687 2745 3742 subscribere
2780 3705 2892 3741 non
2927 3687 3186 3758 ineptum
3247 3689 3508 3752 autumo,
3542 3685 3685 3740 dum

2029 3775 2193 3832 locus
2226 3780 2282 3831 et
2313 3776 2459 3831 ratio
2492 3775 2768 3848 postulat,
2805 3780 2863 3830 et
2893 3775 2973 3829 ita
3002 3775 3059 3828 in
3092 3772 3340 3828 Arabico
3373 3772 3685 3828 habeatur.

2034 3866 2219 3921 Habet
2248 3864 2403 3920 enim
2434 3863 2554 3918 haec
2587 3865 2774 3936 ﬁgura
2805 3864 2862 3917 in
2897 3862 3076 3918 latere
3108 3877 3224 3916 uno
3249 3860 3490 3915 nomina
3518 3877 3683 3917 men-

2035 3954 2188 4010 sium
2224 3953 2576 4026 praztitulata
2604 3970 2617 4020 ;
2651 3951 2828 4007 altero
2859 3968 2992 4006 vere
3021 3949 3198 4006 latere
3224 3949 3350 4004 dies
3383 3949 3679 4006 mensium

2034 4060 2137 4116 per
2167 4057 2514 4108 numerum;
2561 4041 2756 4097 media
2804 4041 2862 4095 in
2896 4039 3205 4112 superficie
3259 4038 3439 4094 totius
3488 4037 3694 4094 circuli

2034 4131 2254 4188 zodiaci
2285 4131 2453 4203 signa
2483 4146 2619 4185 cum
2650 4129 2930 4202 gradibus
2963 4128 3237 4200 partium.
3272 4132 3341 4183 Et
3398 4128 3541 4184 dum
3596 4127 3687 4184 vis

2036 4237 2138 4294 per
2167 4220 2318 4275 hanc
2351 4219 2498 4275 scire
2528 4218 2763 4291 signum
2796 4223 2852 4274 et
2885 4219 3134 4290 gradum
3167 4216 3308 4273 solis
3331 4218 3388 4272 in
3433 4215 3697 4289 quolibet

2037 4309 2149 4376 die,
2184 4308 2489 4365 considera
2521 4307 2580 4362 in
2615 4311 2865 4380 utroque
2897 4306 3075 4363 latere
3119 4308 3462 4378 praesentem
3526 4321 3692 4362 men-

2038 4403 2248 4464 scm,et
2278 4398 2544 4469 ejusdem
2564 4397 2784 4453 mensis
2806 4400 3151 4468 praesentem
3179 4395 3415 4460 diem,et
3438 4394 3517 4449 ita
3537 4393 3694 4449 binis

2038 4487 2388 4543 altrinsecus
2427 4487 2602 4542 lineis
2637 4485 2928 4559 ingredire
2988 4501 3175 4556 usque
3225 4484 3295 4538 ad
3341 4482 3691 4555 proselidem

2039 4575 2378 4649 angularem
2394 4577 2663 4647 (1000),et
2680 4579 2922 4646 quotum
2943 4574 3083 4628 inibi
3106 4572 3356 4644 reperies
3379 4587 3690 4627 numerum

2030 4666 2282 4738 desuper
2311 4665 2372 4719 in
2402 4665 2603 4719 eadem
2637 4662 2790 4718 linea
2821 4661 3186 4717 considerato
3218 4659 3406 4732 signo,
3457 4659 3583 4732 ipse
3603 4662 3694 4715 est

2030 4755 2248 4827 gradus
2280 4752 2420 4808 solis
2451 4768 2628 4824 quem
2661 4751 2931 4818 requiris.

2102 4843 2164 4898 Si
2194 4843 2279 4898 vis
2309 4842 2477 4897 aliter
2506 4840 2674 4907 scire,
2708 4839 3018 4894 transactis
3099 4839 3330 4906 diebus,
3389 4839 3694 4911 praesentis

2035 4933 2256 4987 mensis
2279 4930 2566 5003 quotlibet
2597 4928 3082 4999 fuerint,adjicias
3107 4928 3176 4984 t5
3206 4945 3312 5000 per
3333 4945 3481 5000 quos
3514 4927 3695 4984 simul

2037 5019 2311 5076 collectos
2344 5024 2686 5091 computare
2720 5017 2966 5089 incipies
2997 5035 3030 5072 a
3057 5017 3248 5089 primo
3291 5019 3477 5091 gradu
3539 5017 3694 5088 signi

2039 5108 2381 5182 pertinentis
2415 5109 2486 5163 ad
2520 5108 2717 5180 ipsum
2761 5123 3020 5162 mensem
3054 5123 3156 5178 per
3217 5104 3696 5178 quinquepertita

2040 5195 2366 5262 intervalla,
2396 5201 2454 5252 et
2485 5197 2583 5251 ubi
2618 5195 2966 5264 defecerint,
3014 5212 3117 5267 pse
3147 5199 3234 5250 est
3266 5194 3484 5264 gradus
3523 5189 3686 5255 solis,

2042 5303 2216 5360 quem
2249 5286 2486 5358 quaeris,
2510 5285 2669 5341 verbi
2699 5286 2920 5358 gratia:
2947 5285 3073 5356 jam
3105 5281 3350 5356 peractis
3377 5281 3448 5335 2O
3477 5278 3690 5338 diebus

253 5365 447 5428 labris
475 5371 693 5428 tabula:
717 5375 914 5445 partes
943 5371 1162 5429 zodiaci
1181 5389 1285 5446 per
1301 5373 1560 5446 quadras
1581 5374 1936 5431 denotantur
2044 5374 2265 5448 Aprilis
2299 5373 2542 5447 adjicias
2572 5375 2724 5443 15,et
2747 5371 3136 5446 computando
3159 5367 3382 5426 collecti
3405 5370 3574 5426 erunt
3593 5367 3686 5430 35.

325 5555 533 5631 (1000)
565 5552 774 5614 Glossa
803 5559 936 5627 vet.,
970 5551 1026 5613 id
1057 5561 1136 5614 est
1165 5574 1181 5613 :
1214 5556 1606 5632 occurrentem,
1642 5556 1799 5634 quasi
1826 5553 2214 5616 ementientem
2243 5559 2292 5614 et
2322 5553 2727 5631 respondentem
2758 5551 2864 5612 illi.

599 5685 865 5755 Paeon.
908 5684 1169 5752 CXLIII.

3286 5675 3367 5774 ιδ
