4102 6182
435 266 551 330 395
1246 269 1663 333 HERMANNI
1708 267 2149 330 CONTRAGTI
2192 266 2611 329 AUGIENSIS
2656 265 3035 329 MONACHI.
3718 261 3833 323 396

438 401 504 455 Et
535 403 706 458 modo
739 402 983 475 incipias
1015 422 1118 477 per
1154 406 1311 462 hunc
1342 420 1646 460 nnmeram
1682 406 2020 474 computare
2045 417 2079 457 a
2110 407 2165 471 Α
2192 400 2488 455 Alhidada:
2519 400 2896 468 denotaverit,
2923 400 3047 471 ipse
3077 400 3166 453 est
3202 396 3420 469 gradus
3464 393 3605 450 solis
3661 396 3834 466 quem

439 490 625 562 primo
657 493 841 564 gradu
872 493 1104 562 Arietis,
1139 496 1238 567 qui
1272 495 1500 550 constat
1537 491 1822 563 aprilis,et
1853 508 2087 563 compu-
2196 489 2408 561 quaeris
2434 507 2448 556 ;
2478 493 2541 544 ut
2563 494 2702 560 puta
2728 488 2776 545 si
2810 487 3073 561 posueris
3094 486 3383 542 Alhidada
3408 500 3587 556 super
3629 482 3837 556 vigesi-

438 580 614 655 tando
646 582 942 652 pervenies
971 584 1042 638 ad
1075 584 1348 655 quintum
1394 581 1569 637 Tauri
1620 581 1888 653 gradum.
1941 581 2087 635 Nam
2197 595 2363 633 mum
2393 578 2549 633 diem
2579 577 2949 649 Aprilis,ejus
2969 575 3280 633 summitas
3297 575 3573 646 quintum
3593 572 3840 646 gradum

438 654 615 723 Arieti
646 668 797 726 datis
820 672 909 735 30,
945 654 1248 729 remanent
1276 674 1467 727 Tauro
1498 672 1549 725 5.
1586 671 1653 724 Et
1698 671 1891 725 dices:
1952 670 2089 741 quia
2199 667 2377 722 Tauri
2399 667 3118 739 insignat.Quemgradum
3140 681 3207 720 ex
3230 662 3345 720 alia
3373 667 3537 735 parte
3552 662 3612 718 in
3633 661 3845 718 Alban-

441 755 501 811 in
531 757 814 829 vigesimo
831 761 922 815 die
943 761 1158 832 Aprilis
1173 762 1259 816 sol
1289 765 1377 816 est
1398 760 1457 815 in
1473 760 1676 831 quinto
1701 760 1884 831 gradu
1916 758 2089 813 Tauri
2201 757 2415 813 cabutb
2446 756 2503 810 in
2537 773 2644 811 suo
2666 755 2789 811 loco
2804 755 3157 811 denota.Hoc
3178 753 3239 809 in
3260 753 3386 809 loco
3408 752 3846 809 admonendum

441 845 548 902 Per
577 848 965 919 astrolapsum
999 856 1194 905 autem
1225 850 1418 905 taliter
1449 848 1689 904 scies.In
1718 849 1937 919 postica
1963 849 2093 919 ejus
2202 852 2292 901 est
2326 858 2386 901 ut
2416 846 2744 917 progressio
2767 843 3167 900 calculationis
3186 846 3300 897 tua;
3320 841 3382 897 in
3404 840 3498 897 his
3519 840 3849 898 secundum

442 934 684 1007 planitie
714 938 1019 994 considera
1048 939 1173 994 dies
1207 938 1497 995 mensium
1534 944 1591 993 et
1630 937 1971 1008 partitiones
2022 936 2096 990 si-
2204 934 2345 991 solis
2374 934 2778 990 circuitionem
2827 939 3030 990 contra
3086 933 3377 988 mundum
3407 931 3529 997 ﬁat,
3590 930 3762 1002 quasi
3817 947 3853 987 a

443 1031 775 1097 gnorum,et
801 1026 1089 1083 Alhidada
1119 1044 1270 1099 pone
1297 1044 1474 1100 super
1495 1028 1645 1082 dicm
1676 1024 2095 1096 praesentemin
2205 1026 2439 1080 dextera
2468 1024 2540 1079 ad
2572 1016 2895 1079 sinistram.
2936 1022 3085 1077 Nam
3137 1020 3448 1077 Cbaldaica
3502 1013 3720 1076 astutia
3747 1035 3855 1076 seu

444 1129 557 1185 quo
588 1130 670 1182 es,
699 1118 755 1169 et
786 1132 1197 1189 quemcunque
1226 1118 1476 1190 gradum
1506 1115 1761 1172 exterius
1784 1115 2097 1171 summitas
2207 1111 2549 1168 calculando
2582 1129 2684 1168 seu
2715 1111 3019 1168 scribendo
3049 1110 3132 1166 ita
3159 1109 3547 1182 progreditur.

479 1291 636 1350 Dies.
739 1295 914 1351 Jann.
994 1297 1159 1351 Febr.
1237 1296 1407 1351 Mart.
1484 1294 1667 1367 April.
1746 1294 1959 1351 Maius.
2034 1293 2267 1349 Junius.
2324 1291 2469 1349 Juli.
2604 1294 2754 1364 Aug.
2856 1295 3011 1363 Sept.
3088 1290 3290 1347 Octob.
3356 1293 3503 1369 Nov.
3610 1289 3746 1345 Dec.

451 1396 3521 1420 ———_——'.——‘—‘u—_———n———-‘u—————~—

3589 1393 3855 1410 _

754 3422 963 3438 -υ

1005 3423 1203 3437 _—_

1260 3425 1438 3437 —

1491 3423 1680 3440 ————.

2623 3422 2796 3435 ———.

2082 3424 2259 3440 -ι-η

3626 3427 3895 3443 ——

817 1486 855 1521 ει

532 1528 572 1607 εἰ
818 1527 858 1630 Ξ
1848 1595 1888 1630 .-

3415 1547 3451 1596 ὠ

1848 1595 1888 1630 ni
2114 1596 2171 1630 ..τ
2406 1612 2419 1623 ·
3416 1601 3454 1630 :1

533 1601 571 1607 '—'
1069 1601 1106 1622 Η
1876 1601 1887 1607 ⁷
2158 1601 2171 1609 ’
2406 1612 2419 1623 ο

517 1616 572 1673 .Ξ
802 1601 858 1678 ,ξ
1052 1630 1107 1678 ’Ξ
1317 1632 1356 1678 ὦ
1588 1656 1603 1678 9
1848 1615 1888 1678 ἓ
2114 1618 2171 1676 ’Ξ
2380 1629 2419 1678 ξ
2919 1649 2952 1678 Α
3170 1643 3206 1678 Δ
3399 1601 3456 1678 ’ἓ
3652 1634 3702 1678 φὶ

534 1648 2419 1718 Ξοξξεξυςεεδ
2917 1648 3704 1702 5.36.3

534 1697 3722 1781 Ξεηὲηευέ-ἓὲξὲἓξὲἓέἓξὲἓο

519 1760 575 1842 Ξ
803 1762 858 1839 c3
1057 1760 1125 1848 Ξ
1553 1764 1604 1846 ἐξ
1834 1762 1888 1845 ἕ
2115 1772 2139 1846 ἑ

514 1930 523 1939 '
556 1915 579 1970 1
808 1916 876 1968 16
1058 1923 1124 1975 16
1308 1922 1373 1975 16
1557 1920 1623 1974 16
1839 1918 1909 1974 46
2125 1931 2134 1975 1

2125 1923 2192 1976 16
2372 1920 2439 1973 16
2659 1917 2723 1970 16
2908 1918 2973 1971 16
3153 1917 3222 1973 16
3403 1920 3493 1973 16.
3650 1917 3719 1973 46

556 1989 593 2040 2
808 1987 873 2041 47
1060 1994 1125 2045 17
1304 1992 1373 2047 47
1557 1992 1623 2044 17
1841 1991 1908 2045 17
2118 1994 2182 2046 17
2371 1993 2434 2045 17
2652 1988 2720 2042 47
2899 1988 2970 2043 47
3149 1990 3216 2044 47
3403 1991 3469 2044 17
3652 1991 3718 2045 17

555 2058 590 2112 3
810 2061 877 2112 18
1059 2064 1128 2118 18
1312 2065 1375 2119 18
1557 2061 1625 2115 18
1843 2062 1911 2117 18
2128 2065 2192 2117 18
2376 2064 2443 2117 18
2666 2060 2726 2113 18
2913 2061 2977 2114 18
3158 2062 3225 2116 18
3409 2063 3476 2118 18
3656 2061 3724 2116 18

557 2129 590 2183 4
812 2131 877 2183 19
1062 2135 1129 2188 19
1316 2138 1377 2189 19
1557 2133 1628 2187 ~19
1844 2132 1913 2187 19
2132 2136 2199 2190 19
2380 2132 2448 2188 19
2663 2130 2731 2184 49
2913 2130 2981 2184 19
3161 2133 3229 2187 19
3408 2132 3478 2188 49
3655 2132 3726 2189 49

557 2200 593 2254 5
806 2202 879 2254 20
1059 2206 1130 2259 20
1307 2208 1377 2259 20
1556 2205 1627 2257 20
1840 2205 1914 2258 20
2126 2209 2198 2261 20
2375 2205 2447 2258 20
2658 2202 2731 2255 20
2908 2203 2981 2256 20
3155 2204 3229 2258 20
3405 2204 3477 2259 20
3654 2204 3728 2261 20

558 2272 595 2325 6
807 2273 875 2325 21
1057 2279 1122 2329 21
1307 2278 1372 2330 21
1555 2275 1621 2328 21
1841 2276 1907 2329 21
2126 2279 2191 2332 21
2377 2274 2437 2331 24
2659 2274 2724 2327 21
2907 2274 2971 2328 24
3156 2277 3223 2329 21
3405 2276 3473 2330 21
3655 2275 3718 2331 21

558 2343 594 2394 7
810 2346 882 2396 22
1059 2350 1130 2400 22
1307 2351 1379 2400 22
1556 2348 1629 2400 22
1843 2347 1914 2400 22
2126 2351 2178 2402 2i

2126 2351 2199 2402 22
2377 2349 2448 2401 22
2662 2347 2734 2398 22
2909 2347 2984 2399 22
3160 2349 3230 2400 22
3409 2349 3482 2404 22
3657 2350 3730 2403 22

561 2413 596 2464 8
810 2414 884 2467 23
1060 2418 1129 2471 23
1308 2421 1379 2474 23
1558 2418 1630 2471 23
1844 2417 1915 2471 23
2130 2421 2181 2473 2Ξ

2130 2420 2200 2473 23
2379 2419 2450 2473 23
2662 2416 2733 2470 23
2912 2417 2982 2470 23
3157 2418 3228 2471 23
3406 2419 3480 2474 23
3566 2448 3569 2457 ·
3656 2421 3727 2476 23

562 2481 598 2535 9
811 2486 881 2539 24
1063 2489 1132 2542 24
1310 2493 1383 2545 24
1562 2489 1632 2541 24
1845 2488 1917 2542 24
2131 2492 2182 2542 2ὶ

2131 2491 2203 2544 24
2383 2490 2452 2543 24
2665 2488 2735 2541 24
2912 2488 2982 2541 24
3161 2488 3229 2543 24
3410 2490 3483 2545 24
3659 2491 3730 2547 24

528 2553 597 2611 10
813 2558 885 2610 25
1062 2561 1134 2613 25
1311 2563 1383 2616 25
1562 2560 1635 2613 25
1847 2558 1919 2613 25
2131 2563 2148 2613 Ξ

2131 2562 2203 2615 25
2380 2560 2453 2614 25
2663 2558 2736 2612 25
2914 2559 2986 2612 25
3161 2559 3235 2613 25
3411 2560 3484 2616 25
3661 2563 3730 2618 25

528 2627 551 2682 4
567 2625 591 2678 1
813 2629 886 2681 26
1063 2633 1135 2685 26
1311 2634 1383 2687 26
1561 2631 1633 2685 26
1846 2630 1917 2683 26
2131 2633 2203 2685 26
2385 2631 2452 2685 26
2663 2630 2736 2682 26
2914 2630 2986 2684 26
3162 2630 3235 2684 26
3411 2633 3483 2687 26
3656 2636 3733 2689 26

528 2699 598 2753 12
811 2702 884 2754 27
1061 2703 1131 2756 27
1313 2706 1384 2758 27
1562 2701 1632 2756 27
1848 2702 1917 2754 27
2131 2704 2201 2757 27
2380 2704 2448 2755 27
2663 2700 2734 2755 27
2915 2702 2983 2755 27
3163 2703 3234 2755 27
3412 2705 3483 2757 27
3660 2706 3732 2759 27

529 2768 598 2824 13
812 2773 884 2825 28
1062 2774 1134 2827 28
1311 2777 1383 2830 28
1561 2774 1632 2826 28
1845 2771 1916 2826 28
2130 2774 2201 2827 28
2379 2776 2452 2829 28
2666 2772 2738 2825 28
2915 2773 2987 2825 28
3165 2774 3237 2827 28
3414 2774 3486 2829 28
3661 2778 3734 2831 28

528 2838 596 2897 14
811 2843 881 2897 29
1061 2844 1133 2898 29
1310 2848 1381 2899 29
1561 2843 1631 2898 29
1845 2844 1916 2898 29
2129 2845 2201 2900 29
2378 2844 2451 2898 29
2665 2842 2735 2895 29
2916 2845 2988 2897 29
3166 2845 3237 2899 29
3415 2845 3487 2900 29
3665 2846 3734 2901 29

530 2910 599 2968 15
813 2914 882 2968 30
1063 2916 1134 2970 30
1314 2917 1385 2972 30
1563 2916 1632 2969 30
1844 2915 1916 2969 30
2129 2917 2150 2971 Ξ

2129 2917 2199 2971 30
2379 2915 2451 2970 30
2666 2913 2737 2968 30
2918 2913 2990 2968 30
3168 2915 3241 2971 30
3417 2916 3488 2972 30
3666 2916 3735 2975 30

832 3158 897 3225 Ξη
1084 3176 1122 3225 σε
1581 3158 1621 3194 σά
1850 3165 1905 3225 ’Ξ
2150 3181 2189 3209 ε..
2709 3200 2722 3213 .
2957 3204 2969 3216 ,
3207 3195 3221 3207 .
3456 3190 3472 3206 .
3684 3171 3723 3222 ὁ

832 3230 872 3284 Ξ
1082 3232 1122 3284 se
1580 3202 1619 3284 ἓ
1849 3230 1904 3284 σε
2149 3213 2190 3284 8
2409 3261 2436 3284 _.
2681 3221 2738 3284 ξι,
2931 3223 2971 3284 2
3183 3217 3239 3284 ἓ·
3417 3208 3472 3284 Ξ
3666 3228 3722 3284 ’ς

540 3462 608 3518 16
860 3460 884 3515 4
1113 3462 1139 3514 1
1366 3463 1391 3515 1
1615 3462 1640 3516 1
1899 3463 1925 3514 1
2183 3463 2208 3516 1
2430 3460 2452 3515 4
2717 3460 2741 3513 1
2961 3460 2985 3515 4
3211 3461 3234 3515 4
3460 3463 3483 3519 4
3708 3465 3731 3520 4

540 3533 609 3586 17
859 3534 895 3583 2
1109 3534 1145 3584 2
1358 3534 1394 3585 2
1608 3536 1644 3586 2
1894 3533 1930 3585 2
2178 3536 2215 3586 2
2429 3534 2465 3585 2
2713 3533 2749 3584 2
2962 3535 2998 3586 2
3209 3534 3246 3585 2
3459 3536 3493 3588 2
3706 3538 3742 3590 2

538 3603 609 3660 48
860 3602 893 3656 3
1104 3602 1138 3655 3
1356 3604 1391 3656 3
1607 3604 1641 3657 3
1891 3602 1926 3655 3
2175 3603 2209 3657 3
2427 3602 2462 3656 3
2712 3603 2747 3656 3
2961 3603 2996 3657 3
3209 3603 3243 3657 3
3458 3605 3491 3660 3
3704 3608 3740 3661 3

534 3674 607 3731 19
858 3674 891 3728 4
1109 3675 1141 3727 4
1355 3674 1389 3727 4
1603 3674 1637 3729 4
1888 3674 1921 3728 4

2174 3675 2208 3728 4
2425 3674 2457 3727 4
2708 3675 2741 3728 4
2958 3674 2992 3727 4
3208 3678 3239 3728 4
3455 3676 3488 3733 4
3704 3679 3735 3733 4

533 3747 606 3801 20
854 3746 891 3798 5
1104 3745 1141 3799 5
1353 3746 1389 3799 5
1604 3746 1640 3800 5
1884 3741 1925 3799 5
2171 3746 2208 3799 5
2420 3744 2457 3799 5
2708 3745 2745 3800 5
2956 3745 2993 3800 5
3206 3745 3243 3800 5
3454 3749 3492 3803 5
3703 3751 3739 3804 5

532 3818 598 3874 21
851 3817 887 3871 6
1103 3817 1138 3871 6
1351 3816 1386 3870 6
1601 3818 1637 3871 6
1885 3818 1920 3870 6
2168 3817 2204 3871 6
2418 3816 2453 3869 6
2702 3817 2738 3870 6
2954 3817 2989 3871 6
3201 3815 3237 3870 6
3451 3820 3488 3873 6
3706 3821 3742 3875 6

530 3892 603 3946 22
852 3889 889 3941 7
1102 3888 1137 3943 7
1356 3891 1387 3941 7
1600 3889 1637 3941 7
1888 3891 1919 3941 7
2166 3888 2203 3940 7
2417 3888 2453 3940 7
2700 3888 2735 3943 7
2948 3887 2983 3942 7
3194 3888 3232 3941 7
3448 3890 3485 3943 7
3701 3892 3738 3946 7

528 3961 602 4015 23
852 3962 886 4014 8
1102 3961 1136 4014 8
1351 3961 1385 4014 8
1599 3960 1633 4013 8
1882 3959 1917 4013 8
2166 3958 2201 4012 8
2415 3959 2450 4013 8
2698 3960 2734 4013 8
2946 3959 2981 4013 8
3194 3960 3230 4013 8
3444 3962 3479 4016 8
3694 3963 3730 4017 8

530 4032 603 4085 24
850 4030 886 4084 9
1099 4031 1134 4083 9
1348 4031 1382 4084 9
1596 4032 1632 4085 9
1882 4030 1917 4084 9
2165 4029 2201 4083 9
2412 4029 2448 4083 9
2695 4030 2731 4084 9
2943 4029 3051 4082 9'
3193 4028 3229 4082 9
3440 4032 3476 4086 9
3691 4034 3728 4090 9

529 4101 602 4156 25
818 4102 885 4155 10
1069 4101 1135 4154 10
1313 4102 1383 4156 10
1562 4102 1632 4157 40
1845 4102 1915 4157 40
2132 4103 2200 4157 10
2380 4101 2448 4155 10
2666 4094 2732 4157 10
2913 4100 2982 4156 10
3163 4101 3230 4155 10
3413 4104 3480 4159 10
3662 4106 3731 4161 10

528 4174 601 4227 26
815 4171 873 4226 11
1067 4171 1123 4226 11
1314 4172 1376 4226 11
1563 4173 1621 4229 11
1848 4174 1909 4228 11
2131 4174 2192 4228 11
2384 4173 2442 4227 11
2664 4172 2721 4227 14
2910 4172 2974 4226 41
3159 4171 3223 4227 41
3408 4175 3476 4230 41
3661 4176 3721 4232 44

526 4244 600 4298 27
813 4243 883 4298 42
1062 4242 1134 4295 12
1313 4244 1381 4298 12
1561 4246 1629 4299 12
1846 4245 1915 4299 12
2129 4246 2146 4300 1

2129 4246 2197 4300 12
2379 4243 2446 4298 12
2667 4246 2730 4297 12
2910 4242 2983 4299 42
3159 4242 3230 4299 42
3408 4244 3482 4302 42
3660 4248 3731 4304 12

526 4317 599 4370 28
813 4314 884 4369 43
1064 4312 1132 4368 43
1314 4315 1381 4368 13
1568 4316 1630 4369 13
1847 4315 1912 4369 13
2128 4315 2196 4371 43
2375 4314 2446 4370 43
2663 4315 2729 4369 13
2910 4314 2980 4369 13
3161 4315 3230 4371 13
3412 4318 3480 4373 13
3660 4319 3730 4375 43

528 4386 599 4440 29
815 4387 880 4441 14
1061 4384 1131 4440 44
1320 4386 1381 4441 14
1560 4385 1629 4440 44
1845 4386 1911 4441 14
2131 4389 2148 4442 1

2131 4387 2195 4442 14
2377 4386 2444 4440 14
2661 4385 2728 4440 14
2910 4386 2978 4440 14
3160 4387 3228 4442 14
3403 4389 3477 4444 44
3655 4391 3728 4448 44

529 4458 599 4513 30
638 4480 649 4489 ι
816 4458 883 4513 15
1062 4456 1133 4511 45
1313 4455 1382 4511 45
1563 4457 1631 4511 15
1846 4458 1913 4512 15
2129 4458 2198 4513 15
2378 4457 2449 4513 45
2666 4457 2733 4511 15
2911 4456 2981 4513 45
3034 4482 3048 4501 ο
3163 4459 3231 4513 15
3413 4461 3481 4516 15
3663 4464 3732 4519 15

1086 4580 1317 4637 CAPUT
1359 4581 1449 4636 IV.
2136 4586 2183 4650 B
2284 4582 2543 4639 Gradum
2575 4581 2717 4638 solis
2747 4581 2875 4652 jam
2929 4580 3277 4655 insignitum
3335 4584 3395 4640 in
3452 4584 3893 4647 Alhancabuth

820 4671 908 4727 Ad
932 4670 1321 4726 inveniendum
1348 4670 1549 4726 nadair
1575 4671 1727 4727 solis.
2215 4687 2363 4743 pone
2379 4687 2555 4743 super
2575 4670 2834 4743 primum
2846 4668 3326 4727 Almucantaratb
3342 4677 3638 4747 autsuper
3650 4674 3899 4735 lineam

529 4760 723 4815 Gradu
756 4759 896 4815 solis
928 4760 1160 4816 invento
1190 4764 1247 4815 et
1276 4761 1334 4814 in
1379 4758 1789 4815 Albancabutb
1840 4760 2113 4816 adnotato
2223 4759 2586 4826 orientalem,
2619 4763 2675 4815 et
2706 4759 3011 4816 considera
3039 4759 3194 4832 quod
3227 4760 3466 4834 signum
3496 4767 3553 4820 et
3581 4764 3714 4839 quis
3733 4780 3906 4838 ενι-

458 4849 665 4904 nadair
690 4849 1027 4915 Ascemath,
1060 4850 1113 4905 id
1143 4853 1233 4905 est
1265 4849 1600 4921 oppositum
1632 4849 1795 4915 solis,
1854 4850 2113 4906 invenire
2223 4850 2334 4905 dus
2391 4848 2601 4904 ultimo
2654 4847 3137 4905 Almucantarath
3191 4848 3279 4905 vel
3313 4849 3478 4909 lineas
3525 4853 3903 4911 occidentali

455 4935 655 5006 debes,
679 4937 833 5007 quod
863 4953 967 4991 nos
1002 4937 1366 5009 horoscopon
1398 4938 1591 4995 dicere
1647 4955 1988 5011 possumus,
2045 4955 2111 4994 eo
2223 4938 2552 4994 immineat.
2586 4939 2786 5011 Ipsum
2817 4938 2974 4994 enim
3008 4939 3213 4994 nadair
3244 4940 3407 4998 solis.

456 5025 609 5097 quod
642 5024 1008 5096 inspiciendo
1040 5026 1215 5082 horas
1246 5026 1532 5100 designat.
1558 5027 1647 5081 Fit
1678 5032 1873 5084 autem
1906 5027 2110 5083 horos-
2293 5027 2512 5083 Poteris
2542 5032 2600 5082 et
2633 5044 2736 5099 per
2758 5027 3045 5083 Alhidada
3067 5030 3470 5101 utrumque,id
3499 5034 3903 5106 est,gradnm

452 5129 636 5186 copon
671 5114 1397 5187 perdiametrumspbaeraa
1420 5116 1478 5170 in
1512 5121 1674 5171 sexto
1693 5116 1927 5188 quidem
1943 5116 2109 5187 signo
2220 5116 2362 5171 solis
2385 5121 2441 5171 et
2471 5116 2803 5189 Oppositum
2837 5118 2965 5188 ejus
2996 5118 3170 5172 simul
3207 5119 3909 5187 invenire,consideratis

449 5220 483 5258 a
503 5202 671 5276 signo
697 5202 839 5259 solis
871 5207 993 5259 tota
1014 5212 1175 5274 parte
1198 5204 1344 5259 sexti
1369 5204 1735 5276 signi,qnota
1759 5207 1922 5275 parte
1953 5204 2106 5276 signi
2217 5222 2285 5260 ex
2313 5206 2577 5277 utrisque
2607 5206 2736 5277 ejus
2766 5206 3032 5277 partibus
3062 5208 3690 5283 summitatibus.quod
3722 5212 3906 5272 satis

449 5292 540 5347 sui
573 5293 794 5366 gradus
826 5292 903 5348 sit
932 5291 1090 5356 solis,
1125 5291 1233 5348 hoc
1264 5296 1371 5359 est,
1414 5308 1447 5347 a
1478 5291 1664 5364 gradu
1695 5290 1834 5346 solis
1867 5292 1938 5347 ad
1968 5308 2103 5348 cen-
2213 5294 2522 5366 indaganti
2556 5297 2748 5366 patet;
2781 5294 3085 5367 quiasicut
3105 5312 3237 5352 cum
3252 5299 3439 5370 gradu
3470 5298 3618 5357 solis
3640 5317 3916 5374 semper

446 5382 722 5438 tesimam
752 5381 1175 5455 octogesimam
1208 5380 1621 5454 partem,quod
1643 5380 2100 5438 estdiametrum
2210 5383 2339 5439 dies
2370 5383 2578 5452 oritur,
2612 5384 2693 5440 ita
2721 5400 2856 5439 cum
2904 5385 3113 5441 nadair
3141 5385 3284 5442 solis
3341 5404 3475 5444 nox.
3529 5388 3776 5462 Insuper
3819 5398 3921 5451 et

448 5468 862 5541 hemisphaerii,
896 5472 1050 5543 quod
1083 5468 1371 5526 naturalis
1402 5469 1547 5525 ratio
1580 5469 1910 5526 necessaria
1940 5471 2096 5544 pari-
2208 5476 2372 5528 ortus
2403 5472 2518 5529 diei
2548 5476 2607 5529 et
2654 5473 2845 5530 noctis
2902 5490 3009 5546 per
3065 5474 3419 5531 diametrum
3475 5476 3921 5551 hemisphaerii

422 5555 629 5619 .litatis
652 5558 996 5614 circuitione
1027 5559 1272 5632 peragit.
1303 5556 1565 5615 Invenies
1605 5560 1800 5614 autem
1850 5557 1931 5615 sic
1994 5575 2097 5632 per
2204 5560 2473 5633 [zodiaci)
2501 5561 2677 5618 fiunt.
2716 5562 2864 5619 Nam
2895 5562 2966 5617 de
2990 5561 3095 5619 180
3149 5563 3419 5636 partibus
3473 5564 3876 5641 hemispheri

445 5644 855 5721 Astrolapsum
889 5646 1112 5709 nadair.
2198 5650 2235 5708 5
2262 5650 2543 5729 gradibus
2599 5650 2754 5711 horae
2806 5649 3020 5729 cuique
3067 5652 3368 5716 attributis
3398 5654 3526 5719 dies
3581 5655 3921 5721 clauditur
