4152 6186
365 290 483 362 397

1343 296 1446 363 DE
1489 293 2129 364 UTILITITATIBUS
2173 295 2667 365 ASTROLABII.

3646 300 3768 377 398

369 433 464 491 Est
492 449 705 507 nempe
733 432 935 491 eadem
967 436 1024 491 et
1044 449 1150 507 par
1166 434 1416 491 versatio
1437 434 1748 491 orientium
1777 437 1834 489 et
1864 433 2012 488 oeci-
2045 433 2091 499 Α
2140 434 2240 490 diu
2267 436 2392 493 rnis
2422 436 2774 509 peractisol‘ﬁ
2799 437 3223 507 cis,confestim
3248 441 3517 517 ﬂagranti
3548 445 3762 519 indaga

368 522 624 579 dentium
658 539 761 594 per
815 523 1172 579 horizontem
1222 524 1472 579 caelestis
1522 523 1782 595 sphaerae,
1818 527 1879 576 ut
1911 539 2012 593 per
2117 524 2272 579 tione
2299 525 2601 582 stellarum
2657 528 2904 585 fixurum
2954 529 3294 588 altitudines
3327 535 3758 591 nocturnalium

364 611 751 684 astrolapsum
782 612 1013 684 probari
1070 616 1280 685 potest.
1315 613 1536 676 Quibus
1594 612 1864 677 inventis,
1898 610 2007 665 im-

362 718 620 775 pressam
636 702 988 757 notationem
1009 702 1121 757 diei
1153 706 1209 757 et
1225 702 1409 758 noctis
1421 701 1731 774 diligenter
1752 701 2004 772 impone.

362 791 504 847 Nam
536 790 749 847 barum
772 795 939 846 cauta
958 791 1463 847 administratione
1486 790 1599 846 alia
1625 790 1821 845 omnia
1843 788 2009 845 facile

362 881 661 954 patebunt.

499 965 505 969 ’
1013 971 1244 1027 CAPUT
1281 969 1349 1024 V.

359 1061 430 1115 De
457 1060 814 1132 roncipeinda
842 1060 972 1115 solis
1019 1060 1316 1116 altitudine
1352 1064 1405 1115 et
1434 1062 1646 1115 ceteris
1693 1059 1842 1115 horis
1873 1060 2002 1115 diei.

424 1150 645 1206 Dehinc
675 1150 725 1204 si
756 1150 843 1204 vis
873 1149 1021 1205 scire
1060 1154 1246 1205 certas
1274 1149 1449 1204 horas
1470 1149 1607 1217 diei,
1642 1150 1818 1204 debes
1847 1149 2005 1204 inve-

357 1240 476 1295 nire
498 1238 874 1295 altitudinem
906 1238 1070 1305 solis,
1104 1256 1281 1311 quam
1336 1238 1577 1293 Arabica
1607 1240 2006 1309 Erafamazent

355 1328 668 1402 appellant,
726 1328 987 1401 qualibet
1013 1328 1158 1384 hora
1211 1327 1486 1383 volueris.
1526 1328 1785 1383 Dicimus
1813 1332 2002 1383 autem

355 1418 723 1475 altitudinem
781 1417 925 1473 solis
982 1434 1220 1473 cursum
1278 1418 1427 1487 ejus,
1469 1434 1571 1489 per
1601 1434 1774 1488 quem
1819 1417 1944 1488 ipse
1975 1434 2008 1471 a

356 1508 541 1581 primo
574 1525 681 1564 suo
713 1511 842 1563 ortu
880 1506 1161 1579 paulatim
1195 1506 1361 1579 quasi
1399 1523 1500 1579 per
1531 1507 1751 1578 gradus
1785 1505 2006 1577 impetu

355 1599 559 1654 mundi
618 1600 997 1653 contraeunte
1045 1614 1078 1651 a
1134 1601 1287 1651 terra
1334 1595 1606 1650 recedens
1663 1594 1733 1649 ad
1803 1594 2009 1649 altiora

354 1688 723 1744 ascendendo
782 1686 970 1759 spatia
999 1684 1148 1752 coeli,
1179 1684 1266 1740 vel
1319 1684 1724 1739 descendendo
1756 1684 1824 1738 ad
1861 1682 2005 1737 infe-

2118 612 2392 669 borarum
2425 616 2648 673 indices
2677 620 2954 689 providus
2979 621 3343 694 horoscopus
3382 624 3640 680 advisere
3661 627 3768 680 de-

2116 704 2239 759 bes.
2262 705 2404 761 Nam
2420 708 2685 778 sicutper
2705 708 2951 765 solarem
2980 710 3351 767 altitudinem
3371 711 3589 767 diurnae
3612 713 3766 769 inve.

2117 791 2360 849 niuntur
2385 795 2559 865 horae,
2590 798 2672 853 sic
2703 816 2806 870 per
2837 799 3139 856 stellarum
3172 801 3417 857 {ixarum
3469 806 3764 858 nocturnae

2114 882 2426 939 eliciuntur
2451 884 2625 942 horae.

2186 977 2305 1028 Hoc
2334 974 2390 1028 in
2416 975 2537 1030 loco
2556 976 2830 1033 admonet
2844 978 2993 1034 ratio
3024 978 3244 1051 aliquid
3262 980 3452 1036 dicere
3482 998 3609 1053 quae
3623 980 3761 1048 sint,

2116 1062 2214 1116 ubi
2246 1064 2385 1131 sint,
2422 1070 2563 1136 quot
2591 1065 2727 1133 sint,
2762 1068 2912 1122 etde
2962 1067 3304 1125 formatione
3334 1087 3434 1124 seu
3466 1069 3766 1125 vocabulis

2114 1153 2449 1208 earumdem
2473 1154 3126 1222 interserere.Sed,dum
3149 1157 3243 1213 hic
3273 1158 3537 1213 brevitati
3568 1160 3765 1215 stude-

2112 1245 2228 1306 tur,
2271 1258 2342 1297 ne
2368 1242 2549 1298 nimio
2602 1243 2764 1298 hiatu
2796 1244 3063 1317 abigatur
3108 1246 3373 1312 intentio,
3408 1247 3466 1302 in
3499 1237 3768 1320 sequenti

2114 1336 2330 1401 quanto
2360 1332 2805 1403 competentius,
2840 1338 3002 1388 tanto
3035 1334 3273 1389 uberius
3305 1335 3413 1391 hoc
3445 1335 3771 1393 declarabi-

2114 1423 2210 1473 tur
2240 1420 2382 1489 [vide
2413 1419 2540 1486 inf.,
2593 1437 2717 1492 cap.
2754 1420 2868 1490 17}.
2896 1421 3280 1477 Altitudinem
3330 1427 3526 1479 autem
3560 1426 3763 1493 cujus-

2117 1507 2258 1562 libet
2281 1508 2457 1563 stellae
2516 1509 2714 1565 taliter
2751 1511 3019 1582 exquire:
3072 1510 3370 1567 sublevate
3422 1504 3767 1585 ’Astrolapsu

2114 1600 2342 1650 tantum
2376 1598 2570 1669 ipsum
2604 1597 2894 1654 Alhidada
2937 1601 3259 1670 coaptando
3291 1604 3585 1672 torqueas,
3619 1618 3766 1673 quo-

2117 1685 2380 1757 adusque
2403 1685 2722 1756 quamlibet
2741 1686 3041 1742 stellarum
3068 1689 3311 1743 ﬁxarum
3331 1694 3388 1743 tu
3400 1706 3469 1744 ne
3491 1707 3772 1763 apparen-

352 1778 503 1833 riora
534 1776 814 1850 procedit.
838 1776 983 1831 Nam
1010 1775 1203 1830 adhuc
1233 1774 1372 1829 dum
1406 1774 1719 1829 summitas
1759 1775 1886 1842 ejus
1917 1772 2010 1826 vix
2038 1804 2085 1868 B
2119 1774 2262 1827 tium
2284 1774 2411 1827 etin
2432 1773 2758 1845 astrolapsu
2778 1776 3215 1846 designat-arum
3244 1781 3401 1832 certa
3419 1779 3593 1833 unius
3616 1779 3768 1833 oculi

351 1866 420 1922 ab
450 1866 753 1923 horizonte
783 1864 1059 1937 procedit,
1112 1863 1159 1919 si
1201 1862 1593 1935 astrolapsum
1641 1860 2002 1928 adhibueris,

347 1955 570 2012 videbis
586 1954 902 2011 insidiente
923 1953 1209 2009 Alhidada
1227 1952 1393 2007 lineae
1420 1950 1685 2006 orientali
1710 1949 2006 2004 inevitabi-

348 2044 478 2100 liter
516 2044 750 2099 radium
784 2042 924 2098 solis
945 2042 1117 2097 ambo
1150 2042 1278 2112 ejus
1310 2039 1597 2095 foramina
1630 2039 2002 2111 perlustrare,

347 2134 480 2189 hinc
503 2132 877 2189 ascendendo
936 2130 1143 2186 altiora
1169 2129 1407 2185 visitare
1429 2133 1484 2184 et
1514 2146 1698 2201 usque
1736 2129 1803 2183 ad
1832 2128 2001 2182 meri-

350 2222 583 2279 dianam
634 2220 935 2293 pervenire
960 2219 1198 2286 lineam,
1254 2218 1660 2274 descendendo
1718 2218 1775 2271 in
1800 2218 2002 2272 eadem

350 2316 510 2367 ortus
531 2311 625 2367 sui
657 2310 811 2365 linea
840 2309 1205 2365 occumbere.

419 2403 607 2466 Quota
637 2402 833 2455 autem
864 2398 941 2454 sit
971 2397 1111 2453 solis
1142 2396 1390 2452 altitudo
1431 2395 1695 2467 qualibet
1723 2395 1886 2461 hora,
1922 2394 2004 2451 sic

350 2489 731 2563 inquisitione
745 2488 1092 2560 procedente
1111 2486 1386 2541 invenies.
1401 2487 1647 2557 Accepto
1677 2484 2003 2555 astrolapsu

350 2579 633 2637 intentius
657 2579 837 2633 temet
857 2591 1084 2648 oppone
1114 2574 1245 2640 soli,
1268 2573 1348 2629 ita
1374 2577 1436 2628 ut
1456 2573 1693 2629 sinister
1722 2573 2004 2627 humerus

349 2670 454 2727 soli
475 2670 557 2725 sit
588 2668 878 2739 objectus,
912 2666 1156 2737 ipseque
1188 2662 1552 2734 astrolapsus
1585 2663 1655 2717 de
1694 2678 1873 2716 manu
1904 2666 2005 2716 tua

346 2759 749 2833 suapendatur
772 2756 1008 2811 dextera
1046 2770 1215 2809 versa
1244 2753 1315 2807 ad
1338 2757 1392 2807 te
1416 2753 1543 2823 ejus
1573 2750 1794 2822 postica
1824 2750 2005 2822 plani-

344 2850 437 2915 tie,
470 2853 530 2904 et
558 2847 759 2919 ipsum
789 2844 1076 2901 Alhidada
1105 2840 1443 2914 diligentius
1465 2840 1649 2896 oculis
1673 2839 1813 2896 solis
1845 2840 2003 2895 obla-

340 2942 465 2995 tum
489 2937 698 2993 crebra
728 2932 1010 3005 vertigine
1057 2935 1331 3004 torqueas
1362 2931 1478 2986 itus
1509 2936 1564 2984 et
1588 2928 1825 2994 reditus,
1860 2946 2001 3000 quo-

343 3027 609 3097 adusque
653 3021 795 3079 solis
849 3020 1052 3076 radius
1096 3021 1267 3075 ambo
1325 3017 1665 3074 normaliter
1694 3016 2007 3087 perlustrat

346 3114 658 3172 foramina.
690 3112 815 3176 Quo
869 3110 994 3165 viso
1047 3109 1355 3182 diligenter
1406 3107 1621 3162 mentis
1652 3113 1707 3161 et
1740 3106 1998 3177 corporis

2118 1862 2474 1931 inspectione
2505 1879 2605 1933 per
2634 1864 2807 1917 ambo
2862 1863 3271 1934 contempleris
3306 1866 3613 1920 foramina.
3644 1869 3769 1933 Qua

2113 1950 2238 2005 visa
2257 1952 2502 2023 ejusque
2520 1951 2828 2006 altitudine
2842 1952 3275 2007 demonstrante
3292 1952 3767 2009 Albidadaadno-

2115 2043 2233 2094 tata
2263 2041 2528 2095 eamdem
2560 2040 2931 2095 altitudinem
2967 2040 3121 2095 inter
3151 2040 3636 2097 Almucantarath
3670 2059 3766 2098 co-

2115 2146 2300 2200 equa,
2333 2129 2390 2183 in
2443 2129 2571 2200 ipsa
2601 2133 2760 2200 parte
2808 2130 2866 2182 in
2918 2146 3034 2201 qua
3075 2130 3346 2201 accepisti
3380 2129 3630 2187 stellam.
3663 2131 3767 2187 Cui

2117 2216 2411 2273 altitudini
2453 2218 2510 2271 in
2551 2216 3029 2273 Almucantarath
3062 2223 3237 2291 caput
3292 2220 3555 2291 ejusdem
3589 2220 3767 2276 stellae

2115 2324 2465 2380 superpone,
2490 2312 2545 2363 ct
2574 2307 2878 2363 considera
2925 2324 3104 2379 quam
3145 2308 3347 2363 horam
3378 2309 3596 2381 gradus
3629 2309 3770 2365 solis

2114 2398 2494 2460 demonstret,
2530 2396 2668 2467 quia
2714 2397 2842 2467 ipsa
2887 2400 2977 2452 est
3014 2413 3191 2469 quam
3252 2397 3485 2469 qumris.
3520 2398 3631 2453 Sed
3659 2396 3770 2455 hoc

2116 2487 2378 2552 observa,
2411 2490 2474 2540 ut
2513 2502 2616 2557 per
2646 2485 2852 2541 nadair
2873 2485 3014 2541 solis
3047 2485 3223 2542 horas
3247 2486 3381 2553 diei,
3418 2503 3519 2559 per
3551 2487 3768 2559 gradus

2116 2575 2256 2631 solis
2276 2575 2446 2630 horas
2478 2575 2666 2629 noctis
2695 2575 2907 2630 discas.

2744 2664 2976 2720 CAPUT
3006 2666 3124 2719 VII.

2257 2756 2331 2808 De
2357 2754 2710 2808 distinctione
2731 2752 2993 2807 horarum
3018 2769 3121 2822 per
3145 2756 3377 2823 quatuor
3400 2753 3617 2823 plagas.

2186 2845 2443 2908 Quatuor
2489 2845 2629 2895 sunt
2658 2840 2838 2912 plagae
2865 2839 3091 2905 mundi,
3121 2857 3370 2912 quarum
3403 2857 3521 2896 una
3545 2840 3767 2898 scilicet

2115 2930 2527 3002 septentrionis
2560 2946 2863 3000 nunquam
2894 2929 3108 2984 nostris
3128 2928 3188 2983 in
3221 2928 3364 2985 locis
3394 2929 3599 3001 recipit
3620 2929 3676 2985 in
3701 2947 3763 2987 se

2115 3018 2318 3075 solem.
2386 3019 2601 3074 Idcirco
2652 3034 2753 3089 per
2795 3017 2938 3073 alias
2993 3022 3132 3087 tres,
3172 3019 3229 3073 id
3275 3022 3364 3073 est
3392 3017 3759 3086 orientalem,

2116 3107 2521 3175 meridianam,
2562 3106 3119 3176 occidentalemque,
3153 3122 3282 3177 qum
3310 3107 3630 3160 admittunt.
3660 3123 3758 3161 so-

344 3171 768 3260 inbaerentibus
797 3198 1120 3262 obtutibus,
1155 3171 1273 3251 lida
1302 3195 1675 3250 adnotatione
1706 3197 1776 3248 ab
1809 3171 1996 3249 orien-
2029 3171 2071 3236 C
2109 3196 2243 3263 lem,
2279 3171 2585 3251 duodecim
2609 3171 3043 3250 distribuuntur
3072 3171 3245 3250 horae.
3283 3194 3598 3266 unicuique
3620 3211 3759 3266 qua-

347 3293 452 3349 tali
467 3292 626 3347 linea
658 3307 762 3363 per
782 3285 1255 3362 quinquepertita
1275 3281 1580 3339 intervalla
1609 3283 2001 3354 computando

352 3381 613 3457 designes
642 3392 1165 3448 numerum,quem
1191 3374 1504 3430 summitas
1536 3372 1829 3427 Alhidadze
1854 3372 1909 3425 in
1942 3372 2002 3425 ιο

357 3469 584 3525 denotat
613 3467 904 3541 partibus.
937 3465 1395 3533 Quotuscunque
1416 3478 1548 3517 vero
1571 3466 1660 3516 est
1690 3477 1995 3527 numerus,

352 3562 467 3613 tota
496 3564 585 3615 est
615 3556 869 3613 altitudo
902 3553 1062 3609 solis.

408 3649 528 3713 Quo
552 3645 807 3702 fideliter
828 3644 1129 3699 observato
1152 3646 1207 3697 et
1238 3640 1530 3696 memoriae
1565 3640 1991 3705 commendato,

332 3743 490 3794 verte
522 3736 783 3791 anticam
805 3731 1106 3806 planitiem
1157 3730 1518 3801 astrolapsus
1542 3729 1611 3783 ad
1646 3732 1721 3796 te,
1755 3728 1994 3782 eodem-

333 3843 445 3899 que
466 3839 789 3882 numerum
814 3822 872 3877 in
896 3819 1203 3876 altitudine
1225 3818 1364 3873 solis
1394 3816 1821 3888 deprehensum
1844 3817 1997 3870 inter

334 3915 493 3988 ipsos
514 3910 967 3985 sesquipertitos
981 3906 1251 3963 adinveni
1273 3906 1467 3961 sic.Da
1480 3904 1794 3976 unicuique
1817 3904 1993 3958 inter-

335 4004 483 4060 vallo
512 4006 571 4070 6,
605 4020 639 4058 a
672 4000 861 4073 primo
916 3997 1203 4070 incipiens
1236 3992 1740 4061 Almucantarath,
1774 3993 1995 4064 quoad-

340 4110 526 4166 usque
585 4093 895 4161 aeceptum
945 4086 1200 4159 reperias
1245 4100 1577 4149 numerum,
1631 4083 1675 4137 si
1728 4087 1818 4136 est
1863 4085 1995 4136 ante

345 4182 673 4245 meridiem,
708 4178 769 4233 in
800 4175 1065 4233 orientali
1096 4178 1290 4247 parte;
1317 4173 1365 4229 si
1398 4177 1529 4245 post
1576 4172 1901 4236 meridiem,
1936 4170 1992 4245 in

344 4268 691 4328 occidentali
715 4268 1040 4340 parte.Quo
1063 4264 1294 4319 invento
1316 4262 1501 4334 gradu
1523 4260 1743 4316 solisin
1774 4259 1997 4314 Alban-

343 4360 555 4417 cabuth
588 4355 941 4429 insignitum
964 4368 1293 4426 superpone
1306 4349 1605 4405 altitudini
1624 4348 1998 4411 solis,etinfe-

342 4449 477 4505 riori
498 4448 739 4520 regione
769 4443 1132 4500 considerato
1154 4440 1362 4495 nadair
1382 4438 1642 4502 solis,cui
1668 4437 1998 4508 supersidet

342 4538 514 4603 horae,
544 4536 681 4608 ipsa
709 4538 799 4590 est
822 4522 1084 4605 praesens
1102 4531 1245 4586 hora
1267 4546 1443 4601 quam
1475 4525 2000 4599 quaeris.Similiter
2031 4541 2076 4604 D

345 4626 597 4701 singulis
637 4621 1004 4698 quibuslibet
1033 4620 1196 4676 horis
1225 4618 1339 4674 diei
1383 4616 1641 4689 experire
1695 4616 1996 4670 veritatem

347 4718 463 4774 sive
492 4733 593 4789 per
626 4713 896 4769 aestivum
925 4711 1044 4766 sive
1092 4726 1196 4782 per
1233 4707 1547 4763 hibernum
1576 4710 1810 4775 tempus
1842 4703 2006 4758 nulla

350 4804 586 4878 ancipiti
626 4802 855 4859 ratione
901 4798 1381 4855 intervacillante.
1432 4796 1549 4850 Hoc
1580 4792 2005 4866 dignissimum

352 4897 420 4952 ad
451 4895 734 4950 diurnum
758 4890 1038 4947 horarum
1065 4886 1481 4944 celebrandum
1504 4883 1851 4947 officium,et
1882 4898 2008 4953 per-

351 4984 599 5040 nimium
616 4981 690 5037 ad
715 4978 1023 5036 scientiam
1043 4977 1276 5031 videtur
1297 4973 1688 5045 utile,quanto
1720 4969 2012 5043 gratiuset

351 5072 649 5130 decentius
670 5072 885 5126 cuncta
904 5076 1040 5123 tunc
1060 5065 1403 5139 procedunt,
1437 5062 1579 5117 dum
1608 5077 1740 5116 cum
1776 5075 2012 5115 summa

350 5161 669 5219 reverentia
698 5157 914 5214 debitis
943 5155 1106 5211 horis
1124 5156 1233 5209 sub
1266 5150 1620 5223 regulajusti
1648 5147 2007 5218 Judicis,qui

351 5253 408 5307 in
439 5250 599 5306 nullo
618 5247 742 5303 vult
762 5244 884 5301 falli
907 5242 1337 5299 vicissitudinis
1359 5234 2006 5306 obumbraculo,Domi-

349 5341 479 5396 nica
508 5335 839 5394 ministeria
867 5332 1281 5389 convenienter
1313 5332 1689 5402 peraguntur.

1003 5420 1236 5477 CAPUT
1258 5418 1346 5473 Vl.

580 5517 655 5571 De
682 5511 981 5569 altitudine
1003 5510 1291 5566 stellarum
1321 5514 1371 5564 et
1405 5507 1552 5563 horis
1579 5506 1769 5559 noctis.

428 5608 525 5665 His
551 5606 634 5661 ita
664 5617 807 5658 cura
843 5599 1150 5672 acquisitis
1183 5603 1241 5655 et
1270 5614 1373 5671 per
1423 5593 1781 5652 eertissimas
1828 5592 2002 5648 horas

2111 3290 2261 3341 tuor.
2295 3286 2439 3340 Na'n
2490 3289 2577 3339 ter
2607 3287 2858 3356 quatuor
2901 3282 3209 3339 duodecim
3269 3283 3539 3339 reddunt.
3574 3283 3759 3338 Datur

2111 3375 2377 3429 orientali
2403 3374 2586 3445 plagae
2613 3376 2637 3428 1
2661 3377 2696 3427 2
2724 3374 2757 3428 3
2780 3375 2840 3441 li;
2867 3372 3202 3428 meridianae
3223 3373 3257 3425 5
3285 3373 3320 3425 6
3348 3375 3381 3424 7
3406 3375 3467 3437 8;
3489 3372 3756 3428 occiden-

2108 3464 2207 3519 tali
2239 3465 2274 3516 9
2305 3464 2372 3518 10
2409 3466 2461 3517 11
2492 3463 2579 3517 l2.
2622 3464 2699 3517 Ex
2730 3462 2946 3533 quibus
2987 3461 3149 3517 horis
3180 3463 3308 3517 duae
3356 3478 3589 3533 semper
3617 3466 3758 3517 sunt

2107 3555 2216 3609 sub
2248 3570 2364 3609 uno
2424 3568 2669 3609 numero
2720 3550 2806 3607 vel
2858 3568 3154 3617 mensura,
3202 3552 3458 3623 exceptis
3513 3556 3675 3607 sexta
3704 3555 3763 3606 et

2104 3642 2469 3698 duodecima.
2495 3642 2641 3695 Nam
2671 3641 2823 3695 sicut
2844 3644 3005 3695 sexta
3036 3645 3271 3711 propter
3299 3657 3598 3695 summum
3614 3639 3757 3695 solis

2106 3748 2438 3796 ascensum,
2470 3732 2551 3785 ita
2602 3734 2658 3784 et
2687 3729 3035 3784 duodecima
3083 3733 3316 3799 prepter
3357 3728 3627 3782 infimum
3651 3729 3756 3781 de—

2105 3838 2381 3877 scensum
2415 3822 2712 3891 nequeunt
2740 3818 2963 3873 caeteris
2985 3834 3228 3872 numero
3244 3817 3327 3871 vel
3362 3834 3640 3872 mensura
3662 3809 3755 3871 co-

2107 3909 2342 3981 zequari.
2368 3910 2511 3963 Nam
2539 3907 2767 3963 sextain
2785 3923 3019 3963 summo
3044 3905 3282 3977 ponitur
3302 3923 3315 3972 ;
3333 3906 3605 3978 etquinta
3624 3922 3758 3960 cum

2108 3998 2376 4069 septima,
2413 4000 2621 4068 quarta
2652 4013 2783 4049 cum
2819 4000 3039 4063 octava,
3080 3996 3253 4051 tertia
3300 4012 3432 4050 cum
3458 4012 3633 4062 nona,
3669 4011 3757 4049 se-

2106 4087 2298 4143 cunda
2318 4103 2452 4141 cum
2486 4085 2732 4165 deci'ma,
2755 4084 3088 4156 primacum
3113 4085 3427 4140 undecima
3453 4100 3759 4140 mensura-

2108 4181 2236 4239 tur;
2271 4178 2532 4230 remanet
2564 4172 2909 4228 duodecima
2931 4172 2987 4227 in
3020 4190 3227 4229 occasu
3261 4174 3473 4245 posita.

2477 4498 3234 4636 lWl

2812 4895 2844 4944 τ
2912 4840 2923 4961 1
2964 4890 2998 4941 δ

2842 5021 2877 5072 8
2917 4978 2927 5082 l
2969 5018 3005 5071 5

2840 5146 2875 5198 9
2914 5114 2926 5216 l
2971 5144 3001 5198 4

2858 5240 2940 5341 101
2980 5270 3015 5322 3

2373 5404 2813 5464 itdesinitcum
2872 5362 2942 5465 tl
2985 5385 3257 5446 2desinit
3286 5381 3476 5454 prima

2878 5482 2956 5581 12‘
3035 5513 3130 5569 hic
3158 5507 3379 5577 incipit.
