4102 6174
1298 228 1334 264 Α

336 314 457 379 399

952 453 1183 511 CAPUT
1229 453 1376 509 VIII.

542 542 614 598 De
632 542 779 597 horis
799 544 1278 615 mquinoctialibus
1310 544 1358 597 el
1391 541 1775 611 inmqualibus.

408 629 702 687 Hactenus
731 632 1136 687 artificialibus
1168 632 1326 686 horis
1357 631 1597 702 digestis
1637 632 1707 684 de
1737 631 1987 701 aequino-

339 718 609 775 ctialibus
624 724 680 775 et
700 721 1086 792 inaequalibus
1108 720 1377 789 deinceps
1397 721 1609 775 dicam.
1630 720 1765 773 Etin
1782 719 1986 791 primis

340 808 529 863 dicam
590 812 880 881 quomodo
924 810 1264 863 dividuntur
1308 810 1413 861 300
1454 813 1645 878 partes
1679 824 1779 878 per
1813 807 1987 863 horas

336 897 767 968 equinoctiales
789 905 844 952 et
865 896 1202 967 inaequales,
1236 914 1382 967 quas
1404 897 1619 950 Arabes
1640 898 1983 963 Muswwine,

336 984 395 1040 id
455 990 543 1041 est
580 987 831 1056 aequales
904 985 1109 1039 dicunt
1165 989 1219 1039 et
1275 986 1577 1048 Ezemenie,
1637 985 1693 1039 id
1754 991 1841 1039 est
1898 985 1982 1040 in-

336 1073 613 1144 aequales.

367 1198 373 1203 -
404 1160 461 1214 Si
491 1160 575 1215 vis
608 1166 754 1216 seire
785 1166 926 1232 quot
978 1162 1131 1217 hora:
1189 1164 1526 1217 Muuewine
1576 1162 1897 1217 habeantur
1926 1163 1984 1217 in

333 1253 457 1305 toto
513 1250 730 1305 circulo
788 1250 1043 1317 zodiaeo,
1099 1250 1155 1306 id
1198 1257 1287 1305 est
1350 1253 1456 1305 360
1484 1252 1766 1322 partibus,
1793 1252 1985 1306 divide

335 1338 708 1394 medietatem
759 1341 1023 1411 ejusdem
1069 1340 1316 1407 numeri,
1380 1342 1501 1405 180,
1557 1358 1657 1411 per
1716 1343 1782 1395 12
1811 1341 1985 1395 horas

335 1428 792 1500 aequinoctiales,
835 1428 917 1485 sic
941 1434 1005 1484 ut
1052 1429 1368 1500 unicuique
1399 1429 1548 1483 hora:
1584 1430 1647 1484 l5
1679 1435 1891 1500 partes,
1928 1430 1983 1483 id

228 1566 232 1571 .
335 1520 444 1582 est,
475 1517 588 1572 tria
619 1516 1092 1589 quinquepertita
1114 1517 1417 1572 intervalla
1440 1518 1747 1577 attribuas.
1773 1524 1829 1571 et
1853 1534 1983 1588 pro-

334 1604 427 1661 cul
475 1606 654 1661 dubio
700 1607 951 1678 reperies
1010 1608 1068 1660 in
1101 1606 1228 1678 ipso
1287 1606 1681 1676 hemispheric
1718 1608 1778 1659 12
1810 1605 1985 1660 horas

336 1694 791 1767 asquinoctiales.
811 1695 1089 1750 Similiter
1118 1696 1175 1749 in
1208 1694 1386 1749 altero
1410 1695 1458 1748 si
1482 1694 1708 1761 feceris,
1742 1694 1983 1748 totidem

335 1782 663 1839 adnotahis.
699 1785 844 1839 Nam
877 1785 944 1838 15
975 1784 1177 1856 viginti
1227 1788 1481 1853 quatuor
1507 1783 1613 1837 360
1634 1789 1791 1837 sunt.
1823 1782 1985 1837 Unde

338 1872 518 1929 semel
550 1872 811 1929 revoluta
842 1877 963 1928 tota
992 1872 1220 1944 sphaara
1246 1871 1306 1925 in
1355 1872 1447 1926 die
1480 1876 1536 1926 et
1588 1876 1752 1926 nocte
1781 1870 1985 1943 viginti

338 1965 595 2033 quatuor
628 1962 781 2017 horae
813 1962 1205 2033 reperiuntur.

404 2050 464 2105 Si
505 2051 592 2107 vis
645 2056 837 2105 autem
870 2050 1016 2105 seire
1063 2054 1205 2120 quot
1258 2049 1412 2103 horae
1472 2050 1773 2113 Ezemenie,
1808 2050 1865 2104 id
1898 2056 1987 2105 est

330 2139 735 2211 inaequalesﬁn
749 2140 950 2195 eodem
984 2156 1016 2192 n
1030 2155 1225 2192 umero
1251 2138 1490 2201 fiant,da
1506 2138 1818 2210 unicuique
1832 2140 1986 2194 unde

328 2228 768 2301 vigintipartes,
800 2232 857 2282 et
905 2226 1186 2282 nimirum
1219 2227 1471 2297 reperies
1522 2227 1579 2280 in
1610 2232 1731 2281 toto
1764 2228 1983 2283 circulo

333 2317 402 2372 19
432 2315 607 2371 horas
660 2314 998 2385 inaequales,
1032 2318 1087 2369 et
1135 2314 1262 2368 ideo
1294 2314 1437 2369 hora
1467 2315 1891 2385 aequinoctialis
1920 2319 1986 2372 15

330 2408 526 2476 partes
557 2402 918 2475 habet,quia,
934 2402 1336 2474 multiplicatis
1362 2404 1425 2458 15
1450 2421 1549 2476 per
1563 2406 1652 2471 2-1,
1669 2410 1840 2459 erunt
1854 2407 1979 2460 360.

326 2492 475 2547 Nam
496 2491 735 2546 totidem
769 2491 922 2545 horae
957 2493 1328 2563 reperiuntur
1355 2510 1454 2564 per
1477 2495 1577 2546 360
1600 2503 1813 2565 partes,
1843 2499 1983 2565 quot

326 2580 482 2636 horae
513 2584 653 2635 sunt
680 2580 739 2634 in
771 2580 864 2635 die
895 2581 1170 2636 naturali.
1224 2582 1511 2636 Dicuntur
1550 2583 1702 2638 hora:
1733 2585 1983 2655 aequino-

324 2668 544 2737 ctiales,
578 2686 704 2741 qua:
737 2668 1105 2725 solummodo
1129 2672 1357 2725 duobus
1388 2672 1665 2726 diebusin
1697 2690 1849 2727 anno
1881 2690 1978 2728 co-

324 2757 772 2830 aequantur,illis
796 2757 1016 2813 scilicet
1045 2759 1261 2830 quibus
1288 2759 1371 2814 sol
1397 2764 1484 2815 est
1515 2760 1571 2814 in
1598 2761 1786 2831 prima
1818 2766 1979 2833 parte

321 2846 536 2903 Arietis
574 2852 631 2902 et
662 2847 865 2902 Librae.
913 2851 1127 2903 Caetero
1154 2853 1356 2903 autem
1389 2853 1650 2919 tempore
1704 2850 1980 2905 dicuntur

320 2934 901 3007 inaequales,propter
924 2942 1189 2991 mutuam
1214 2936 1654 2991 alternationem
1670 2940 1979 3009 correptio-

322 3022 416 3080 nis
445 3028 502 3079 et
532 3022 954 3096 depalationis:
989 3042 1114 3097 qua:
1145 3026 1369 3081 alterna
1416 3026 1701 3081 mutuatio
1750 3044 1980 3099 semper

322 3112 474 3169 infra
504 3113 681 3169 unius
729 3114 878 3185 signi
940 3121 1153 3185 partes,
1186 3115 1237 3168 id
1299 3120 1386 3169 est
1415 3117 1484 3169 30
1519 3116 1792 3171 variatur.
1830 3120 1973 3172 Nam

321 3202 670 3259 brevissima
700 3203 842 3258 hora
888 3205 1182 3259 ezemenia
1212 3222 1325 3259 non
1358 3206 1555 3259 minus
1591 3222 1766 3277 quam
1791 3224 1977 3277 usque
2007 3192 2048 3255 C

324 3293 396 3348 ad
428 3292 694 3347 undecim
717 3296 908 3362 partes
929 3293 1244 3349 decrescit:
1272 3292 1620 3365 longissima
1651 3300 1843 3349 autem
1861 3312 1974 3350 non

322 3380 457 3452 plus
506 3396 685 3451 quam
720 3379 1077 3452 undeviginti
1131 3387 1324 3452 partes
1374 3384 1669 3438 excrescit.
1718 3384 1879 3439 Unde
1913 3386 1976 3439 19

324 3471 522 3540 partes
555 3468 661 3522 sibi
698 3468 1119 3535 attribuuntur,
1155 3487 1278 3539 qua:
1310 3475 1504 3525 tamen
1539 3477 1639 3526 aut
1661 3475 1974 3529 crescendo

325 3560 426 3612 aut
455 3557 838 3612 decrescendo
861 3558 931 3612 ad
956 3558 1377 3628 inquinoctialis
1405 3559 1557 3614 horae
1586 3563 1862 3631 partes,id
1888 3568 1972 3617 est

323 3646 392 3702 15
420 3650 745 3702 recurrunt.

963 3736 1191 3791 C.\PUT
1234 3736 1321 3791 ΙΧ.

563 3827 638 3881 De
655 3826 907 3896 partibus
928 3826 1285 3897 iquualium
1309 3827 1571 3882 hcrarum
1591 3828 1719 3882 diri.

385 3914 439 3968 Si
467 3914 553 3970 vis
585 3913 730 3969 scire
753 3919 947 3985 partes
972 3914 1347 3986 inazqualium
1371 3916 1649 3971 horarum
1678 3917 1968 3989 diei,pone

312 4002 520 4057 nadair
550 4002 691 4056 solis
712 4019 889 4073 super
921 4004 1170 4074 primam
1204 4004 1416 4059 lineam
1441 4004 1758 4074 cujulisbet
1790 4006 1965 4070 horas,

311 4089 434 4153 Quo
466 4090 631 4156 facto,
665 4089 970 4146 considera
993 4092 1323 4162 diligenter,
1358 4099 1414 4147 et
1446 4094 1684 4163 assigna
1717 4099 1964 4163 partem,

309 4194 485 4250 quam
511 4179 867 4234 denotaverit
896 4160 1192 4235 Al-meriin
1234 4183 1339 4235 300
1372 4160 1659 4251 partibus.
1696 4160 1829 4236 lgost
1860 4185 1965 4236 ad-

307 4283 474 4322 move
504 4268 708 4322 nadair
729 4275 798 4323 ad
844 4274 1198 4339 postremam
1235 4269 1501 4337 ejusdem
1538 4270 1690 4323 home
1724 4270 1960 4335 lineam,

309 4360 759 4429 etquotcunque
808 4364 998 4428 partes
1034 4358 1176 4409 intra
1236 4374 1373 4410 suos
1415 4356 1631 4411 limites
1663 4364 1963 4428 computa-

304 4446 450 4500 verit
480 4447 707 4513 Almcri,
744 4452 826 4500 tot
858 4450 995 4499 sunt
1050 4448 1242 4515 partes
1272 4444 1649 4516 inaequalium
1682 4445 1957 4502 horarum

306 4533 442 4589 diei.

960 4633 1195 4687 CAPUT
1234 4632 1297 4686 Χ.

514 4722 588 4775 De
603 4722 857 4791 partibus
876 4722 983 4773 inae
998 4722 1236 4790 [uatium
1259 4721 1519 4775 horarum
1544 4724 1732 4777 noctis.

372 4806 431 4859 Si
469 4806 554 4859 vis
586 4808 732 4861 scire
774 4813 968 4877 partes
1024 4808 1300 4863 horarum
1358 4809 1637 4876 noctium,
1697 4811 1783 4866 fac
1815 4829 1947 4868 cum

300 4894 482 4966 gradu
508 4892 646 4947 solis
678 4894 831 4949 sicut
862 4896 1045 4951 fecisti
1077 4913 1208 4950 eum
1236 4897 1442 4950 nadair
1469 4899 1721 4963 ;scilicet
1746 4918 1947 4972 super-

298 4981 486 5055 posito
516 4983 699 5053 gradu
729 4982 927 5052 prima:
978 4983 1137 5037 linea:
1185 4983 1497 5054 cujuslibet
1529 4986 1701 5055 horae,
1738 4990 1949 5044 denota

294 5070 483 5127 Iecum
511 5071 582 5126 ab
616 5071 831 5125 Almeri
871 5073 1261 5145 designatum.
1299 5073 1441 5128 Hinc
1471 5075 1539 5130 ad
1592 5083 1946 5147 postremam

294 5161 575 5228 revoluto,
608 5166 749 5233 quot
778 5163 1095 5234 gradiendo
1129 5162 1268 5217 solis
1293 5165 1510 5233 gradus
1537 5165 1825 5238 designat.
1859 5166 1949 5221 Al-

294 5250 459 5317 meri,
492 5254 577 5305 tot
600 5256 737 5305 sunt
772 5257 963 5322 partes
996 5269 1143 5322 quas
1168 5253 1401 5322 quaeris.
1434 5254 1540 5308 Sed
1571 5253 1679 5309 hoc
1698 5256 1947 5325 praevide

293 5341 361 5392 ut
392 5357 492 5410 per
517 5340 719 5395 nadair
750 5344 943 5410 partes
992 5340 1266 5395 horarum
1319 5342 1674 5396 diurnalium
1708 5344 1901 5397 discas
1932 5362 1943 5400 :

292 5442 398 5497 per
424 5430 669 5497 gradum
699 5434 889 5484 autem
926 5429 1066 5484 solis
1092 5431 1546 5485 nocturnalium.
1573 5432 1708 5485 Etsi
1734 5431 1945 5502 qureris

264 5506 461 5581 scire,
496 5518 746 5586 expertis
778 5518 1136 5572 diurnalium
1174 5518 1451 5572 horarum
1490 5520 1771 5588 partibus,
1806 5525 1947 5589 quot

293 5604 446 5660 nocti
471 5606 875 5671 remanserint,
910 5606 1108 5662 minue
1139 5607 1368 5660 easdem
1405 5608 1473 5661 de
1492 5608 1577 5673 30,
1612 5614 1668 5661 et
1697 5613 1837 5678 quot
1862 5612 1943 5663 re-

1151 317 1566 383 HEBMANN‘.
1608 316 2055 382 CONTRACTI
2100 319 2523 385 AUGIENSIS
2568 322 2946 388 MONACHI.

3633 321 3755 388 400

2019 455 2069 519 Α
2097 455 2439 522 manserint,
2472 460 2555 510 tot
2604 461 2742 513 sunt
2790 462 2982 530 partes
3013 454 3448 514 nocturnalium
3479 456 3755 515 horarum

2097 546 2155 597 et
2184 548 2418 597 econtra
2439 545 2749 601 abstractis
2776 547 2847 602 de
2876 548 2947 602 3η
2978 550 3273 601 nocturna:
3301 545 3453 601 horae
3488 548 3758 618 partibus

2098 637 2416 702 supersunt
2438 634 2660 689 diurnae
2691 640 2904 706 partes,
2939 636 3076 707 quia
3120 635 3329 691 harum
3363 635 3590 691 alterna
3620 652 3752 691 mu.

2098 721 2239 775 tatio
2271 724 2654 793 correptionis
2685 729 2742 779 et
2764 723 3162 795 depalationis,
3198 729 3263 779 ut
3291 725 3511 780 dictum
3545 730 3651 792 est,
3674 726 3760 780 in-

2099 810 2185 866 fra
2214 812 2283 865 30
2315 819 2599 867 versatur.

2731 903 2963 958 CAPUT
3020 903 3111 958 XI.

2373 993 2443 1045 De
2474 992 2785 1062 indaganda.
2827 993 3132 1062 quantitate
3160 993 3305 1047 orbis
3346 992 3478 1047 diei.

2167 1100 2311 1152 Cum
2335 1104 2530 1152 autem
2554 1098 2767 1169 quaeris
2790 1099 2937 1153 scire
2951 1103 3091 1169 quot
3113 1099 3286 1153 horas
3317 1098 3753 1170 aequinoctiales

2096 1186 2313 1241 habent
2348 1187 2470 1241 dies
2501 1187 2587 1241 vel
2644 1205 2773 1252 nox,
2808 1188 2894 1241 vel
2926 1193 3061 1258 quot
3107 1188 3303 1258 plures
3354 1206 3465 1243 nox
3495 1194 3595 1243 aut
3625 1188 3749 1243 dies

2096 1274 2528 1345 aaquinoctiales
2576 1275 2747 1330 horas
2778 1276 3009 1345 habeat,
3048 1276 3321 1347 primitus
3352 1276 3751 1349 indagandum

2096 1370 2186 1418 est
2217 1363 2322 1417 tibi
2354 1368 2610 1434 quantus
2632 1364 2788 1419 orbis
2820 1364 2934 1419 diei
2958 1382 3023 1420 ac
3048 1365 3235 1420 noctis
3270 1365 3363 1419 sit.
3399 1365 3535 1419 Dico
3558 1376 3751 1420 autem

2098 1453 2295 1507 orbem
2347 1453 2481 1515 diei.
2517 1457 2803 1524 quantum
2857 1452 3008 1509 sola
3062 1453 3250 1526 primo
3300 1459 3428 1508 ortu
3464 1471 3651 1526 usque
3682 1456 3753 1510 ad

2096 1556 2368 1595 occasum
2401 1558 2534 1596 cum
2566 1542 2940 1597 conversione
2974 1542 3209 1613 sphaerae
3251 1543 3542 1598 transiens
3570 1544 3626 1598 in
3648 1544 3750 1599 360

2098 1629 2363 1701 partibus
2383 1630 2634 1701 singulis
2667 1631 2873 1686 diebus
2924 1632 3288 1702 permetitur,
3321 1636 3377 1686 et
3409 1632 3595 1687 noctis
3627 1633 3753 1688 dico

2096 1720 2314 1785 orbem,
2350 1720 2449 1790 qui
2483 1725 2761 1774 remanet.
2797 1723 2978 1784 Quem
3010 1719 3203 1775 taliter
3225 1720 3508 1791 reperies:
3544 1738 3751 1793 super-

2018 1823 2065 1886 B
2096 1806 2282 1877 posito
2305 1806 2489 1878 gradu
2524 1807 2664 1862 solis
2705 1824 2880 1879 super
2930 1808 3183 1879 primum
3216 1809 3671 1865 Almucantarath
3692 1810 3749 1865 in

2096 1898 2259 1965 parte
2301 1896 2586 1950 Almarech
2633 1894 2825 1950 locum
2883 1897 3091 1950 Atmcri
3118 1899 3284 1951 caute
3333 1897 3596 1969 designa.
3628 1899 3751 1963 Quo

2095 1982 2759 2055 designato,transmitte
2778 1986 3022 2057 gradum
3058 1986 3396 2055 praedictum
3431 1986 3502 2039 ad
3532 1991 3751 2057 postre-

2097 2088 2260 2125 mum
2291 2072 2769 2127 Almucantarath
2828 2073 2885 2127 in
2932 2079 3093 2143 parte
3123 2074 3429 2145 Almagrip,
3469 2078 3525 2128 et
3554 2075 3746 2129 denuo

2094 2158 2289 2215 locum
2312 2160 2526 2215 Almeri
2551 2161 2808 2233 designa,
2838 2166 3161 2232 etquantus
3189 2168 3278 2217 est
3307 2178 3475 2217 arcus
3500 2180 3532 2217 a
3555 2163 3746 2234 priore

2094 2248 2220 2303 1000
2252 2266 2439 2320 usque
2471 2251 2539 2304 ad
2563 2251 2884 2305 secundum
2915 2250 3108 2305 locum
3130 2249 3365 2316 Almeri,
3400 2251 3524 2323 ipse
3548 2255 3635 2307 est
3663 2268 3746 2306 or-

2095 2337 2205 2402 bis,
2239 2354 2412 2409 quem
2436 2340 2664 2409 quaeris.

2727 2428 2952 2483 CAPUT
2992 2428 3109 2483 XII.

2514 2521 2594 2571 De
2625 2519 2926 2587 quantitate
2956 2518 3103 2573 orbis
3134 2519 3325 2572 noctis.

2164 2603 2376 2657 Eadem
2401 2603 2545 2658 ratio
2605 2611 2693 2659 est
2750 2606 3101 2660 inventionis
3135 2606 3206 2659 de
3252 2606 3389 2659 orbe
3426 2605 3615 2660 noctis
3648 2624 3748 2679 per

2090 2691 2295 2745 nadair
2324 2691 2483 2746 solis.
2518 2697 2664 2747 Nam
2686 2700 2747 2747 ut
2781 2711 2882 2764 per
2901 2695 3140 2764 gradam
3166 2693 3306 2748 solis
3328 2693 3583 2749 circulus
3605 2695 3740 2763 diei,

2089 2779 2170 2834 sic
2201 2796 2302 2851 per
2332 2781 2537 2835 nadair
2566 2780 2817 2836 circulus
2851 2782 3035 2837 noctis
3066 2782 3738 2855 incunctanter,quando

2088 2868 2248 2930 libet,
2280 2870 2621 2941 acquiritur.
2656 2871 2891 2926 Invento
2920 2872 3135 2943 quippe
3155 2872 3293 2926 orbe
3319 2872 3451 2943 diei,
3479 2874 3629 2944 quod
3651 2891 3739 2928 re-

2088 2963 2285 3012 manet
2315 2959 2383 3012 de
2414 2960 2518 3013 300
2550 2960 2833 3031 partibus,
2855 2960 3013 3016 orbis
3047 2961 3232 3016 noctis
3262 2965 3368 3016 est.

2700 3067 2933 3122 CAPUT
2974 3067 3121 3123 XIII.

2444 3158 2579 3224 Quot
2607 3158 2719 3211 sint
2750 3156 2900 3213 hora?
2923 3158 3332 3227 aequinoctiales
3352 3160 3377 3209 γ

2157 3261 2299 3317 Cum
2332 3263 2544 3333 quaeris
2578 3264 2724 3318 seire
2773 3269 2912 3335 quot
2971 3262 3404 3335 aequinoctiales
3438 3261 3590 3316 hora:
3622 3261 3741 3317 sint

2085 3350 2219 3417 diei,
2253 3353 2451 3406 orbem
2502 3354 2629 3422 ejus
2662 3352 2852 3407 divide
2875 3368 2908 3407 a
2940 3352 3127 3423 primo
3177 3351 3301 3407 loco
3335 3368 3519 3423 usque
3550 3352 3618 3406 ad
3654 3368 3739 3406 se-

2084 3440 2343 3493 cundum
2378 3457 2479 3510 per
2501 3447 2693 3511 partes
2720 3440 2997 3495 horarum
3031 3439 3620 3508 equinoctialiumdd
3650 3444 3741 3494 est

2085 3545 2186 3598 per
2222 3529 2302 3595 15,
2338 3536 2477 3598 quot
2500 3534 2637 3583 sunt
2669 3530 2779 3583 tria
2809 3530 3281 3600 quinquepertita
3307 3527 3609 3583 intervalla
3650 3528 3738 3582 sic

2082 3622 2148 3670 ut
2181 3616 2495 3687 unicuique
2529 3617 2679 3671 horae
2716 3617 2781 3672 15
2804 3623 2997 3688 partes
3029 3617 3737 3690 attribuas,quoadusque

2082 3709 2332 3778 poteris;
2364 3712 2420 3763 et
2441 3712 2583 3780 quot
2604 3707 2777 3761 horas
2801 3723 2901 3777 per
2930 3713 3125 3778 partes
3157 3707 3240 3761 sic
3273 3706 3613 3763 calculando
3646 3705 3734 3762 in-
3818 3750 3831 3753 ν

2079 3798 2296 3861 venies,
2328 3801 2413 3850 tot
2443 3796 2593 3849 horae
2631 3801 2769 3850 sunt
2798 3794 3234 3865 aequinoctiales
3265 3796 3402 3851 diei.
3432 3796 3524 3849 Sic
3555 3795 3731 3850 etiam

2082 3883 2481 3939 considerabis
2506 3883 2854 3937 detrimenta
2875 3888 2929 3936 et
2959 3889 3276 3955 augmenta
3299 3883 3527 3939 dierum
3549 3902 3615 3939 ac
3636 3900 3737 3939 no-

2078 3973 2277 4027 ctium.

2148 4062 2360 4116 Eadem
2393 4077 2624 4133 quoque
2682 4061 2966 4116 divisione
3000 4062 3185 4117 noctis
3225 4062 3422 4116 orbem
3456 4061 3728 4116 conside-

2077 4152 2304 4205 rabiset
2334 4150 2591 4204 invenies
2625 4151 2795 4205 horas
2829 4151 3034 4206 noctis.
3070 4150 3228 4213 Quod
3253 4149 3537 4222 liquidius
3560 4150 3726 4205 inda-

2075 4239 2233 4311 ganti
2258 4244 2430 4311 patet.
2471 4239 2611 4294 Nam
2645 4239 2858 4295 ablatis
2877 4239 3034 4294 horis
3053 4240 3164 4294 diei
3197 4240 3267 4295 de
3298 4240 3402 4295 360
3434 4240 3724 4311 partibus,

2074 4333 2377 4383 remanent
2410 4328 2561 4383 hei-re
2586 4328 2864 4383 nimirum
2930 4328 3284 4400 noctis;quze
3314 4328 3560 4395 horae,ut
3577 4346 3726 4398 pra:—

2072 4417 2292 4472 dietum
2325 4422 2432 4484 est,
2494 4435 2726 4491 semper
2785 4418 3097 4490 inmquales
3149 4422 3307 4482 sunt,
3351 4416 3462 4471 nisi
3494 4416 3726 4472 duobus

2071 4505 2276 4562 diebus
2308 4506 2839 4578 aequinoctialibus,
2870 4513 3122 4577 tuncque
3154 4507 3224 4560 ad
3248 4505 3601 4578 aequalitatis
3625 4523 3727 4577 pa-

2067 4594 2336 4649 rilitatem
2354 4597 2620 4651 redeunt.
2638 4597 2715 4650 De
2731 4612 2977 4666 quarum
2993 4594 3372 4650 alternatione
3387 4593 3727 4666 mutuisque

2067 4685 2442 4738 incrementis
2474 4690 2531 4740 et
2587 4683 2951 4738 detrimentis
2984 4682 3401 4754 quamplurimi
3451 4689 3721 4739 auctores

2060 4772 2202 4825 satis
2235 4771 2455 4843 liquido
2497 4776 2769 4827 tractant.
2798 4772 3075 4835 Quocirca
3123 4772 3215 4826 his
3246 4771 3339 4827 hic
3372 4774 3715 4845 supersede-

2058 4856 2169 4916 tur.
2206 4860 2297 4916 Sis
2328 4862 2460 4932 quis
2484 4861 2592 4915 hoc
2625 4860 2936 4932 perfectius
2966 4860 3162 4915 rimari
3196 4860 3404 4916 nititur
3436 4866 3720 4917 .Canones

2061 4950 2352 5006 Ptolomaei
2386 4951 2748 5021 appetat,ubi
2771 4949 2980 5006 horum
3003 4949 3264 5004 omnium
3288 4949 3715 5005 afﬂuentiorem

2060 5041 2269 5110 poterit
2300 5044 2499 5111 potare
2533 5040 2773 5095 fontem.

2670 5146 2900 5202 CAPUT
2942 5145 3088 5199 XIV.

2370 5237 2443 5290 De
2460 5234 2808 5307 percipienda
2842 5235 3127 5288 vicinitate
3156 5248 3398 5291 aurora).

2129 5341 2184 5395 Si
2220 5342 2431 5413 quieris
2476 5342 2624 5397 scire
2682 5356 2856 5411 quam
2892 5356 3068 5410 prope
3124 5341 3201 5394 sit
3249 5356 3479 5407 aurora,
3513 5338 3713 5411 accipe

2057 5430 2369 5499 cujusnhet
2398 5430 2764 5484 altitudinem
2800 5427 2977 5481 stella:
3008 5427 3067 5481 10
3100 5429 3430 5501 astrolapsu
3452 5427 3707 5498 scriptae,

2055 5523 2112 5573 et
2132 5524 2303 5589 caput
2326 5518 2586 5587 cjuslcm
2603 5516 2779 5571 stellze
2799 5533 3130 5591 superponq
3149 5523 3394 5590 accepta:
3412 5515 3708 5572 altitudini

2055 5607 2112 5662 in
2132 5605 2387 5676 qualibet
2409 5605 2595 5677 plaga,
2623 5610 2677 5660 et
2699 5604 3000 5662 considera
3023 5608 3121 5663 ubi
3143 5609 3219 5665 sit
3237 5606 3440 5664 nadair
3459 5604 3618 5662 solis.
3646 5604 3707 5661 Si
