4102 6174
390 324 502 384 401

1473 334 1573 394 DE
1620 330 2173 399 UTILI'I‘ATIBUS
2218 336 2711 401 ASTROLABII.

3683 352 3802 415 402

390 462 481 551 est
501 459 981 531 superdecimum
1003 466 1269 520 octavum
1291 465 1766 524 Almucantarath
1786 487 1852 524 ex
1875 475 2035 541 parte
2066 475 2121 539 Α
2150 473 2210 528 In
2246 473 2431 527 cauda
2460 473 2788 543 Capricorni
2822 482 2909 531 est
2937 476 3206 551 Delphin,
3241 497 3365 551 quae
3398 487 3487 538 est
3515 483 3573 538 in
3605 490 3790 542 astro-

390 545 708 619 Almagrip,
739 566 869 605 ecce
899 568 1126 608 aurora.

1015 716 1240 773 CAPUT
1280 717 1394 773 XV.

386 817 459 870 De
483 817 831 889 percipiendo
854 821 1095 891 quolibet
1126 826 1364 895 tempore
1390 826 1649 898 cujusque
1667 828 1817 895 signi
1837 836 1960 883 ortu
1982 832 2030 883 et

1095 909 1305 950 occasu.

455 1020 720 1085 Qualibet
748 1022 893 1079 hora
921 1026 1035 1080 dici
1055 1027 1102 1081 si
1127 1026 1379 1085 volueris
1404 1031 1552 1086 scire
1583 1033 1735 1102 quod
1771 1032 2027 1105 signum,

378 1111 469 1165 vel
502 1116 681 1181 quota
708 1128 868 1183 pars,
895 1114 982 1170 vel
1012 1115 1184 1172 stella
1211 1118 1436 1173 oriatur
1463 1119 1550 1174 vel
1582 1121 2032 1193 occidat,accipe

379 1197 753 1256 altitudinem
785 1202 946 1269 solis,
980 1221 1157 1277 super
1185 1224 1366 1278 quam
1414 1209 1747 1265 transmitte
1777 1211 2025 1282 gradum

379 1285 607 1353 solis,in
626 1288 891 1359 qualibet
904 1290 1077 1364 plaga
1096 1292 1193 1348 sit.
1219 1295 1343 1359 Quo
1360 1295 1530 1360 facto,
1551 1296 1857 1352 considera
1869 1300 2023 1368 quod

377 1375 616 1446 signum
631 1378 1016 1451 ejusdemque
1031 1380 1185 1453 signi
1200 1386 1378 1453 quota
1398 1400 1533 1454 pars
1544 1384 1632 1439 vel
1655 1385 1822 1440 stella
1836 1387 2024 1456 primo

373 1462 855 1522 Almucantarath
879 1469 1417 1540 supersideat,illud
1439 1472 1719 1527 nimirum
1733 1474 1946 1542 oritur;
1970 1486 2027 1531 et

376 1553 533 1623 quod
566 1553 772 1610 ultimo
800 1554 1304 1627 Almucantarath,
1359 1558 1504 1616 illud
1537 1562 1753 1634 quippe
1793 1564 2022 1630 occidit,

374 1643 531 1714 quod
562 1647 651 1698 est
677 1646 713 1697 7
744 1644 814 1700 ab
845 1645 1094 1703 Oriente.
1119 1648 1188 1703 Et
1209 1649 1364 1719 quod
1387 1649 1603 1706 lineam
1637 1652 2023 1709 meridianam

375 1730 663 1802 designat,
694 1732 891 1804 ipsum
924 1735 1186 1791 medium
1218 1736 1429 1792 coelum
1471 1754 1647 1811 super
1674 1744 1890 1797 terram
1922 1760 1934 1810 ;
1968 1747 2025 1797 et

374 1820 529 1890 quod
553 1822 1091 1892 septentrionalem,
1112 1825 1373 1881 medium
1395 1827 1605 1883 cmlum
1628 1829 1779 1884 infra
1805 1835 2022 1886 terram
2054 1844 2100 1908 Β

373 1915 638 1981 occupat.
665 1913 753 1966 Ita
768 1910 1033 1968 faciendo
1054 1930 1372 1987 cognosces
1392 1916 1542 1973 situs
1565 1923 1619 1972 et
1650 1924 1846 1975 motus
1873 1920 2022 1975 side-

372 2014 505 2053 rum
535 1999 666 2054 sine
694 2000 1101 2073 ambiguitate.

440 2087 532 2142 Sic
589 2105 820 2160 quoque
872 2096 1039 2147 nocte
1097 2092 1356 2166 colligas.
1394 2096 1602 2168 Accipe
1647 2097 2027 2154 altitudinem-

374 2176 689 2247 cujuslihet
722 2178 900 2233 stella:
930 2180 987 2235 in
1022 2182 2018 2257 astrolapsu,scriptaa,cujusaltitu-

278 2287 282 2291 ·
373 2265 490 2319 dini
521 2282 789 2337 suppone
818 2274 991 2340 caput
1020 2272 1286 2341 ejusdem
1319 2272 1585 2337 stellae,et
1618 2275 2016 2331 considerali~

374 2370 505 2410 neas
526 2354 1159 2430 plagarum.Namipsaa
1182 2360 1752 2433 demonstrantquod
1778 2366 2012 2435 quaeris.

975 2502 1210 2559 CAPUT
1249 2504 1389 2559 XVI.

810 2592 870 2645 In
899 2607 1003 2662 quo
1031 2593 1185 2663 signo
1222 2595 1334 2647 sint
1365 2594 1561 2650 stellis.

435 2721 580 2776 Cum
610 2722 698 2777 vis
730 2724 877 2780 scire
907 2724 965 2780 in
998 2742 1113 2797 quo
1134 2727 1301 2799 signo
1332 2729 1409 2782 sit
1439 2729 1711 2801 quaelibet
1732 2731 2007 2788 horarum

369 2808 549 2875 stella,
573 2812 745 2881 cujus
767 2812 1002 2885 signum
1026 2817 1260 2887 quaeris,
1293 2818 1417 2886 ejus
1439 2824 1615 2890 caput
1637 2819 1801 2875 lineae
1835 2823 2008 2877 meri-

367 2898 547 2953 dianae
579 2908 1025 2973 superpones,et
1055 2906 1208 2975 quod
1245 2906 1480 2977 signum
1515 2908 1625 2979 ipsi
1659 2911 2007 2982 supersidet,

368 2987 421 3041 in
446 2990 550 3043 hoc
580 2990 856 3045 consistit
889 2992 1018 3063 ipsa
1048 2993 1234 3048 stella.
1258 2994 1401 3048 Nam
1435 2998 1587 3066 quod
1618 2996 1831 3053 lineam
1857 3000 2008 3054 desi-

364 3082 517 3146 gnat,
551 3079 820 3135 eamdem
854 3081 1084 3137 stellam
1117 3090 1380 3154 occupat.

958 3241 1189 3297 CAPUT
1228 3244 1398 3299 XVII.

508 3345 572 3398 De
599 3347 879 3401 vocabulis
910 3349 1198 3404 stellarum
1229 3352 1444 3406 Latinis
1499 3357 1549 3408 et
1580 3356 1860 3410 Arabicis.

444 3477 536 3533 Hic
565 3478 726 3535 locus
757 3485 814 3535 et
843 3482 988 3537 ratio
1022 3484 1277 3554 postulat
1309 3487 1597 3558 promissa
1620 3488 1860 3557 solvere,
1895 3490 2006 3546 sci-

372 3565 489 3622 licet
512 3573 572 3623 ut
603 3570 673 3623 de
723 3569 907 3625 stellis
940 3571 1217 3630 horarum
1250 3575 1463 3645 dicam,
1501 3582 1688 3649 quota:
1723 3579 1860 3646 sint,
1899 3580 1997 3635 ubi

362 3656 477 3711 sint
504 3663 559 3712 et
591 3658 661 3712 de
693 3658 991 3715 vocabulis
1011 3664 1068 3716 et
1095 3662 1545 3721 formationibus
1569 3669 2003 3724 earumdem.In

358 3750 606 3801 Temone
638 3747 885 3817 majoris
918 3748 1192 3817 Plaustri,
1219 3754 1372 3824 quod
1396 3755 1473 3809 ita
1508 3757 1795 3812 formatur
1818 3747 1985 3834 εἶθ’*

355 3841 440 3891 est
468 3853 586 3890 una
618 3834 898 3891 horarum
932 3838 1121 3907 stella,
1157 3859 1282 3914 quze
1315 3845 1558 3899 Arabica
1588 3846 1802 3902 dicitur
1831 3855 2006 3905 Bene-

354 3942 478 3989 naz,
513 3924 742 3980 scilicet
774 3926 965 3995 prima
995 3929 1053 3983 in
1077 3930 1428 3995 Temone,et
1453 3940 1541 3989 est
1571 3935 1629 3989 in
1654 3937 2010 4010 astrolapsu-

349 4018 481 4070 Post
536 4030 718 4084 quam
799 4020 887 4069 est
934 4018 1241 4087 Almarech,
1278 4021 1333 4075 id
1395 4028 1483 4077 est
1536 4025 1882 4097 artophylax
1904 4026 2005 4099 gs:

390 4107 460 4161 lis
496 4103 679 4161 stella
760 4106 1089 4173 praelucida.
1147 4109 1305 4165 Hanc
1340 4113 1605 4183 sequitur
1660 4130 1871 4169 corona
1920 4116 2001 4169 ita

350 4184 599 4254 formata
640 4183 931 4287 ﬁcujus
961 4197 1017 4251 in
1051 4201 1245 4255 medio
1268 4206 1356 4256 est
1378 4202 2013 4277 stellalucidior,quam

351 4287 551 4341 dicunt
581 4289 838 4349 Mirmur,
877 4287 961 4341 vel
996 4290 1202 4359 Elfeca.
1237 4292 1336 4345 Est
1367 4297 1423 4346 ct
1453 4292 1508 4346 in
1557 4293 1688 4347 Lira
1719 4294 1833 4349 alia
1871 4294 2013 4350 luci-

354 4384 478 4441 dior
509 4386 595 4441 sic
629 4386 877 4441 formata
907 4371 1003 4442 .‘c
1055 4395 1231 4451 quam
1266 4380 1469 4435 dicunt
1502 4381 1826 4451 Alwagaha.
1882 4384 2017 4438 Post

355 4490 525 4544 quam
544 4480 635 4530 est
651 4475 951 4535 Archeitus,
975 4470 1060 4525 vel
1111 4471 1264 4540 Alrif
1310 4464 1403 4528 σ’ςι
1439 4471 1526 4525 vel
1563 4472 1639 4526 ita
1674 4461 1771 4561 .ξρ
1797 4515 1809 4537 ,
1835 4477 1891 4527 et
1930 4463 2020 4528 est

354 4562 407 4617 in
464 4564 685 4635 Cygno.
719 4563 781 4616 In
812 4560 1034 4631 Auriga
1064 4559 1191 4613 duze
1226 4563 1364 4613 sunt
1396 4554 1995 4629 lucidioresjtllcnrcb,

353 4654 592 4719 Alroech,
619 4653 676 4706 id
710 4657 801 4706 est
824 4650 1138 4714 Humerus,
1166 4653 1223 4704 et
1246 4648 1424 4721 Rz‘gel,
1459 4650 1510 4704 id
1540 4658 1628 4706 est
1658 4669 1757 4724 pes
1786 4650 1821 4717 ἶ
1849 4643 1999 4725 ἴ,νθΙ

352 4740 429 4795 ita
458 4745 535 4809 ’ᾖ
573 4748 661 4797 est
697 4739 975 4812 Pegasus,
1009 4738 1067 4791 in
1092 4754 1206 4809 quo
1239 4738 1490 4795 habetur
1531 4759 1648 4795 una
1685 4742 1821 4799 talis
1867 4741 1956 4814 τίς,
1996 4805 2007 4825 ν

356 4848 525 4901 quam
560 4831 771 4885 dicunt
804 4828 1042 4896 Alfcraz.
1076 4826 1277 4881 Telum
1312 4834 1399 4882 est
1430 4829 1508 4884 ita
1539 4834 1559 4907 ξ
1611 4833 1779 4899 cujus
1805 4836 1858 4890 in
1895 4854 2005 4893 me.

356 4920 442 4974 dio
472 4924 562 4975 est
592 4936 734 4984 una,
768 4933 945 4988 quem
979 4916 1184 4970 dicunt
1207 4917 1465 4973 Alliadib.
1501 4920 1561 4973 In
1585 4920 1779 4993 Cygno
1810 4931 2006 4982 autem

356 5010 541 5064 medio
575 5011 698 5064 ima
728 5012 839 5071 est,
873 5021 1050 5077 quam
1086 5005 1297 5060 dicunt
1352 5008 1552 5062 Alceir.
1602 5011 1662 5064 In
1698 5014 1888 5070 Tauro
1922 5022 2010 5071 est

358 5115 463 5152 una
496 5099 577 5153 ita
606 5096 861 5153 lucidior
894 5086 991 5175 ξς
1016 5109 1052 5146 ι
1096 5138 1107 5162 ,
1150 5112 1323 5166 quam
1351 5097 1552 5153 dicunt
1584 5101 1927 5158 Aldcbaram.
1947 5107 2007 5160 In

355 5187 610 5242 Geminis
643 5185 940 5240 habentur
963 5188 1091 5240 duae
1109 5184 1375 5240 Alhaioch
1405 5187 1673 5259 Algeuze,
1705 5193 1761 5245 id
1785 5199 1874 5248 est
1904 5194 2009 5248 hu-

357 5292 546 5331 merus
578 5279 637 5330 et
666 5276 844 5345 Rz'gel,
870 5274 927 5329 id
961 5281 1047 5329 est
1070 5291 1191 5346 pes.
1231 5276 1292 5329 In
1327 5276 1511 5332 Leone
1535 5279 1665 5335 duae
1694 5282 2006 5349 Aldiranai,

358 5364 406 5419 id
428 5371 515 5421 est
538 5368 701 5420 frons
752 5368 771 5428 ζ
824 5369 867 5431 ζ.
905 5362 1011 5419 Illa
1041 5364 1257 5419 scilicet
1281 5369 1371 5421 est
1395 5366 1589 5423 minor
1609 5374 1665 5424 et
1688 5370 2010 5439 inferior,et

358 5453 732 5519 Calbalaccda,
766 5455 824 5508 id
853 5459 942 5509 est
967 5471 1067 5509 cor
1090 5455 1356 5525 superior
1405 5461 1462 5511 et
1490 5456 1705 5515 lucida.
1742 5460 1802 5515 In
1838 5461 2007 5517 Scor-

358 5544 560 5616 pionne
634 5544 1000 5616 Calbalagraf
1046 5545 1209 5620 -ξξηι
1298 5548 1354 5602 id
1389 5552 1479 5603 est
1522 5564 1620 5603 cor
1654 5551 2004 5622 Scorpionis.

356 5624 412 5682 In
443 5628 705 5703 Aquario
736 5628 987 5687 habetur
1011 5648 1152 5703 una,
1180 5647 1358 5708 quam
1392 5629 1597 5686 dicunt
1624 5630 2002 5709 Penebalgedi.

2143 560 2310 633 lapsu
2343 562 2477 616 talis
2534 564 2603 635 ξε
2674 594 2692 614 .
2747 570 2862 631 ,cst
2895 567 3256 623 Dcnchcailoz.
3299 611 3312 634 ,
3354 575 3409 624 et
3456 578 3656 642 Panta,
3728 575 3787 630 id

2143 653 2709 710 estcaudaetventer
2739 656 3048 724 cujusdam
3086 656 3383 722 animalis,
3410 675 3534 731 quae
3569 667 3671 716 aut
3693 679 3787 716 ra-

2143 756 2219 793 ro.
2235 745 2334 796 aut
2349 758 2671 814 numquam
2687 744 2746 798 in
2768 744 2984 800 nostris
3009 744 3347 803 climatibus
3368 751 3709 817 cernuntur,
3734 754 3792 805 et

2142 830 2373 884 suntita
2432 832 2480 900 ζα
2533 874 2546 898 ,
2568 836 2659 886 est
2700 834 2843 901 Viget
2875 837 2933 887 et
2963 833 3254 889 Alhaborr.
3293 836 3441 901 Quid
3473 840 3669 892 autem
3701 837 3790 893 di-

2141 934 2267 972 cam
2300 920 2369 973 de
2400 918 2513 986 his,
2549 922 2689 975 dum
2718 939 2751 976 a
2779 922 2949 976 nobis
2981 922 3221 979 minime
3243 923 3561 980 videntur?
3581 926 3683 981 Est
3702 926 3793 981 Al-

2141 1008 2384 1075 gomeiza
2414 1009 2725 1075 Aldimam,
2759 1011 2830 1065 de
2865 1011 3080 1081 quibus
3109 1013 3264 1067 varie
3298 1016 3627 1082 autumant,
3659 1015 3789 1071 ideo

2141 1096 2306 1165 quasi
2341 1097 2586 1152 dubium
2615 1098 3011 1169 praetermitto.

2209 1185 2358 1239 Sunt
2387 1191 2592 1257 preter
2619 1187 2726 1242 has
2753 1189 2879 1241 dua:
2925 1189 3383 1259 Gannmalgurab,
3414 1191 3666 1257 Albazal,
3697 1194 3785 1249 vel

2137 1276 2173 1328 A
2184 1273 2415 1329 lhimech
2432 1275 2491 1328 in
2505 1275 2810 1342 Centauro,
2828 1276 3042 1347 quibus
3055 1277 3302 1333 Chaldaei
3319 1280 3463 1334 satis
3477 1280 3547 1335 ad
3566 1280 3785 1337 discer-

2138 1363 2361 1418 nendae
2392 1363 2565 1420 horas
2592 1368 2858 1431 utuntur,
2886 1383 2919 1420 a
2946 1364 3114 1420 nobis
3144 1370 3339 1421 autem
3372 1368 3670 1425 rarissime
3698 1370 3785 1424 vi-

2136 1451 2367 1517 dentur,
2395 1457 2451 1509 et
2473 1453 2613 1508 dum
2636 1454 2906 1509 videntur
2926 1455 3156 1509 duabus
3180 1455 3485 1511 auttrihus
3506 1455 3666 1513 horis
3688 1475 3783 1530 ap-

2136 1545 2361 1610 parent.
2374 1540 2516 1595 Aliae
2531 1540 2958 1613 quamplurima
2972 1542 3263 1598 habentur
3275 1543 3346 1598 ad
3365 1544 3783 1602 discernendae

2135 1627 2329 1693 horas,
2364 1646 2511 1699 quas
2539 1631 2710 1685 modo
2742 1629 2947 1696 silebo,
2980 1646 3046 1686 eo
3090 1632 3244 1703 quod
3277 1631 3360 1687 eis
3392 1650 3506 1689 non
3558 1633 3783 1707 indige-

2136 1732 2289 1783 mus,
2323 1717 2371 1773 si
2407 1722 2750 1789 pretaxatas
2784 1719 2928 1774 bene
2961 1720 3389 1791 cognoscimus.

2727 1861 2957 1916 CAPUT
2984 1862 3180 1916 XVIII.

2134 1950 2205 2003 De
2230 1948 2585 2019 descriptione
2612 1950 2933 2073 climatunzi,
2951 1953 3001 2003 et
3030 1964 3215 2005 eorum
3245 1951 3573 2005 invenienda
3594 1952 3781 2008 latitu-

2912 2036 3022 2073 me.

2912 2036 3022 2075 τηε.

2198 2163 2299 2218 Hic
2333 2164 2525 2218 danda
2546 2169 2632 2219 est
2654 2164 2800 2218 ratio
2830 2167 2887 2218 et
2906 2162 3222 2218 utilissima
3249 2168 3305 2219 et
3325 2162 3493 2220 valde
3517 2168 3781 2221 necessa-

2129 2252 2234 2316 ria,
2267 2257 2322 2307 et
2353 2253 2399 2307 si
2427 2253 2554 2322 ejus
2585 2268 2789 2323 expers
2832 2252 3030 2314 fueris,
3083 2251 3325 2307 minime
3376 2252 3448 2306 ad
3498 2252 3776 2309 horarum

2126 2341 2428 2396 scientiam
2487 2341 2808 2411 pervenies.
2843 2341 2945 2395 Est
2996 2340 3210 2412 quippe
3267 2340 3569 2396 sciendum
3628 2358 3776 2413 quo-

2126 2431 2296 2484 modo
2328 2430 2681 2484 mutationes
2713 2429 3042 2496 climatum,
3074 2428 3160 2482 vel
3195 2428 3251 2483 in
3281 2446 3394 2501 quo
3419 2434 3480 2483 tu
3504 2428 3602 2484 sis.
3628 2430 3776 2486 Nam

2123 2518 2275 2573 sicut
2297 2524 2530 2591 propter
2550 2518 2729 2572 situm
2754 2522 2914 2572 terra:
2940 2535 3051 2572 non
3078 2518 3231 2573 idem
3255 2518 3528 2574 meridies
3574 2519 3637 2575 ﬁt
3651 2519 3777 2575 ubi-

2120 2624 2252 2679 que,
2288 2608 2365 2661 ita
2397 2608 2599 2662 eadem
2633 2605 2933 2679 horologia
2959 2608 3575 2678 essenequeunt.Sunt
3617 2608 3772 2664 enim

2121 2697 2445 2752 secundum
2472 2701 2633 2751 terra:
2651 2696 2998 2768 positionem
3013 2699 3068 2750 et
3080 2695 3459 2750 discretiones
3472 2694 3775 2752 climatum

2123 2786 2403 2840 mutanda
2426 2784 2742 2855 horologia,
2769 2785 2837 2838 de
2862 2800 3113 2854 quorum
3136 2783 3562 2838 mutationibus
3584 2783 3775 2839 Ptolo-

2121 2891 2306 2928 means
2337 2879 2391 2927 et
2422 2873 2834 2927 Eratosthenes
2866 2873 3009 2928 satis
3030 2871 3219 2928 lucide
3238 2876 3507 2927 tractant.
3534 2871 3776 2928 Marcia-

2118 2980 2231 3017 nus
2267 2979 2503 3033 quoque
2535 2979 2648 3015 non
2678 2961 2869 3016 solum
2893 2963 2962 3017 de
2987 2962 3412 3017 mutationibus
3444 2961 3771 3029 climatum,

2120 3052 2224 3105 sed
2264 3051 2440 3105 etiam
2476 3053 2546 3105 de
2586 3049 2953 3122 singulorum
2975 3049 3212 3104 meridie
3241 3055 3296 3103 et
3318 3050 3625 3105 altitudine
3667 3066 3772 3106 seu

2117 3140 2278 3195 horis
2297 3138 2803 3210 aequinoctialibus
2823 3140 2965 3194 satis
2986 3137 3237 3209 expedit.
3262 3137 3443 3207 Cujus
3462 3138 3769 3194 scientiam

2040 3214 2080 3278 C
2119 3232 2173 3284 et
2201 3229 2507 3283 Arabicam
2541 3245 2655 3283 non
2689 3232 2777 3283 est
2805 3226 3011 3282 inutile
3041 3225 3312 3282 scribere.

2188 3316 2581 3373 Discretiones
2613 3316 2913 3372 climatum
2947 3320 3005 3370 et
3047 3315 3402 3371 mutationes
3432 3314 3768 3388 horologio-

2117 3424 2247 3462 rum
2281 3423 2379 3478 per
2402 3406 2573 3461 istam
2599 3405 2943 3461 sententiam
2968 3404 3161 3460 taliter
3182 3404 3328 3459 scire
3351 3405 3588 3477 poteris.
3617 3409 3768 3462 Dum

2118 3496 2327 3568 qttIBI‘lS
2361 3496 2416 3549 in
2453 3512 2568 3566 quo
2602 3494 2836 3549 climate
2867 3495 2973 3562 sis,
3030 3492 3114 3548 vel
3150 3510 3265 3565 quo
3321 3493 3622 3567 horologio
3681 3493 3771 3550 uti

2118 3586 2329 3640 debeas
2361 3584 2611 3656 singulis
2644 3583 2701 3637 in
2734 3583 2873 3638 locis
2922 3584 2979 3637 in
3016 3583 3223 3638 Martio
3256 3599 3476 3653 mense,
3516 3599 3648 3637 cum
3682 3582 3769 3638 sol

2119 3675 2196 3730 sit
2226 3674 2284 3728 in
2318 3674 2507 3746 primo
2538 3673 2722 3745 gradu
2767 3671 2995 3737 Arietis,
3028 3671 3111 3726 vel
3164 3671 3223 3725 in
3252 3672 3602 3742 Septembri,
3636 3687 3774 3727 cum

2120 3762 2203 3818 sol
2230 3763 2306 3817 sit
2329 3763 2381 3816 in
2407 3762 2593 3834 primo
2612 3762 2796 3835 gradu
2823 3762 3024 3827 Librze,
3047 3760 3184 3831 quia
3202 3764 3341 3813 tunc
3364 3758 3615 3829 aequales
3633 3761 3773 3813 sunt

2119 3853 2244 3908 dies
2276 3853 2533 3923 ipsorum
2570 3850 2885 3915 mensium,
2910 3848 3211 3904 considera
3231 3847 3477 3901 ubilibet
3497 3850 3677 3917 quota
3700 3846 3779 3902 sit

2122 3941 2371 3997 altitudo
2404 3939 2544 3995 solis
2578 3939 2637 3994 in
2663 3939 2921 4003 meridie,
2937 3942 2993 3992 et
3014 3941 3299 4009 quantum
3316 3934 3511 3991 minus
3534 3934 3611 3990 sit
3630 3952 3665 3989 a
3682 3934 3774 4004 90,

2123 4037 2179 4086 et
2232 4034 2447 4102 quotus
2506 4044 2789 4083 numerus
2857 4032 2963 4107 est,
3042 4026 3139 4098 qui
3202 4025 3399 4080 minus
3455 4028 3544 4080 est
3599 4041 3633 4079 a
3678 4023 3775 4091 90,

2126 4125 2246 4175 tota
2276 4123 2360 4173 est
2394 4118 2635 4173 altiiuilo
2666 4116 2853 4189 ipsius
2886 4115 3141 4171 climatis
3173 4116 3231 4170 in
3277 4131 3391 4186 quo
3422 4131 3504 4170 es.
3537 4114 3608 4168 Et
3636 4116 3777 4168 tunc

2125 4208 2429 4263 considera
2459 4208 2514 4261 in
2568 4224 2685 4279 qua
2741 4205 3073 4260 tabularum
3136 4204 3455 4275 inscriptus
3511 4203 3587 4258 sit
3619 4202 3775 4258 idem

2127 4312 2428 4362 numerus,
2465 4296 2563 4367 qui
2596 4298 2757 4350 deest
2787 4312 2820 4349 a
2858 4294 3210 4367 perfectione
3238 4296 3328 4347 90.
3382 4292 3526 4347 Nam
3561 4291 3774 4347 subtus

2125 4385 2604 4442 Almucantarath
2628 4384 2827 4455 scripti
2849 4382 3290 4445 suntmeridies,
3306 4381 3628 4436 secundum
3647 4377 3776 4433 lati-

2128 4475 2389 4531 tudinem
2424 4474 2748 4539 climatum,
2782 4478 2838 4529 et
2869 4478 3132 4544 quotum,
3164 4470 3253 4525 vel
3276 4471 3334 4524 in
3359 4486 3473 4540 qua
3496 4467 3770 4538 reperies,

2109 4582 2304 4638 ipsum
2335 4568 2421 4618 est
2454 4563 2628 4618 clima
2651 4564 2709 4616 in
2741 4579 2855 4633 quo
2883 4579 2965 4627 es,
2996 4565 3051 4615 et
3079 4559 3351 4615 meridies
3375 4558 3504 4627 ejus
3526 4558 3775 4627 ipsaque

2112 4653 2333 4719 tabula,
2359 4671 2485 4724 qua:
2519 4668 2829 4706 numerum
2862 4649 3225 4713 continet,ad
3264 4648 3416 4701 idem
3439 4644 3616 4700 clima
3637 4660 3774 4716 per-

2120 4745 2284 4798 tinet.
2320 4745 2489 4797 Per8
2538 4741 2790 4812 reperies
2850 4738 3187 4793 altitudines
3239 4736 3564 4791 climatum.
3626 4734 3774 4789 Nam

2119 4832 2335 4887 additis
2362 4834 2394 4887 8
2426 4831 2495 4885 ad
2537 4832 2615 4896 15,
2645 4835 2815 4884 erunt
2847 4829 2952 4895 23;
2988 4845 3113 4899 quze
3146 4831 3238 4882 est
3257 4825 3501 4882 altitudo
3534 4822 3779 4881 secundi

2120 4921 2392 4976 climatis.
2413 4920 2557 4974 Hinc
2582 4919 2905 4974 secundum
2931 4934 3242 4973 numerum
3266 4914 3601 4971 tabularum
3621 4930 3776 4971 sem-

2121 5027 2222 5081 per
2246 5010 2563 5064 minuendo
2588 5009 2843 5063 unitates
2863 5008 3166 5076 octonarii,
3191 5006 3424 5077 etquod
3447 5006 3518 5059 ab
3541 5009 3667 5059 octo
3692 5017 3777 5057 re-

2121 5103 2335 5165 manet,
2364 5099 2561 5153 addito
2592 5097 2912 5165 latitudini,
2942 5096 3257 5152 ordinatim
3291 5095 3543 5164 reperies
3574 5090 3772 5146 latitu-

2120 5189 2305 5255 dines,
2335 5191 2397 5241 ut
2415 5187 2566 5241 inter
2589 5188 2911 5241 secundum
2942 5187 3243 5241 ettertium
3269 5184 3442 5236 clima
3464 5178 3775 5234 abstrahas

2119 5292 2304 5330 unum
2340 5276 2411 5331 ab
2443 5276 2476 5328 8
2509 5280 2813 5331 remanent
2841 5279 2896 5342 7,
2942 5276 3093 5330 inter
3122 5273 3355 5327 tertium
3389 5273 3445 5323 et
3494 5271 3769 5338 quartum

2122 5382 2328 5433 unum,
2359 5369 2414 5419 et
2439 5364 2522 5420 sic
2554 5365 2852 5437 deinceps.

2189 5454 2454 5509 Climatis
2486 5454 2661 5526 primi
2691 5453 2949 5509 latitudo
2974 5454 3040 5506 15
3086 5448 3303 5522 gradus
3334 5453 3389 5502 et
3417 5450 3485 5501 20
3518 5445 3769 5512 minuta,

2119 5548 2174 5599 et
2204 5541 2327 5597 dies
2357 5544 2485 5613 ejus
2518 5544 2726 5616 longus
2757 5543 2824 5596 43
2855 5541 3127 5595 horarum
3152 5534 3669 5609 aequinoctialium.

2189 5630 2422 5690 Climati
2453 5632 2692 5689 secundi
2725 5628 2970 5688 latitudo
2999 5630 3070 5685 2.5
3100 5626 3318 5703 gradus
3350 5630 3405 5681 et
3431 5626 3493 5682 t5
3518 5623 3767 5704 minuta,
