4102 6182
352 356 467 416 403

1151 359 1565 421 HERMANNI
1610 358 2047 421 CONTRACTI
2095 359 2513 422 AUGIENSIS
2561 357 2941 423 MONACHI.

3632 353 3735 417 404

352 494 407 543 et
428 489 552 543 dies
575 487 785 561 longus
823 489 846 545 l
886 507 1161 546 norarum
1190 494 1261 546 30
1283 492 1663 557 minutorum,
1696 509 1822 561 quae
1858 496 1997 548 sunt
2026 494 2081 560 Α
2109 492 2367 565 Cyrenen
2399 509 2529 548 cum
2561 493 2752 559 tertio,
2787 499 3111 564 tenensque
3142 489 3363 560 Leptim
3392 504 3665 561 magnam
3691 493 3739 543 et

351 576 633 633 medietas
662 577 835 633 horae.

418 665 682 723 Climatis
710 668 866 723 tertii
888 668 1131 726 latitudo
1159 671 1229 725 30
1256 671 1473 743 gradus
1504 676 1561 726 et
1580 674 1651 725 22
1672 671 1917 739 minuta,
1942 674 1999 727 et

352 754 477 811 dies
506 755 634 826 ejus
667 757 959 814 maximus
993 760 1056 813 14
1087 758 1385 815 horarum.

417 844 680 900 Climatis
710 847 904 918 quarti
941 847 1187 903 latitudo
1236 850 1304 901 36
1334 850 1550 921 gradus
1578 851 1612 904 9
1643 849 1891 915 minuta,
1940 866 1969 904 e

345 933 470 989 dies
494 934 624 1005 ejus
644 934 856 1007 longus
880 936 944 991 14
977 935 1254 991 horarum
1277 942 1333 991 et
1363 938 1643 994 medietas
1676 938 1849 1010 horae,
1870 956 1995 1010 quae

347 1025 437 1079 est
463 1024 534 1078 30
556 1023 803 1079 minuta.

418 1110 680 1167 Climatis
710 1112 898 1185 quinti
930 1113 1173 1169 latitudo
1200 1115 1259 1169 fil
1299 1116 1515 1186 gradus
1562 1116 1633 1170 66
1663 1117 1907 1183 minuta,
1941 1119 1998 1169 et

348 1200 472 1257 dies
501 1202 629 1273 ejus
659 1200 868 1273 longus
907 1204 966 1256 15
996 1206 1051 1257 et
1107 1203 1388 1259 medietas
1420 1204 1594 1271 horse,
1630 1222 1754 1277 quae
1814 1208 1901 1260 est
1926 1206 1997 1259 3O

350 1290 597 1345 minuta.

418 1378 680 1435 Climatis
695 1384 841 1435 sexti
863 1380 1109 1437 latitudo
1133 1383 1201 1437 45
1219 1382 1435 1453 gradus
1450 1382 1511 1438 5i
1537 1383 1783 1449 minuta,
1799 1386 1854 1437 et
1872 1382 1995 1438 dies

346 1468 473 1540 ejus
503 1468 716 1542 longus
737 1470 806 1524 I5
835 1469 1133 1526 horarum.

416 1557 679 1613 Climatis
699 1558 933 1629 septimi
964 1557 1211 1613 latitudo
1244 1560 1311 1613 48
1333 1560 1550 1632 gradus
1580 1564 1635 1615 et
1656 1562 1724 1615 32
1747 1559 1993 1625 minuta,

344 1650 400 1703 et
428 1647 551 1702 dies
573 1648 700 1718 ejus
726 1646 935 1718 longus
967 1648 1033 1701 16
1064 1647 1361 1703 horarum.

926 1754 1161 1809 CAPUT
1193 1755 1332 1810 XIX.

344 1843 612 1911 Quomodo
642 1843 786 1898 orbis
813 1844 867 1924 in
892 1915 901 1925 .
926 1846 1381 1930 septennipatilus
1412 1846 1480 1899 sil
1537 1846 1783 1906 climata,
1818 1846 1868 1898 et
1898 1842 1995 1896 ubi
2026 1867 2072 1930 Β

817 1915 1039 1969 initium
1068 1919 1116 1969 et
1148 1917 1274 1984 ﬁnis
1303 1932 1508 1971 eorum.

415 2004 651 2058 Initium
686 2003 858 2075 primi
891 2002 1144 2058 climatis
1199 2010 1286 2060 est
1327 2021 1394 2059 ex
1425 2009 1586 2076 parte
1617 2002 1884 2059 orientali
1918 2004 1987 2058 ah

340 2093 587 2159 Oceano,
621 2092 717 2147 ubi
737 2096 873 2147 sunt
894 2093 1043 2146 ostia
1065 2093 1282 2164 Gangis
1311 2093 1488 2159 ﬂuvii,
1518 2098 1573 2148 et
1600 2093 1865 2147 ambulat
1890 2109 1992 2163 per

342 2182 565 2239 Indiam
589 2187 645 2237 et
669 2182 883 2246 Asiam,
908 2186 963 2236 et
985 2181 1286 2236 universos
1310 2182 1589 2237 terminos
1604 2184 1732 2252 ejus
1748 2198 1815 2235 ex
1829 2186 1989 2253 parte

339 2271 471 2325 Euri
500 2288 685 2342 usque
718 2271 788 2325 ad
846 2268 1101 2325 insulam
1143 2270 1567 2340 Taprobanem,
1618 2288 1743 2341 quae
1785 2276 1873 2325 est
1930 2270 1987 2324 in

338 2358 564 2412 Oceano
597 2359 813 2423 Indico,
841 2359 911 2413 ad
946 2358 1073 2427 ejus
1103 2357 1305 2412 insulse
1325 2358 1587 2413 civitates
1608 2358 1805 2413 decem
1830 2365 1990 2413 caete-

338 2462 553 2517 rasque
575 2446 861 2517 plurimas
886 2464 898 2512 ;
923 2451 980 2501 et
1000 2446 1082 2501 sic
1104 2448 1174 2501 ab
1198 2446 1428 2502 Oriente
1450 2447 1782 2502 extenditur
1804 2464 1990 2518 usque

339 2534 410 2588 ad
447 2550 606 2589 mare
636 2535 896 2590 Rubrum
931 2540 1131 2590 contra
1188 2535 1514 2602 meridiem,
1545 2536 1763 2591 scilicet
1796 2535 1989 2591 Antio-

337 2621 529 2678 chiam
561 2628 868 2691 armatam,
904 2623 1322 2691 Piternnatam,
1370 2625 1748 2696 [Pitinnatam
1782 2626 1863 2680 vel
1897 2624 1986 2679 Pi-

336 2714 534 2784 tanen]
566 2712 650 2769 vel
677 2713 996 2768 Bitinniam
1024 2718 1081 2768 et
1110 2714 1428 2780 Persidam,
1453 2718 1508 2769 et
1530 2713 1755 2786 aliquas
1788 2713 1986 2769 civita-

333 2807 421 2858 tes
436 2802 702 2876 Assyrize,
718 2802 1127 2858 Alexandriam
1150 2803 1420 2870 Persidis,
1441 2808 1496 2857 et
1514 2820 1672 2858 mare
1692 2803 1987 2859 Persicum

335 2895 392 2948 et
424 2897 639 2948 terram
670 2892 975 2947 Arabicam
1010 2897 1067 2947 et
1098 2909 1282 2964 usque
1310 2893 1379 2946 ad
1420 2892 1750 2965 zEgyptum,
1784 2898 1841 2948 et
1874 2896 1989 2947 ter-

336 2998 459 3037 ram
495 2981 844 3053 (Ethiopiam
878 2982 1234 3052 ﬂuviumque
1265 2980 1459 3036 Nilum
1536 2987 1592 3037 et
1639 2982 1851 3037 Merois
1885 2981 1989 3052 [vel

335 3070 510 3143 Mero]
543 3070 821 3136 insulam,
855 3072 925 3124 de
985 3088 1099 3142 qua
1130 3070 1305 3125 etiam
1358 3088 1541 3126 unum
1573 3070 1749 3125 clima
1780 3069 1988 3126 Merois

334 3160 677 3233 appellatur.
716 3159 924 3214 Deinde
957 3159 1013 3214 in
1045 3159 1248 3214 Africa:
1287 3161 1550 3231 partibus
1573 3159 1860 3215 aMeridie
1891 3175 1989 3230 per

2107 582 2322 653 partim
2354 583 2713 651 Numidiam,
2745 581 3139 655 Tingitaniam
3171 583 3529 649 caaterosque
3549 576 3737 633 termi-

2106 687 2213 727 nos
2246 687 2431 742 usque
2461 671 2532 726 ad
2564 671 2876 739 Oceanum,
2909 671 3106 742 ibique
3135 668 3503 725 terminatur.

2178 760 2417 816 Initium
2445 759 2633 832 quinti
2666 760 2738 815 ab
2770 760 3002 815 Oriente
3031 774 3191 814 mare
3219 756 3500 830 Caspium
3530 759 3588 811 et
3616 771 3737 827 par-

2107 849 2212 903 tim
2244 849 2538 921 Scythiam
2573 853 2747 911 tenet,
2777 848 3026 920 partitur
3046 846 3387 903 Armeniam
3411 861 3544 902 cum
3568 848 3740 913 sexto,

2106 938 2435 1009 transitque
2459 943 2690 993 montes
2722 935 3282 1009 Ceraunios,pariter
3301 934 3597 990 Galilaeam
3620 949 3740 989 cum

2108 1031 2335 1096 quarto,
2368 1031 2424 1081 et
2453 1031 2609 1081 tenet
2657 1026 3005 1091 Samariam,
3041 1028 3299 1081 montem
3331 1020 3661 1078 Carmelum
3688 1026 3739 1077 et

2105 1116 2263 1170 venit
2320 1132 2504 1187 usque
2563 1116 2634 1170 ad
2685 1132 2845 1171 mare
2885 1114 3380 1170 Mediterraneum
3409 1117 3467 1168 et
3494 1109 3739 1166 insulam

2105 1204 2459 1273 Sardiniam,
2492 1204 3025 1277 Carthaginemque
3057 1206 3114 1258 et
3143 1202 3356 1273 partim
3387 1199 3737 1268 Numidiam,

2107 1297 2163 1348 et
2188 1293 2270 1347 sic
2302 1292 2669 1365 protenditur
2716 1309 2819 1365 per
2866 1290 3259 1364 Tingitaniam
3289 1294 3347 1345 et
3396 1304 3499 1360 per
3527 1286 3740 1344 insulas

2107 1382 2287 1436 maris
2325 1382 2727 1437 Mediterranei
2754 1398 2942 1453 usque
2972 1381 3045 1436 ad
3073 1377 3404 1435 Occidentis
3432 1380 3741 1445 Oceanum,

2105 1468 2301 1541 ibique
2332 1471 2699 1526 terminatur.

2176 1558 2411 1614 Initium
2446 1560 2589 1615 sexti
2622 1560 2692 1615 ab
2724 1558 2956 1615 Oriente
3013 1575 3049 1613 a
3086 1556 3229 1613 mari
3259 1556 3468 1629 Caspio
3500 1554 3743 1628 partitur

2103 1649 2462 1713 Armeniam,
2496 1653 2655 1703 tenet
2686 1647 2937 1720 primum
2973 1645 3371 1703 Macedoniam
3402 1648 3584 1700 totam
3616 1659 3743 1699 cum

2108 1754 2138 1789 u
2150 1736 2393 1792 niversis
2410 1736 2680 1792 terminis
2695 1736 2818 1792 suis
2837 1740 2893 1791 et
2909 1734 3136 1791 insulas
3151 1733 3346 1807 Magni
3363 1733 3746 1799 maris,trans-

2106 1825 2265 1895 itque
2320 1825 2809 1881 Mediterraneum
2843 1841 3023 1889 mare,
3056 1827 3112 1878 et
3159 1822 3413 1894 partitur
3445 1820 3744 1877 Arcadiam

2104 1931 2238 1968 cum
2273 1915 2543 1985 septimo,
2588 1919 2641 1969 et
2699 1918 2902 1969 contra
2934 1912 3232 1967 Meridiem
3259 1916 3510 1981 occupat
3563 1908 3746 1966 Saler-

2108 2021 2267 2070 nam,
2302 2003 2610 2074 Neapolim
2645 2008 2699 2057 et
2734 2002 3075 2058 Romaniam
3127 2006 3183 2056 et
3211 2004 3457 2055 Romam
3486 1998 3745 2065 alteram,

2096 2097 2159 2147 et
2187 2093 2518 2148 extenditur
2545 2108 2644 2163 per
2706 2090 2930 2146 Italiam
2962 2098 3016 2146 et
3064 2088 3460 2154 Germaniam,
3496 2087 3745 2160 partitur

2102 2198 2233 2236 cum
2269 2182 2519 2253 septimo
2545 2180 2855 2236 Frunciam
2880 2181 3249 2250 majorem,et
3268 2178 3351 2234 sic
3382 2178 3455 2233 od
3476 2176 3747 2232 Occiden-

2102 2270 2177 2325 tis
2208 2276 2449 2326 cunctas
2482 2275 2758 2342 protensa
2788 2269 3056 2340 regiones
3107 2266 3364 2321 vindicat
3409 2264 3522 2321 sibi
3554 2269 3747 2321 totam

2104 2358 2465 2431 Hispaniam,
2502 2359 2556 2412 in
2590 2358 2715 2429 ipso
2747 2355 2958 2413 Oceani
2990 2355 3170 2411 limbo
3196 2353 3563 2410 terminatur.

2174 2448 2410 2503 Initium
2452 2446 2685 2518 septimi
2718 2446 2789 2500 ab
2820 2446 3046 2500 Oceano
3077 2442 3351 2499 orientali
3406 2442 3631 2498 habens
3688 2442 3747 2497 in

2062 2568 2067 2573 -
2101 2537 2308 2607 primis
2339 2541 2540 2591 contra
2559 2534 3022 2607 Septentrionem
3046 2532 3540 2598 Albanos,deinde
3569 2530 3749 2587 Thra-

2102 2627 2250 2680 ciam
2284 2631 2339 2680 et
2369 2626 2699 2698 Smyrnzeos
2730 2640 2990 2695 campos,
3020 2622 3348 2693 transitque
3371 2636 3530 2676 mare
3551 2620 3749 2675 Ponti-

2101 2731 2236 2769 cum
2268 2719 2325 2769 et
2346 2713 2718 2786 ZEgmumJbi
2749 2712 2963 2768 celsam
2982 2711 3160 2767 habet
3178 2709 3749 2782 Constantinopolim

2101 2808 2411 2874 partesque
2444 2802 2694 2870 Graeciaa,
2728 2805 2785 2856 et
2813 2805 3018 2856 contra
3052 2799 3349 2855 Meridiem
3393 2799 3608 2871 partim
3638 2801 3751 2853 Ar-

2101 2892 2352 2960 cadiam,
2384 2895 2563 2947 totam
2596 2890 3001 2956 Thessaliam;
3050 2892 3253 2944 contra
3282 2888 3753 2960 Septentrionem

2101 2981 2337 3037 Daciam
2373 2984 2428 3035 et
2458 2985 2691 3052 gentem
2726 2978 3114 3044 barbaricam,
3176 2977 3386 3050 partim
3442 2976 3751 3033 Franciam

2103 3071 2409 3141 majorem,
2447 3067 3144 3138 Brittanniam,Scotiam,
3174 3071 3388 3123 terram
3418 3065 3746 3139 Anglicam,

2102 3158 2441 3214 Gallias.Sic
2465 3158 2535 3212 ad
2558 3158 2927 3213 Occidentem
2962 3159 3234 3229 protensa
3264 3172 3454 3227 usque
3483 3155 3554 3211 ad
3585 3156 3750 3211 basi-

335 3249 718 3304 Garamantes
741 3248 1099 3319 ﬂuviumque
1124 3248 1278 3303 Geon
1304 3254 1359 3303 et
1387 3253 1643 3303 montem
1672 3246 1910 3315 Astrixi,
1934 3251 1989 3301 et
2020 3233 2063 3300 C
2105 3248 2277 3303 licam
2313 3249 2369 3302 S.
2395 3247 2592 3303 Jacobi
2619 3244 3096 3317 apostoli,ibique
3118 3245 3176 3300 in
3196 3244 3496 3301 Occidenti
3516 3244 3750 3301 Oceano

334 3354 438 3409 per
469 3338 699 3391 deserta
718 3353 961 3391 arenosa
985 3341 1042 3390 et
1073 3341 1307 3391 caeteras
1337 3342 1528 3408 partes
1551 3342 1606 3391 et
1631 3353 1733 3408 per
1755 3336 1987 3391 Mauros

294 3458 301 3465 -
335 3424 730 3492 Matibienses,
756 3424 906 3479 etsic
925 3424 980 3478 in
1001 3425 1371 3479 Occidentem
1396 3441 1579 3495 usque
1603 3425 1673 3480 ad
1694 3424 1987 3479 Oceanum

335 3511 536 3582 ibique
566 3511 934 3582 terminatur.

408 3600 644 3654 Initium
677 3600 920 3655 secundi
969 3599 1219 3655 climatis
1248 3605 1337 3655 est
1366 3601 1437 3656 ab
1473 3601 1698 3657 Oceano
1730 3601 1798 3656 de
1828 3605 1989 3672 parte

336 3687 587 3745 Orientis
618 3688 690 3744 ab
713 3688 910 3743 insula
964 3689 1186 3755 Costra,
1236 3695 1291 3745 et
1320 3691 1531 3745 transit
1560 3707 1663 3762 per
1694 3690 1989 3745 Parthiam

332 3779 576 3851 ejusque
605 3778 891 3834 terminos
920 3782 977 3833 et
1022 3778 1230 3833 Persiaa
1264 3778 1493 3850 aliquas
1524 3785 1738 3851 partes,
1789 3784 1991 3834 contra

334 3868 792 3941 septentrionem
825 3871 1084 3923 montem
1127 3868 1308 3935 Sinai,
1342 3873 1398 3923 et
1436 3872 1637 3924 contra
1688 3868 1991 3924 meridiem

339 3958 568 4012 deserta
585 3973 797 4027 magna
819 3956 1087 4011 Soddmm
1109 3960 1165 4012 et
1191 3957 1545 4034 Gomorrhze,
1582 3957 1990 4012 Alexandriam

347 4045 597 4117 Egypti,
630 4050 830 4116 gentes
852 4046 1402 4119 Libyas,partimque
1423 4048 1732 4120 zEgyptum
1758 4048 1994 4103 inferio-

337 4149 480 4201 rem,
511 4138 568 4187 et
596 4134 679 4188 sic
718 4133 1049 4189 extenditur
1079 4151 1179 4205 per
1223 4135 1644 4208 Tripolitanam
1703 4153 1888 4208 usque
1920 4137 1989 4192 ad

342 4221 776 4277 Mauritaniam.

410 4310 645 4367 Initium
677 4311 830 4367 tertii
865 4311 1121 4367 climatis
1174 4317 1262 4367 est
1292 4312 1348 4366 in
1383 4314 1603 4371 oriente
1655 4316 1727 4370 ab
1768 4315 1994 4371 Oceano

341 4401 412 4456 de
446 4405 640 4457 monte
670 4400 932 4467 Timavo,
966 4406 1023 4455 et
1052 4400 1315 4456 ambulat
1347 4420 1446 4473 per
1470 4403 1835 4459 Antiochiam
1867 4405 1996 4474 ejus

341 4507 453 4563 que
484 4494 722 4545 cunctos
756 4490 1055 4557 terminos,
1100 4491 1426 4562 transitque
1453 4492 1695 4547 fluvium
1743 4492 1995 4565 Physon,

343 4584 617 4651 tenetque
647 4581 1008 4670 Aracusiam,
1033 4585 1088 4634 et
1108 4579 1434 4646 Albaniam,
1460 4581 1790 4653 partimque
1813 4582 1996 4637 Meso-
2031 4607 2075 4670 Ι)

342 4670 661 4740 potamiam
694 4673 749 4723 et
779 4668 1098 4741 Gatogoias
1122 4687 1140 4723 :
1173 4670 1327 4725 unde
1377 4676 1434 4725 et
1466 4671 1591 4742 ipsa
1623 4677 1996 4742 nuncupatur

342 4756 719 4823 Damascum,
754 4758 1079 4829 transitque
1120 4774 1277 4813 mare
1324 4760 1619 4814 Mortuum
1669 4763 1725 4814 et
1773 4760 1985 4831 partim

336 4845 574 4917 Libyam
616 4845 1011 4916 Cyrenaicam,
1046 4852 1104 4901 et
1147 4849 1231 4902 sic
1267 4866 1365 4919 per
1412 4848 1670 4904 diversos
1724 4850 1984 4921 partium

328 4934 787 5005 terminos,quos
818 4935 1052 5007 longum
1084 4942 1173 4991 est
1202 4938 1476 5005 ediscere,
1516 4955 1697 5009 usque
1720 4939 1790 4992 ad
1820 4938 1990 4994 Ocea-

330 5039 472 5079 num
506 5024 836 5079 Occidentis
870 5032 1209 5097 protensum
1252 5026 1386 5096 [εοιῑ.
1439 5027 1728 5098 pretensa,1
1762 5027 1984 5082 linitur.

408 5113 645 5168 Initium
672 5131 802 5169 vero
835 5115 1022 5185 quarti
1068 5116 1320 5170 climatis
1368 5126 1449 5171 est
1513 5116 1568 5170 in
1601 5117 1853 5177 Oriente.
1904 5123 1985 5171 te-

333 5208 545 5275 netque
567 5204 624 5258 in
649 5205 835 5276 capite
860 5204 1070 5275 partim
1094 5204 1269 5259 simul
1295 5221 1425 5260 cum
1453 5206 1657 5277 quinto
1692 5206 1985 5277 Scythiam

332 5294 628 5375 ettransit
660 5300 915 5349 montem
945 5298 1265 5348 Caucasum
1289 5298 1345 5348 et
1367 5295 1633 5365 partitur,
1661 5295 1987 5367 accipitque

330 5398 465 5435 cum
498 5383 665 5437 tertio
726 5390 948 5455 partem
1008 5383 1437 5453 Mesopotamiae
1469 5389 1526 5438 et
1586 5401 1719 5439 cum
1781 5385 1985 5457 quinto

333 5471 779 5542 Cappadociam,
814 5479 870 5527 et
906 5472 1117 5529 transit
1146 5473 1385 5528 ﬂuvium
1442 5473 1716 5530 Jordanis
1748 5480 1802 5529 et
1833 5474 1983 5531 Gali-

333 5560 525 5628 laeam,
552 5562 764 5633 partim
796 5568 1040 5635 occupat
1067 5562 1390 5619 Jerusalem
1441 5569 1797 5637 cunctosque
1848 5582 1986 5621 suos

334 5650 641 5722 terminos,
674 5656 731 5709 et
759 5652 842 5710 sic
868 5653 939 5710 ad
970 5651 1338 5712 Occidentem
1369 5658 1709 5729 protensum
1739 5655 1988 5731 partitur

2100 3337 2467 3392 terminatur.
2502 3336 2579 3391 De
2635 3335 2868 3401 insulis,
2903 3352 3050 3406 quas
3106 3333 3381 3406 Cycladas
3419 3332 3748 3407 appellant,

2099 3427 2344 3481 dubium
2392 3431 2480 3480 est
2509 3424 2603 3480 cui
2652 3426 3006 3495 deputentur
3043 3423 3286 3493 climati,
3320 3440 3467 3495 quas
3493 3422 3751 3495 diligens

2098 3515 2391 3586 inspector
2421 3513 2777 3578 walzacorze,
2813 3513 2859 3567 si
2896 3512 3004 3584 ipsi
3066 3511 3281 3568 fuerint
3311 3511 3547 3577 insulis,
3605 3511 3747 3567 abs-

2098 3609 2305 3676 terget,
2338 3604 2495 3675 quod
2543 3602 2782 3658 cuilibet
2839 3602 3206 3673 probandum
3267 3600 3608 3656 dimittitur.
3645 3600 3747 3655 Hm

2098 3692 2539 3749 distributiones
2579 3690 2880 3746 climatum
2931 3695 2987 3746 et
3042 3690 3354 3747 latiudines
3414 3691 3745 3747 secundum

2099 3782 2376 3837 Arabicos
2404 3782 2553 3836 ﬁunt
2584 3785 2869 3837 auctores.

2723 3896 2957 3951 CAPUT
2995 3896 3114 3952 XX.

2344 3987 2405 4043 Ut
2434 3988 2574 4041 scias
2604 3986 2653 4040 si
2675 3986 2746 4040 sit
2774 3989 2902 4041 ante
2929 3986 3012 4041 vel
3033 3991 3151 4056 post
3195 3984 3503 4041 meridiem.

2175 4094 2416 4158 Quando
2464 4093 2677 4165 quaeris
2709 4092 2855 4148 scire
2903 4093 2952 4149 si
2983 4097 3071 4148 est
3110 4096 3242 4149 ante
3292 4092 3604 4149 meridiem
3649 4098 3766 4150 aut

2103 4189 2252 4256 post,
2288 4182 2485 4254 accipe
2506 4182 2873 4238 altitudinem
2898 4181 3040 4239 solis
3073 4182 3130 4237 in
3160 4183 3333 4238 dorso
3364 4180 3768 4250 astrolabii,et

2104 4274 2233 4328 vide
2266 4272 2311 4327 si
2334 4271 2634 4327 descendit
2655 4270 2739 4326 sol
2766 4271 2822 4325 in
2846 4270 2991 4343 ipsis
3010 4271 3082 4325 90
3102 4270 3432 4327 ordinibus.
3457 4270 3516 4326 Si
3549 4287 3765 4327 ascen-

2105 4362 2209 4429 dit,
2242 4366 2329 4417 est
2358 4365 2493 4416 ante
2518 4359 2859 4429 meridiem;
2894 4359 2944 4414 si
2972 4358 3293 4428 descendit,
3323 4363 3456 4431 post
3479 4360 3760 4417 medium

2106 4451 2281 4507 diem.

2717 4556 2948 4611 CAPUT
2988 4556 3129 4610 XXI.

2302 4648 2373 4701 De
2396 4646 2737 4701 inveniendis
2768 4647 2823 4699 in
2854 4645 3011 4701 dorso
3042 4645 3341 4701 Αδίνυιαέιίὶ
3371 4646 3539 4701 horis.

2167 4763 2405 4828 Quando
2436 4763 2521 4816 vis
2569 4762 2717 4815 scire
2750 4762 2807 4816 in
2840 4762 3012 4817 dorso
3045 4760 3413 4832 astrolopsus
3445 4760 3591 4817 hora
3633 4806 3647 4825 ,
3681 4762 3755 4817 in

2099 4852 2305 4923 primis
2336 4853 2486 4905 scias
2519 4856 2802 4921 quantum
2839 4849 2923 4905 sol
2945 4851 3153 4906 debeat
3179 4850 3494 4905 ascendere
3526 4850 3583 4905 in
3618 4851 3765 4921 ipsa

2098 4941 2189 4995 die
2222 4959 2335 5012 qua
2377 4940 2627 4996 volueris
2688 4939 2863 4994 horas
2915 4940 3179 5011 probare,
3212 4942 3270 4993 ct
3319 4938 3509 5010 ipsam
3541 4955 3772 4995 ascen-

2098 5030 2321 5085 sionem
2357 5029 2437 5084 vel
2468 5028 2837 5083 altitudinem
2871 5030 3010 5082 solis
3059 5046 3091 5083 a
3126 5028 3309 5096 primo
3340 5028 3528 5100 gradu
3577 5033 3765 5086 ortus

2097 5119 2239 5175 solis
2274 5137 2458 5191 usque
2489 5120 2559 5173 ad
2599 5118 2874 5171 ultimum
2902 5118 3113 5188 partiri-
3139 5133 3239 5187 pcr
3264 5118 3300 5170 6
3326 5121 3531 5189 partes
3565 5118 3778 5189 ipsas-

2098 5226 2210 5280 que
2236 5215 2425 5279 partes
2447 5225 2545 5278 per
2567 5206 2755 5277 signa,
2780 5212 2853 5274 et,
2880 5207 3019 5259 dum
3056 5206 3138 5260 sul
3174 5206 3498 5276 pervenerit
3527 5208 3600 5262 ad
3621 5207 3777 5279 ipsa.

2094 5297 2264 5365 signa
2293 5298 2350 5351 in
2381 5295 2686 5361 Alhidada,
2718 5296 2869 5349 scias
2917 5294 3000 5348 sic
3033 5296 3204 5348 horas
3227 5298 3413 5349 certas
3446 5310 3633 5366 usque
3665 5297 3759 5353 ad

2093 5388 2127 5441 6
2152 5405 2163 5453 ;
2200 5392 2327 5459 post
2355 5387 2407 5447 6,
2435 5389 2667 5439 retorna
2691 5383 3099 5439 descendendo
3135 5399 3320 5454 usque
3343 5383 3414 5437 ad
3450 5399 3772 5443 occasum.

2095 5476 2205 5530 Sed
2240 5479 2320 5541 tu,
2354 5474 2553 5539 lector,
2586 5472 2634 5529 si
2672 5471 2982 5545 diligenter
3013 5471 3474 5527 animadvertere
3516 5471 3778 5545 quaeris,

2093 5570 2155 5619 tu
2187 5564 2310 5636 ipse
2341 5581 2442 5636 per
2472 5562 2808 5635 prmdictam
2851 5560 3259 5628 \'.'al2:1c.irain,
3295 5559 3352 5615 id
3387 5566 3477 5617 est
3505 5559 3778 5631 planant

2094 5653 2381 5729 sphaeram
2412 5652 2641 5711 diversa
2672 5650 2889 5727 poteris
2924 5650 3206 5711 fabricare
3228 5647 3557 5732 horologia.
