4102 6174
1314 373 1415 436 DE
1459 373 2010 439 UTILITATIBUS
2053 375 2552 441 ASTROLABII.

3518 375 3646 478 406i

1255 525 1631 620 LIBER
1706 527 2360 624 SECUNDUS
2411 529 2619 622 (ίθοί).

767 674 996 732 CAPUT
1031 675 1348 733 PRIMUM.

235 767 633 826 Danaorum-auo
670 764 1025 836 componendi
1051 781 1176 820 cum
1230 767 1577 822 convertibili
1622 769 1883 824 sciothero

551 855 856 926 horologeci
885 856 1158 913 viatorum
1178 857 1548 912 instrumenti.

302 945 692 1017 Componitur
713 943 966 1016 quodam
999 943 1249 1015 simplex
1278 947 1335 998 et
1365 943 1672 1015 parvulum
1709 944 1886 999 viato-

233 1037 397 1094 ribus
423 1033 828 1104 horologicum
858 1033 1337 1102 instrumentum,
1370 1033 1527 1104 quod
1562 1033 1619 1087 in
1643 1034 1883 1087 modum

235 1123 438 1182 teretis
476 1127 534 1177 et
580 1120 822 1192 aequalis
870 1121 1288 1194 grossitudinis
1329 1121 1443 1192 pali
1478 1138 1580 1176 seu
1635 1121 1882 1194 cylindri

236 1216 557 1272 formatum
579 1215 754 1282 atque
776 1226 1130 1281 suspensum
1162 1209 1222 1264 in
1240 1210 1580 1266 summitate
1601 1215 1886 1266 transver-

239 1305 349 1362 sim
373 1299 838 1374 orthogonaliter
855 1300 1190 1366 afﬁxum,et
1217 1299 1766 1356 circumvertibilem
1788 1301 1884 1356 ha-

237 1395 333 1449 bet
353 1390 738 1447 sciotherum.
773 1391 895 1454 Quo
925 1405 1029 1460 per
1076 1405 1283 1460 gyrum
1316 1389 1373 1443 in
1435 1390 1613 1445 latere
1639 1389 1883 1445 lineatas

237 1499 341 1555 per
368 1479 608 1552 singula
637 1479 706 1534 12
735 1477 903 1550 signa
929 1476 1018 1532 vel
1044 1493 1278 1533 menses
1317 1478 1529 1533 umbra
1558 1496 1664 1534 sua
1695 1483 1882 1535 certas

239 1571 491 1641 attingat
528 1573 586 1622 et
633 1566 980 1622 determinet
1037 1566 1231 1621 horas.
1291 1567 1474 1637 Cujus
1521 1584 1880 1635 mensuram,

240 1662 417 1733 prout
445 1655 749 1712 astrolabii
780 1655 1000 1711 ratione
1028 1655 1190 1726 potui
1219 1655 1500 1721 invenire,
1526 1656 1680 1712 sicut
1703 1657 1885 1726 jussi-

239 1749 336 1815 αἱ,
369 1745 726 1802 charissima
756 1745 933 1800 frater
959 1743 1314 1811 Werinheri,
1346 1744 1622 1811 dilucide,
1659 1750 1722 1799 ut
1751 1762 1884 1816 pos-

240 1852 397 1903 Ium,
426 1834 666 1890 tentabo
696 1833 1042 1889 describere.

307 1928 374 1981 In
406 1922 618 1996 primis
639 1921 839 1994 itaque
851 1921 1164 1977 circuitum
1189 1921 1319 1991 ejus
1335 1920 1394 1976 in
1421 1937 1562 1977 sena
1582 1921 1889 2004 intervalla

1913 682 1968 746 Α
1998 683 2064 734 ut
2092 680 2277 750 prius,
2310 679 2480 736 lineis
2511 681 2744 754 singula
2759 682 2971 755 divido,
3006 688 3063 742 et
3083 685 3166 742 ita
3194 688 3264 742 12
3293 687 3352 744 in
3382 691 3503 745 toto
3534 690 3643 745 cir-

1997 769 2155 822 cuitu
2189 769 2511 849 intervallis
2541 771 2761 827 effectis
2794 773 3053 844 primum
3102 776 3336 842 horum,
3371 779 3525 849 quod
3557 779 3642 834 vi-

1995 856 2205 914 delicet
2234 845 2529 930 Sagitta/rii
2565 865 2858 930 postrema
2909 867 2963 918 et
2994 864 3329 936 Capricorni
3356 845 3646 940 principia

1994 946 2268 1014 continet,
2296 947 2521 1002 decimo
2555 951 2763 1016 mensi,
2800 951 2857 1004 in
2889 953 3061 1022 cujus
3094 954 3286 1009 medio
3321 955 3641 1013 solstitium

1992 1035 2241 1091 hiemale
2275 1037 2578 1108 contingit,
2603 1038 2840 1109 deputo.
2865 1042 3145 1112 Sequenti
3171 1043 3309 1098 bino
3335 1045 3644 1101 intervalla

1990 1124 2269 1180 Januario
2300 1127 2545 1196 ejusque
2577 1129 2835 1198 compari
2868 1129 3179 1185 Novembri
3211 1132 3428 1186 tribuo.
3464 1135 3642 1196 Quar-

1993 1218 2120 1268 tum
2153 1230 2286 1268 cum
2321 1215 2529 1285 quinto
2562 1216 2876 1271 Februario
2900 1223 2957 1272 et
2987 1219 3258 1288 Octobri;
3323 1225 3549 1276 sextum
3585 1228 3645 1277 et

1992 1302 2310 1374 septimum
2343 1303 2549 1357 Martio
2581 1308 2636 1358 et
2667 1305 2992 1375 Septembri
3019 1326 3031 1373 ;
3065 1308 3124 1361 in
3144 1325 3396 1379 quorum
3427 1312 3642 1366 medie-

1990 1391 2206 1446 tatibus
2237 1391 2376 1445 bina
2404 1392 2748 1463 mquinoctia
2779 1395 3023 1450 veniunt
3049 1396 3336 1468 Ariesque
3382 1404 3438 1453 et
3470 1400 3644 1455 Libra

1990 1480 2226 1536 initium
2259 1486 2523 1536 sumunt.
2557 1481 2778 1536 Dehinc
2821 1487 3087 1538 octavum
3114 1501 3248 1539 cum
3280 1501 3432 1540 nono
3461 1486 3643 1556 Aprili

1994 1573 2052 1624 et
2073 1570 2336 1640 Augusto
2373 1586 2385 1634 ;
2447 1586 2582 1624 cum
2641 1570 2867 1625 decimo
2901 1571 3276 1626 undecimum
3311 1574 3527 1629 Maium
3559 1579 3644 1628 te-

1995 1662 2170 1713 neant
2208 1663 2265 1712 et
2290 1657 2534 1713 Julium.
2571 1659 3014 1726 Duodecimum,
3049 1662 3204 1731 quod
3237 1667 3435 1729 restat,
3488 1664 3643 1734 quod

1993 1744 2262 1801 videlicet
2293 1750 2349 1800 et
2379 1746 2789 1802 Germinorum
2824 1752 3082 1803 extrema
3113 1755 3169 1804 et
3209 1752 3417 1805 Cancri
3457 1751 3647 1822 prima

1994 1838 2196 1907 gestat,
2227 1835 2470 1909 Junium
2503 1851 2637 1890 cum
2663 1836 2858 1891 aestivo
2913 1837 2972 1891 in
3016 1838 3208 1892 medio
3260 1840 3351 1894 sui
3381 1839 3644 1895 Solstitio

2005 1921 2274 1992 accipiat.

238 2014 436 2072 ductis
460 2030 497 2068 ι
527 2028 765 2068 summo
785 2011 1059 2067 deorsum
1081 2009 1252 2066 lineis
1281 2011 1496 2077 divido,
1529 2011 1694 2068 ethis
1723 2003 1882 2068 senis
1922 2047 1968 2110 Β
2070 2012 2171 2068 His
2202 2011 2510 2068 duodecim
2541 2012 2889 2081 intervallis,
2924 2013 3033 2068 hoc
3056 2016 3230 2068 modo
3258 2031 3361 2086 per
3392 2015 3561 2088 signa
3589 2020 3647 2071 et

238 2103 450 2176 signis,
488 2103 551 2158 in
583 2100 802 2173 quibus
831 2099 956 2155 dies
975 2103 1269 2166 crescunt,
1305 2099 1364 2154 id
1395 2103 1484 2155 est
1514 2099 1886 2172 Capricorno,

235 2191 520 2264 Aquario,
556 2189 844 2254 Piscibus,
912 2187 1124 2257 Ariete,
1154 2189 1344 2243 Tauro
1375 2191 1432 2242 et
1480 2188 1742 2244 Geminis
1800 2189 1889 2242 in-

239 2281 461 2347 scr-ibo,
522 2284 582 2335 et
613 2279 750 2333 inde
807 2281 1100 2332 revertens
1154 2275 1381 2348 reliqua
1425 2277 1888 2332 decrescentium

236 2369 444 2425 itidem
476 2369 709 2424 dierum
743 2367 911 2438 signa
941 2366 1054 2421 sibi
1085 2366 1144 2420 in
1166 2366 1466 2438 quantiate
1495 2367 1705 2422 diebus
1736 2383 1890 2422 com-

237 2458 483 2532 paribus
504 2456 792 2528 compleo.
812 2456 1099 2511 Cancrum
1121 2454 1388 2511 videlicet
1408 2456 1890 2520 Geminis,Tauro

236 2549 517 2614 Leonem,
547 2545 847 2618 Virginem
877 2545 1077 2612 Arieti,
1112 2543 1377 2600 Piscibus
1409 2545 1664 2609 Libram,
1696 2547 1889 2616 Aqua-

236 2638 318 2693 rio
341 2633 998 2708 Scorpium,Sagittario
1028 2632 1470 2704 Capricornum.
1497 2633 1737 2701 Deinde,
1753 2635 1891 2706 quia

235 2726 292 2782 in
310 2725 508 2782 medio
531 2723 904 2797 singulorum
923 2721 1140 2790 singuli
1155 2738 1387 2779 menses
1407 2722 1734 2793 ordiuntur,
1743 2739 1888 2794 pra:-

237 2815 348 2873 fata
377 2816 692 2888 signorum
722 2829 822 2870 sex
850 2811 1156 2868 intervalla
1184 2811 1244 2866 in
1277 2813 1392 2868 duo
1441 2813 1644 2868 itidem
1673 2813 1886 2879 ductis,

1286 3350 1427 3404 Nov.
1499 3349 1698 3419 Scorp.
1749 3347 1950 3401 Octob.
2005 3347 2195 3402 Libra.
2266 3349 2422 3420 Sept.
2494 3349 2654 3420 Virg.

2003 2116 2233 2155 menses
2282 2099 2849 2168 distributisﬁnales
2896 2102 3264 2174 singularum
3307 2104 3421 2158 diei
3467 2104 3644 2159 hora-

1999 2206 2128 2243 rum
2154 2188 2525 2259 lineas,juxta
2541 2205 2849 2245 ascensum
2863 2190 2949 2244 vel
2963 2192 3307 2246 descensum
3324 2191 3464 2248 solis
3481 2194 3646 2247 diur-

1999 2294 2140 2332 num
2174 2294 2275 2332 seu
2300 2282 2694 2343 menstruum,
2729 2279 3204 2334 debesinvenire.
3241 2281 3351 2336 Sed
3385 2284 3450 2335 ut
3479 2280 3645 2336 labo-

1999 2383 2120 2421 rem
2153 2365 2256 2421 tibi
2290 2366 2381 2420 hic
2431 2366 2776 2438 scrupulose
2824 2369 3158 2439 quaeritanti
3191 2369 3472 2436 adimam,
3507 2374 3648 2440 quot

2000 2456 2217 2526 gradus
2241 2456 2296 2509 in
2331 2455 2446 2510 fine
2478 2456 2965 2525 cujuslibetborae
2997 2459 3055 2511 in
3083 2458 3316 2514 climate
3336 2462 3535 2514 nostro
3559 2458 3648 2514 sol

2001 2543 2059 2598 in
2093 2544 2566 2616 uniuscujusque
2596 2545 2747 2617 signi
2779 2545 2866 2601 vel
2901 2546 3120 2602 mensis
3153 2547 3315 2602 initio
3350 2549 3646 2613 ascendat,

1999 2633 2270 2698 breviter,
2305 2634 2459 2688 sicut
2494 2651 2591 2705 per
2622 2634 2920 2690 astrolabii
2945 2636 3366 2706 experientiam
3390 2652 3649 2708 compre-

1999 2722 2252 2777 hendere
2282 2727 2503 2794 potero,
2536 2723 2594 2776 in
2629 2722 2879 2777 formula
2909 2724 3172 2794 subjecta
3203 2723 3556 2778 describam.

2071 3159 2109 3184 ω

2055 3191 2110 3240 .2

2055 3245 2108 3322 ἒ

2294 3161 2350 3229 εξ

2311 3237 2367 3272 Ω.

2297 3276 2349 3321 <1

2553 3164 2588 3191 ς..

2551 3199 2590 3270 ἓ

2535 3275 2589 3320 E‘

2776 3210 2829 3224 ’1-1

2793 3229 2832 3260 ω

2776 3266 2830 3290 u-t

2776 3291 2830 3320 σε

3017 3069 3072 3171 ξέ

3033 3177 3072 3233 Ξ

3017 3239 3072 3321 ἐξ

3275 3112 3313 3138 ω

3275 3147 3313 3180 5

3257 3187 3312 3204 ομ

3275 3209 3312 3243 α

3275 3252 3313 3287 :3

3257 3294 3312 3324 ’Ἴ

3500 3042 3555 3116 ,ἑ

3499 3121 3554 3202 ἓν

3499 3259 3553 3320 ,Ξ

2751 3351 2894 3422 Aug.
2991 3355 3121 3405 Leo.
3189 3351 3402 3405 Julius.
3434 3353 3651 3407 Cancer

253 3451 464 3463 _—_
499 3452 703 3464 __-—.
741 3452 954 3465 —_-—
992 3454 1202 3464 _———.
1240 3453 1452 3463 —————
1489 3450 1703 3461 ——-—-—-
1740 3450 1878 3460 can—.—

2000 3451 2200 3460 ——_
2232 3451 2442 3461 —————_
2475 3452 2685 3461 _——-
2714 3453 2924 3461 ——-——.
2953 3453 3163 3462 —_——
3194 3453 3406 3463 —_—-—-
3435 3455 3648 3463 ———

575 3039 613 3091 ὁ
806 3027 862 3096 .5
1076 3027 1115 3097 Ξ
1601 3044 1611 3054 ·

558 3096 612 3150 ἒ
823 3081 862 3150 Ξ
1020 3104 1114 3150 ’Ἐξ
1575 3065 1612 3150 ἓ

307 3263 363 3324 Ξ
556 3263 612 3319 Ξ.
809 3263 866 3323 ἐξ
1067 3263 1115 3322 ξ
1311 3263 1365 3319 Ξ
1558 3263 1613 3320 ὃ]
1807 3263 1861 3316 Σ

281 3350 430 3406 Dict.
493 3350 714 3422 Capric.
785 3350 919 3406 Dec.
1005 3350 1209 3422 Sagitt.

259 3494 450 3548 iam
523 3494 745 3566 5grad.
821 3495 858 3549 5
1035 3495 1071 3548 6
1160 3565 1167 3566 ί
1247 3495 1379 3548 es.
1525 3493 1659 3566 7‘s.
1807 3489 1840 3566 e

252 3566 446 3620 2et10
547 3561 609 3619 θ’
824 3567 860 3619 9
1040 3566 1108 3620 10
1147 3565 1205 3620 S.
1256 3569 1316 3620 12
1534 3563 1601 3617 13
1818 3561 1878 3614 16

245 3635 402 3691 3et9
508 3637 580 3691 13
825 3636 892 3691 13
930 3637 987 3691 S.
1031 3637 1100 3692 15
1244 3636 1311 3691 17
1525 3636 1596 3688 20
1808 3633 1875 3686 24

237 3708 396 3763 1618
511 3709 582 3762 15
818 3709 884 3762 16
1031 3708 1096 3762 18
1239 3709 1305 3762 21
1523 3707 1594 3759 25
1806 3704 1876 3757 30

235 3779 395 3835 5et7
512 3779 583 3832 17
819 3780 885 3832 18
1027 3781 1099 3833 20
1239 3780 1310 3834 23
1527 3777 1594 3830 28
1801 3775 1869 3828 34

231 3849 264 3904 6
511 3850 577 3905 18
808 3850 876 3904 19
1017 3851 1080 3905 21
1238 3851 1307 3904 24
1523 3849 1593 3901 30
1802 3846 1870 3900 36

2020 3491 2054 3543 9
2233 3494 2305 3545 ’10
2487 3494 2551 3546 10
2738 3495 2804 3547 10
2841 3493 2900 3548 S.
2982 3495 3048 3548 10
3087 3494 3145 3548 S.
3227 3495 3292 3548 10
3331 3495 3389 3549 S.
3481 3496 3538 3548 11
3585 3494 3645 3549 S.

2025 3563 2092 3615 18
2236 3565 2308 3617 20
2347 3565 2404 3618 S.
2481 3567 2553 3617 22
2593 3565 2652 3619 S.
2729 3567 2800 3617 22
2837 3565 2895 3620 S.
2972 3567 3043 3619 23
3222 3567 3292 3618 23
3482 3566 3552 3620 24
3591 3570 3646 3620 S.

2021 3635 2093 3687 27
2131 3633 2187 3687 S.
2231 3635 2291 3688 31
2479 3635 2548 3688 33
2727 3637 2798 3689 35
2976 3637 3046 3690 36
3225 3637 3294 3688 37
3473 3638 3542 3690 38

2019 3705 2090 3758 35
2232 3707 2302 3760 40
2485 3708 2549 3760 44
2732 3707 2798 3759 47
2983 3709 3046 3759 48
3087 3707 3144 3760 S.
3223 3708 3294 3759 50
3480 3709 3548 3759 50
3587 3706 3644 3760 S.

2016 3776 2085 3829 40
2228 3778 2298 3830 46
2476 3778 2541 3831 51
2725 3778 2796 3830 56
2973 3778 3044 3830 59
3223 3776 3283 3829 61
3472 3778 3538 3830 61

2017 3847 2085 3899 42
2228 3847 2298 3901 49
2475 3850 2544 3902 54
2723 3847 2794 3900 60
2974 3847 3043 3901 63
3222 3847 3293 3900 65
3339 3849 3395 3899 S.
3471 3848 3542 3901 66

295 3948 402 4004 His
447 3948 537 4002 ita
584 3947 966 4018 praastructis,
1026 3948 1088 4002 in
1134 3947 1310 4018 plana
1363 3945 1564 4002 tabula
1621 3947 1890 4016 quartam
1924 3943 1966 4009 ε
2006 3959 2184 4015 quam
2243 3961 2429 4015 nuper
2459 3943 2596 4010 dixi,
2657 3942 3198 4016 perpendiculorem
3256 3942 3494 4011 lineam,
3548 3943 3648 3999 ubi

225 4041 458 4108 partem
485 4034 695 4091 circuli
725 4035 1038 4107 diligenter
1065 4037 1178 4090 ﬁxo
1210 4040 1407 4091 centro
1438 4052 1472 4089 α
1515 4032 1891 4105 integerrime

225 4125 531 4191 describo,
565 4124 814 4195 ejusque
843 4140 1070 4193 arcum,
1102 4125 1159 4178 id
1193 4128 1282 4180 est
1313 4139 1548 4179 curvam
1580 4122 1798 4176 lineam
1831 4120 1890 4174 in

226 4215 331 4270 tria
364 4212 696 4288 partior,et
733 4229 1149 4286 unaquamque
1177 4213 1410 4269 tertiam
1460 4212 1517 4267 in
1567 4215 1750 4278 sex,et
1792 4210 1892 4264 ha-

222 4319 350 4360 rum
385 4301 966 4373 unamquamquein
987 4304 1022 4357 5
1042 4299 1728 4367 subdivido,utvidelicet
1744 4299 1894 4354 sicut

223 4389 790 4462 astrolabiiquadra
818 4391 877 4446 in
899 4391 969 4446 90
1001 4391 1079 4447 sit
1099 4391 1305 4446 divisa.
1339 4393 1460 4456 Quo
1485 4390 1653 4457 facto,
1675 4389 1746 4444 ab
1766 4387 1894 4459 ipso

219 4488 424 4538 centro
455 4498 497 4535 a
529 4479 633 4535 ubi
663 4484 971 4536 coraustus
1003 4486 1059 4536 et
1087 4480 1376 4547 cathetus,
1422 4479 1480 4534 id
1512 4483 1601 4535 est
1631 4478 1892 4550 superja-

2000 4032 2202 4103 regula
2241 4033 2502 4105 tangitur
2553 4037 2689 4087 nota
2732 4032 3042 4104 impressa,
3128 4031 3394 4104 designo,
3449 4032 3651 4104 sicque

2001 4121 2274 4176 deorsum
2309 4122 2669 4176 descendens
2698 4122 2770 4176 ad
2803 4121 3069 4192 singulos
3127 4137 3230 4192 per
3261 4122 3526 4177 ordinem
3559 4137 3648 4176 se-

2003 4215 2248 4281 quentes
2277 4211 2513 4282 gradus,
2547 4209 2809 4282 regulam
2843 4228 2875 4265 a
2907 4209 3173 4281 pristimo
3205 4209 3420 4282 angulo
3469 4227 3503 4264 a
3535 4227 3649 4265 non

2004 4305 2220 4354 motam
2241 4304 2476 4371 pono,et
2494 4300 2562 4354 ad
2588 4299 2853 4371 singulas
2876 4299 3196 4371 positiones
3221 4299 3408 4369 ipsam
3431 4299 3650 4354 lineam

2004 4389 2320 4445 ordinatim
2354 4388 2453 4443 ubi
2485 4388 2688 4460 regula
2719 4405 2848 4444 eam
2882 4388 3092 4460 tangit,
3126 4388 3313 4459 signis
3345 4387 3652 4458 impressis

2005 4483 2139 4533 noto
2168 4493 2354 4548 usque
2385 4476 2456 4532 ad
2485 4478 2556 4531 66
2580 4477 2852 4549 gradum,
2888 4476 2942 4529 in
2970 4492 3084 4546 quo
3117 4473 3342 4529 scilicet
3373 4491 3650 4529 summus

2008 4568 2064 4621 in
2097 4566 2327 4621 climate
2384 4570 2583 4622 nostro
2644 4565 2787 4620 solis
2836 4563 3296 4634 deprehenditur
3345 4579 3646 4617 ascensus.

2005 4657 2162 4710 Hanc
2190 4672 2324 4726 ergo
2371 4655 2583 4710 lineam
2617 4650 3157 4726 perpendicularem
3218 4650 3325 4705 hoc
3375 4650 3547 4705 modo
3579 4652 3650 4705 66

2006 4745 2286 4818 gradibus
2309 4744 2648 4816 insignitam
2672 4760 2776 4815 pro
2810 4741 2997 4812 ipsius
3030 4740 3408 4795 instrumenti
3441 4757 3475 4795 a
3504 4740 3650 4796 scio-

2007 4834 2173 4890 there
2186 4834 2458 4890 deorsum
2481 4831 2849 4902 longitudine
2870 4829 3184 4901 accipiens,
3201 4830 3259 4882 in
3284 4827 3653 4901 singulorum

2007 4923 2310 4996 signorum
2339 4925 2395 4976 et
2448 4919 2741 4975 mensium
2804 4917 3013 4983 initiis,
3046 4923 3190 4990 quot
3217 4919 3437 4992 gradus
3479 4917 3565 4974 sol
3595 4919 3654 4973 in

217 4585 356 4626 cens
389 4577 458 4626 et
484 4569 772 4624 deorsum
795 4570 1056 4641 pendens
1078 4568 1252 4642 linea,
1282 4569 1694 4624 convenientes
1716 4583 1896 4639 augu-

216 4659 339 4715 lum
369 4662 628 4715 rectum
651 4657 935 4726 efﬁciunt,
957 4662 1188 4715 tantum
1209 4659 1281 4713 de
1310 4657 1437 4729 ipso
1460 4661 1728 4713 corausto
1761 4663 1898 4712 nota

213 4747 537 4822 impressa
550 4761 793 4803 secerno
817 4752 1106 4819 quantum
1130 4746 1558 4820 longitudinem
1583 4746 1893 4811 sciothero,

211 4836 269 4894 id
299 4843 398 4894 est
429 4835 755 4911 gnomoni,
779 4837 953 4908 juxta
981 4841 1322 4910 quantatem
1381 4835 1755 4891 instrumenti
1795 4834 1896 4889 tri-

211 4925 401 4984 buere
431 4923 608 4993 volo,
639 4929 698 4980 et
725 4925 798 4982 ab
829 4925 961 4998 ipsa
981 4931 1122 4982 nota
1151 4927 1426 4982 deorsum
1457 4923 1898 4997 perpendicula-

211 5032 337 5072 rem
372 5015 620 5072 lineam
653 5031 687 5070 ι
719 5015 953 5072 catheto
984 5032 1148 5088 teque
1177 5016 1495 5072 distantem
1529 5013 1898 5087 dirigo,scili-
2007 5013 2122 5068 ﬁne
2180 5013 2470 5082 cujusque
2519 5009 2672 5063 hora:
2731 5008 3063 5074 acendat,in
3103 5008 3441 5080 praescripta
3470 5007 3658 5062 forma

213 5110 303 5161 cet
332 5108 540 5162 tanta
571 5101 1282 5177 longitudinis,quantum
1315 5103 1572 5176 postulat
1600 5103 1898 5176 quantitas
2008 5100 2286 5174 despicio,
2320 5103 2378 5153 et
2416 5102 2704 5169 quantum
2737 5097 2911 5169 spatii
2939 5097 3506 5167 numerusipsorum
3525 5111 3656 5165 gra-

208 5190 632 5252 inetrumenti
653 5193 988 5264 pendentis.
2007 5191 2148 5246 dum
2172 5189 2230 5243 in
2263 5188 2372 5242 hac
2399 5185 2556 5240 linea
2576 5202 2609 5240 a
2635 5190 2906 5242 corausto
2931 5188 3207 5242 deorsum
3231 5181 3656 5254 complectitur,

278 5282 536 5338 Dehinc
565 5279 836 5353 regulam
865 5281 928 5338 in
972 5282 1301 5354 predictum
1361 5287 1624 5338 centrum
1657 5299 1759 5338 seu
1792 5300 1894 5338 an-
1927 5314 1974 5378 D
2008 5279 2378 5335 tantumdem
2413 5275 2567 5347 spati
2596 5273 2656 5330 in
2677 5273 3049 5378 lpngitudine
3073 5274 3260 5378 ipsius
3284 5268 3661 5368 instrumenti

209 5370 428 5446 gulam
464 5388 530 5437 a,
563 5374 626 5426 et
657 5370 719 5426 in
753 5371 1014 5443 primum
1036 5373 1286 5445 gradum
1319 5372 1390 5428 de
1409 5374 1656 5444 90,quos
1677 5373 1735 5428 in
1759 5389 1897 5429 arcu
1927 5357 1974 5378 υ
2008 5388 2042 5425 a
2067 5368 2354 5424 sciothero
2381 5366 2659 5421 decraum
2682 5364 3007 5420 demetiens
3037 5364 3094 5417 in
3122 5362 3298 5426 linea,
3331 5375 3447 5430 qua
3469 5357 3656 5430 ipsius

213 5461 468 5531 quadra
505 5458 723 5515 circuli
751 5460 1002 5517 feceram
1060 5478 1094 5516 a
1121 5465 1288 5533 parte
1346 5461 1603 5517 corausti
1631 5477 1780 5532 pone
1819 5466 1896 5528 et,
2009 5457 2164 5531 signi
2190 5456 2278 5511 vel
2313 5454 2537 5510 mensis
2571 5453 2807 5508 initium
2857 5452 3299 5515 constitueram,
3341 5446 3660 5520 unicuique

214 5584 494 5717 ιιι9001)
532 5583 756 5642 Divisio
790 5585 1064 5643 Liberum
1093 5587 1256 5643 deest
1312 5587 1372 5642 in
1398 5586 1612 5656 codice,
1639 5602 1743 5643 nec
1763 5586 1899 5644 inde
1938 5587 2079 5645 satis
2102 5583 2331 5640 constat
2351 5595 2493 5636 num
2534 5577 2840 5649 sequentia
2877 5576 2992 5633 sint
3043 5573 3234 5645 operis
3264 5573 3478 5647 prioris
3523 5591 3657 5646 pars

331 5675 430 5716 ra.

331 5675 430 5716 ιίο
