4102 6174
423 345 552 420 ιῡτι

1262 349 1676 420 HERMANNI
1721 347 2168 418 CONTllAGTI
2208 347 2623 418 AUGIENSIS
2668 351 3050 419 MONACHI.

3699 350 3854 416 408·-

421 486 578 546 hom
605 487 925 546 terminum
957 488 1124 558 facio,
1163 489 1323 546 verbi
1356 490 1544 562 gratia
1576 505 1588 544 :
1630 489 1689 544 in
1720 479 2057 561 Capricorni
2086 489 2142 556 Α
2171 504 2233 544 se
2264 486 2410 543 alias
2441 486 2734 560 quaslibet
2781 488 3161 545 habitudines
3211 502 3491 544 mensura
3547 485 3815 560 diligenti

420 578 587 636 initio
616 579 674 635 in
712 580 826 635 ﬁne
869 584 1044 636 sexta:
1073 579 1226 635 horae
1258 579 1520 634 ascendit
1566 577 1648 633 sol
1704 577 1923 650 gradus
1953 577 2058 644 18;

420 673 710 741 quantum
743 685 878 742 ergo
909 668 1082 740 spatii
1113 667 1173 722 in
1205 683 1356 738 saepe
1385 665 1763 721 dictalineaa
1793 669 2062 721 corausto

418 767 609 830 usque
639 759 712 813 ad
746 758 922 813 ﬁnem
955 756 1156 811 dicimi
1188 754 1377 811 octavi
1435 755 1654 827 gradus
1711 755 2060 820 continetur,

419 848 812 903 tamtumdem
835 847 892 900 in
919 845 1072 901 linea
1087 861 1202 916 qua
1224 844 1611 916 Capricornus
1624 843 2065 914 orditur,usque

421 937 494 992 ad
527 940 699 992 sextae
722 936 874 990 hora
906 934 1224 989 terminum
1257 933 1549 988 constituo
1573 937 1630 988 et
1661 933 1739 986 ita
1770 932 1828 986 in
1860 933 2062 1002 singu-

422 1023 613 1079 lorum
650 1023 834 1079 initiis
861 1024 1163 1094 signorum
1195 1027 1252 1078 et
1274 1021 1564 1076 mensium
1598 1020 2066 1092 uniuscujusque

423 1112 578 1167 horae
611 1116 832 1167 certum
865 1111 1180 1167 terminum
1221 1110 1520 1166 inveniens
1553 1110 1752 1182 puncti
1782 1110 2061 1182 designo;

424 1199 626 1272 sicque
657 1201 714 1256 in
747 1202 1032 1272 cujusque
1065 1201 1220 1255 hora:
1253 1200 1365 1254 line
1397 1216 1429 1254 a
1459 1199 1690 1270 punctis
1736 1199 1804 1252 ad
1850 1202 2067 1269 puncta

422 1289 692 1362 obliquas
719 1287 2069 1358 lineas,utvidelicetincrementaetdetrimenta

422 1378 650 1433 dierum
682 1377 999 1450 postulant,
1035 1377 1364 1433 decedendo
1397 1377 1576 1432 totius
1608 1374 1856 1449 horlogii
1887 1376 2066 1447 hujus

423 1483 762 1521 mensuram
795 1466 1374 1530 consummabo.Quae
1407 1482 1470 1520 ut
1496 1464 1866 1520 manifestius
1895 1480 2068 1535 appa-

423 1559 591 1611 reant
619 1555 809 1627 ipsam
867 1553 1069 1610 circuli
1125 1555 1543 1626 quadraturam
1604 1553 1662 1607 in
1697 1554 1766 1607 90
1795 1552 2068 1624 praedicto

422 1644 597 1700 modo
643 1643 912 1712 divisam,
978 1647 1036 1698 et
1092 1641 1630 1714 perpendicularem
1689 1640 1904 1697 lineam
1945 1640 2070 1696 vice

423 1733 708 1804 horologii
735 1733 912 1803 hujus
931 1733 1376 1803 ‘pendentem,et
1403 1733 1473 1785 66
1502 1731 1801 1802 gradibus,
1835 1734 1900 1785 ut
1927 1729 2066 1799 dixi,

422 1821 767 1892 insignitum
787 1819 882 1875 hic
895 1819 1284 1891 depingamus
1301 1837 1314 1886 ;
1331 1820 1431 1875 ubi
1445 1819 1772 1874 secundum
1795 1819 2063 1890 ipsorum

423 1908 614 1980 spatia
636 1913 693 1964 et
715 1924 1029 1963 numerum
1077 1908 1368 1979 graduum
1395 1906 1452 1961 in
1476 1906 1764 1979 superiori
1812 1905 2066 1962 formula

421 1996 831 2070 praescriptum
862 1996 1139 2052 horarum
1170 1993 1477 2052 intervalla
1506 2011 1607 2068 per
1636 1995 1869 2068 singula
1897 1996 2066 2068 signa

419 2091 476 2143 et
508 2102 739 2142 menses
769 2085 962 2142 metiri
994 2083 1316 2142 valeamus.

796 2211 900 2282 (Ita
934 2212 1114 2283 ﬁgura
1143 2211 1429 2268 exhibetur
1458 2211 1518 2264 in
1548 2209 1690 2279 cod.)

601 2349 1005 2425 pendenslinca.
1024 2351 1044 2402 l
1063 2347 1318 2404 Cathetus
1331 2349 1937 2419 siveperpendicularis.

537 2573 588 2690 ξ

544 2695 588 2824 ἓ

529 2828 589 2869 υ

531 2910 590 3099 ,ξ

547 3142 598 3244 ἐ

530 3249 587 3325 ἑ

546 3373 590 3433 Β

533 3437 589 3477 ἐ

548 3482 604 3544 ἓ.

534 3545 589 3622 «ἓ

628 2443 1919 2849 Ιῇῖξὲ

633 2528 1937 3330 luam?

630 2939 660 3680 Ι
664 2862 1801 3679 θ

629 3663 893 3739 ιιι-
1114 3615 1314 3730 sit”
1357 3551 1424 3617 ὡ

485 3857 605 3909 Hoc
636 3854 808 3910 modo
861 3858 1264 3911 mensuratum
1310 3855 1589 3930 horologii
1620 3856 1798 3929 hujus
1839 3859 2058 3915 instru-

416 3945 704 4009 mentum,
735 3959 900 4000 verso
923 3944 996 3998 ad
1031 3944 1308 4000 instantis
1334 3945 1551 4001 mensis
1573 3950 1630 4000 et
1658 3946 1810 4019 signi
1841 3946 2054 4005 lineam

413 4030 722 4096 sciothero,
757 4032 828 4086 ad
856 4032 995 4087 solis
1045 4035 1273 4089 radium
1303 4035 1615 4106 suspende,
1641 4039 1696 4090 et
1725 4053 2056 4107 quamcun-

411 4133 524 4188 que
553 4117 758 4173 horam
791 4121 1103 4176 summitas
1135 4123 1496 4194 gnomonicas
1526 4123 1779 4196 tetigerit
1813 4127 2050 4194 umbrae,

411 4205 601 4278 ipsam
636 4223 746 4262 non
781 4208 1012 4264 dubites
1045 4211 1270 4266 adesse.

478 4292 543 4350 In
576 4295 684 4350 hoc
724 4297 899 4352 etiam
931 4297 1227 4370 horologio
1277 4299 1325 4355 si
1358 4301 1662 4356 duodecim
1720 4305 2053 4374 praetaxatis

408 4383 712 4455 signorum
745 4391 802 4440 et
823 4386 1114 4442 mensium
1148 4389 1466 4446 intrevallis
1496 4391 1732 4446 tertium
1757 4393 2051 4450 decimum

405 4473 551 4529 velis
609 4475 878 4546 adjicere,
932 4475 1245 4550 ipsumque
1307 4495 1603 4548 mensura,
1667 4497 1783 4552 qua
1831 4481 2045 4551 dicam,

2175 575 2444 647 notisque
2474 575 2805 646 discernito,
2837 581 2903 632 ut
2933 594 3099 633 verso
3155 575 3222 632 ad
3258 576 3388 649 ipsa
3416 575 3816 634 dimensiones

2173 663 2883 737 sciothero,umbramque
2899 665 3125 721 lucente
3137 663 3262 721 sole
3278 665 3338 720 in
3350 665 3481 737 ipsa
3492 665 3814 735 emittente,

2172 769 2350 824 quam
2382 753 2818 824 proportionem
2866 753 2991 826 ipse
3021 757 3078 809 et
3107 755 3320 809 umbra
3377 755 3509 825 ejus
3564 755 3817 813 invicem

2172 841 2426 896 habeant
2458 840 2654 897 statim
2687 842 2873 913 possit
2901 858 3200 914 apparere.
3232 843 3379 898 Nam
3403 842 3452 899 si
3483 843 3554 898 ad
3594 850 3815 900 sextam

2173 929 2446 985 sciotheri
2481 935 2706 1001 partem
2741 930 2950 985 umbra
2978 929 3168 1002 ipsius
3191 930 3818 1003 pervenerit,planities

2172 1018 2506 1074 inumbrata
2537 1019 2603 1073 ad
2638 1017 3136 1091 alitudinem,quae
3159 1021 3428 1075 umbram
3444 1021 3818 1092 jacit.,sexcu-

2173 1106 2269 1180 pia
2297 1108 2428 1166 erit.
2452 1108 2510 1162 Si
2539 1108 2609 1162 ad
2651 1113 2922 1179 quartam
2955 1108 3325 1180 quadrupla;
3359 1108 3408 1164 si
3438 1110 3509 1164 ad
3561 1109 3816 1178 tertiam,

2175 1195 2346 1267 tripla
2373 1214 2386 1264 ;
2420 1197 2508 1252 sid
2539 1197 2609 1252 ad
2633 1196 2964 1262 dimidiam,
2997 1196 3179 1269 dupla
3201 1197 3249 1253 si
3275 1199 3346 1253 ad
3368 1201 3547 1254 totam
3571 1197 3820 1272 longitu~

2177 1285 2374 1340 dinem
2423 1284 2699 1341 sciotheri
2733 1285 3054 1357 pertigerit,
3085 1287 3328 1356 aequalis
3359 1287 3488 1343 erit.
3521 1287 3580 1343 Si
3612 1288 3684 1343 ad
3719 1289 3822 1344 du-

2177 1372 2357 1444 plam,
2392 1372 2608 1446 dupla;
2641 1371 2690 1428 si
2721 1375 2794 1430 ad
2826 1373 3061 1446 triplam
3094 1375 3406 1449 subtripla,
3437 1381 3494 1433 et
3522 1377 3604 1432 ita
3631 1377 3689 1432 in
3713 1393 3818 1433 cm-

2175 1461 2339 1518 teris.

2828 1552 3061 1609 CAPUT
3099 1555 3166 1609 Il.

2391 1645 2470 1696 De
2493 1639 2876 1711 magnitudine
2900 1642 3138 1697 ambitus
3175 1644 3423 1699 universi
3451 1640 3634 1700 orbis!

2248 1729 2522 1795 Quamvis
2547 1729 2839 1785 Ambrosii
2862 1729 3172 1786 Theodosii
3193 1733 3538 1789 auctoritate
3558 1733 3819 1789 universi

2179 1818 2338 1873 orbis
2353 1817 2611 1874 ambitus
2633 1817 2910 1874 notabilis
2931 1818 3234 1887 habeatur,
3249 1820 3389 1892 quia
3409 1821 3600 1877 abillo
3622 1826 3819 1878 aucto-

2175 1906 2364 1962 ritatis
2384 1907 2532 1962 ratio
2556 1907 2728 1978 quasi
2760 1907 3155 1980 praetermissa
3182 1912 3291 1974 est,
3313 1908 3641 1966 volentibus
3672 1909 3822 1966 scire

2182 2001 2561 2067 proponatur.
2595 1997 2755 2061 Quod
2788 1996 2943 2053 enim
2971 2011 3004 2052 a
3027 1995 3320 2052 modernis
3341 1997 3707 2070 impossibile
3726 1999 3841 2070 juo.

2176 2083 2424 2150 dicatur,
2454 2085 2512 2140 id
2544 2102 2578 2141 a
2612 2085 2928 2153 veteribus,
2959 2084 3246 2157 sapientia
3275 2085 3441 2153 duce,
3471 2084 3821 2142 facillimum

2175 2172 2588 2242 afﬁrmatur,et
2617 2174 2767 2246 quad
2799 2173 3054 2246 corporis
3107 2173 3381 2230 sensibus
3406 2174 3673 2247 indagari
3702 2191 3820 2231 non

2175 2278 2348 2334 posse
2377 2264 2691 2334 videtur,id
2717 2262 2956 2320 rationis
2968 2263 3238 2320 acumine
3255 2261 3385 2319 luce
3403 2261 3619 2320 clarius
3648 2263 3826 2319 inda-

2174 2355 2378 2424 gatum
2407 2351 2676 2408 habetur.

2243 2440 2492 2512 Sumpto
2517 2441 2840 2513 horoscopo
2863 2441 2972 2497 sub
3005 2439 3252 2496 stellatis
3285 2440 3474 2497 noctis
3520 2439 3824 2497 clarudine

2171 2528 2551 2601 inspectoque
2581 2529 2713 2600 polo
2744 2546 2881 2585 eum
2905 2534 3154 2602 utroque
3175 2529 3492 2585 mediclinii
3515 2529 3821 2596 foramine,

2171 2622 2485 2690 notataque
2515 2619 2894 2690 graduum,in
2911 2635 3028 2690 qua
3044 2618 3206 2674 stetit
3225 2617 3819 2684 mediclinium,mul-

2170 2705 2442 2773 titudine,
2473 2705 2767 2778 profectus
2797 2711 2886 2762 est
2933 2711 3323 2762 cosmometra
3373 2723 3479 2778 per
3525 2707 3818 2764 rectamli-

2171 2811 2342 2850 neam
2375 2799 2578 2851 contra
2609 2794 3078 2868 Septentrionem
3129 2812 3164 2850 a
3222 2795 3465 2852 Meridie
3519 2801 3639 2852 tam
3695 2796 3821 2864 diu,

2171 2884 2353 2940 donec
2381 2884 2440 2939 in
2473 2883 2714 2940 alterius
2743 2883 2931 2940 noctis
2979 2883 3241 2941 claritate
3269 2884 3416 2952 viso,
3477 2885 3579 2940 ubi
3631 2886 3816 2957 prius,

2170 2973 2301 3046 polo
2323 2989 2457 3028 cum
2488 2977 2738 3045 utroque
2770 2971 3088 3028 mediclinii
3115 2972 3400 3028 foramine
3422 2973 3585 3029 stetit
3620 2973 3821 3046 ipsum

2170 3061 2570 3118 mediclinium
2602 3061 2778 3118 altius
2808 3061 2982 3117 unius
2999 3054 3216 3135 gitdus
3238 3063 3828 3120 numerositate.Post

2171 3150 2313 3218 hmo,
2340 3151 2561 3207 ratione
2583 3151 3110 3218 dictante,mensus
3141 3154 3229 3206 est
3245 3150 3423 3222 hujus
3443 3150 3668 3208 itineris
3689 3169 3825 3224 spa-

2116 3218 2133 3283 Ῑ
2171 3239 2342 3306 tium,
2376 3245 2434 3296 et
2455 3245 2654 3296 notata
2685 3239 2864 3310 hujus
2885 3239 3210 3311 quantitate
3239 3218 3347 3294 7οό
3376 3241 3567 3296 stadia
3596 3218 3823 3297 sive-87

2171 3328 2447 3385 milliaria
2501 3329 2831 3385 affirmavit.
2867 3329 3084 3385 Deinde
3141 3329 3294 3384 datis
3351 3329 3670 3404 unicuique
3707 3331 3822 3386 360

2171 3417 2533 3490 astrolapsus
2562 3419 2969 3490 graduum,tot
2985 3417 3191 3474 stadiis
3205 3417 3324 3474 sive
3344 3417 3698 3475 milliaribus
3717 3419 3821 3476 in—

2169 3511 2376 3561 ventus
2401 3511 2489 3562 est
2509 3507 2770 3563 ambitus
2800 3507 3012 3563 terreni
3044 3506 3398 3575 orbis.Nam,
3424 3507 3819 3580 multiplicato

2169 3609 2274 3666 per
2301 3594 2446 3650 alios
2475 3595 2694 3666 gradus
2725 3596 2900 3651 unius
2923 3595 3425 3668 spatio,quantum
3457 3613 3526 3652 ex
3546 3597 3656 3652 hac
3689 3615 3822 3671 pro-

2167 3683 2390 3738 venerit
2410 3683 2914 3755 multiplicatione,
2944 3688 3196 3755 tantum,
3228 3684 3510 3742 contineri
3531 3686 3822 3758 probatur

2168 3771 2351 3828 totius
2381 3771 2584 3828 mundi
2608 3771 2960 3828 circuitione.

2805 3861 3041 3917 CAPUT
3075 3862 3170 3917 ΙΙΙ.

2444 3950 2810 4006 Eratosthenis
2841 3950 2908 4006 de
2935 3949 3121 4006 eadem
3150 3966 3211 4006 re
3237 3954 3530 4008 sententia.

2235 4037 2645 4094 Eratosthenes
2677 4037 3064 4111 philosophus
3106 4043 3520 4112 geometraque
3550 4043 3814 4115 sagacis-

2164 4127 2352 4181 simus
2383 4127 2564 4182 totius
2595 4127 2754 4182 orbis
2775 4132 2938 4183 terrce
2967 4126 3276 4183 circuitum
3301 4145 3404 4201 per
3425 4129 3814 4189 mutationem

2161 4205 2458 4287 gnominis
2489 4216 2834 4272 umbrarum
2864 4217 2921 4271 in
2951 4220 3105 4272 terra
3133 4217 3457 4273 secundum
3489 4223 3682 4291 partes
3709 4237 3814 4277 zo-
3843 4240 3846 4243 ·

2160 4303 2312 4359 diaci
2338 4303 2635 4376 ingeniose
2674 4305 3105 4377 deprehensum
3127 4305 3311 4362 CCLII
3334 4307 3543 4375 stadia,
3570 4309 3626 4364 id
3663 4313 3753 4366 est
3790 4328 3806 4366 :

2161 4391 2379 4448 XXXID
2413 4392 2687 4449 milliaria
2717 4393 3016 4450 continere
3063 4393 3297 4461 difﬁnit,
3331 4395 3650 4467 unicuique
3695 4399 3811 4453 356

2163 4481 2376 4552 partim
2412 4482 2471 4536 in
2508 4481 2740 4538 zodiaco
2785 4484 2889 4537 700
2918 4483 3108 4539 stadia
3135 4482 3193 4537 id
3224 4487 3312 4538 est
3341 4485 3410 4538 87
3440 4484 3714 4541 milliaria
3743 4492 3812 4543 et

404 4561 789 4635 distinguere,
849 4565 1162 4634 cujuslibet
1219 4568 1389 4622 erecti
1446 4568 1704 4641 corporis
1761 4569 1818 4625 in
1878 4570 2051 4642 plano
2083 4585 2128 4649 ι)
2161 4568 2466 4625 semissem
2499 4571 2808 4642 deputans.
2844 4573 2910 4628 Et
2939 4571 3032 4627 his
3072 4573 3244 4642 juxta
3274 4571 3537 4645 regulam
3592 4573 3805 4631 circuli

402 4651 616 4706 stantis
648 4650 1020 4708 altitudinem
1055 4671 1156 4724 per
1183 4655 1453 4711 umbram
1515 4657 1704 4728 ipsius
1752 4657 1918 4714 facile
1948 4676 2048 4731 po-

401 4738 542 4792 teris
599 4739 966 4812 investigare.
1001 4743 1145 4797 Cum
1197 4743 1351 4800 enim
1392 4747 1650 4816 cujusvis
1708 4748 1766 4800 in
1809 4746 2047 4819 planitie

401 4825 575 4880 erecti
637 4827 894 4898 corporis
954 4830 1163 4885 umbra
1213 4832 1572 4906 triangulum
1629 4835 2039 4907 orthogonium

399 4912 658 4985 effingat,
692 4932 946 4988 cumque
1000 4917 1382 4977 nihilominus
1415 4922 1471 4976 in
1505 4922 1611 4978 hoc
1645 4924 2041 4981 instrumento

398 4999 757 5074 triangulam
792 5005 1060 5061 umbram
1095 5008 1423 5065 sciotherus
1455 5011 1525 5065 ad
1567 5011 1837 5068 umbram
1890 5023 1942 5068 a’
1979 5030 2041 5070 se

396 5090 614 5146 factam
647 5091 936 5160 habuerit,
967 5097 1233 5151 eamdem
1296 5097 1422 5152 sine
1470 5097 1650 5154 dubio
1707 5101 2042 5157 Inumbrata

395 5179 671 5252 planities
727 5182 1012 5240 obtinebit
1042 5186 1112 5240 ad
1145 5201 1356 5256 corpus
1387 5186 1690 5256 quodlibet
1721 5190 1875 5260 quod
1911 5208 2040 5246 um-

397 5269 567 5325 bram
615 5271 785 5341 jacit.
850 5274 979 5328 Ideo
1039 5273 1095 5327 in
1157 5272 1325 5328 tertio
1381 5274 1632 5344 decimo,
1689 5279 1844 5348 quod
1901 5278 2038 5347 dixi,

395 5356 698 5414 intervallo
749 5365 938 5416 certos
969 5361 1244 5417 sciotheri
1280 5368 1494 5432 partes,
1552 5369 1751 5436 utpote
1798 5369 1831 5420 8
1859 5368 1893 5418 7
1921 5368 1956 5421 6
2006 5369 2042 5422 5

393 5447 423 5499 4
455 5445 509 5510 3,
568 5446 873 5503 dimidiam
909 5449 1148 5516 bissem,
1191 5451 1319 5520 ejus
1378 5451 1743 5520 dodrantem,
1798 5453 2040 5509 dextan-

391 5536 626 5604 temque
657 5537 835 5591 totam
869 5539 998 5607 ejus
1029 5537 1542 5610 longitudinem,et
1572 5541 1842 5611 quamvis
1865 5559 2041 5614 super

393 5621 804 5694 particularem
819 5625 1007 5698 ipsius
1023 5627 1159 5703 dupl
1171 5645 1449 5701 um,quoq
1460 5644 1528 5684 ue
1543 5629 1841 5702 octuplum
1855 5630 2038 5703 ipsius

2161 4661 2216 4712 et
2240 4658 2567 4714 diametrici
2601 4660 3052 4716 crassitudinem
3085 4677 3188 4717 seu
3248 4660 3600 4718 diametrum
3636 4667 3810 4719 terra

2157 4745 2241 4800 sic
2271 4747 2763 4820 comprehendere
2793 4749 3009 4820 poteris
3039 4749 3190 4820 (Vide
3217 4765 3344 4822 cap.
3386 4751 3458 4805 93
3509 4750 3814 4809 Geometr.
3846 4772 3850 4774 τ

2156 4833 2660 4913 Gerberti).Aql'er
2679 4836 3017 4892 vicesimam
3069 4837 3391 4893 secundam
3430 4839 3503 4894 de
3549 4839 3806 4898 circuitu

2151 4927 2304 4991 teras,
2341 4924 2397 4979 id
2419 4928 2508 4981 est
2535 4924 2606 4980 de
2632 4925 2809 4980 CGLII
2855 4923 3061 4980 stadiis
3093 4924 3228 4983 tolle
3252 4925 3372 4982 XXI
3404 4927 3690 4985 CGCCLIV
3737 4934 3806 4986 et

2153 5012 2464 5070 semissem
2509 5020 2567 5068 et
2599 5013 2848 5069 XXIIam
2873 5018 3098 5086 partem
3120 5015 3300 5072 unius
3320 5016 3816 5086 stadii,remanen

2149 5100 2546 5157 CCXLDXLIV
2602 5118 2736 5157 cum
2768 5102 3048 5171 semisse;
3077 5107 3135 5160 et
3179 5105 3300 5162 XXI
3323 5104 3587 5174 partibus
3620 5107 3807 5166 unius

2149 5189 2343 5244 stadii.
2379 5190 2594 5246 Horum
2648 5191 2822 5246 tertia
2861 5208 3017 5264 pars,
3051 5192 3106 5247 id
3139 5196 3230 5249 est
3285 5191 3522 5250 LXXXC
3570 5193 3798 5253 LXXXI

2150 5280 2208 5335 S.
2240 5283 2298 5334 et
2327 5295 2428 5334 sex
2459 5277 2782 5350 vigessime
2809 5280 2934 5336 duae
2967 5281 3143 5337 unius
3190 5281 3365 5338 stadii
3395 5282 3608 5338 terreni
3633 5283 3804 5341 orbis

2149 5368 2498 5423 diametrum
2513 5384 2614 5424 seu
2638 5368 2942 5440 spissitudi
2954 5387 3083 5426 nem
3097 5371 3266 5440 juxta
3276 5371 3609 5442 pradictam
3623 5377 3803 5432 terra

2149 5455 2548 5512 circuitionem
2576 5456 2871 5513 dubietate
2903 5459 3228 5531 postposita
3258 5459 3598 5518 continebit.
3625 5460 3799 5525 Quod

2149 5543 2371 5614 liquido
2403 5545 2546 5601 satis
2581 5550 2751 5602 caute
2782 5549 3127 5621 supputanti
3159 5553 3335 5621 patet,
3371 5548 3640 5621 quamvis
3668 5550 3798 5607 Ma»

2149 5633 2381 5690 crobius
2412 5651 2589 5708 super
2615 5637 2924 5697 Somnium
2957 5638 3248 5712 Scipionis
3267 5638 3421 5696 idem
3436 5637 3798 5698 diametrum
3859 5677 3873 5687 ι
