4102 6174
220 358 339 428 ‘09

1323 357 1427 422 DE
1470 354 2023 424 UTlLl'l‘A'l‘lBUS
2067 350 2566 420 ASTROLABII.

3524 340 3654 421 “0

220 494 407 556 LXXX
436 495 765 554 stadiorum
806 497 1038 553 tantum
1068 494 1153 551 vel
1188 510 1300 551 non
1335 493 1519 550 multo
1553 493 1686 566 plus
1718 493 1872 549 dicat
1900 502 1956 566 Α
1984 494 2080 547 tur
2100 489 2601 547 Almucantarath.
2632 491 2968 549 Secundum
3002 490 3153 548 hanc
3193 490 3647 565 descriptionem

227 587 461 645 habere.

868 674 1100 730 CAPUT
1131 674 1225 730 IV.

777 764 929 820 Idem
957 765 1087 819 aliis
1115 765 1311 820 verbis.

292 852 568 910 Ambitus
624 852 836 909 terreni
907 852 1065 908 orbis
1113 854 1294 908 CCLII
1363 853 1687 909 stadiorum
1770 854 1888 910 sive

226 942 447 1001 XXXID
479 942 715 997 milliar.
771 957 898 998 esse
949 942 1327 998 Eratosthene
1372 942 1719 1015 philosopho
1752 961 1883 1016 pro-

227 1034 401 1089 batur
425 1036 680 1085 auctore.
716 1030 894 1100 Cujus
932 1029 1271 1085 vicesimam
1322 1034 1589 1101 quartam
1635 1036 1886 1102 partem,

224 1121 283 1176 id
318 1124 409 1175 est
436 1119 482 1175 X
512 1119 703 1174 stadia
731 1118 851 1175 sive
883 1118 1041 1174 mille
1071 1119 1198 1175 CCC
1239 1120 1333 1174 XII
1380 1118 1603 1175 scilicet
1648 1118 1883 1175 milliar.

224 1208 321 1266 Sol
356 1225 475 1263 una
502 1207 853 1263 transcurrit
882 1207 1043 1263 hora.
1074 1208 1237 1264 Hor-aa
1255 1212 1451 1264 autem
1476 1212 1638 1280 parte
1661 1208 1889 1264 decima

226 1297 454 1371 quinta,
484 1296 590 1351 hoc
620 1300 710 1351 est
742 1296 917 1352 unius
946 1313 1016 1351 ex
1047 1297 1151 1351 360
1171 1296 1454 1368 gradibus
1499 1313 1747 1353 ascensu
1798 1295 1886 1351 vel

224 1387 517 1443 descensu
547 1384 732 1441 solem
757 1386 864 1439 700
892 1385 1081 1441 stadia
1110 1384 1229 1441 sive
1259 1387 1348 1451 8'7,
1382 1387 1439 1441 S.
1484 1385 1671 1442 millia
1690 1392 1883 1441 trans-

227 1489 465 1531 currere
496 1472 757 1545 praedicti
787 1477 951 1529 terrm
983 1473 1242 1530 ambitus
1274 1491 1375 1546 per
1403 1476 1509 1530 360
1538 1475 1779 1530 clarebit
1801 1474 1888 1529 di-

226 1563 477 1619 visione.
508 1561 869 1617 Diametrum
901 1566 1096 1618 autem
1123 1568 1289 1619 terrai
1312 1565 1482 1635 juxta
1523 1564 1721 1619 circuli
1749 1581 1892 1637 geo-

228 1651 592 1707 metricalem
625 1650 888 1723 regulam
933 1651 993 1706 in
1018 1651 1207 1713 LXXX
1252 1653 1525 1709 CLXXXI.
1559 1654 1617 1708 S.
1657 1654 1887 1721 stadiis,

231 1756 333 1797 seu
375 1739 451 1795 IX
500 1738 647 1793 XXll
697 1739 1009 1807 milliariis,
1047 1740 1164 1796 CXI
1209 1742 1389 1797 sextis
1423 1742 1666 1798 decimis
1714 1743 1890 1797 unius

232 1827 495 1885 milliarii
528 1826 722 1900 colligi
754 1828 1053 1899 probatur,
1077 1829 1347 1901 quamvis
1378 1830 1708 1886 Macrobius
1734 1830 1889 1885 idem

232 1918 594 1974 diametrum
628 1916 812 1972 LXXX
843 1916 1071 1985 stadiis,
1100 1917 1189 1973 vel
1220 1936 1335 1974 non
1367 1918 1552 1975 multo
1593 1920 1726 1991 plus
1761 1935 1891 1976 esse

240 2007 519 2065 fateatur.

903 2095 1137 2153 CAPUT
1166 2096 1233 2151 V.

233 2185 308 2242 De
335 2182 725 2240 distributione
763 2183 1090 2269 quadrigatis
1137 2187 1219 2267 ita
1245 2193 1306 2241 ut
1350 2188 1523 2243 certas
1570 2186 1683 2243 diei
1731 2188 1893 2244 horas

823 2271 999 2327 ροδδω
1030 2272 1297 2312 invenire.

308 2362 529 2419 Circuli
588 2362 875 2435 quadram
908 2362 966 2418 in
1014 2364 1086 2418 90
1128 2380 1231 2436 per
1286 2363 1760 2437 quinquepertita
1806 2365 1894 2420 in-

233 2451 475 2509 tervalla
504 2452 567 2506 in
617 2451 959 2508 summitate
989 2452 1197 2509 divide.
1240 2454 1384 2509 Hinc
1441 2468 1759 2522 cursorem,
1794 2455 1893 2527 qui

236 2542 385 2597 intra
410 2540 685 2608 volvitur,
712 2541 796 2597 sic
827 2541 1048 2598 metire.
1079 2543 1259 2600 Verso
1289 2544 1362 2599 ad
1394 2548 1449 2600 te
1482 2560 1673 2615 quax-ae
1697 2549 1895 2601 centro

234 2631 294 2687 in
322 2631 578 2686 sinistra
622 2634 786 2702 parte
841 2632 1123 2688 subtrahe
1176 2634 1243 2688 25
1276 2633 1347 2689 de
1395 2634 1540 2705 ipsis
1587 2636 1676 2701 90,
1710 2640 1766 2690 et
1796 2652 1899 2707 per

238 2736 538 2777 cursorem
574 2719 819 2775 ﬁrmiter
874 2720 933 2775 in
982 2738 1090 2777 sua
1146 2722 1498 2783 concavitate
1563 2728 1895 2780 manentem

238 2809 437 2882 regula
456 2812 738 2864 manente
767 2808 826 2863 in
850 2814 1046 2865 centro
1080 2810 1270 2882 posita
1311 2815 1369 2866 et
1415 2812 1473 2866 in
1523 2813 1708 2885 gradu
1751 2813 1896 2869 vice-

239 2897 381 2954 simo
412 2901 630 2969 quarto
660 2896 876 2953 lineam
900 2899 1080 2955 trahe.
1115 2900 1179 2955 In
1225 2901 1428 2956 dextra
1466 2918 1600 2957 vero
1632 2906 1796 2973 parte
1826 2902 1897 2957 de

240 2987 377 3059 ipsis
406 2988 481 3042 90
512 2987 587 3042 49
632 2986 938 3053 subtrahe,
987 2992 1044 3045 et
1074 2989 1274 3061 regula
1309 2993 1579 3047 manente
1608 2990 1667 3045 in
1700 2996 1897 3047 centro

242 3080 295 3132 et
319 3077 380 3132 in
412 3076 647 3132 decimo
668 3092 823 3132 nono
845 3077 1050 3148 gradu,
1086 3077 1199 3133 duc
1228 3077 1441 3135 lineam
1476 3095 1577 3149 per
1599 3096 1897 3136 cursorem

242 3169 295 3219 et
322 3164 602 3236 utrinque
633 3179 766 3220 eam
799 3164 1054 3233 abscide,
1086 3170 1143 3221 et
1166 3164 1286 3222 haec
1316 3171 1406 3223 est
1434 3167 1735 3239 longitudo
1766 3185 1895 3224 cur-

246 3268 391 3308 BOl‘lS
398 3293 412 3307 .

319 3349 539 3405 Deinde
566 3350 849 3406 circulum
872 3350 1026 3407 infra
1052 3352 1335 3410 circulum
1367 3355 1691 3411 secundum
1719 3354 1898 3427 placi-

256 3440 404 3503 tum,
435 3438 583 3494 inter
606 3456 782 3512 quem
808 3441 924 3496 duo
956 3440 1052 3496 alii
1083 3442 1396 3510 ducantur,
1428 3441 1487 3497 in
1507 3443 1723 3515 quibus
1743 3461 1846 3516 per
1865 3447 1899 3499 6

262 3525 452 3599 divisis
480 3528 787 3585 duodecim
818 3530 973 3586 hora:
1005 3534 1299 3597 notentur,
1319 3535 1375 3587 et
1394 3536 1548 3587 recte
1569 3549 1671 3605 per
1690 3532 1896 3589 dister-

256 3614 467 3672 minum
499 3616 659 3673 horae
685 3618 720 3673 3
761 3621 815 3673 et
844 3621 897 3686 4,
931 3624 988 3674 et
1028 3619 1117 3687 40,
1151 3623 1208 3675 et
1240 3622 1329 3688 11,
1360 3620 1563 3693 regula
1594 3621 1652 3676 in
1702 3626 1898 3677 centro

243 3710 539 3777 manente,
571 3710 630 3762 et
646 3706 747 3778 qui
769 3706 828 3761 in
851 3708 1301 3781 quadragesimo
1334 3708 1539 3781 quinto
1568 3710 1752 3781 gradu
1784 3711 1896 3765 du-

241 3799 400 3851 catur
420 3795 602 3862 linea,
622 3812 749 3867 qua:
769 3796 984 3852 dicitur
1004 3796 1445 3868 aequinoctialis.
1470 3799 1631 3854 Tunc
1669 3798 1727 3853 in
1771 3798 1899 3871 ipsa

238 3883 631 3957 aequinoctiali
660 3884 814 3941 linea
843 3902 1046 3942 cursor
1072 3886 1133 3942 in
1162 3889 1197 3941 5
1218 3886 1511 3943 dividatur
1531 3888 1587 3943 in
1620 3892 1781 3960 parte
1813 3888 1899 3943 εἱ·-

236 3974 462 4043 nistra;
498 3990 750 4046 quarum
782 3974 815 4029 3
843 3991 971 4047 qua
1016 3976 1289 4048 proximae
1317 3980 1454 4033 sunt
1504 3977 1896 4049 aequinoctiali

232 4061 419 4133 linea,
454 4062 521 4118 in
563 4064 595 4117 4
625 4062 921 4120 dividatur
947 4081 1335 4137 unaquaeque,
1359 4070 1416 4122 et
1454 4066 1511 4122 in
1541 4067 1576 4120 9
1599 4067 1724 4121 duze
1758 4065 1895 4121 reli-

234 4167 374 4215 quie.
432 4149 725 4209 Similiter
767 4151 1100 4208 iaciendum
1143 4158 1233 4209 est
1262 4153 1321 4210 in
1352 4154 1587 4210 dextera
1625 4159 1806 4226 parte,
1840 4158 1897 4210 et

232 4245 517 4299 notentur
546 4239 649 4297 illa
678 4241 945 4313 spatiola.

295 4329 606 4387 Mensium
636 4346 770 4385 vero
808 4331 1081 4386 discretio
1104 4330 1188 4387 sic
1222 4332 1355 4387 ﬁat:
1388 4331 1447 4387 in
1476 4336 1637 4403 parte
1660 4334 1894 4388 dextera

229 4417 465 4475 duobus
513 4416 732 4473 relictis
780 4419 1048 4490 spatiolis
1077 4419 1355 4476 Januario
1384 4422 1438 4487 6,
1495 4421 1806 4476 Februario
1836 4422 1889 4490 5,

227 4507 430 4564 Martio
464 4508 527 4573 6,
578 4505 761 4576 Aprili
790 4509 845 4578 6,
905 4508 1056 4564 Maio
1085 4510 1119 4563 6
1174 4509 1603 4577 concedantur;
1657 4509 1830 4566 Junio
1862 4512 1893 4565 4

226 4600 355 4652 ante
376 4594 740 4662 solstitium,
774 4602 827 4651 et
851 4596 1040 4652 hocin
1086 4597 1371 4669 superiori
1421 4597 1658 4654 circulo.
1711 4600 1774 4653 In
1800 4598 1892 4653 in-

225 4682 421 4741 ιθτὶοή
455 4699 601 4739 vero
642 4683 859 4739 circulo
908 4685 1035 4741 duae
1067 4691 1200 4758 post
1242 4685 1558 4742 solstitium
1604 4686 1899 4760 particulas

226 4771 441 4829 dentur
473 4771 697 4840 Junio;
732 4772 890 4830 Julio
920 4778 1113 4830 autem
1143 4774 1197 4831 6.
1248 4777 1514 4848 Augusto
1542 4777 1577 4832 6
1622 4776 1890 4848 Septem-

222 4860 311 4917 bri
334 4864 393 4929 6,
430 4862 679 4919 Octobri
708 4864 763 4933 6,
794 4863 1104 4920 Novembri
1134 4865 1187 4933 6,
1221 4863 1524 4921 Decembri
1556 4866 1588 4921 4
1619 4870 1756 4922 ante
1785 4865 1893 4923 sol-

224 4950 490 5019 stitium,
527 4955 583 5007 et
604 4950 714 5007 hoc
743 4955 835 5009 est
864 4952 923 5009 in
953 4952 1211 5010 inferiori
1243 4953 1480 5011 circulo.
1522 4954 1658 5011 Post
1695 4953 1894 5012 solsti-

225 5039 373 5097 tium
406 5043 619 5097 autem
642 5040 701 5098 in
725 5040 1023 5113 superiore
1053 5042 1347 5099 mensium
1369 5040 1588 5100 circulo
1613 5043 1741 5099 duae
1764 5060 1893 5116 par-

226 5128 444 5199 ticula,
488 5145 624 5201 qua
654 5133 896 5196 restant,
939 5130 1243 5188 Decembri
1289 5132 1641 5189 tribuantur.
1676 5132 1896 5189 Dehinc

226 5223 453 5289 autem,
476 5222 551 5275 ut
580 5234 763 5291 supra
790 5219 929 5287 dixi,
952 5219 1232 5278 Januario
1255 5238 1371 5278 sex.
1393 5222 1557 5278 Tunc
1578 5221 1711 5294 polo
1730 5238 1894 5280 verso

226 5307 295 5363 ad
328 5312 389 5365 te
420 5308 505 5364 ab
537 5306 666 5380 ipso
714 5306 847 5380 polo
877 5324 1067 5381 usque
1096 5310 1166 5365 ad
1200 5309 1477 5366 ultimum
1517 5310 1802 5368 circulum
1834 5312 1894 5368 in

227 5396 475 5454 sinistra
499 5400 667 5468 parte
696 5395 965 5455 ultimam
991 5398 1205 5456 lineam
1229 5399 1287 5455 in
1319 5400 1389 5455 3O
1419 5399 1629 5456 divide.

297 5485 533 5543 Dehinc
579 5484 867 5545 circulum
922 5488 1197 5544 intimum
1257 5489 1327 5544 de
1389 5492 1554 5561 parte
1601 5490 1897 5548 dexterae

229 5574 424 5646 prima
456 5573 659 5631 divide
690 5592 875 5649 usque
907 5577 979 5634 ad
1014 5575 1285 5633 ultimum
1315 5577 1469 5634 horae
1491 5582 1663 5636 sextae
1687 5597 1789 5653 per
1805 5581 1894 5647 30,

229 5666 288 5720 et
302 5664 389 5721 sic
426 5681 465 5723 a
496 5668 719 5736 puncto
752 5664 810 5722 in
832 5669 1117 5737 punctum
1142 5666 1255 5723 duc
1286 5666 1493 5739 lineas,
1523 5684 1650 5741 quas
1687 5668 1895 5727 dicun-

1995 581 2221 653 quadra
2260 580 2533 652 superius
2564 580 2937 655 depingatur.
2969 582 3072 651 (Ita
3104 581 3341 652 ﬁguram
3370 581 3535 638 codex
3553 595 3650 636 ex-

1997 669 2188 739 hibet.)

2076 2260 2427 2317 Inventurus
2453 2260 2660 2316 horam
2682 2277 2817 2317 cum
2839 2261 3081 2333 quadra,
3107 2277 3235 2333 quae
3261 2265 3351 2319 est
3370 2278 3503 2317 cum
3524 2278 3655 2318 cur-

2003 2365 2152 2419 sore,
2176 2348 2641 2421 aequinoctialem
2688 2349 2903 2405 lineam
2935 2350 3191 2406 cursoris
3218 2367 3344 2423 quae
3377 2350 3656 2408 Martium

2002 2438 2519 2511 Septembremque
2551 2437 2942 2503 discriminat,
2967 2439 3080 2494 duc
3113 2455 3289 2511 super
3316 2456 3655 2510 numerum,

2004 2527 2104 2599 qui
2135 2527 2194 2582 in
2226 2527 2506 2600 gradibus
2539 2527 2597 2582 in
2631 2528 2883 2583 umbone
2926 2528 3081 2583 notis
3122 2526 3491 2583 altitudinem
3532 2529 3661 2600 ejus

2003 2615 2279 2681 climatis,
2313 2616 2372 2670 in
2414 2633 2527 2689 quo
2563 2620 2670 2685 est,
2717 2620 3091 2688 praesentant,
3135 2620 3361 2688 utputa,
3398 2617 3445 2672 si
3488 2618 3569 2672 sis
3602 2618 3659 2672 in

2005 2709 2223 2773 nostro,
2248 2704 2305 2759 id
2338 2710 2425 2760 est
2448 2705 2506 2760 in
2538 2705 2785 2777 septimo
2817 2704 3072 2773 climate,
3124 2721 3273 2776 pone
3322 2705 3659 2775 praedictam

2004 2792 2219 2848 lineam
2253 2811 2430 2864 super
2458 2796 2547 2861 48,
2582 2794 2651 2849 ab
2689 2794 2806 2847 imo
2847 2809 3054 2848 sursus
3100 2791 3387 2863 incipiens
3419 2808 3659 2866 compu-

2003 2886 2147 2938 tare.
2181 2886 2387 2938 Locato
2418 2882 2501 2937 sic
2525 2898 2768 2937 cursore
2809 2882 2921 2937 duc
2960 2882 3440 2953 perpendiculum
3488 2898 3665 2954 super

2009 2975 2355 3043 praesentem
2414 2970 2588 3037 diem,
2622 2971 2680 3025 in
2712 2988 2830 3042 qua
2886 2970 3092 3026 horam
3148 2970 3420 3041 inquiris,
3452 2976 3508 3026 et
3537 2971 3665 3028 vide

2007 3075 2184 3132 quam
2216 3059 2429 3115 lineam
2458 3077 2525 3115 ex
2562 3059 3050 3115 Almucantarath
3093 3076 3126 3113 a
3156 3058 3395 3115 sinistro
3431 3077 3664 3117 versum

2007 3165 2307 3206 cursorem
2351 3148 2597 3203 inferius
2630 3153 2848 3220 tangat.
2884 3150 3007 3213 Qua
3038 3150 3255 3218 notata,
3289 3149 3401 3204 duc
3418 3165 3665 3221 perpen-

1927 3247 1970 3313 ρ
2008 3236 2266 3292 diculum
2315 3237 2387 3292 ad
2420 3240 2595 3309 caput
2646 3237 2910 3307 ejusdem
2961 3235 3125 3290 lineae
3158 3252 3225 3291 ex
3275 3235 3457 3293 altera
3503 3242 3666 3309 parte

2007 3340 2213 3381 versus
2245 3324 2498 3397 pinulas,
2530 3331 2585 3380 et
2614 3325 2711 3380 ubi
2758 3341 2885 3380 eam
2917 3325 3105 3398 tangit
3152 3325 3662 3397 perpendiculum,

2005 3418 2068 3468 tu
2097 3413 2155 3468 in
2187 3430 2317 3468 cera
2347 3412 2745 3485 perpendiculi
2774 3414 2860 3469 fac
2892 3417 3198 3486 punctum,
3226 3412 3311 3469 vel
3350 3416 3662 3487 perpendi-

2007 3502 2225 3566 culum,
2261 3507 2326 3557 ut
2352 3503 2506 3573 apud
2539 3503 2821 3574 quosdam
2850 3518 2972 3558 mos
2996 3506 3103 3569 est,
3127 3502 3344 3558 habeat
3366 3520 3666 3561 cursorem

2007 3589 2336 3662 parvulum.
2370 3590 2535 3646 Hunc
2570 3595 2631 3645 tu
2656 3590 2816 3647 volve
2848 3591 2918 3647 ad
2951 3590 3165 3659 locum,
3200 3591 3299 3647 ubi
3328 3592 3664 3663 praedictam

2008 3678 2222 3735 lineam
2254 3684 2457 3752 tangat
2488 3679 2991 3752 perpendiculum.
3028 3680 3143 3734 Hac
3176 3679 3399 3735 ratione
3431 3681 3664 3737 invento

2007 3773 2305 3840 puncto,et
2336 3769 2394 3823 in
2427 3785 2557 3823 cera
2588 3784 2689 3840 per
2710 3768 2992 3823 circulum
3018 3768 3417 3839 perpendiculi
3444 3774 3661 3837 notato,

2007 3857 2106 3912 ubi
2130 3857 2499 3912 altitudinem
2540 3856 2679 3912 solis
2725 3858 2959 3911 inventa
3010 3854 3197 3927 poscit
3246 3856 3413 3911 ratio.
3476 3858 3663 3922 Quam

2006 3944 2557 4001 inventuruslevata
2588 3945 2813 4017 quadra
2853 3944 3161 4000 sinistrum
3195 3944 3297 3999 soli
3346 3944 3661 4005 humerum

2004 4050 2250 4106 oppone,
2286 4038 2341 4089 ct
2390 4033 2593 4088 tandiu
2643 4050 2770 4089 eam
2804 4033 2917 4088 huc
2976 4032 3113 4088 illuc
3146 4037 3321 4103 verte,
3356 4035 3536 4091 donec
3568 4036 3656 4093 sol

2010 4126 2328 4194 utrumque
2358 4122 2736 4194 pinnularum
2790 4122 3049 4178 foramen
3093 4126 3355 4195 penetret
3396 4129 3550 4181 recto
3582 4131 3664 4183 te-

2010 4227 2168 4266 nore.
2194 4211 2443 4276 Gradus,
2464 4215 2791 4282 quemtunc
2814 4211 3294 4284 perpendiculum
3318 4212 3375 4268 in
3409 4214 3665 4273 umbone

2001 4300 2277 4372 tetigerit,
2313 4300 2439 4366 tibi,
2465 4304 2752 4371 quantum
2776 4300 2859 4356 sol
2876 4302 3002 4371 jam
3040 4301 3663 4371 ascendit,descendit,

2003 4386 2225 4460 liquido
2252 4387 2696 4444 demonstrabit.
2730 4390 2918 4461 Super
2941 4390 3212 4445 eumdem
3247 4390 3493 4462 gradum
3526 4408 3655 4463 per-

2004 4475 2311 4547 pendiculo
2334 4478 2565 4549 jacente
2586 4477 2718 4533 vide
2745 4495 2919 4549 quam
2955 4478 3167 4533 lineam
3196 4494 3264 4533 ex
3286 4477 3661 4536 Almucanta-

2004 4565 2134 4620 rath
2167 4566 2438 4637 superius
2464 4570 2666 4640 tangat
2707 4566 3020 4639 regionem.
3045 4570 3230 4637 Super
3259 4565 3410 4620 hanc
3441 4565 3662 4623 lineam

2004 4616 2134 4620 ---η
2167 4616 2437 4637 ﬁrm"
2470 4616 2664 4640 -“Dm
2707 4616 3019 4639 _-°------_-
3054 4616 3219 4637 --τη
3259 4616 3404 4620 ηπ-
3441 4616 3662 4623 ﬁn---“

1926 4616 1973 4681 Ι)
2008 4657 2070 4709 tu
2101 4658 2384 4725 punctum
2415 4655 2473 4711 in
2532 4672 2661 4711 cera
2691 4672 2867 4727 super
2920 4652 3295 4726 pendiculum
3328 4654 3544 4710 factum
3574 4655 3662 4711 vel

2011 4742 2297 4799 circulum
2331 4743 2644 4816 pendiculi,
2678 4743 3014 4814 ubicunque
3044 4757 3173 4798 eam
3196 4744 3435 4814 tangere
3454 4743 3660 4819 possit,

2007 4847 2232 4903 ponens
2261 4831 2586 4900 considera,
2620 4830 2720 4903 qui
2753 4831 2906 4887 horna
2938 4829 3426 4904 perpendiculum
3458 4849 3662 4907 super-

1994 4920 2208 4997 jaceat,
2240 4922 2298 4978 et
2322 4919 2441 4976 haec
2472 4924 2582 4986 est,
2615 4932 2793 4993 quam
2834 4922 2971 4977 tuus
3012 4918 3180 4977 labor
3211 4920 3374 4991 [cod.,
3407 4927 3665 4995 quantus

2004 5009 2193 5084 labor]
2215 5009 2500 5082 exquirat.

2654 5096 2887 5155 CAPUT
2915 5096 3006 5154 Vl.

2003 5169 2535 5243 Adimensurandam
2564 5170 2862 5243 quamlibet
2893 5172 2952 5226 in
2977 5172 3147 5243 plano
3178 5174 3417 5230 stantem
3444 5171 3661 5243 altitu-

2076 5242 2261 5367 dine?
2288 5258 2413 5367 bper
2456 5239 2614 5298 suain
2672 5244 2847 5314 ipsius
2902 5239 3156 5300 umbram
3212 5258 3336 5298 cum
3391 5239 3658 5310 quadrato

2076 5322 2222 5369 astro
2249 5330 2282 5368 a
2321 5330 2384 5369 ιι.

2078 5402 2181 5473 (Ba:
2211 5399 2511 5458 Geometria
2542 5399 2804 5470 Gerberti,
2826 5418 2943 5474 cap.
2966 5402 3027 5457 2|
3045 5402 3083 5474 .)
3104 5400 3163 5456 Si
3195 5399 3281 5454 vis
3298 5397 3551 5471 alicujus
3572 5418 3659 5459 ar-

2004 5490 2162 5549 boris
2190 5490 2274 5548 vel
2305 5489 2609 5561 columnae,
2641 5490 2729 5547 vel
2764 5489 2964 5555 turris,
2997 5488 3083 5545 vel
3106 5487 3415 5559 cujusdam
3445 5488 3655 5548 talium

2005 5579 2064 5635 in
2097 5579 2271 5652 plano
2300 5581 2582 5638 duntaxat
2613 5579 2736 5637 loco
2767 5577 2998 5645 stantis,
3033 5575 3358 5635 altitudinis
3397 5595 3501 5652 per
3523 5596 3655 5637 um-

2004 5671 2167 5729 bram
2198 5670 2384 5744 ipsius
2411 5671 2687 5739 invenire,
2721 5684 3007 5742 suspenso
3046 5664 3358 5726 astrolabio
3400 5667 3656 5742 solisque
