4102 6174
399 363 513 429 411

1217 354 1630 421 HERMANNI
1673 347 2114 415 CONTRACTI
2159 349 2578 416 AUGIENSIS
2622 350 2998 418 MONAGHI.

3686 352 3808 417 412

401 498 563 556 radio
590 513 693 572 per
722 499 969 568 utraque
1000 492 1288 549 foramina
1316 488 1614 545 Alhidadae
1646 485 1913 541 directim
1944 485 2049 539 im-
2079 489 2130 552 Α
2161 485 2488 540 Assumuth
2519 503 2623 542 seu
2654 487 2961 556 rectitude,
2995 486 3134 560 quia
3163 485 3257 544 his
3308 484 3494 544 scitur
3519 486 3579 544 in
3636 490 3809 563 cujus

401 589 581 644 misso
607 587 734 641 vide
766 586 822 639 in
857 601 972 656 qua
1003 586 1165 654 parte
1193 579 1392 635 lateris
1416 575 1780 650 quadrantis,
1805 574 1959 645 quod
1987 574 2044 629 in

399 679 466 733 12
496 681 688 749 partes
719 674 970 729 divisum
1001 677 1107 738 est,
1141 670 1358 724 directa
1388 666 1574 738 ipsius
1605 663 1906 718 Alhidadre
1935 666 2048 717 stet

393 766 567 834 linea,
619 770 675 820 et
695 777 1109 835 quamcunque
1146 757 1575 831 proportionem
1601 769 1884 808 numerus
1911 769 2044 824 par-

391 855 538 910 tium
574 870 749 924 super
783 850 1066 903 Alhidada
1098 844 1504 917 apparentium
1537 843 1606 896 ad
1642 843 1728 910 ιΙ2,
1764 842 1818 896 id
1854 844 1942 895 est
1973 839 2043 893 ad

392 947 580 998 totum
615 941 766 995 latus
799 937 1063 1010 quadrati
1098 933 1388 997 habuerit,
1421 932 1682 986 eamdem
1717 928 1915 1002 procul
1947 928 2047 982 du-

389 1032 484 1087 bio
505 1030 936 1102 proportionem
980 1025 1246 1085 altitudo,
1281 1039 1457 1092 quam
1489 1019 1746 1074 invenire
1787 1016 2043 1081 voluisti,

392 1121 462 1175 ad
497 1120 769 1174 umbram
802 1135 835 1170 a
865 1133 925 1170 se
959 1117 1166 1167 l'actam
1210 1113 1267 1165 in
1296 1110 1539 1182 planitie
1587 1107 1857 1174 habebit;
1894 1104 2048 1159 verbi

390 1208 596 1280 gratia,
632 1207 680 1260 si
715 1206 840 1259 dum
875 1220 1053 1274 supra
1084 1205 1366 1272 apparent
1414 1202 1629 1270 partes,
1691 1197 1761 1251 ad
1813 1212 1960 1267 quas
1988 1195 2050 1248 1'2

391 1294 722 1367 sescuplam
758 1294 975 1347 habent
1003 1290 1435 1362 propotionem,
1499 1285 1768 1357 sescupla
1820 1299 2051 1355 quoque

391 1386 598 1439 umbra
631 1383 739 1437 erit
769 1383 839 1436 ad
874 1379 1264 1433 altitudinem.
1317 1379 1378 1432 Si
1415 1383 1532 1432 tres
1563 1380 1862 1447 apparent,
1908 1389 2048 1443 qua-

386 1471 633 1543 drupla;
669 1471 717 1525 si
753 1474 1024 1539 quatuor,
1062 1466 1274 1537 tripla;
1310 1465 1358 1520 si
1414 1469 1467 1532 5,
1532 1465 1739 1536 duplex
1786 1461 2050 1532 superbi'

390 1561 646 1633 partiens
669 1557 966 1630 quantitas
993 1574 1005 1621 ;
1042 1554 1090 1609 si
1121 1557 1176 1621 6,
1228 1551 1444 1624 dupla;
1492 1551 1540 1606 si
1567 1553 1625 1617 7,
1661 1552 1888 1622 super5
1918 1567 2046 1622 par~

385 1651 538 1705 tiens
561 1648 840 1719 septimas
866 1664 876 1711 ;
904 1645 951 1700 si
971 1647 1024 1710 8,
1050 1641 1472 1713 sesquialtera;
1500 1640 1548 1694 si
1571 1639 2050 1716 9,sesquitertia;

389 1739 439 1796 si
467 1739 554 1804 40,
580 1733 1079 1807 sesquiquinta;si
1099 1735 1183 1798 11,
1209 1730 1730 1801 sesquiundecima
1752 1747 1764 1796 ;
1783 1731 2052 1784 siomnes

2157 574 2340 645 partis
2373 575 2579 630 mundi
2610 576 2827 633 directo
2870 577 2946 633 sit
2975 576 3172 650 aliqua
3226 576 3404 650 regio,
3444 595 3570 650 quae
3614 581 3811 638 taliter

2158 663 2350 719 fuerit.
2387 665 2652 720 Invenies
2683 667 2958 738 primitus
2991 671 3260 722 centrum
3323 654 3603 740 regionis,
3655 671 3806 726 acci-

2157 752 2324 823 piens
2357 752 2724 809 latitudinem
2773 756 3029 827 regionis
3057 773 3090 810 a
3138 760 3352 827 puncto
3382 773 3633 814 eversus
3660 760 3710 827 b,
3751 767 3808 816 et

2157 841 2375 896 faciens
2407 846 2625 909 notam,
2659 860 2838 914 supra
2868 861 3042 915 quam
3074 861 3256 916 pones
3283 845 3548 917 regulam
3579 852 3636 903 et
3655 865 3803 920 pun-

2157 935 2315 985 ctum
2345 949 2390 997 c,
2424 937 2500 998 et,
2546 933 2644 986 ubi
2705 933 3018 988 absciderit
3058 934 3410 989 diametrum
3461 952 3490 990 e
3515 953 3550 991 a
3579 937 3633 1002 d,
3697 938 3807 993 erit

2156 1024 2422 1075 centrum
2445 1021 2721 1092 regionis,
2746 1039 2923 1093 quam
2948 1023 3174 1078 notabis
3197 1028 3414 1095 puncto
3431 1040 3480 1080 0.
3506 1029 3571 1079 Et
3605 1033 3806 1098 postea

2160 1109 2406 1180 accipies
2465 1111 2669 1165 eadem
2729 1110 3101 1165 latitudinem
3157 1129 3191 1166 a
3248 1117 3808 1184 punctocversusd

2160 1215 2339 1269 supra
2369 1215 2544 1268 quam
2579 1217 2758 1270 pones
2791 1199 3052 1271 regulam
3084 1204 3140 1255 et
3170 1205 3459 1271 punctum
3489 1219 3536 1269 ε,
3556 1208 3613 1259 et
3633 1205 3809 1261 facies

2162 1292 2360 1342 notam
2384 1288 2442 1342 in
2475 1287 2598 1342 loco
2629 1291 2818 1344 tactus
2849 1288 3060 1360 regulae
3092 1288 3149 1343 in
3183 1289 3562 1347 diametroea
3583 1294 3614 1347 .i
3637 1311 3812 1366 super

2159 1375 2420 1432 tabulam
2441 1377 2693 1449 ligneam
2725 1382 2980 1445 extenso,
3013 1381 3070 1432 et
3097 1378 3316 1433 scribes
3346 1381 3369 1433 ἰ
3395 1397 3442 1435 e.
3484 1381 3702 1438 Deinde
3733 1383 3812 1438 fa-

2161 1467 2280 1521 cies
2311 1467 2835 1522 circumferentiam
2870 1484 2970 1539 per
2991 1473 3274 1539 punctum
3297 1485 3327 1524 0
3349 1474 3457 1542 etp
3497 1475 3810 1527 transeun-

2163 1561 2280 1611 tem
2312 1556 2383 1610 ad
2418 1561 2679 1612 centrum
2713 1557 2974 1611 medium
3008 1561 3410 1628 utrorumque,
3434 1560 3606 1630 cujus
3628 1577 3812 1633 parsa

2165 1645 2193 1699 b
2225 1645 2283 1700 in
2314 1663 2342 1700 ε
2363 1662 2464 1716 per
2492 1661 2521 1700 ο
2553 1645 2884 1710 manifesta,
2916 1649 2972 1699 et
2997 1643 3110 1700 alia
3139 1663 3174 1700 a
3195 1662 3224 1700 c
3253 1646 3312 1701 in
3346 1647 3375 1701 ὁ
3397 1663 3499 1718 per
3516 1663 3555 1719 p
3585 1649 3811 1704 occulta

2161 1734 2461 1789 notabitur
2484 1752 2495 1800 ;
2521 1734 2660 1805 quia
2689 1733 2789 1789 illa
2818 1750 2945 1804 quae
2985 1737 3074 1790 est
3102 1734 3132 1790 b
3157 1734 3217 1789 in
3265 1752 3294 1791 c
3321 1752 3426 1806 per
3459 1752 3489 1792 ο
3514 1737 3584 1792 de
3628 1739 3812 1794 Assu-

389 1830 475 1892 12,
507 1843 674 1896 aequa
703 1824 811 1879 erit
833 1822 1080 1876 altitudo
1113 1825 1169 1917 et
1203 1819 1415 1917 umbra
1462 1819 1812 1917 etl‘omnino.
1852 1819 2050 1888 cujus-
2081 1853 2128 1917 B
2162 1823 2330 1879 muth
2362 1823 2471 1878 erit
2499 1822 2707 1890 lineis;
2758 1823 2872 1878 alia
2908 1839 3040 1879 vero
3088 1827 3220 1894 post
3257 1824 3439 1880 factas
3486 1826 3809 1882 Assumuth

387 1931 618 1986 cunque
652 1910 1041 1984 proportionis
1070 1907 1431 1980 triangulum
1482 1906 1771 1962 Alhidada
1799 1907 1856 1962 in
1898 1924 2047 1978 qua-

386 2005 552 2059 drato
613 2005 739 2073 ipso
798 1999 1053 2055 effecerit
1105 1998 1372 2068 ejusdem
1428 1996 1817 2067 proportionis
1865 1996 2047 2051 trian-

386 2092 615 2166 gulum,
649 2090 858 2146 umbra
887 2087 1204 2158 cujuslibet
1236 2085 1409 2141 erecti
1445 2085 1703 2156 corporis
1726 2085 1785 2139 in
1807 2084 2048 2156 planitie

385 2183 584 2238 statim
617 2178 912 2236 formabit.
972 2178 1035 2232 In
1095 2193 1207 2246 quo
1264 2174 1531 2229 videlicet
1581 2173 1869 2246 triangulo
1917 2174 2047 2246 ipsa

385 2273 655 2328 umbrata
675 2267 945 2340 planities
961 2265 1119 2320 basis
1134 2269 1222 2318 est
1246 2282 1259 2331 ;
1281 2269 1470 2318 erecta
1484 2262 1730 2317 altitudo
1756 2263 2044 2329 cathetus,

383 2360 584 2416 radius
615 2357 755 2412 solis
779 2356 1051 2410 umbram
1082 2353 1428 2409 tranversim
1481 2352 1750 2409 limitans
1796 2353 2043 2424 hypote-

385 2473 544 2512 nusaz
567 2455 751 2510 vicem
786 2453 1153 2525 dignoscitur
1183 2452 1416 2506 habere.

1032 2559 1266 2615 CAPUT
1298 2558 1398 2612 VII

572 2652 726 2706 Alius
758 2650 948 2704 modus
979 2649 1334 2703 altitudinem
1365 2663 1554 2702 rerum
1574 2648 1852 2702 metiendi.

456 2744 577 2815 (Est
604 2759 672 2797 em
701 2759 816 2813 cap.
850 2741 919 2794 82
951 2740 1262 2795 Gcomctria:
1296 2738 1538 2792 Gerberlz‘
1565 2738 1884 2809 sumptum.)
1938 2737 2040 2791 Est

385 2837 443 2888 et
469 2832 584 2888 alia
613 2832 758 2887 ratio
801 2828 1170 2885 altitudinem
1219 2826 1452 2882 videndi
1493 2844 1619 2898 quae
1671 2825 2031 2896 hujusmodi.

385 2921 810 2994 Orthogonum,
845 2918 1014 2988 cujus
1048 2917 1314 2972 cathetus
1344 2918 1377 2970 6
1398 2916 1654 2987 pendum
1679 2916 1773 2982 sit,
1799 2915 1956 2969 basis
1981 2916 2032 2984 8,

385 3010 751 3082 hypotenusa
783 3009 870 3072 10,
904 3007 1093 3078 erigas
1125 3006 1205 3060 ita
1238 3011 1299 3059 ut
1351 3009 1514 3060 terra;
1546 3005 1704 3060 basis
1752 3004 2034 3074 adjaceat,

382 3099 649 3154 cathetus
683 3099 962 3152 adversus
1018 3112 1140 3149 rem
1173 3093 1356 3154 illam,
1395 3095 1563 3163 cujus
1613 3092 1857 3147 altitudo
1908 3109 2034 3164 per-

381 3188 554 3260 pendi
592 3187 783 3252 debet,
815 3187 1090 3257 erigatur.
1145 3183 1519 3255 Hypotenusa
1556 3199 1688 3237 vero
1719 3199 1752 3236 a
1801 3198 2033 3237 summo

379 3277 592 3333 catheti
615 3278 672 3330 in
714 3290 1015 3330 summum
1049 3272 1206 3327 basis
1239 3273 1504 3326 ducatur.
1538 3271 1596 3326 Si
1648 3271 1866 3326 directo
1915 3269 2033 3325 illic

377 3366 560 3429 visus,
595 3365 693 3418 ubi
725 3362 882 3416 basis
907 3362 1269 3432 hipotcnusae
1313 3360 1603 3431 jungitur,
1656 3358 1891 3414 oculum
1932 3376 2031 3430 ap-

2159 1912 2467 1968 delebitur.

2226 2002 2345 2056 Hoc
2375 2001 2524 2056 facto
2556 2000 2778 2056 divides
2811 2001 3084 2056 eumdem
3116 2000 3396 2056 circulum
3428 2019 3531 2073 per
3550 2003 3670 2059 duo
3693 2021 3816 2060 me-

2156 2089 2252 2145 dia
2273 2091 2492 2146 ducens
2517 2091 2868 2145 diametrum
2892 2089 2951 2144 in
2976 2089 3400 2162 longitudinem
3424 2108 3524 2162 per
3543 2091 3810 2148 tabulam

2154 2179 2410 2251 ligneam
2441 2196 2510 2234 ex
2536 2184 2783 2250 utraque
2812 2183 2974 2250 parte
3004 2179 3192 2250 ipsius
3222 2178 3424 2234 circuli
3447 2179 3505 2233 in
3529 2196 3648 2251 quo
3683 2181 3810 2236 dia-

2155 2271 2338 2322 metro
2362 2267 2622 2322 invenies
2654 2267 2978 2322 Assumuth
2998 2270 3217 2321 centra.
3245 2265 3473 2321 Divides
3493 2267 3650 2322 enim
3674 2285 3809 2340 par-

2151 2361 2270 2411 tem
2302 2354 2526 2424 circuli,
2558 2373 2684 2427 quae
2727 2360 2816 2411 est
2847 2373 2881 2410 a
2911 2358 2940 2410 ὸ
2973 2357 3031 2410 in
3063 2372 3092 2411 0
3123 2372 3226 2426 per
3251 2357 3307 2424 9,
3338 2359 3396 2411 et
3443 2355 3645 2425 aliam,
3682 2373 3814 2429 quae

2151 2449 2241 2501 est
2271 2446 2341 2501 ab
2375 2462 2404 2501 ο
2427 2445 2486 2500 in
2524 2462 2573 2510 ε,
2605 2444 2878 2501 similiter
2908 2461 3010 2516 per
3037 2445 3090 2499 9.
3124 2445 3193 2499 Et
3221 2443 3304 2499 sic
3344 2444 3521 2500 facies
3550 2445 3620 2501 de
3669 2446 3801 2502 aliis

2151 2535 2545 2599 inferioribus,
2579 2534 2715 2590 licet
2743 2533 3143 2605 superioribus
3173 2533 3294 2588 sint
3330 2535 3621 2604 majores:
3678 2551 3801 2606 quae

2149 2640 2282 2678 cum
2306 2624 2424 2678 sint
2444 2623 2622 2678 totius
2645 2621 2842 2677 circuli
2864 2640 2916 2693 g,
2937 2621 3181 2694 singula
3204 2622 3554 2678 obtinebunt
3583 2624 3802 2695 gradus

2148 2713 2367 2768 decem.
2401 2711 2622 2774 Quibus
2644 2711 3032 2767 divisionibus
3055 2711 3302 2782 signatis
3324 2727 3506 2783 pones
3538 2711 3800 2784 regulam

2147 2817 2323 2872 super
2351 2805 2634 2872 punctum
2673 2817 2705 2856 ο
2735 2804 2793 2854 et
2847 2799 3166 2855 secundam
3225 2799 3592 2868 divisionem,
3625 2801 3683 2856 id
3715 2805 3804 2856 est

2146 2906 2326 2961 supra
2339 2889 2595 2961 primum
2613 2890 2883 2962 gradum,
2901 2891 2957 2943 et
2978 2888 3078 2944 ubi
3095 2887 3413 2944 absciderit
3427 2889 3798 2956 diametrum,

2143 2978 2314 3050 longe
2346 2978 2403 3034 in
2435 2977 2636 3033 tabula
2681 2977 2876 3050 lignea
2903 2977 3082 3034 facies
3111 2977 3368 3049 primum
3400 2983 3666 3034 centrum
3695 2981 3800 3035 As-

2146 3067 2410 3124 sumuth.
2444 3069 2552 3123 Per
2577 3068 2732 3139 quod
2774 3071 3043 3128 centrum
3091 3065 3269 3123 facies
3313 3066 3800 3123 circumferentia

2146 3161 2372 3229 partem
2405 3173 2438 3211 a
2456 3156 2672 3211 circulo
2695 3155 3090 3227 hemisphaerii
3120 3159 3522 3211 transeuntem
3536 3172 3641 3227 per
3659 3172 3801 3228 pun-

2147 3250 2306 3302 ctum
2338 3262 2366 3301 0
2397 3261 2584 3316 usque
2633 3245 2704 3300 ad
2765 3244 3049 3299 circulum
3108 3243 3457 3315 Capricorni,
3519 3250 3576 3299 et
3623 3244 3799 3325 facies

2145 3341 2346 3408 postea
2376 3335 2534 3392 aliud
2571 3335 2919 3391 Assumuth.
2950 3335 3033 3390 Ad
3067 3350 3318 3406 quorum
3348 3334 3714 3406 divisionem,
3741 3335 3801 3390 id

377 3469 527 3525 pone
549 3423 630 3506 ad
659 3455 873 3505 terram
927 3423 1273 3520 prostratus.
1313 3423 1550 3502 "Deivnde
1589 3423 1724 3502 huc
1782 3453 1838 3502 et
1893 3423 2033 3502 illuc

2154 3429 2232 3480 est
2253 3425 2326 3480 ad
2372 3425 2666 3481 decimum
2705 3425 2975 3497 gradum,
3029 3428 3085 3480 et
3126 3424 3358 3480 invento
3390 3428 3585 3480 centro
3615 3423 3800 3480 facies

371 3544 494 3598 tam
520 3540 619 3595 diu
649 3537 1076 3604 detrahe,oculo
1110 3541 1303 3591 tamen
1365 3553 1596 3608 semper
1624 3537 1911 3609 Opposito,
1932 3537 2036 3592 do;-

375 3647 481 3686 nec
506 3644 809 3684 summum
825 3625 1038 3680 cathcti
1053 3626 1156 3681 tibi
1177 3625 1335 3681 illius
1355 3627 1457 3692 rei,
1479 3627 1647 3696 cujus
1661 3625 2032 3680 altitudinem

375 3718 610 3791 quaeris,
644 3714 968 3773 summitati
1018 3714 1311 3786 δόξω]υᾶνί
1372 3714 1654 3769 videatur.
1706 3715 1828 3778 Quo
1881 3714 2032 3770 facto

374 3825 558 3880 ponas
591 3807 848 3879 signum,
881 3805 979 3860 ubi
1014 3803 1249 3859 oculum
1292 3805 1552 3869 tenebas,
1585 3807 1641 3858 et
1670 3819 1738 3858 ex
1767 3819 1832 3858 eo
1866 3801 2032 3874 signo

375 3898 580 3953 metire
610 3896 866 3968 spatium
900 3911 1087 3966 usque
1137 3893 1208 3948 ad
1252 3894 1456 3965 pedem
1491 3893 1569 3948 rei
1628 3891 1790 3947 illius
1821 3896 1878 3947 et
1924 3891 2032 3947 hoc

373 3986 562 4057 spatio
595 4002 696 4055 per
725 3986 756 4037 4
789 3983 996 4055 partito
1021 3988 1288 4055 quartam
1311 3999 1487 4037 unam
1515 3981 1845 4047 subtrahas,
1870 3985 2033 4036 ciete-

374 4091 470 4128 ras
501 4078 618 4127 tres
644 4088 744 4144 pro
767 4071 1077 4126 altitudine
1104 4072 1226 4136 illa,
1249 4088 1425 4142 quam
1450 4070 1772 4142 quaerebas,
1798 4069 2026 4124 habeto.

374 4163 506 4218 Haec
535 4160 902 4216 altitudinem
937 4159 1164 4214 videndi
1199 4161 1342 4214 ratio
1376 4159 1701 4214 certissima
1736 4163 1842 4224 est,
1871 4159 1917 4214 si
1952 4163 2030 4213 ta-

376 4267 510 4307 men
541 4267 675 4305 area
707 4266 807 4320 per
835 4265 1014 4320 quam
1048 4247 1312 4303 cathetus
1361 4247 1686 4302 detrahitur
1719 4264 1831 4301 non
1859 4264 2030 4302 mon-

373 4345 546 4397 tuosa
579 4356 769 4411 nequa
799 4336 1019 4393 vallosa
1048 4337 1149 4392 sed
1181 4335 1355 4408 plana
1392 4335 1582 4390 fuerit.

1005 4442 1236 4499 CAPUT
1268 4443 1411 4498 VIII.

587 4536 865 4610 Quomodo
895 4535 1088 4589 circuli
1116 4536 1294 4588 asmut
1323 4533 1655 4604 depingendi
1682 4535 1814 4586 sint.

446 4590 1114 4689 Post‘Almueantarath,
1150 4622 1248 4694 qui
1291 4590 1722 4686 describantur,
1767 4620 2034 4692 sequitur
2062 4590 2110 4655 D

2145 3513 2392 3570 transire
2437 3513 2594 3569 aliud
2635 3513 2963 3570 Assumuth
3000 3528 3102 3585 per
3144 3512 3299 3568 idem
3347 3517 3629 3584 punctum
3651 3529 3701 3582 ο,
3746 3517 3806 3569 et

2146 3603 2298 3660 scias
2329 3603 2468 3675 quia
2495 3620 2629 3659 cum
2661 3603 2868 3658 feceris
2899 3602 3221 3658 Assumuth
3253 3603 3324 3658 ad
3358 3603 3445 3671 10,
3467 3601 3708 3657 exibunt
3727 3600 3801 3658 ad

2152 3693 2215 3748 l0
2243 3711 2256 3760 ;
2280 3697 2337 3748 et
2366 3709 2500 3748 cum
2523 3693 2594 3748 ad
2629 3693 2716 3758 10,
2749 3692 2991 3747 exibunt
3019 3692 3077 3747 S.
3111 3696 3253 3747 Cum
3272 3695 3467 3747 autem
3492 3691 3800 3764 perfeceris

2144 3799 2324 3838 unam
2374 3781 2747 3839 medietatem
2769 3780 2997 3848 circuli,
3031 3781 3250 3836 redibis
3293 3781 3365 3836 ad
3395 3779 3595 3848 aliam,
3619 3785 3677 3836 et
3705 3780 3792 3836 sic

2146 3889 2350 3929 omnes
2379 3871 2822 3927 consummabis
2853 3869 3201 3925 Assumuth.

2215 3966 2346 4017 Post
2374 3960 2650 4016 horarum
2683 3959 2879 4015 leneas
2902 3975 3052 4031 pone
3075 3961 3250 4031 caput
3269 3959 3470 4016 Cancri
3498 3974 3677 4030 super
3695 3957 3800 4012 Al-

2143 4049 2548 4106 mucantarath
2583 4050 2622 4103 ί.
2645 4066 2698 4119 g.
2735 4047 2793 4102 in
2825 4048 3145 4118 occidente,
3173 4051 3230 4104 et
3285 4047 3548 4120 signabis
3600 4045 3798 4103 locum

2142 4139 2350 4210 capitis
2379 4138 2582 4194 Cancri
2614 4137 2674 4192 in
2704 4142 2868 4209 parte
2898 4137 3174 4193 horarum
3199 4155 3212 4205 ;
3237 4138 3439 4208 sicque
3462 4136 3636 4191 facies
3657 4152 3797 4191 cum

2142 4228 2327 4300 capite
2357 4227 2567 4283 Arietis
2599 4231 2655 4282 et
2684 4226 3042 4299 Capricorni,
3075 4230 3131 4281 et
3178 4224 3439 4296 signabis
3469 4224 3658 4296 capita
3701 4240 3800 4280 eo-

2144 4334 2275 4372 rum
2310 4317 2714 4389 oppositorum
2746 4316 2806 4372 in
2837 4314 3132 4386 praedictis
3165 4313 3346 4370 horis.
3381 4314 3488 4369 Per
3513 4330 3644 4385 quae
3683 4311 3803 4368 tria

2142 4407 2312 4478 signa
2341 4407 2519 4461 duces
2551 4405 2763 4460 lineam
2791 4402 3121 4475 crepusculi
3152 4401 3481 4459 Orientalis.
3513 4400 3804 4459 Similiter

2142 4495 2317 4550 facies
2342 4496 2401 4549 in
2425 4494 2693 4566 opposita
2715 4497 2876 4564 parte
2893 4493 2965 4547 ad
2982 4490 3335 4582 occideptale
3355 4490 3799 4564 crepusculum.

2755 4615 2967 4672 thera
2995 4615 3205 4670 desunt.
