4102 6182
547 303 665 372 419

1324 297 1742 364 HERMANNI
1786 294 2228 378 CONTRACTI
2272 292 2687 360 AUGIENSIS
2734 294 3113 360 MONACHI.

3766 285 3922 368 _4%

549 448 602 498 tr
642 458 848 517 porum
871 440 930 495 in
963 440 1167 510 quarto
1193 436 1278 493 vel
1303 436 1507 509 quinto
1536 435 1656 490 loco
1687 433 1935 488 reditum
1961 448 2195 486 concor-
2231 433 2281 496 Α
2312 431 2499 504 prima
2557 431 2712 486 ﬁnali
2749 435 2803 486 et
2853 449 2920 488 ex
2951 432 3140 503 prima
3197 424 3504 502 superiori.
3536 424 3792 484 Secunda
3813 425 3916 499 ΕΛ

551 533 650 588 dat
679 531 866 604 prima
891 546 1025 584 cum
1056 527 1268 600 prima,
1289 525 1546 582 secunda
1569 540 1702 579 cum
1736 519 2194 586 secunda,tertia

548 638 680 676 cum
712 620 902 684 tertia,
929 622 1135 689 quarta
1166 632 1296 670 cum
1322 619 1563 686 quarta:
1595 612 1918 667 secundum
1949 609 2192 682 positio-

549 727 680 764 nem
706 710 856 772 dico,
890 725 1003 762 non
1028 707 1348 761 secundum
1384 719 1602 757 vocem.

617 800 925 854 Sciendum
960 812 1190 867 quoque
1237 798 1325 848 est
1355 793 1506 863 quod
1543 790 1708 861 quasi
1770 789 2036 861 quaedam
2068 789 2188 842 dia-

545 894 805 944 tessaron
857 886 1077 955 species
1138 884 1199 949 F,
1235 884 1336 952 et:
1391 881 1703 942 invenitur,
1739 879 1837 932 sed
1873 879 2010 950 quia
2042 877 2193 931 inter

541 973 1210 1048 legalesConstitutiones
1232 970 1424 1024 locum
1457 987 1568 1023 non
1603 969 1797 1034 habet,
1829 966 2188 1038 repudiatur,

541 1066 795 1137 ipszeque
828 1065 978 1116 inter
1007 1079 1067 1116 se
1112 1078 1216 1114 nec
1248 1063 1661 1122 acuunter,nec
1693 1055 2192 1129 gravantur,unde

539 1154 713 1207 etiam
748 1153 1054 1222 cujusdam
1103 1148 1472 1204 intervallum
1531 1164 1596 1202 ex
1628 1146 1846 1200 eisdem
1877 1145 2187 1198 statuentis

538 1259 698 1296 error
750 1240 1130 1295 convincitur.
1195 1240 1513 1293 Possumus
1573 1251 1801 1306 quoque
1860 1232 1917 1286 in
1981 1231 2186 1285 harum

541 1331 954 1386 constitutione
1003 1329 1324 1399 specierum
1351 1321 1577 1379 natura:
1628 1324 1901 1377 virtutem
1941 1325 2189 1392 potesta~

541 1426 776 1491 temque
802 1419 1019 1473 mirari.
1045 1418 1190 1471 Nam
1225 1416 1268 1470 si
1305 1432 1403 1469 eas
1433 1414 1488 1467 in
1524 1429 1775 1483 sequens
1808 1408 2188 1481 quadrichor-

551 1510 713 1573 dum,
776 1509 928 1580 quod
983 1507 1191 1561 tertius
1226 1509 1279 1558 et
1332 1500 1846 1572 ideodiapenticus
1880 1496 2192 1569 quadrupli

545 1615 755 1670 passus
803 1596 1044 1661 invenit,
1108 1600 1581 1664 transponamus,
1638 1589 1746 1644 erit
1801 1587 1987 1659 prima
2045 1585 2191 1650 D,G

543 1690 764 1743 ratione
799 1702 1084 1758 perversa.
1111 1684 1254 1737 Nam
1279 1681 1545 1752 quamvis
1580 1679 1622 1732 D
1659 1682 1894 1748 propter
1923 1691 2189 1729 commu-

541 1778 777 1832 nionem
804 1774 983 1847 possit
1005 1790 1131 1827 esse
1153 1772 1356 1841 prima,
1384 1774 1576 1822 tamen
1599 1768 1644 1822 G
1672 1781 1914 1818 numero
1939 1763 2192 1833 septima
2224 1799 2270 1862 B

543 1866 1034 1938 trOpicequarta,1
1062 1876 1319 1930 unquam
1349 1862 1534 1929 potest
1560 1873 1686 1911 esse
1711 1852 2196 1926 prima.Secunrla

544 1957 613 2011 ab
670 1957 709 2009 E
770 1971 895 2025 quae
943 1957 1032 2006 est
1105 1948 1328 2003 deuteri
1383 1945 1688 2015 incipiens,
1751 1945 1808 1996 in
1837 1959 1888 2006 a,
1927 1958 2054 2013 qua:
2105 1945 2197 1995 est

543 2045 714 2117 proti,
742 2043 972 2098 desinit.
998 2038 1193 2094 Tertia
1223 2036 1389 2102 ibi,si
1423 2040 1631 2088 natura
1661 2029 2196 2103 inspiciatur,nul|a

543 2139 648 2189 est.
708 2133 924 2195 Quarta
982 2129 1102 2190 aG,
1157 2144 1280 2197 qua:
1313 2129 1401 2179 est
1447 2122 1683 2178 tetrardi
1724 2121 2023 2185 inchoans,
2049 2119 2107 2172 in
2141 2134 2190 2184 c,

545 2240 670 2293 quze
702 2226 790 2274 est
811 2218 952 2282 triti,
985 2216 1350 2270 terminatur.
1383 2213 1487 2267 Sed
1515 2227 1648 2264 cum
1682 2209 1801 2264 haec
1823 2207 2109 2273 confusio,
2144 2207 2192 2261 si

547 2326 648 2381 per
678 2308 940 2362 ordinem
974 2307 1374 2366 numerentur,
1410 2301 1942 2369 oriatur,quantum
1966 2295 2064 2352 ille
2093 2296 2191 2350 de-

541 2395 840 2468 liquit,qui
870 2393 1024 2448 solas
1057 2393 1272 2446 formas
1304 2407 1417 2444 non
1458 2388 1648 2443 solum
1679 2385 2032 2442 naturalium
2055 2401 2189 2438 con-

544 2485 914 2541 stitutionum
968 2482 1202 2536 intuens
1257 2496 1486 2542 causas,
1546 2478 1612 2543 D,
1649 2477 1695 2532 G
1731 2475 2002 2548 primam,
2065 2475 2125 2539 E,
2159 2490 2192 2527 a

545 2573 886 2634 secundam,
939 2571 1166 2625 tertiam
1200 2570 1267 2632 G,
1301 2586 1330 2623 c
1380 2567 1556 2622 nimis
1597 2567 1826 2620 incaute
1878 2562 2187 2627 deﬁniunt,

543 2662 725 2718 solam
759 2665 1027 2715 crete-rum
1089 2659 1363 2729 primam,
1397 2657 1451 2710 id
1496 2661 1582 2710 est
1613 2673 1665 2718 a,
1690 2655 1723 2708 d
1758 2658 1913 2708 recte
1945 2667 2186 2722 ponens,

541 2753 640 2806 sed
676 2750 786 2805 sibi
822 2749 926 2821 ipsi
953 2747 1302 2811 contrarius,
1333 2745 1433 2817 qui
1463 2744 1626 2815 prius
1653 2743 1722 2808 D,
1754 2743 1798 2797 G
1823 2741 2072 2812 primam
2091 2755 2187 2809 po-

541 2840 678 2894 suit.
727 2838 886 2900 Quod
919 2837 1046 2890 ideo
1075 2840 1192 2889 tam
1247 2833 1340 2888 isti
1401 2849 1579 2905 quam
1612 2831 1910 2895 omnibus,
1948 2827 2187 2900 musicis

539 2928 746 2992 evenit,
785 2926 985 2998 quiain
1040 2923 1325 2995 positione
1360 2923 1557 2994 prima:
1591 2919 1750 2974 nulla
1799 2921 2019 2988 quartae
2050 2932 2188 2970 con-

541 3016 814 3072 sideratio
835 3019 942 3068 est.

611 3105 711 3160 His
745 3105 823 3159 ita
847 3121 906 3159 se
938 3102 1308 3168 habentibus,
1349 3100 1650 3155 sciendum
1681 3102 1769 3153 est
1801 3097 1954 3168 quod
1980 3095 2027 3150 si
2051 3093 2185 3166 quis

536 3211 604 3250 ea
627 3211 752 3267 qu:e
785 3194 937 3248 dicta
966 3195 1108 3246 sunt
1131 3192 1187 3244 in
1212 3190 1469 3244 secundo
1493 3189 1774 3259 diapason
1800 3187 1984 3240 facere
2007 3188 2184 3238 tenta-
2217 3164 2256 3230 Ο

536 3284 698 3342 verit.
736 3299 850 3338 non
911 3281 1086 3336 aliam
1117 3280 1445 3351 genituram
1480 3278 1843 3332 diatessaron
1863 3273 2043 3338 nasci,
2081 3273 2182 3326 sed

536 3388 665 3426 eam
697 3389 822 3442 qua:
860 3372 983 3440 jim
1017 3369 1172 3423 dicta
1200 3373 1288 3422 est
1343 3366 1520 3436 repeti
1569 3365 1803 3428 videbit,
1865 3369 1921 3418 et
1941 3364 2090 3432 quod
2125 3361 2183 3413 in

529 3459 812 3530 gravibus
834 3457 918 3512 vel
945 3456 1366 3527 principalibus
1385 3455 1600 3509 factum
1634 3458 1743 3518 est,
1777 3453 1835 3506 in
1869 3449 2184 3522 superiori-

535 3549 668 3611 bus,
690 3547 789 3618 qui
818 3545 1079 3615 ejusdem
1116 3548 1334 3597 naturae
1367 3547 1523 3605 sunt,
1547 3543 1773 3596 efﬁcere
1803 3539 2030 3594 valebit.
2062 3537 2182 3592 Sic~

535 3652 647 3708 que
678 3633 972 3706 colligitur
1000 3637 1251 3704 quatuor
1279 3646 1406 3686 esse
1440 3629 1656 3700 primas
1689 3634 1754 3694 A,
1793 3629 1856 3692 D,
1881 3628 2007 3694 a,d;
2043 3642 2184 3696 qua-

533 3730 666 3780 tuor
690 3724 978 3779 secundas
1011 3723 1072 3785 B,
1096 3722 1158 3787 Ε,
1192 3723 1238 3787 ζ,
1271 3737 1333 3786 e;
1364 3724 1616 3791 quatuor
1649 3717 1849 3773 tertias
1880 3717 1941 3782 C,
1966 3721 2019 3782 ιθ,
2045 3733 2095 3784 c,
2127 3715 2180 3783 f;

535 3820 792 3888 quatuor
822 3816 1066 3885 quartas
1087 3811 1156 3876 D,
1188 3813 1254 3876 G,
1278 3810 1335 3878 d,
1365 3826 1421 3881 g:

605 3908 746 3958 Cum
779 3902 978 3974 igitur,
1030 3901 1180 3955 sicut
1203 3901 1330 3970 jam
1383 3915 1534 3969 saepe
1560 3897 1779 3952 dictum
1803 3901 1910 3961 est,
1945 3899 2187 3967 quartus

535 3989 847 4063 quadrupli
884 4006 1094 4059 passus
1115 3991 1367 4058 quatuor
1396 4002 1600 4040 vocum
1629 4001 1831 4055 capax,
1849 3987 1906 4038 et
1935 3987 2188 4055 quatuor

533 4084 837 4150 troporum
898 4077 1184 4136 ordinem,
1239 4078 1488 4145 quatuor
1542 4089 1775 4144 quoque
1822 4073 2184 4126 diatessaron

535 4167 762 4239 species
791 4169 1155 4236 progeneret,
1207 4163 1506 4217 videamus
1539 4178 1774 4232 quoque
1812 4162 1883 4215 de
1915 4161 2186 4231 diapente

535 4255 942 4328 speeiebus,an
973 4258 1029 4307 et
1051 4252 1192 4324 ipsa:
1215 4251 1284 4305 de
1317 4267 1444 4314 suo,
1467 4251 1575 4305 hoc
1606 4256 1695 4305 est
1728 4250 1901 4305 tertio
1928 4251 2184 4322 quadru-

533 4345 612 4418 pli
647 4361 844 4416 passu,
871 4341 1215 4397 naturaliter
1235 4341 1485 4394 orientes
1509 4345 1564 4394 et
1594 4339 1997 4394 ordinabiliter
2045 4357 2186 4410 prm-

531 4435 823 4499 cedentes,
849 4433 1002 4486 sicut
1031 4430 1396 4484 diatessaron
1430 4429 1654 4500 species
1688 4429 1744 4482 in
1779 4430 2075 4495 ﬁnalibus,
2107 4429 2187 4483 ita

2302 538 2371 576 ex
2403 521 2659 576 secunda
2686 520 2868 587 ﬁnali,
2899 526 2956 577 et
2979 538 3046 576 ex
3080 520 3337 576 secunda
3359 515 3840 590 superiori.Tertia
3863 516 3916 583 Ρ,

2305 627 2332 666 c
2365 627 2428 665 ex
2460 611 2630 664 tertia
2679 609 2837 666 ﬁnali
2869 616 2926 665 et
2975 627 3042 666 ex
3081 610 3252 664 tertia
3301 607 3610 681 superiori.
3638 606 3831 670 Quarta
3856 605 3920 674 G,

2304 701 2335 754 d
2366 716 2433 754 ex
2456 704 2663 771 quarta
2693 698 2875 765 ﬁnali,
2937 703 2992 753 et
3022 716 3089 754 ex
3137 703 3346 770 quarta
3369 695 3673 769 superiori.
3713 698 3827 760 Quas
3871 695 3919 750 si

2301 789 2562 843 vicissim
2586 789 2650 843 sd
2681 805 2882 861 graves
2905 784 3639 860 transponantur,occurrit
3666 784 3833 856 prima
3859 785 3921 851 A,

2310 879 2350 932 E
2377 878 2630 932 naturali
2651 878 2885 948 quidem
2922 878 3210 950 positione
3241 881 3514 932 tonorum
3535 875 3663 930 dico
3692 878 3743 929 et
3768 874 3927 928 semi-

2303 967 2622 1032 touiorum,
2659 983 2753 1022 sec
2778 984 2891 1021 non
2916 983 2982 1020 ex
3029 965 3258 1020 duabus
3290 964 3495 1036 primis
3527 964 3764 1018 duorum
3793 978 3929 1033 qua-

2302 1056 2748 1110 drichordorum
2786 1061 3063 1110 constans
3081 1054 3532 1125 vocibus,neque
3550 1053 3744 1107 eodem
3759 1056 3928 1123 tropo,

2302 1162 2418 1217 quo
2453 1144 2755 1215 incipitur,
2821 1144 3060 1211 ﬁnitur;
3098 1144 3194 1198 sed
3255 1143 3390 1198 hinc
3443 1141 3633 1213 prima
3669 1141 3932 1212 gravium,

2301 1234 2435 1289 inde
2493 1235 2750 1288 secunda
2811 1232 3097 1297 ﬁnalium,
3150 1237 3327 1302 atque
3376 1231 3504 1286 ideo
3550 1229 3685 1284 hinc
3717 1228 3931 1301 preprio

2301 1329 2473 1394 tropo
2498 1323 2663 1377 ainde
2695 1321 2867 1388 lieno,
2902 1321 3009 1377 hoc
3039 1325 3127 1378 est
3157 1322 3394 1376 denter.
3430 1319 3670 1387 ,ﬁnitur.
3698 1318 3943 1375 Socunda

2303 1413 2362 1475 B,
2389 1413 2598 1482 F,quze
2658 1411 2930 1483 deinceps
2959 1428 3072 1466 non
3121 1426 3249 1465 esse
3299 1410 3567 1482 diapente
3611 1408 3814 1480 species
3843 1408 3938 1461 de-

2303 1501 2749 1556 monstrabitur.
2785 1501 2982 1555 Tertia
3010 1501 3070 1564 C,
3096 1499 3163 1564 G,
3196 1500 3244 1554 si
3277 1498 3448 1553 tertia
3477 1498 3588 1554 dici
3623 1498 3932 1570 potest,uni

2302 1591 2486 1662 prima
2523 1589 3001 1655 deviat,secunda
3031 1588 3270 1644 omnino
3311 1604 3424 1643 non
3459 1591 3584 1654 est;
3613 1604 3723 1642 non
3748 1591 3932 1642 tamen

2301 1680 2429 1751 ipsa
2459 1671 2526 1732 ei:
2571 1679 2800 1733 duabus
2840 1678 3027 1733 tertiis
3085 1678 3333 1732 duorum
3384 1673 3931 1748 quadricbordorum

2301 1767 2666 1829 vocibus,sed
2717 1767 2854 1820 hinc
2883 1766 3058 1821 tertia
3114 1766 3544 1837 gravium,inde
3574 1769 3773 1836 quarta
3791 1764 3930 1819 ﬁna-

2306 1856 2449 1911 lium
2480 1862 2653 1926 atque
2697 1855 2826 1910 ideo
2859 1855 3248 1911 dissimilibus
3281 1855 3485 1927 tropis,
3537 1855 3672 1910 trito
3727 1853 3937 1909 scilicet

2306 1950 2579 2000 constans
2611 1949 2666 1998 et
2705 1945 2980 2000 tetrardo.
3019 1945 3236 2008 Quarta
3274 1945 3401 2016 jam
3434 1942 3557 1998 sola
3584 1943 3819 2015 perfecta
3843 1959 3933 1998 oc-

2305 2034 2502 2098 currit,
2537 2034 2588 2087 id
2624 2038 2711 2088 est
2745 2034 2811 2103 D,
2844 2036 2888 2088 Α
2939 2037 3173 2105 excepto
3218 2034 3370 2104 quod
3406 2033 3525 2087 hac
3572 2049 3686 2087 non
3716 2036 3933 2102 quarto,

2304 2124 2401 2178 sed
2437 2123 2624 2194 primo
2656 2121 2846 2177 ordini
2889 2122 3221 2194 deputatur.
3279 2120 3482 2176 Nonne
3531 2137 3666 2194 ergo
3696 2121 3938 2176 attendis

2303 2213 2456 2283 quod
2490 2211 2745 2266 vicissim
2805 2215 2862 2265 et
2901 2210 3264 2265 diatessaron
3315 2210 3372 2264 in
3421 2209 3714 2276 ﬁnalibus,
3747 2214 3798 2265 et
3822 2209 3939 2264 dia-

2304 2307 2472 2373 pente
2488 2298 2708 2372 species
2721 2297 3002 2353 violenter
3023 2298 3396 2370 requirantur
3417 2299 3474 2352 in
3494 2298 3942 2370 gravibus?Ergo

2302 2390 2453 2462 quod
2497 2388 2831 2444 constitutio
2873 2387 3354 2458 repudiat,forma
3390 2386 3747 2456 tantum,sil‘
3789 2387 3940 2442 Grae-

2300 2496 2434 2534 cum
2467 2484 3238 2550 apponatur,synemmenon
3257 2492 3491 2548 quoque
3516 2476 3636 2531 ﬁeri
3669 2479 3947 2548 potestzut

2299 2567 2375 2623 sit
2405 2567 2573 2639 quasi
2605 2566 2843 2637 rprima
2887 2609 2899 2630 ,
2929 2575 2996 2631 Α,
3030 2566 3092 2631 Β,
3116 2566 3179 2629 C,
3216 2570 3256 2618 Ο
3279 2584 3291 2630 ;
3316 2566 3575 2620 secunda
3597 2570 3664 2630 A,
3699 2565 3756 2630 Β,
3781 2565 3842 2631 C,
3871 2570 3939 2632 D,

2299 2657 2379 2722 F;
2415 2655 2584 2710 tertia
2616 2656 2676 2721 B,
2703 2655 2764 2719 C,
2800 2654 2864 2720 D,
2901 2654 3285 2725 E,F;quarta
3314 2653 3372 2720 C,
3408 2658 3472 2718 D,
3505 2655 3570 2718 Ε,
3605 2655 3665 2719 F,
3699 2655 3762 2708 G.

2370 2746 2532 2800 Nunc
2591 2744 2765 2799 etiam
2808 2743 2880 2798 de
2928 2743 3212 2814 diapason
3264 2742 3568 2814 speciebus
3626 2742 3943 2798 videamus.

2298 2833 2579 2906 Superius
2603 2833 2822 2886 dictum
2873 2836 2961 2886 est
2992 2832 3144 2902 quod
3182 2832 3297 2886 duo
3329 2836 3570 2902 septena
3590 2847 3790 2886 vocum
3822 2832 3948 2888 dis-

2297 2923 2543 2978 crimina
2575 2925 2825 2992 quatuor
2876 2920 3128 2974 reddunt
3183 2920 3634 2992 quadrichorda,
3667 2937 3788 2992 quae
3819 2938 3950 2976 om-

2297 3013 2394 3068 nia
2423 3012 2747 3068 socundum
2799 3008 3158 3066 uniformem
3180 3014 3484 3081 troporum
3517 3011 3953 3066 successionem

2296 3107 2434 3158 sunt
2465 3099 2731 3173 :equalia,
2767 3099 3090 3154 secundum
3121 3098 3548 3155 institutionem
3575 3115 3705 3154 vero
3733 3101 3953 3172 specie-

2296 3209 2426 3247 rum
2459 3190 2730 3262 diapente
2760 3193 2817 3244 et
2837 3187 3199 3243 diatessaron
3234 3188 3491 3260 primum
3513 3189 3704 3258 tertio,
3737 3205 3952 3245 secun-

2295 3283 2434 3336 dum
2461 3277 2682 3351 mquale
2703 3281 2792 3334 est
2840 3281 3068 3348 quarto.
3103 3277 3266 3333 Unde
3318 3293 3554 3333 necesse
3583 3283 3672 3334 est
3692 3282 3774 3343 ut,
3808 3295 3949 3334 cum

2295 3368 2624 3441 superiores
2671 3367 2957 3439 gravium,
3011 3363 3356 3422 excellentes
3395 3371 3605 3422 octava:
3650 3366 3766 3422 sint
3796 3367 3951 3422 ﬁna-

2295 3458 2461 3523 lium,
2497 3461 2749 3527 quatuor
2778 3455 3057 3527 diapason
3106 3454 3329 3526 species
3375 3455 3654 3527 inemptas,
3687 3473 3721 3510 a
3749 3456 3952 3527 gravi-

2295 3548 2406 3602 bus
2439 3547 2719 3600 ﬁniantur
2738 3545 2795 3598 in
2820 3544 3241 3615 superioribus,
3275 3545 3609 3617 emdemque
3632 3545 3896 3617 repetita:
3917 3563 3958 3600 a

2297 3634 2570 3689 ﬁnalibus
2605 3633 2995 3688 terminentur
3055 3632 3112 3686 in
3145 3631 3585 3688 excellentibus.
3624 3634 3739 3688 Erit
3766 3635 3962 3705 igitur

2298 3724 2484 3796 prima
2517 3729 2582 3793 A,
2615 3742 2645 3776 a
2677 3740 2744 3777 ex
2774 3723 2964 3794 prima
3011 3721 3169 3793 gravi
3203 3728 3258 3777 et
3287 3739 3356 3778 ex
3415 3722 3604 3794 prima
3633 3723 3963 3795 superiori.

2296 3813 2564 3869 Secunda
2595 3813 2656 3882 B,
2689 3814 2802 3882 :ex
2833 3812 3087 3866 secunda
3119 3811 3276 3883 gravi
3309 3815 3365 3866 et
3394 3828 3460 3867 ex
3492 3813 3751 3868 secunda
3780 3829 3970 3884 supe-

2298 3902 2468 3968 riori;
2503 3901 2675 3957 tertia
2705 3900 2763 3964 C,
2798 3917 2826 3954 c
2857 3917 2924 3954 ex
2966 3899 3138 3954 tertia
3168 3899 3326 3971 gravi
3386 3905 3441 3956 et
3463 3917 3530 3956 ex
3561 3901 3730 3956 tertia
3771 3918 3968 3974 supe—

2297 3992 2454 4046 riori.
2507 3993 2724 4056 Quarta
2754 3990 2819 4055 D,
2881 3989 2917 4043 d
2975 4005 3042 4044 ex
3073 3992 3284 4060 quarta
3339 3991 3501 4062 gravi
3553 3995 3611 4045 et
3640 4007 3708 4046 ex
3740 3996 3975 4062 quarta

2296 4080 2598 4152 superiori.
2635 4081 2775 4134 Item
2819 4078 3010 4149 prima
3046 4081 3282 4149 propter
3313 4079 3647 4150 praedictam
3680 4096 3972 4135 commu-

2295 4168 2487 4224 nionis
2517 4184 2754 4223 causam
2788 4166 2854 4234 D,
2876 4167 3010 4221 d-ex
3040 4165 3229 4238 prima
3261 4167 3421 4222 ﬁnali
3454 4173 3511 4222 et
3544 4168 3738 4240 prima
3765 4168 3976 4224 excel-

2293 4258 2452 4312 lenti.
2480 4256 2748 4311 Secunda
2773 4257 2834 4321 E,
2881 4272 2911 4310 e
2942 4271 3009 4311 ex
3034 4255 3290 4310 secunda
3323 4255 3485 4310 ﬁnali
3517 4261 3573 4311 et
3592 4273 3660 4312 ex
3691 4257 3983 4312 secunda

2294 4346 2618 4402 excellenti.
2680 4345 2873 4399 Tertia
2931 4345 2988 4411 F,
3019 4344 3045 4398 f
3085 4361 3151 4399 ex
3176 4344 3348 4399 tertia
3382 4345 3540 4400 ﬁnali
3573 4349 3630 4400 et
3677 4362 3750 4401 ex
3783 4346 3984 4402 tertia

2294 4433 2616 4491 excellenti.
2650 4435 2866 4498 Quarta
2889 4433 2954 4499 G,
2980 4449 3018 4504 g
3046 4448 3114 4487 ex
3137 4437 3346 4503 quarta
3362 4431 3521 4488 ﬁnali
3551 4437 3609 4488 et
3637 4449 3706 4488 ex
3741 4439 3987 4506 quarta

531 4517 1321 4596 ipsaedisponidetrectentin
1363 4517 1973 4590 gravibus.Ubiprimo
1995 4518 2181 4572 scien-
2214 4533 2257 4596 D
2290 4523 2615 4580 excellenti.
2647 4522 2816 4588 Quid,
2843 4538 3060 4593 quasso,
3089 4521 3581 4594 jucundius,quid
3605 4523 3840 4578 certius
3859 4525 3994 4579 erit.

531 4615 673 4668 dum
697 4616 786 4667 est
820 4609 998 4681 quod,
1027 4607 1177 4662 sicut
1210 4606 1569 4661 diatessaron
1604 4605 1825 4677 species
1849 4623 1949 4677 per
1977 4623 2180 4677 graves

531 4706 590 4756 et
618 4699 840 4766 ﬁnales,
866 4697 1229 4768 itadiapente
1251 4696 1475 4767 species
1498 4712 1599 4766 per
1627 4693 1830 4749 ﬁnales
1862 4695 2183 4750 conﬁciun.

530 4793 628 4844 tur
659 4793 712 4843 et
756 4787 1108 4858 superiores.
1151 4786 1251 4839 Est
1281 4785 1460 4856 igitur
1509 4783 1698 4855 prima
1729 4784 1795 4848 D,
1829 4801 1862 4838 a
1906 4788 2182 4839 constans

536 4882 698 4942 tono,
722 4875 1051 4941 semitonio,
1091 4879 1247 4938 tono,
1282 4879 1418 4928 tono
1440 4879 1495 4928 et
1527 4872 1776 4944 propriis
1819 4890 1886 4927 ex
1915 4873 2186 4944 utrinque

533 4965 734 5020 clausa
765 4963 997 5018 litteris.
1050 4963 1318 5018 Secunda
1348 4963 1411 5030 E,
1446 4964 1471 5032 η
1516 4966 1792 5016 constans
1850 4961 2183 5031 semitonio,

531 5059 690 5119 tono,
745 5057 903 5119 tono,
937 5057 1074 5107 tono
1133 5057 1190 5106 et
1222 5052 1345 5106 suis
1379 5068 1444 5105 ex
1504 5056 1751 5121 utraque
1801 5056 1961 5122 parte
1993 5051 2185 5105 nitens

531 5143 762 5200 litteris.
795 5141 989 5196 Tertia
1014 5143 1070 5206 F,
1107 5158 1136 5195 c
1163 5147 1438 5195 constans
1477 5144 1636 5202 tono,
1663 5144 1816 5206 tono,
1851 5139 2186 5204 tono,scmi-

527 5234 686 5289 tonio
718 5236 772 5287 et
796 5230 1047 5303 propriis
1082 5230 1219 5283 hinc
1250 5229 1384 5282 inde
1419 5227 1647 5282 munita
1697 5227 1927 5282 litteris.
1965 5231 2183 5293 Quarta

529 5324 596 5389 G,
623 5325 656 5377 d
692 5326 970 5377 constans
1031 5326 1188 5384 tono,
1224 5323 1383 5382 tono,
1417 5317 1746 5380 semitonio,
1775 5323 1934 5383 tono,
1965 5323 2018 5372 ct
2052 5335 2185 5389 pro-

529 5412 670 5483 priis
703 5410 910 5464 litteris
950 5414 1070 5462 tam
1102 5425 1163 5461 se
1211 5407 1395 5477 ipsam
1423 5422 1596 5476 quam
1623 5410 1943 5476 utrumque
1977 5406 2184 5463 ﬁniens

531 5499 1053 5574 quadrichordum.
1087 5497 1240 5560 Quas
1276 5500 1340 5550 ut
1381 5495 1810 5550 manifestories
1847 5495 2182 5565 reddamus,

530 5589 663 5646 aliis
696 5603 794 5641 eas
851 5587 1041 5642 verbis
1073 5585 1441 5657 replicemus.
1482 5583 1671 5638 Prima
1707 5588 1766 5652 D,
1802 5601 1834 5638 a
1861 5590 2089 5640 constat
2118 5603 2184 5640 ex

2292 4629 2469 4685 quam
2500 4628 2703 4666 omnes
2734 4610 3041 4682 praedictas
3067 4610 3288 4682 species
3319 4611 3622 4684 diapason,
3652 4611 3990 4683 diapente,

2293 4702 2654 4756 diatessaron
2685 4717 2717 4754 a
2774 4716 2876 4754 suo
2908 4698 3110 4754 ordine
3143 4715 3255 4754 non
3316 4699 3546 4754 deviare
3571 4717 3584 4766 ;
3608 4699 3712 4754 sed
3749 4716 3997 4756 omnes

2296 4791 2515 4862 primas
2573 4789 2630 4842 in
2655 4787 2884 4859 primis,
2915 4787 3124 4842 litteris
3165 4787 3764 4859 quadrichordorum,
3797 4788 3869 4844 in
3899 4806 4004 4845 se-

2297 4879 2507 4934 cundis
2543 4877 2858 4944 secundas,
2889 4877 2949 4930 in
2976 4875 3164 4932 tertiis
3192 4877 3412 4942 tertias,
3448 4877 3506 4931 in
3537 4877 3778 4948 quartis
3802 4894 4010 4949 quar-

2293 4973 2384 5022 tas
2415 4965 2746 5022 contineri?

2368 5058 2570 5112 Restat
2591 5055 2782 5111 adhuc
2832 5072 2949 5111 una
2995 5071 3126 5121 vox,
3157 5054 3257 5110 sed
3291 5071 3396 5110 cur
3465 5059 3668 5128 postea
3689 5057 3960 5129 patebit
3986 5084 4006 5126 ς

2295 5162 2450 5200 nunc
2471 5145 2704 5200 interim
2737 5145 2807 5199 de
2839 5144 3025 5216 tropis
3050 5143 3376 5200 videamus.
3411 5145 3640 5217 Tropus
3683 5150 3786 5200 est
3816 5146 4015 5202 inter

2297 5234 2760 5306 unumquodque
2788 5232 3068 5304 diapason
3101 5233 3421 5288 multarum
3459 5251 3669 5290 vocum
3703 5235 3877 5292 ratis
3909 5238 4014 5291 ef-

2295 5324 2446 5378 fecta
2477 5322 2799 5378 intervallis
2859 5327 2995 5394 apta
3047 5321 3106 5376 in
3137 5339 3323 5377 unum
3355 5339 3568 5396 corpus
3601 5323 4016 5383 modulatio.

2295 5412 2468 5485 Tropi
2502 5417 2696 5467 autem
2727 5416 2866 5467 sunt
2888 5415 3141 5484 quatuor
3161 5411 3218 5466 in
3243 5415 3452 5468 natura
3475 5413 3814 5479 ;sed,sicut
3832 5431 4022 5486 pras-

2295 5501 2516 5556 dictum
2551 5505 2662 5568 est,
2697 5506 2933 5574 propter
2953 5499 3374 5573 specialitatem
3400 5501 3691 5557 acuminis
3725 5506 3798 5558 et
3857 5520 4028 5576 gra-

2293 5589 2490 5644 vitatis
2523 5587 2981 5644 subdividuntur
3029 5590 3087 5643 in
3127 5592 3399 5659 quatuor.
3433 5592 3582 5644 Sunt
3609 5604 3761 5661 ergo
3789 5588 4024 5646 simul
