4102 6174
260 242 366 318 421

1579 258 1990 320 OPUSCULA
2040 259 2332 321 MUSICA
2349 306 2361 318 .

3564 285 3685 344 422

255 377 403 439 octo,
437 391 688 447 quarum
722 385 976 451 quatuor
1008 386 1308 453 autentici,
1334 386 1390 442 id
1425 393 1512 443 est
1553 390 1904 455 auctoratos,
1936 401 1989 466 Α
2019 395 2065 460 ζ,
2103 391 2157 445 id
2194 397 2283 447 est
2314 395 2440 464 ejus
2464 399 2882 454 acutissimum
2915 406 2971 456 et
3002 404 3440 478 gravissimum,
3472 413 3509 466 Ε
3553 396 3689 469 ver0

254 467 465 535 quator
493 465 696 540 plagae,
730 468 788 525 id
829 476 916 527 est
965 476 1176 530 lateres
1219 481 1307 531 vel
1357 477 1706 550 subjugales
1750 487 1921 535 sunt.

254 550 550 608 Vocantur
581 555 662 610 ita
691 561 1016 616 secundum
1048 565 1304 620 veteres:
1338 565 1568 633 Dorius,
1599 567 1923 640 Phrygius,

251 640 477 708 Lidius,
495 643 833 703 Mixolidius
854 651 1228 724 ;subjugales
1248 671 1382 710 vero
1398 655 1478 710 ita
1500 674 1513 710 :
1537 656 1924 728 bypodorius,

247 728 715 805 hypopbrygius,
752 737 1107 810 hypolidius,
1137 743 1658 815 hypomixolidius,
1699 749 1918 802 Anten-

247 819 369 885 tici,
400 823 541 891 quia
569 824 849 882 ﬁnalibus
895 829 1328 886 concluduntur
1374 836 1430 888 et
1468 833 1915 903 excellentibus,

245 906 340 962 his
374 925 480 979 pro
515 909 848 970 litterarum
897 917 1188 988 positione
1236 926 1526 976 vocantur
1575 924 1920 978 nominibus

244 996 314 1066 D,
348 998 417 1067 E,
451 998 514 1068 Ρ,
546 1002 610 1067 G,
639 1002 696 1068 d,
721 1019 770 1068 e,
807 1004 846 1070 f,
880 1022 954 1076 g;
987 1008 1333 1080 subjugales
1364 1027 1520 1066 vero:
1549 1013 1690 1082 quia
1721 1013 1920 1084 gravi-

241 1085 360 1140 bus
395 1094 1335 1166 aonnectunturetsuperioribus,
1363 1099 1680 1170 etipsiista
1704 1119 1737 1156 a
1768 1101 1918 1157 litte-

246 1173 328 1230 ris
365 1175 610 1233 trahunt
639 1181 924 1237 vocabula
947 1186 1013 1251 A,
1047 1184 1112 1251 B,
1144 1189 1202 1253 C,
1236 1186 1303 1251 D,
1328 1204 1380 1255 a,
1414 1191 1460 1257 α,
1491 1206 1540 1255 e,
1577 1189 1635 1244 d.
1682 1193 1763 1244 Vo
1779 1207 1916 1246 can-

241 1268 344 1317 tur
373 1265 553 1320 etiam
583 1270 868 1326 autentici
898 1277 954 1328 et
977 1274 1048 1328 ab
1081 1275 1286 1330 ordine
1331 1284 1555 1348 protus,
1612 1279 1916 1351 deuterus,

240 1351 444 1421 tritus,
481 1358 798 1414 tetrardus.
848 1361 960 1416 Sed
1003 1361 1114 1418 hoc
1159 1365 1487 1421 secundum
1533 1368 1917 1424 monochordi

238 1442 603 1512 positionem
647 1447 733 1514 ﬁt,
787 1466 904 1505 non
951 1453 1279 1509 secundum
1349 1455 1719 1527 dignitatem.
1770 1458 1916 1514 Nam

239 1532 666 1606 unusquisque
695 1553 900 1593 eorum
931 1541 1264 1597 autenticus
1295 1547 1405 1610 est,
1442 1543 1550 1600 hoc
1581 1550 1668 1601 est
1713 1551 1918 1602 auctor

241 1619 364 1676 sive
393 1623 696 1695 magister.
731 1625 941 1684 Protus
972 1632 1110 1686 tono
1142 1648 1176 1685 a
1204 1632 1465 1700 deutero,
1500 1635 1600 1690 sed
1647 1635 1772 1706 ipse
1820 1652 1912 1691 se-

240 1709 496 1766 mitonio
527 1728 562 1766 a
589 1715 748 1781 trito,
782 1717 884 1788 qui
909 1716 1048 1774 item
1081 1724 1218 1776 tono
1249 1721 1429 1777 distat
1457 1739 1492 1777 a
1525 1724 1800 1779 tetrardo.

309 1798 487 1854 Nunc
513 1803 668 1872 quod
702 1774 1008 1878 hucusque
1039 1774 1214 1880 longo
1246 1774 1496 1866 tﬁractum
1511 1817 1600 1867 est
1621 1829 1909 1879 sermone,
1947 1774 1994 1838 B

238 1887 343 1941 hoc
374 1891 731 1962 compendio
755 1896 1180 1973 terminemus;
1209 1905 1272 1952 ut
1293 1916 1778 1973 unumquemque
1803 1908 1912 1958 tro-

236 1992 382 2046 pum
417 1978 548 2033 suis
577 1965 1005 2054 principalibus
1037 1985 1266 2054 litteris,
1302 1989 1556 2061 prOpriis
1588 1992 1766 2046 etiam
1786 2009 1910 2046 om-

240 2066 409 2120 nium
445 2073 968 2128 consonantiarum
999 2075 1738 2146 speciebusinformemus:
1771 2098 1910 2152 qua-

236 2160 414 2211 tenus
439 2162 791 2228 protoomne
813 2161 1094 2232 primum,
1117 2165 1353 2221 deutero
1369 2183 1542 2222 omne
1556 2171 1876 2225 secundum
1893 2213 1906 2238 ,

238 2244 374 2300 trito
395 2261 577 2302 omne
596 2248 860 2316 tertium,
885 2253 1142 2308 tetrardo
1163 2271 1335 2310 omne
1377 2257 1732 2328 suscipiente
1763 2276 1906 2330 qua—

243 2337 396 2401 tum,
432 2335 516 2390 nil
549 2335 827 2406 otiosum,
852 2339 932 2394 nil
957 2344 1324 2413 superﬂuum
1349 2344 1735 2416 relinquatur.
1769 2348 1904 2403 Pro-

239 2425 336 2478 tus
365 2440 511 2478 cum
546 2441 653 2481 suo
685 2427 1164 2502 subjugali,quia
1180 2431 1354 2503 primi
1380 2437 1536 2502 sunt,
1577 2436 1904 2491 necessario

240 2513 446 2567 omnia
476 2530 608 2585 quae
637 2515 832 2586 prima
851 2521 991 2572 sunt
1012 2520 1352 2592 requirunt;
1380 2522 1602 2593 primas
1637 2524 1906 2580 videlicet

242 2599 298 2655 in
329 2603 622 2658 omnibus
655 2605 1104 2676 quadricbordis
1134 2607 1354 2678 literas,
1392 2629 1518 2684 quae
1553 2618 1692 2667 sunt
1734 2615 1798 2680 A,
1834 2615 1901 2681 D,

244 2705 292 2757 a,
325 2691 361 2746 d
386 2709 400 2758 ;
437 2691 664 2764 primas
691 2695 917 2765 species
944 2697 1252 2768 diapason,
1278 2715 1405 2770 qua:
1432 2703 1646 2770 suntA,
1668 2719 1720 2770 a,
1745 2703 1812 2768 D,
1837 2704 1901 2772 d;

243 2779 502 2849 primam
535 2782 792 2853 speciem
822 2785 1114 2857 diapente,
1145 2803 1276 2859 quae
1295 2794 1383 2844 est
1431 2791 1499 2858 D,
1523 2807 1556 2845 a
1582 2809 1594 2858 ;
1651 2791 1902 2862 primam

245 2869 502 2940 speciem
536 2870 902 2929 diatessaron
935 2891 1060 2947 quae
1086 2881 1175 2932 est
1210 2880 1276 2944 A,
1311 2878 1378 2933 D.
1431 2881 1566 2945 Qua:
1615 2881 1903 2953 generalis

246 2957 540 3015 institutio
573 2960 806 3045 utrique
838 2980 992 3018 nunc
1023 2967 1348 3022 secundum
1369 2984 1536 3023 suam
1584 2971 1900 3042 proprieta-

249 3053 362 3103 tem
393 3048 733 3121 specialiter
761 3052 1191 3109 subdividatur.
1219 3056 1300 3110 Ex
1330 3062 1581 3128 quatuor
1615 3060 1901 3130 praedictis

2038 481 2228 536 media
2260 483 2389 537 finit
2408 501 2539 539 eum
2569 502 2702 542 cum
2735 489 3038 561 magistro,
3066 509 3199 547 cum
3225 512 3338 564 quo
3363 499 3534 554 etiam
3570 502 3690 557 dia-

2035 573 2204 640 pente
2227 573 2648 643 communitur,
2672 577 3037 633 diatessaron
3057 595 3190 636 vero
3205 584 3539 653 possidetin
3554 605 3687 660 gra-

2034 657 2229 713 vibus.

2109 748 2308 802 Tritus
2340 765 2474 803 cum
2503 767 2608 805 suo
2642 753 2962 826 subjugali,
2989 757 3128 826 quia
3151 761 3305 815 tertii
3331 770 3472 818 sunt
3495 781 3691 823 neces-

2033 837 2186 892 sario
2211 837 2408 891 omnia
2441 855 2565 909 quae
2595 842 2759 895 tertia
2793 853 2932 898 sunt
2961 855 3312 917 exposcunt:
3358 854 3561 910 tertias
3611 855 3692 910 vi-

2034 926 2240 980 delicet
2271 927 2327 979 in
2361 929 2636 983 omnibus
2659 933 3104 1000 quadricbordis
3129 937 3379 1007 litteras,
3406 959 3532 1013 quae
3553 955 3693 1001 sunt

2031 1018 2091 1079 Ο,
2127 1015 2188 1081 F,
2221 1032 2272 1081 c,
2305 1016 2353 1081 f;
2392 1017 2590 1072 tertias
2623 1019 2904 1090 diapason
2936 1024 3188 1094 species,
3223 1044 3348 1097 quae
3386 1035 3527 1084 sunt
3553 1037 3611 1100 C,
3636 1050 3687 1100 c,

2029 1103 2089 1169 F,
2124 1105 2170 1169 f;
2207 1103 2442 1158 tertiam
2477 1106 2729 1176 speciem
2763 1109 3052 1180 diapente,
3088 1130 3215 1183 quae
3247 1123 3336 1170 est
3371 1117 3429 1186 F,
3469 1135 3527 1186 c;
3577 1124 3690 1175 ter-

2030 1192 2174 1246 tiam
2208 1193 2465 1261 speciem
2498 1194 2886 1264 diatessaron,
2920 1216 3049 1270 qua:
3084 1207 3172 1256 est
3194 1204 3251 1270 Ο,
3280 1204 3338 1258 F.
3367 1206 3495 1260 Haec
3518 1223 3688 1280 gene-

2028 1279 2166 1335 ralis
2190 1280 2479 1336 institutio
2505 1282 2583 1336 ita
2610 1283 2842 1354 utrique
2866 1288 3285 1344 subdividitur.
3315 1293 3392 1348 Ex
3437 1279 3689 1366 quatuor

2026 1369 2320 1440 praedictis
2350 1370 2562 1426 litteris
2580 1373 2768 1427 tribus
2793 1378 3126 1432 autenticus
3150 1379 3577 1452 dominatur,id
3598 1392 3688 1441 est

2025 1457 2084 1525 F,
2138 1475 2188 1528 c,
2236 1458 2276 1524 Γ,
2323 1462 2381 1513 et
2429 1463 2518 1514 est
2565 1461 2623 1528 F,
2678 1461 2717 1528 f,
2773 1464 3077 1535 diapason,
3123 1467 3181 1521 id
3235 1475 3324 1525 est
3370 1472 3498 1541 ejus
3554 1490 3687 1529 acu—

2023 1546 2323 1602 tissimum
2358 1552 2414 1602 et
2445 1549 2859 1620 gravissimum
2889 1571 2900 1620 ;
2937 1571 2986 1622 c,
3011 1572 3145 1611 vero
3193 1559 3387 1614 media
3429 1577 3532 1633 per
3579 1578 3683 1620 sae-

2022 1636 2292 1690 culorum.
2318 1637 2483 1692 Amen
2513 1643 2600 1693 est
2630 1641 2908 1712 officiosa,
2944 1644 3129 1700 Habet
3184 1647 3460 1719 diapente
3509 1651 3570 1720 F,
3623 1669 3682 1721 c;

2024 1723 2389 1780 diatessaron
2414 1743 2464 1793 c,
2498 1727 2523 1779 f
2575 1729 2634 1782 in
2685 1732 3109 1800 superioribus.
3166 1735 3508 1810 Subjugalis
3551 1757 3684 1796 vero

2024 1812 2296 1868 similiter
2315 1815 2506 1870 tribus
2539 1818 2920 1873 constituitur
2950 1820 3181 1889 litteris,
3215 1841 3342 1895 qua:
3376 1833 3514 1882 sunt
3535 1828 3595 1897 Ο,
3619 1830 3680 1898 F,

2022 1917 2071 1965 c,
2105 1907 2160 1956 et
2186 1908 2274 1956 est
2302 1906 2359 1969 Ο,
2395 1920 2424 1956 c
2454 1905 2756 1976 diapason,
2796 1909 2854 1960 id
2877 1915 2965 1962 est
2996 1913 3124 1979 ejus
3157 1914 3573 1970 acutissimum
3622 1922 3680 1971 et

2019 1991 2471 2062 gravissimum;
2507 1993 2546 2046 F
2577 2009 2708 2048 vero
2741 1997 2933 2050 media
2962 1998 3091 2051 linit
3123 2016 3258 2054 eum
3298 2018 3434 2055 cum
3487 2005 3674 2076 magi-

2021 2082 2162 2147 stro,
2190 2097 2321 2134 cum
2342 2097 2456 2152 quo
2479 2081 2654 2136 etiam
2671 2083 2942 2154 diapente
2956 2088 3376 2158 communitur,
3397 2091 3677 2148 diatessa-

2018 2184 2121 2222 ron
2157 2185 2286 2223 vero
2314 2170 2563 2241 suscipit
2593 2171 2651 2225 in
2680 2173 2974 2244 gravibus.

2089 2258 2408 2313 Tetrardus
2458 2276 2589 2314 cum
2614 2277 2720 2315 suo
2781 2263 3261 2337 subjugali,quia
3287 2271 3479 2338 quarti
3513 2277 3671 2340 sunt,

2017 2347 2345 2402 necessario
2406 2348 2605 2403 omnia
2675 2366 2800 2420 qum
2872 2357 3081 2422 quarta
3148 2360 3286 2409 sunt
3356 2359 3671 2428 requirit:

2016 2438 2255 2503 quartas
2300 2434 2566 2491 videlicet
2615 2438 2673 2491 in
2729 2439 3004 2495 omnibus
3073 2443 3528 2512 quadrichordis
3575 2448 3673 2505 lit-

2014 2527 2190 2590 teras,
2233 2540 2359 2594 quas
2411 2529 2550 2580 sunt
2599 2526 2668 2595 D,
2719 2528 2784 2595 G,
2829 2529 2884 2596 d,
2938 2547 3004 2602 g;
3071 2539 3319 2602 quartas
3381 2536 3668 2608 diapason

2014 2611 2258 2681 species,
2305 2629 2430 2683 qua:
2479 2620 2618 2668 sunt
2667 2615 2732 2683 D,
2785 2618 2908 2671 etG
2956 2636 3027 2690 g;
3077 2627 3354 2690 quartam
3398 2625 3670 2696 diapente

2014 2700 2290 2770 speciem,
2313 2707 2540 2772 quaeest
2557 2703 2622 2769 G,
2639 2704 2673 2757 (1
2700 2711 2996 2774 ;quartam
3021 2724 3253 2779 quoque
3298 2712 3663 2770 diatessaron

2013 2791 2287 2861 speciem,
2320 2807 2446 2861 quae
2477 2792 2650 2856 estD,
2684 2793 2749 2848 G.
2776 2795 2904 2848 Haec
2929 2798 3219 2866 generalis
3251 2799 3540 2858 institutio
3584 2804 3666 2861 ita

2012 2877 2129 2934 illis
2159 2880 2572 2936 subdividitur.
2607 2881 2686 2934 Ex
2709 2888 2961 2953 quatuor
2991 2886 3284 2956 praedictis
3315 2889 3525 2947 litteris
3548 2897 3666 2950 tres

2013 2966 2124 3020 sibi
2158 2969 2340 3022 sumit
2371 2969 2724 3041 autenticus,
2753 2971 2809 3024 id
2843 2978 2932 3026 est
2974 2974 3039 3038 G,
3091 2975 3150 3042 d,
3191 2993 3247 3048 g,
3299 2986 3353 3033 et
3392 2987 3481 3036 est
3530 2983 3597 3050 G,
3628 2999 3667 3055 g

2013 3054 2313 3126 diapason,
2335 3055 2391 3110 id
2423 3061 2530 3124 est,
2558 3059 2685 3127 ejus
2707 3061 3118 3117 acutissimum
3135 3071 3191 3119 et
3211 3054 3659 3140 gravissimum;

251 3135 457 3194 litteris
489 3139 827 3196 autenticus
854 3145 968 3197 tres
1000 3143 1110 3198 sibi
1134 3144 1411 3213 vindicat,
1458 3146 1514 3201 id
1541 3152 1630 3202 est
1671 3150 1734 3217 Ι)²
1768 3166 1819 3217 a,
1867 3149 1903 3203 d
1935 3134 1976 3200 C
2016 3143 2060 3198 D
2110 3161 2244 3199 vero
2295 3145 2486 3200 media
2524 3148 2871 3202 anulorum.
2926 3152 3096 3206 Amen
3145 3134 3424 3212 continet.
3478 3134 3663 3216 Habet

250 3229 411 3281 etest
440 3227 728 3299 diapason
783 3229 850 3297 D,
903 3231 960 3300 d,
1011 3231 1069 3287 in
1120 3250 1368 3304 quarum
1417 3252 1536 3290 una
1588 3235 1898 3306 altissime,

255 3319 540 3385 quantum
562 3318 631 3372 ad
654 3317 866 3390 legem,
901 3322 1182 3389 ascendit,
1218 3323 1276 3377 in
1327 3323 1509 3380 altera
1553 3325 1718 3394 finit;
1762 3327 1820 3382 in
1869 3345 1903 3383 a

261 3403 452 3458 media
487 3408 831 3464 seculorum.
865 3409 1033 3465 Amen
1055 3411 1228 3466 canit.
1254 3413 1437 3468 Habet
1459 3414 1727 3486 diapente
1751 3416 1817 3485 D,
1845 3433 1900 3484 a,

264 3491 615 3550 diatessaron
649 3497 745 3565 a,d
779 3497 838 3552 in
859 3499 1284 3571 superioribus.
1311 3503 1609 3566 Quomodo
1624 3505 1746 3560 haec
1764 3523 1899 3560 con-

259 3583 407 3637 stent
433 3586 682 3654 species,
719 3587 991 3658 superius
1041 3591 1357 3661 petendum
1402 3599 1506 3648 est.
1561 3593 1899 3667 Subjugalis

249 3686 376 3727 vero
407 3673 688 3730 similiter
718 3675 908 3732 tribus
935 3678 1224 3733 formatur
1264 3679 1477 3736 litteris
1524 3684 1592 3750 A,
1625 3682 1693 3750 D,
1741 3701 1796 3752 a,
1844 3691 1901 3740 et

247 3765 331 3815 est
359 3761 652 3834 diapason
685 3766 750 3831 A,
786 3782 836 3833 a;
877 3766 934 3821 id
983 3772 1071 3822 est
1120 3768 1534 3830 acutissimum
1581 3775 1637 3826 et
1676 3774 1896 3845 gravis-

248 3850 492 3908 simum.
525 3853 574 3907 D
621 3870 754 3909 vero
803 3855 994 3911 media
1040 3856 1168 3911 finit
1208 3875 1341 3914 eum
1393 3877 1525 3916 cum
1576 3862 1893 3934 magistro:

226 3950 376 3997 lcum
408 3959 532 4014 quo
567 3942 745 3999 etiam
768 3944 1034 4016 diapente
1055 3949 1473 4019 communitur,
1508 3949 1893 4024 diatessaron,

249 4030 279 4084 d
299 4030 509 4103 ipsum
530 4033 691 4102 quod
713 4033 993 4106 magister
1012 4036 1224 4109 accipit
1248 4038 1307 4093 in
1329 4039 1629 4111 gravibus.
1645 4042 1894 4104 Quomo-

221 4118 287 4175 do
317 4136 468 4194 ergo
492 4125 705 4193 protus
729 4139 868 4178 cum
889 4124 1013 4181 suis
1037 4129 1444 4184 tantummodo
1467 4129 1894 4202 principalibus

217 4206 585 4266 informatus
616 4216 705 4266 est
731 4210 968 4278 litteris,
1001 4214 1083 4270 sic
1115 4221 1172 4271 et
1202 4219 1391 4273 caeteri
1425 4235 1630 4274 omnes
1681 4237 1892 4277 secun-

219 4297 354 4355 dum
390 4300 698 4356 ordinem.

279 4387 585 4446 Deutcrus
618 4405 754 4446 eum
788 4409 893 4448 suo
926 4395 1243 4468 subjugali,
1277 4397 1416 4468 quia
1446 4400 1690 4454 secundi
1726 4405 1889 4471 sunt,

2010 3232 2282 3303 diapente
2313 3235 2379 3300 G,
2413 3235 2445 3288 (1
2475 3253 2487 3302 ;
2521 3235 2882 3292 diatessaron
2932 3241 2988 3306 d,
3035 3257 3072 3313 g
3119 3241 3178 3296 in
3231 3247 3652 3316 superioribus.

2011 3321 2350 3395 Subjugalis
2380 3325 2507 3394 ejus
2539 3325 2807 3382 similiter
2828 3328 3016 3384 tribus
3054 3331 3388 3403 disponitur
3421 3335 3653 3406 litteris,

2011 3427 2137 3480 quae
2170 3417 2309 3466 sunt
2337 3413 2402 3480 D,
2435 3414 2499 3481 G,
2530 3414 2585 3482 d,
2617 3421 2788 3470 etest
2820 3423 2881 3484 D,
2913 3419 2945 3472 d
2975 3419 3281 3491 diapason,
3314 3425 3370 3477 id
3394 3432 3480 3480 est
3524 3429 3654 3498 ejus

2008 3502 2414 3558 acutissimum
2446 3508 2502 3558 et
2531 3505 2971 3576 gravissimum.
3007 3510 3053 3564 G
3101 3528 3233 3567 vero
3279 3515 3471 3571 media
3523 3519 3654 3575 linit

2009 3608 2142 3646 eum
2176 3608 2309 3646 cum
2342 3593 2660 3664 magistro:
2697 3611 2829 3650 cum
2862 3614 2977 3668 quo
3009 3599 3183 3654 etiam
3206 3601 3476 3674 diapente
3496 3623 3655 3663 com-

2010 3681 2295 3748 munitur,
2345 3681 2706 3738 diatessaron
2760 3701 2890 3740 vero
2943 3687 3183 3743 collocat
3237 3691 3294 3744 in
3355 3695 3650 3763 gravibus.

2007 3771 2150 3824 Ecce
2182 3785 2385 3824 omnes
2407 3771 2720 3826 ordinatim
2754 3789 3015 3844 expensas
3062 3792 3194 3830 cum
3246 3780 3426 3850 tropis
3473 3783 3650 3838 etiam

2007 3857 2212 3913 litterae
2243 3858 2418 3913 finita:
2445 3864 2603 3914 sunt.

2081 3947 2298 4012 Restat,
2330 3953 2396 4000 ut
2425 3949 2826 4020 supradictum
2860 3957 2966 4019 est,
3009 3970 3117 4008 vox
3168 3972 3303 4024 una,
3356 3957 3411 4012 id
3454 3963 3561 4029 est,
3621 3979 3655 4018 a

2005 4041 2374 4107 superacuta,
2403 4039 2573 4108 cujus
2602 4038 2724 4094 haec
2747 4043 3070 4097 secundum
3095 4061 3434 4103 mensuram
3458 4054 3650 4106 estra-

2005 4124 2103 4195 tio,
2137 4126 2290 4197 quod
2324 4127 2380 4180 in
2405 4141 2472 4180 ea
2501 4126 2728 4198 primus
2760 4131 3074 4204 quadrupli
3124 4151 3336 4205 passus
3386 4137 3538 4194 sicut
3589 4141 3648 4198 in

2005 4215 2781 4272 mediaasecundusﬁnitur.
2809 4220 3144 4277 Secundum
3168 4223 3646 4286 distributionem

2001 4319 2133 4357 vero
2163 4302 2515 4371 litterarum,
2547 4321 2680 4359 cum
2707 4307 2899 4363 omnis
2931 4315 3136 4382 tropus
3155 4330 3338 4384 supra
3361 4315 3645 4389 diapason

2001 4391 2257 4463 aliquam
2288 4409 2485 4448 vocem
2520 4393 2754 4450 licentia
2783 4397 3048 4469 accipiat,
3081 4401 3318 4457 etiamet
3337 4403 3548 4474 ipsam,
3588 4407 3647 4463 id

213 4478 558 4536 necessario
610 4480 809 4537 omnia
880 4499 1004 4554 quae
1073 4487 1333 4541 secunda
1406 4491 1545 4542 sunt
1604 4488 1880 4562 exigunt:
1914 4503 1962 4567 Ι)
1998 4485 2088 4537 est
2115 4498 2149 4536 a
2177 4483 2490 4549 tetrardus,
2525 4485 2624 4555 qui
2667 4485 2716 4538 ei
2747 4487 3050 4557 proximus
3080 4495 3186 4554 est,
3216 4491 3352 4560 jure
3397 4492 3645 4551 licentiae

211 4569 518 4625 secundas
547 4569 816 4626 videlicet
844 4571 901 4626 in
933 4574 1212 4629 omnibus
1243 4576 1692 4647 quadricbordis
1727 4579 1879 4636 litte-

212 4672 304 4712 ras
336 4674 480 4730 qua:
514 4660 656 4712 sunt
687 4658 748 4725 Β,
783 4659 844 4727 Ε,
879 4661 934 4731 η,
968 4676 1021 4728 e,
1054 4664 1344 4718 secundas
1394 4664 1618 4736 species
1671 4666 1873 4739 diapa-

208 4761 316 4801 son
349 4747 419 4815 B,
454 4748 518 4818 ﬁ,
552 4746 613 4813 E,
647 4763 700 4818 e,
732 4750 1052 4804 secundam
1087 4752 1341 4822 speciem
1373 4752 1664 4825 .diapente
1718 4755 1775 4809 E.
1812 4759 1872 4828 η,

209 4837 545 4891 secundam
577 4837 832 4907 speciem
866 4839 1235 4895 diatessarnn
1270 4858 1400 4913 quae
1418 4848 1508 4898 est
1536 4843 1601 4911 B,
1633 4845 1694 4898 E.
1743 4846 1873 4902 Haec

207 4925 514 4995 generalis
543 4925 832 4982 institutio
864 4928 945 4984 ita
978 4929 1208 5001 utrique
1240 4931 1568 5002 specialiter
1615 4935 1871 4989 subdivi-

206 5012 390 5068 ditnr.
429 5015 515 5068 Ex
535 5019 788 5085 quatuor
817 5017 1110 5087 praedictis
1140 5018 1350 5076 litteris
1384 5025 1501 5075 tres
1532 5022 1642 5077 sibi
1676 5028 1874 5080 auten-

208 5101 362 5157 ticus
395 5103 686 5174 vindicat,
717 5104 776 5159 id
807 5111 896 5160 est
926 5107 966 5161 E
996 5111 1050 5177 ’q,
1084 5112 1141 5162 et
1169 5114 1257 5164 est
1287 5110 1349 5179 E,
1382 5127 1432 5176 e,
1479 5111 1759 5182 diapason
1812 5113 1868 5169 id

206 5195 294 5245 est
313 5193 455 5263 ejus
479 5193 898 5250 acutissimum
922 5200 980 5252 et
998 5197 1439 5269 gravissimum,
1473 5203 1498 5267 η
1522 5217 1654 5256 vero
1679 5203 1871 5258 media

205 5281 563 5336 saeculorum.
593 5283 784 5349 Amen,
800 5289 1035 5356 propter
1052 5285 1553 5358 imperfectionem
1572 5290 1867 5346 semitonii

202 5371 494 5426 transfert
521 5370 578 5425 in
612 5387 660 5426 c.
696 5371 881 5446 Habet
919 5373 1191 5445 diapente
1239 5376 1303 5442 E,
1337 5377 1391 5447 ﬁ,
1435 5377 1800 5436 diatessaron
1837 5399 1866 5436 e

203 5457 262 5514 in
283 5459 723 5532 superioribus.
739 5461 1078 5534 Subjugalis
1093 5481 1223 5519 vero
1236 5465 1286 5536 ej
1300 5483 1366 5520 us
1385 5465 1658 5522 similiter
1680 5468 1865 5524 tribus

204 5546 505 5607 formatur
530 5547 766 5622 litteris,
799 5551 858 5609 id
897 5556 988 5610 est
1035 5553 1096 5622 B,
1147 5554 1210 5622 E,
1244 5557 1290 5628 η,
1339 5559 1429 5614 est
1467 5555 1750 5631 diapason
1798 5559 1860 5630 B,

1991 4570 2294 4626 obtinebit.
2329 4573 2512 4636 Quam
2546 4573 2830 4628 rationem
2853 4574 3206 4632 Ptolomaeus
3225 4596 3337 4633 non
3381 4581 3641 4654 intuens,

1987 4676 2090 4714 nec
2106 4660 2442 4731 praedictam
2466 4661 2510 4714 D
2535 4661 2938 4732 duplicitatem
2962 4667 3351 4736 perspiciens,
3377 4672 3538 4741 quod
3583 4673 3643 4729 in

1987 4749 2316 4804 medietatis
2347 4748 2470 4805 loco
2503 4752 3052 4821 etconjunctionem
3072 4757 3641 4826 quadricbordorum

1982 4838 2175 4910 posita
2195 4843 2316 4894 tam
2340 4839 2707 4911 subjugalem
2728 4843 2990 4908 tetrardi,
3017 4860 3192 4915 quam
3208 4847 3383 4904 etiam
3398 4861 3636 4922 protum

1983 4927 2295 4983 informare
2339 4929 2546 4984 debeat
2598 4930 2867 5003 expensis
2924 4941 3177 5004 quatuor
3224 4941 3534 4997 autenticis
3583 4948 3641 4998 et

1980 5016 2167 5072 tribus
2199 5018 2632 5090 subjugalibus,
2670 5037 2804 5074 cum
2857 5025 3183 5080 secundum
3215 5044 3349 5082 eum
3375 5032 3631 5086 tetrardo

1979 5107 2308 5179 subjugalis
2339 5109 2584 5172 deesset,
2620 5110 2972 5166 etomnibus
3005 5115 3075 5168 ad
3113 5116 3361 5173 invicem
3394 5135 3634 5189 compa-

1979 5196 2124 5250 ratis
2147 5196 2340 5267 ipsum
2363 5213 2396 5248 a
2414 5202 2768 5267 superesset,
2786 5204 3052 5254 octavum
3070 5208 3266 5256 tonum
3286 5221 3388 5274 per
3401 5221 3454 5270 a,
3476 5208 3633 5276 quod

1979 5289 2258 5350 estmese,
2283 5286 2812 5356 etperpraadietum
2837 5306 2888 5356 a,
2906 5289 2962 5342 id
2984 5295 3215 5344 estnete
3234 5290 3631 5363 hyperpoleon

1977 5374 2269 5446 disposuit
2290 5374 3078 5452 multipliciterdelinquens;
3099 5384 3231 5454 quia
3246 5391 3301 5441 et
3321 5389 3630 5462 dispositis

1977 5463 2083 5518 rite
2112 5464 2302 5519 tribus
2335 5465 2769 5540 subjugalibus,
2803 5475 3081 5541 quartum
3102 5479 3306 5544 quarto
3335 5476 3462 5536 loco
3497 5483 3635 5538 sub-

1974 5554 2170 5624 traxit,
2199 5559 2274 5624 et,
2300 5557 2574 5614 eumdem
2589 5567 2720 5634 post
2738 5577 2940 5617 omnes
2960 5561 3163 5620 ﬁnales
3177 5580 3420 5642 ponens,
3453 5571 3628 5632 disci~
