4102 6174
443 287 559 348 423

1186 286 1600 351 HERMANNI
1649 287 2084 352 CONTRAC'I‘I
2130 289 2549 354 AUGIENSIS
2596 287 2977 352 MONACHI.

3721 286 3837 352 424

444 419 647 492 pulum
685 417 963 490 magistro
999 421 1395 492 superposuit,
1428 428 1484 478 et
1521 422 1646 478 ideo
1684 422 2081 496 hypomixoly-
2114 425 2164 490 Α
2199 423 2430 496 propria
2447 423 2806 478 diatessaron
2822 423 3013 496 specie
3035 422 3105 478 ad
3130 419 3363 478 finalem
3395 435 3647 488 suum,a
3676 421 3840 477 finali

443 508 604 564 dium
618 507 986 562 vocavitcum
1001 507 1207 580 reliqui
1224 511 1791 581 recteasubjectione
1804 511 2086 567 vocabula

440 601 725 654 tenerent.
761 597 1056 652 Postremo
1086 598 1241 668 quod
1273 603 1361 653 est
1391 599 1912 666 absurdissimum,
1947 616 2082 656 cum

441 687 569 758 ejus
598 685 904 758 dispositio
935 685 1006 740 ab
1038 702 1071 740 a
1102 685 1159 740 in
1193 703 1226 742 n
1246 687 1548 754 consistat,
1575 705 1689 744 non
1709 688 1882 744 aliam
1905 705 2082 761 quam

441 775 853 848 hypodoricam
888 774 1257 846 positionem,
1292 775 1362 831 de
1386 793 1502 847 qua
1531 777 1707 832 etiam
1741 777 2082 850 prmdictum

439 869 546 931 est,
581 863 843 918 incurrit.
867 862 1036 918 Nulia
1060 863 1215 917 enim
1240 862 1354 918 alia
1401 864 1610 936 positio
1633 871 1720 922 est
1766 883 1799 921 a
1836 881 1992 921 mese
2009 867 2081 922 ad

440 951 985 1025 netehyperholeon,
1011 968 1188 1022 quam
1221 969 1350 1024 quae
1375 957 1464 1008 est
1493 970 1526 1008 a
1551 954 2083 1025 proslambanome-

439 1059 553 1097 non
586 1043 652 1096 ad
684 1056 860 1106 mese,
893 1044 950 1095 et
980 1041 1108 1094 ideo
1142 1040 1270 1112 ipsa
1298 1040 1421 1114 lege
1453 1047 1673 1098 natura
1690 1043 1966 1116 utrinque
1984 1044 2083 1116 hy-

438 1129 712 1202 podorica
741 1134 848 1185 est.
882 1130 984 1184 Est
1005 1128 1159 1184 enim
1191 1146 1224 1184 a
1245 1130 1549 1198 diapason,
1581 1131 1638 1186 id
1671 1137 1759 1187 est
1808 1133 2082 1189 acutissi-

437 1233 600 1274 mum
633 1223 690 1274 et
718 1217 1134 1290 gravissimum
1160 1243 1174 1285 ;
1209 1219 1402 1273 media
1424 1236 1556 1274 vero
1579 1220 1644 1285 D,
1664 1238 1790 1292 quae
1812 1222 1947 1278 item
1965 1238 2079 1278 non

437 1305 748 1379 aliustropi
774 1305 984 1373 ﬁnalis,
1001 1323 1176 1378 quam
1193 1307 1342 1377 proti
1376 1307 1584 1380 suique
1602 1309 1930 1382 subjugalis
1952 1327 2080 1366 esse

437 1396 664 1468 poterit.
702 1396 842 1450 Item
867 1395 928 1461 E,
953 1395 1010 1460 F,
1050 1411 1177 1464 quae
1217 1395 1439 1450 deuteri
1486 1402 1626 1452 sunt
1673 1403 1728 1452 et
1770 1399 1910 1464 triti,
1963 1416 2079 1455 non

435 1487 606 1539 erunt
631 1483 833 1538 mediae
874 1482 1026 1538 inter
1054 1484 1176 1538 Aet
1207 1500 1272 1552 a;
1325 1483 1454 1540 ideo
1501 1501 1605 1540 nec
1652 1485 1876 1542 ﬁnales.
1929 1486 2077 1551 Quid

433 1571 609 1644 ergo?
639 1571 788 1634 Quia
813 1570 1140 1644 discipulus
1172 1573 1530 1642 esttetrardi,
1559 1575 1802 1632 fortasse
1818 1576 1943 1631 finit
1961 1593 2080 1632 ma-

433 1661 602 1734 gistri
633 1660 909 1725 litteram,
943 1659 998 1714 id
1026 1664 1114 1715 est
1139 1661 1202 1727 G,
1235 1661 1477 1716 sortitur
1525 1662 1801 1734 mediam,
1851 1668 1908 1720 et
1949 1665 2076 1720 ideo

2194 528 2326 567 vero
2355 513 2560 567 eadem
2591 511 2860 584 diapente
2891 511 3084 584 specie
3115 529 3232 584 qua
3252 515 3309 567 et
3341 511 3622 580 magister
3640 525 3840 566 ascen-

2193 600 2296 654 dit.
2323 601 2469 670 Ergo
2491 599 2606 655 siG
2639 599 2790 654 inter
2817 601 2862 654 Α
2906 604 2965 654 et
3011 617 3046 655 a
3081 599 3274 655 media
3320 598 3408 655 vel
3458 598 3655 654 ﬁnalis
3705 599 3837 666 erit,

2193 692 2418 760 oportet
2447 687 2681 744 utint‘ra
2712 705 2772 744 se
2803 688 3164 764 diatessaron
3218 692 3276 744 et
3319 705 3501 762 supra
3561 687 3835 760 diapente

2192 776 2421 832 habeat.
2445 776 2621 832 SedG
2652 775 2804 831 infra
2833 775 2925 831 bis
2974 777 3359 842 diatessaron,
3403 793 3584 849 supra
3623 781 3830 832 tonum

2191 865 2386 932 habet,
2420 882 2533 921 non
2566 869 2654 920 est
2682 880 2818 936 ergo
2850 865 3196 938 subjugalis.
3220 868 3338 938 Age
3360 881 3518 938 ergo,
3541 865 3619 922 sit
3638 870 3839 921 auten-

2191 954 2342 1009 ticus
2390 953 2632 1025 quintus
2681 952 2752 1007 ab
2803 957 2847 1006 A
2895 951 2954 1006 in
3007 969 3076 1018 a;
3125 953 3227 1008 sed
3277 952 3609 1009 autenticus
3663 952 3838 1009 habet

2195 1041 2451 1114 aliquam
2495 1040 2746 1097 mediam
2779 1057 2848 1096 ex
2877 1039 3198 1096 hislitteris
3228 1041 3253 1112 η
3283 1058 3337 1107 a,
3360 1082 3378 1108 ,
3411 1058 3460 1109 c,
3495 1042 3553 1109 d,
3585 1045 3642 1098 et
3686 1041 3838 1097 inter

2190 1133 2234 1184 A
2262 1135 2321 1185 et
2349 1147 2402 1197 a,
2435 1129 2628 1184 media
2651 1132 2739 1184 est
2769 1129 2845 1196 D;
2879 1130 2978 1184 sed
3011 1129 3132 1184 haac
3162 1133 3398 1185 ostensa
3417 1135 3662 1187 estesse
3684 1129 3835 1203 proti

2189 1221 2433 1291 ejusque
2462 1217 2809 1291 subjugalis.
2844 1217 2968 1273 Non
2992 1222 3080 1273 est
3100 1218 3281 1291 igitur
3300 1218 3394 1274 hic
3417 1218 3632 1292 aliquis
3650 1235 3836 1277 novus

2189 1311 2413 1381 tropus,
2447 1309 2544 1364 sed
2577 1306 2934 1380 hypodorius
2956 1307 3253 1378 repetitur.
3279 1307 3520 1367 Dicatur
3542 1324 3677 1381 ergo
3695 1308 3834 1378 huic

2187 1395 2540 1452 Ptolomaico
2579 1400 2784 1468 tropo;
2821 1395 2958 1467 quia
2987 1412 3164 1468 super
3191 1396 3541 1468 magistrum
3571 1413 3699 1456 esse
3741 1412 3808 1451 vo

2189 1484 2372 1549 luisti,
2398 1488 2516 1539 tam
2553 1489 2719 1539 tuum
2752 1501 2930 1556 quam
2955 1484 3219 1556 magistri
3247 1486 3350 1556 jus
3383 1485 3711 1557 perdidisti.
3745 1491 3836 1548 Sit

2187 1589 2323 1646 ergo
2354 1589 2457 1646 pro
2487 1578 2542 1628 te
2573 1577 2810 1629 octavus
2843 1577 3016 1629 tonus
3051 1590 3084 1628 a
3113 1573 3157 1629 D
3204 1573 3265 1629 in
3319 1574 3376 1642 d,
3429 1575 3720 1634 mediante
3764 1581 3829 1638 G.

2187 1662 2378 1718 Placet
2406 1662 2584 1735 igitur
2614 1679 2816 1718 omnes
2846 1662 3100 1736 tr0picas
3123 1667 3381 1735 repetere
3411 1661 3830 1741 institutiones,

435 1750 692 1816 finalem,
717 1749 881 1804 sedG
912 1765 1027 1804 non
1053 1751 1142 1804 est
1189 1749 1382 1805 media
1431 1749 1582 1805 inter
1631 1755 1678 1805 Α
1726 1756 1784 1807 et
1829 1770 1898 1821 a;
1941 1769 2076 1826 ergo
2114 1793 2160 1857 Β
2188 1755 2244 1809 et
2272 1751 2619 1807 brevissima
2647 1751 2938 1807 sententia
2996 1751 3183 1807 facere
3215 1751 3662 1810 manifestiores.

435 1853 531 1857 ΛΑ-
568 1836 759 1857 n_-I:_
828 1834 1078 1857 A_.__I:-_-
1134 1833 1335 1857 n..._:-
1363 1836 1688 1857 ___L:____I!_
1727 1855 1740 1857 Α
1791 1856 1878 1857 κηγ
1933 1855 1941 1857 Α
2065 1840 2078 1853 σ

433 1853 536 1893 nec
567 1836 780 1892 ﬁnalis.
815 1834 1099 1907 Amplius.
1134 1833 1337 1891 Omnis
1361 1836 1690 1910 subjugalis
1721 1855 1753 1894 a
1785 1856 1893 1894 sua
1922 1840 2082 1913 gravi

1167 1959 1531 2032 Hypodorius
1561 1961 1894 2033 disponitur
1923 1965 1993 2019 ab
2027 1965 2156 2020 Ain
2188 1982 2241 2032 a,
2275 1964 2564 2020 mediatur
2591 1968 2648 2020 et
2679 1964 2888 2021 {initur
2916 1965 2983 2020 D.

1166 2048 1614 2122 Hypophrygius
1644 2053 2023 2110 constituitur
2052 2073 2086 2110 a
2114 2056 2156 2111 B
2186 2055 2244 2110 in
2276 2057 2331 2127 ἥ,
2366 2053 2660 2110 mediatur
2687 2059 2745 2110 et
2774 2054 2975 2110 linitur
3006 2054 3065 2110 Ε·

1161 2137 1504 2210 Hypolidius
1534 2141 1897 2196 construitur
1918 2159 1951 2198 a
1981 2161 2010 2200 c
2037 2144 2095 2199 in
2127 2161 2177 2211 c,
2212 2144 2504 2200 mediatur
2533 2148 2589 2199 et
2619 2143 2820 2199 finitur
2849 2145 2910 2200 F.

1161 2225 1660 2298 Hypomixolidius
1693 2230 2002 2288 ordinatur
2031 2251 2064 2288 a
2089 2233 2133 2289 D
2166 2233 2226 2288 in
2258 2233 2318 2302 d,
2350 2232 2644 2289 mediatur
2673 2236 2729 2288 et
2760 2233 2963 2287 ﬁnitur
2984 2235 3049 2288 G.

962 2361 1006 2412 A

1197 2362 1257 2426 Β,
1426 2362 1488 2430 C,
1656 2363 1722 2430 D,
1893 2368 1952 2431 E,

1093 2453 1104 2782 Ι

1115 2773 1536 2785 *-

2346 2367 2413 2430 G,
2577 2385 2632 2433 a,
2799 2371 2845 2437 η,
3015 2385 3064 2433 c,
3229 2367 3287 2432 d,

2572 2455 2587 2794 l

998 2475 1051 2514 τι]

997 2520 1104 2611 ἒΙ
1538 2520 1796 2611 llzl
2339 2520 2571 2611 Ι.Ιει;

997 2613 1036 2643 φ
1728 2612 1766 2640 ω
2371 2612 2408 2639 ω
2515 2619 2552 2653 κ

998 2612 1103 2707 sl
1538 2612 1796 2707 lslal
2339 2612 2584 2707 lslgl
3231 2612 3300 2707 l.

998 2699 1624 2792 E‘I___l§
1681 2699 2455 2792 l?l______|3l
2513 2699 3301 2792 $l_________|3

998 2787 1035 2841 ῗπ
1143 2791 1497 2861 gravissi-
1681 2787 1690 2864 Ι
1788 2787 1794 2790 ’
1875 2809 2022 2864 qua;
2069 2787 2137 2848 et
2177 2797 2250 2848 ii-
2339 2787 2346 2794 ’
2445 2787 2454 2864 Ι
2527 2787 2816 2848 "mites
2887 2791 3226 2847 acutissi-

1125 2898 1362 2953 Graves.
1679 2898 1689 2970 Ι
1950 2901 2198 2956 Finales.
2445 2898 2453 2970 Ι
2773 2901 3134 2970 Superiores.

503 3025 601 3082 llic
624 3030 948 3086 notandum
982 3032 1136 3104 quod
1160 3030 1349 3087 omnis
1381 3032 1706 3104 subjugalis
1737 3032 1796 3087 in
1847 3038 2073 3105 quarto,
2107 3035 2149 3100 C
2190 3035 2350 3090 ribus
2373 3035 2676 3107 acceperit,
2703 3037 2854 3090 recte
2879 3035 3130 3104 quatuor
3150 3030 3490 3103 subjugales
3511 3035 3834 3102 pergraves

431 3116 624 3172 omnis
657 3122 852 3174 autem
876 3121 1231 3187 autenticus,
1253 3125 1317 3175 ut
1343 3125 1475 3193 post
1510 3122 1754 3194 patebit,
1779 3121 1836 3177 in
1871 3121 2073 3194 quinto

433 3204 556 3262 loco
588 3207 838 3263 mediam
865 3209 1128 3276 sortitur,
1167 3209 1320 3281 quod
1356 3226 1471 3265 non
1503 3215 1591 3266 est
1640 3211 1876 3266 mirum.
1927 3210 2072 3266 Nam

432 3301 678 3366 quartus
708 3297 1022 3370 quadrupli
1055 3315 1285 3370 passus,
1316 3315 1480 3369 aquo
1504 3298 1845 3372 subjugales
1871 3300 2076 3355 oriun-

431 3386 548 3448 tur,
584 3389 870 3454 quatuor:
905 3387 1114 3442 tertius
1142 3391 1360 3452 autem,
1394 3404 1428 3441 a
1451 3404 1566 3458 quo
1590 3389 1865 3444 autentici
1885 3405 2076 3460 proce-

433 3472 601 3543 dunt,
633 3473 893 3546 quinque
924 3475 1549 3531 vocesincludit.Unde
1566 3491 1697 3530 cum
1715 3493 2078 3549 unaquaque

433 3577 502 3616 ex
531 3565 782 3632 quatuor
806 3563 1082 3635 gravibus
1115 3582 1222 3620 sua
1253 3564 1311 3618 in
1352 3569 1606 3635 quatuor
1646 3563 1923 3620 finalibus
1973 3582 2076 3638 pro

432 3649 625 3706 media
653 3649 736 3706 vel
771 3651 927 3708 ﬁnali
958 3670 1127 3710 suam
1151 3658 1410 3709 octavam
1439 3653 1497 3707 in
1520 3656 1775 3724 quatuor
1812 3655 2077 3726 superio-

2185 3122 2385 3178 finales
2415 3123 2745 3195 superiores
2762 3121 3004 3194 gravati,
3030 3119 3288 3185 mediati,
3306 3116 3560 3183 exaltati,
3586 3108 3835 3184 disposi-

2186 3211 2401 3266 tionem
2451 3228 2622 3267 suam
2669 3211 3153 3266 terminavcrunt.
3205 3208 3312 3264 Ubi
3361 3209 3469 3264 hoc
3514 3201 3835 3276 vigilanter

2191 3299 2537 3356 intuendum
2568 3304 2657 3356 est
2687 3300 2861 3372 quod,
2895 3299 2943 3354 si
2974 3297 3302 3371 subjugalis
3333 3300 3584 3370 quartus
3637 3288 3834 3348 socios

2188 3405 2325 3444 suos
2357 3393 2563 3460 quarto
2591 3387 2716 3443 loco
2749 3404 2863 3443 non
2894 3389 3257 3458 sequeretur,
3281 3386 3327 3441 G
3349 3398 3580 3457 quoque
3611 3377 3738 3435 sola
3764 3391 3838 3430 ex

2189 3477 2397 3532 mediis
2416 3476 2724 3532 medietate
2751 3476 3090 3548 privaretur.
3112 3475 3276 3530 Nunc
3299 3473 3394 3528 his
3415 3488 3529 3528 non
3545 3465 3838 3524 inutiliter

2188 3565 2488 3638 inspectis,
2522 3565 2592 3619 de
2623 3564 2936 3620 autenticis
2967 3563 3183 3619 similia
3213 3562 3517 3618 faciamus.

1169 3751 1374 3807 Dorius
1405 3750 1738 3823 disponitur
1766 3769 1800 3807 a
1829 3751 1952 3806 Din
1983 3753 2039 3821 d,
2073 3753 2366 3809 mediatur
2391 3756 2448 3808 et
2476 3749 2741 3806 initiatur
2771 3751 2830 3805 in
2871 3767 2924 3805 a.

1159 3839 1446 3913 Phrygius
1475 3840 1834 3895 construitur
1859 3841 1930 3895 ab
1961 3841 2000 3895 E
2024 3839 2081 3895 in
2105 3857 2154 3909 e,
2191 3842 2499 3910 mediatur,
2532 3839 2633 3895 sed
2668 3857 2782 3894 non
2817 3839 3082 3895 initiatur
3111 3841 3168 3895 i-n
3203 3842 3250 3912 ﬁ.

1164 3929 1365 3986 Lidius
1395 3928 1702 3986 ordinatur
1729 3931 1800 3985 ab
1844 3929 1883 3984 F
1914 3929 1972 3984 in
1997 3929 2037 3994 Γ,
2069 3929 2363 3986 mediatur
2393 3934 2449 3986 et
2473 3928 2739 3984 initiatur
2767 3927 2824 3983 in
2861 3945 2911 3984 c.

1158 4017 1490 4074 Mixolidius
1523 4018 1862 4074 modutatur
1889 4035 1924 4074 a
1945 4021 1988 4073 G
2015 4018 2074 4074 in
2108 4035 2164 4092 g,
2201 4019 2493 4075 mediatur
2521 4021 2578 4073 et
2613 4016 2880 4072 initiatur
2910 4017 2968 4073 in
3001 4017 3068 4073 D.

563 4149 627 4204 D.

503 4399 556 4504 Ξῗ

503 4507 540 4566 s

503 4631 559 4742 ἓ

1703 4335 1758 4460 Ξ

1696 4470 1758 4556 ᾖ.

1706 4597 1759 4613 -ι-

1707 4623 1743 4655 D

1692 4689 1746 4723 ..Ω

1709 4731 1763 4787 Ξ.

1709 4795 1763 4830 ε.

1709 4836 1748 4905 Ξ

671 4872 1040 4944 gravissima,
1088 4877 1146 4930 in
1194 4894 1311 4949 qua
1356 4885 1413 4934 et

563 4149 627 4204 D.
885 4154 946 4208 E.
1207 4153 1267 4209 F.
1511 4153 1580 4209 G.
1826 4170 1878 4208 a.
2134 4156 2183 4227 η.
2438 4170 2489 4208 c.
2741 4153 2800 4207 d.
3056 4169 3106 4209 e.
3362 4151 3402 4204 f.
3656 4160 3712 4218 g.

503 4443 554 4504 Ξε-
1558 4489 1571 4502 .
1704 4428 1758 4484 Ξῖ
2528 4432 2566 4488 Ξ
2701 4442 2741 4502 ἓ,
3734 4449 3774 4486 :3

503 4507 540 4566 Ξ
1535 4513 1573 4574 8
1696 4491 1741 4556 ἒδ
2529 4495 2568 4562 Ξ
2702 4507 2740 4564 s
3734 4490 3776 4562 ἔ

504 4569 541 4628 ‘3
1536 4581 1572 4616 ει
1706 4597 1759 4613 --
2512 4566 2568 4622 ,Ξ
2701 4569 2756 4616 ιτ
3733 4564 3776 4632 3

503 4631 559 4711 ξ
1519 4625 1573 4661 ³
1692 4623 1746 4723 ,Ξ
2517 4623 2569 4722 Ξ
2701 4620 2741 4686 ‘3
3733 4633 3775 4700 ε

505 4715 542 4742 ω
1709 4731 1746 4766 ς
2531 4723 2567 4750 μ
2702 4714 2758 4768 Ξ.

617 4795 1466 4858 ____’___________________
1709 4795 1763 4830 σ
1815 4798 2456 4857 ___________‘___
2701 4799 2756 4848 ε·
2810 4834 3660 4857 ______________________

671 4872 1040 4944 gravissima,
1088 4877 1146 4930 in
1194 4894 1311 4949 qua
1356 4885 1413 4934 et
1709 4836 1748 4905 Ξ
1908 4885 1964 4935 et
2002 4879 2171 4935 initia
2201 4879 2368 4936 diti'e-
2703 4852 2757 4930 ξ·
2873 4895 2988 4948 ma,
3035 4877 3095 4932 in
3128 4891 3247 4949 qua
3293 4872 3615 4930 altissimus

1908 4885 1964 4935 et
2002 4879 2171 4935 initia
2201 4879 2368 4936 diffe-

2528 4432 2568 4562 ἒ

2517 4566 2568 4646 .g

2530 4651 2569 4722 ἐξ

2531 4723 2567 4750 ς..

2702 4331 2756 4372 {11

2701 4379 2753 4438 fi

2701 4442 2741 4502 Ξ

2701 4507 2756 4654 ἓ

2702 4657 2741 4686 ω

2702 4714 2758 4794 ἓ

2701 4799 2756 4848 Ξ.

2703 4852 2757 4930 ξ.

3733 4564 3776 4700 ἒ

2873 4895 2988 4948 ma,
3035 4877 3095 4932 in
3128 4891 3247 4949 qua
3293 4872 3615 4930 altissimus

503 5043 667 5099 Sicut
695 5043 1036 5116 subjugales
1066 5047 1337 5119 superius
1367 5049 1672 5121 principio,
1725 5051 1938 5118 medio,
1973 5052 2088 5106 fine
2120 5059 2166 5123 Ι)
2196 5053 2456 5108 mitatem
2489 5051 2604 5106 duo
2636 5053 2866 5105 tantum
2891 5043 3321 5119 quadrichorda
3339 5041 3604 5098 obtinent
3630 5035 3858 5093 medie—

433 5130 685 5208 propriis
713 5135 768 5187 et
791 5132 1213 5205 principalibus
1233 5136 1487 5207 chordis,
1513 5138 1758 5211 ideoque
1781 5143 1838 5194 et
1877 5138 2089 5195 litteris
2200 5145 2399 5205 tatem,
2431 5139 2553 5194 haec
2584 5141 2779 5195 autem
2813 5140 2953 5193 sunt
2980 5133 3156 5190 ﬁnale
3203 5137 3260 5187 et
3301 5129 3594 5202 superius.
3644 5125 3852 5181 Scien-

437 5221 737 5279 informati
767 5221 880 5276 tria
917 5223 1107 5294 prima
1157 5225 1607 5296 quadrichorda,
1661 5227 1716 5283 id
1767 5231 1856 5283 est
1888 5243 2085 5300 grave,

436 5310 628 5379 finale,
662 5311 936 5382 superius
961 5320 1409 5384 occupaverunt,
1445 5314 1729 5371 excellens
1770 5332 1901 5372 vero
1951 5315 2084 5371 reli-

438 5404 727 5470 querunt;
761 5399 940 5455 simili
974 5402 1142 5457 modo
1175 5404 1451 5459 autentici
1483 5404 1736 5476 propriis
1766 5409 1822 5459 et
1869 5404 2084 5476 princi-

437 5487 672 5560 palibus
703 5486 937 5545 chordis
968 5489 1514 5549 etlitterisinstituti
1535 5491 1648 5547 tria
1667 5494 1994 5562 sequentia,
2025 5493 2084 5548 id

439 5579 529 5634 est
548 5573 744 5644 finale,
790 5578 1082 5651 superius,
1121 5579 1407 5636 excellens
1453 5578 1863 5652 possederunt,
1911 5597 2084 5653 grave

438 5679 572 5730 vero
602 5663 971 5726 dimiserunt.
1005 5672 1073 5729 Et
1104 5669 1426 5730 notandum
1453 5668 1608 5746 quod
1657 5668 1857 5730 omnia
1899 5674 2083 5730 extre~

2193 5230 2335 5284 dum
2358 5243 2591 5300 quoque
2611 5231 2699 5283 est
2723 5222 3178 5298 vigilantissime
3199 5222 3354 5292 quod
3377 5234 3492 5274 non
3514 5213 3852 5272 secundum

2194 5317 2585 5389 quorumdam
2634 5314 2970 5386 opinionem
3032 5311 3161 5366 ideo
3222 5305 3497 5364 autentici
3533 5306 3850 5371 vocantur,

2194 5406 2349 5478 quod
2389 5405 2502 5460 tria
2550 5418 2830 5475 suprema
2869 5403 3221 5472 occupantes
3259 5391 3693 5469 quadrichorda
3740 5407 3856 5463 per

2195 5511 2441 5552 acumen
2464 5509 2526 5550 se
2556 5490 2827 5549 extollere
2859 5494 3150 5562 poterunt,
3191 5503 3326 5545 cum
3357 5485 3408 5540 si
3440 5483 3500 5538 in
3527 5481 3633 5537 hac
3665 5495 3729 5535 re
3767 5479 3854 5538 ad

2193 5599 2392 5640 vocem
2410 5580 2770 5649 intendatur,
2788 5579 2967 5637 etiam
2985 5579 3043 5635 in
3056 5568 3623 5653 gravibusidemipsi
3635 5567 3851 5626 haberi

2195 5671 2444 5750 possint,
2476 5670 2579 5733 sed
2609 5670 2760 5745 ideo,
2789 5669 2929 5746 quia
2955 5668 3015 5728 in
3037 5666 3366 5735 medietate,
3390 5676 3519 5739 quas
3540 5657 3848 5738 principa-
