4102 6174
422 411 533 473 431

1252 409 1668 472 HERMANNI
1715 400 2158 474 CONTltACTI
2203 410 2619 476 AUGIENSIS
2666 410 3049 477 MONACHI.

3713 407 3831 473 435

424 562 493 601 ex
522 547 732 617 quarta
758 543 939 617 gravi,
973 546 1030 599 et
1065 547 1274 615 quarta
1325 544 1504 599 finali.
1568 544 1626 600 Si
1686 546 1881 601 dixero
1940 561 2066 600 eam
2099 551 2150 613 Α
2252 544 2349 601 Est
2379 547 2569 603 adhuc
2597 547 2868 604 subtilior
2889 547 3033 604 ratio
3065 526 3246 620 quare
3294 546 3360 615 F,
3388 546 3434 618 η,
3468 543 3835 600 diatessaron

424 634 678 707 primam
709 633 895 688 forma
925 648 1018 687 me
1050 649 1164 687 non
1196 632 1563 688 institutione
1595 633 1833 700 dixisse,
1868 634 2075 689 firmis-

425 724 576 779 sime
606 721 811 778 recole.
846 721 904 777 Si
936 722 998 790 E,
1032 738 1066 776 a
1095 721 1413 776 secundam
1458 721 1736 777 deﬁniam
1796 723 2072 793 speciem,

426 828 573 868 erro.
608 809 883 875 Quamvis
912 808 1068 864 enim
1102 827 1170 864 ex
1198 809 1428 864 duobus
1468 810 1571 864 fiat
1609 810 2073 882 quadrichordis,

424 904 623 957 tamen
641 904 863 955 rectum
885 915 1000 953 non
1029 897 1295 969 sequitur
1313 898 1747 966 ordinem,nam
1765 900 1805 953 Ε
1822 900 2078 954 secunda

426 988 717 1045 ﬁnalium.
754 1004 935 1042 avero
971 988 1163 1059 prima
1210 992 1299 1042 est
1341 988 1734 1060 superiorum,
1771 988 2078 1060 primaque

427 1094 562 1133 cum
594 1077 852 1132 secunda
873 1077 1192 1132 neceadem
1216 1077 1636 1149 positione,nee
1658 1062 1860 1133 eodem
1912 1083 2078 1150 tropo

428 1165 721 1239 congruit,
760 1167 958 1221 Restat
1008 1182 1143 1239 ergo
1176 1171 1241 1221 ut
1266 1167 1341 1221 sit
1362 1169 1623 1222 secunda
1656 1168 1878 1239 species
1927 1168 1987 1224 E.
2048 1183 2082 1223 a

431 1254 1064 1313 formaliter.Similiter
1092 1256 1140 1311 si
1172 1257 1232 1325 F,
1268 1256 1292 1328 ﬁ
1322 1272 1437 1328 quo
1459 1257 1530 1312 de
1575 1257 1788 1328 agitur,
1848 1257 2080 1312 tertiam

431 1344 683 1417 speciem
716 1344 1353 1416 dixero,reprehendor,
1381 1346 1543 1417 quia,
1568 1344 1704 1401 licet
1733 1362 1801 1400 ex
1851 1346 2081 1400 duobus

430 1435 535 1489 ﬂat
563 1433 1030 1505 quadrichordis,
1055 1438 1252 1490 tamen
1277 1435 1315 1489 F
1357 1435 1529 1489 tertia
1584 1434 1848 1489 finalium
1890 1451 2023 1489 cum
2055 1435 2081 1506 η

432 1524 690 1580 secunda
718 1527 1017 1596 troporum
1050 1541 1155 1579 nec
1173 1524 1480 1596 positionis
1527 1540 1631 1579 nec
1670 1525 1823 1596 tropi
1873 1528 2084 1579 natura

434 1612 722 1686 congruit,
758 1616 978 1669 etcum
1026 1613 1263 1682 tritono,
1321 1630 1436 1684 quo
1497 1613 1660 1668 nulla
1703 1613 1819 1668 alia
1860 1612 2082 1684 species

435 1704 934 1771 contineatur,ncc
973 1702 1368 1769 constitutiva,
1403 1718 1506 1757 nec
1541 1701 1802 1757 formalis
1859 1702 2083 1774 species

436 1791 704 1846 habenda
724 1796 831 1847 est.
866 1795 1065 1848 Restat
1114 1790 1289 1863 igitur
1350 1796 1411 1845 ut
1458 1791 1565 1845 hoc
1628 1791 1683 1844 in
1732 1790 1858 1846 loco
1916 1794 2086 1845 tertia

438 1881 661 1953 species
692 1880 1015 1936 formaliter
1037 1897 1140 1952 per
1190 1881 1229 1934 F
1286 1884 1341 1935 et
1393 1897 1494 1951 per
1546 1881 1581 1933 b
1640 1896 2081 1952 synemmenon,

438 1970 705 2043 quamvis
728 1969 1187 2025 extraordinaria
1207 1970 1453 2037 ratione,
1477 1970 1817 2026 fiat.Eodem
1842 1971 2013 2025 modo
2036 1970 2082 2024 G

439 2063 648 2132 quarta
670 2059 933 2113 ﬁnalium
970 2075 1101 2113 cum
1134 2074 1164 2113 c
1208 2059 1383 2114 tertia
1433 2060 1829 2130 superiorum,
1882 2064 1946 2113 ut
1986 2058 2085 2112 flat

438 2153 648 2224 quarta
676 2148 1035 2204 diatessaron
1058 2148 1301 2219 species,
1325 2163 1439 2202 non
1463 2148 1797 2202 foederatur.
1831 2148 1975 2202 Nam
2035 2144 2083 2200 si

441 2237 729 2310 regularis
759 2237 887 2306 ejus
910 2237 1119 2307 positio
1139 2237 1580 2308 inspiciatur,id
1607 2240 1695 2291 est
1720 2241 1854 2291 tono
1908 2236 2082 2291 semi-

440 2324 742 2391 tonio,erit
763 2325 953 2394 potius
986 2324 1156 2379 tertia
1184 2325 1548 2380 diatessaron
1573 2324 2010 2396 species.[gitur
2030 2329 2087 2379 et

444 2414 504 2469 in
534 2413 645 2469 hoc
674 2412 799 2469 loco
833 2412 1155 2469 Iormaliter
1184 2418 1393 2485 quarta
1408 2415 1631 2485 species
1655 2431 1755 2486 per
1776 2415 1818 2469 G
1841 2430 1891 2481 c,
1915 2413 2088 2468 inter-

435 2503 590 2576 jecto
621 2502 952 2568 semitonio,
984 2518 1402 2574 synemmenon
1434 2502 2085 2558 habetur.Manifestum

442 2597 533 2650 est
561 2609 696 2666 ergo
728 2591 1579 2665 quiainstitutivediatessaron
1609 2592 1831 2663 species
1860 2609 1893 2646 a
1939 2592 2085 2647 ﬁna-

440 2682 599 2739 libus
620 2686 772 2738 recte
804 2687 1172 2738 removentur
1202 2685 1258 2736 et
1287 2680 1713 2753 superioribus,
1756 2681 1896 2751 quia
1916 2680 1966 2735 si
2006 2680 2085 2734 ibi

442 2772 792 2829 naturaliter
820 2775 1034 2838 essent,
1068 2770 1230 2826 nulla
1268 2771 1471 2839 utique
1501 2769 1724 2842 species
1741 2770 1992 2825 deesset.
2027 2768 2087 2844 Si

443 2863 603 2918 enim
633 2878 1074 2935 syncmmenon,
1109 2861 1263 2932 quod
1296 2877 1409 2915 non
1433 2863 1519 2915 est
1550 2858 1833 2932 regulare,
1866 2858 2086 2924 aufero,

444 2949 623 3005 simul
636 2950 713 3005 ibi
734 2950 965 3005 tertiam
980 2948 1233 3021 speciem
1248 2964 1381 3003 cum
1396 2952 1605 3019 quarta
1625 2951 1747 3002 tam
1763 2945 2088 3001 naturalem

451 3055 630 3112 quam
663 3037 965 3094 formalem
988 3036 1473 3111 perconcino.Sed
1494 3036 1625 3102 hoc,
1645 3039 1709 3092 ut
1730 3035 1903 3109 longe
1925 3049 2090 3107 supe-

446 3129 571 3185 rius
601 3128 822 3185 dictum
848 3132 1079 3195 est,non
1101 3130 1190 3183 est
1215 3127 1464 3195 mirum;
1502 3143 1637 3183 nam
1659 3126 1868 3182 tertius
1890 3124 2088 3197 primae

449 3217 908 3275 mensurationis
931 3234 1161 3289 passus,
1195 3218 1333 3288 quia
1350 3216 1610 3289 quinque
1632 3232 1798 3272 voces
1822 3214 2088 3280 includit,

2182 650 2298 690 non
2330 634 2631 691 habeatur.
2656 638 2788 693 Haec
2817 637 2898 691 ita
2927 636 3348 703 consideratur,
3383 633 3626 690 Intende
3647 632 3715 699 D,
3761 632 3830 699 G,
3860 708 3866 714 _

2182 724 2544 780 diatessaron
2572 744 2584 793 ;
2606 730 2665 781 et
2686 743 2926 798 possum
2952 726 3244 781 remittere
3259 725 3531 809 diapente
3567 723 3614 779 G
3644 739 3677 777 e
3696 721 3839 793 quia

2183 813 2546 869 diatessaron
2576 818 2635 869 et
2659 814 2927 887 diapente
2946 818 3082 870 tono
3114 814 3561 870 diﬂ‘erunt.ltem
3594 810 3835 867 intendo

2185 903 2324 969 E,a,
2357 903 2754 971 diatessaron;
2800 907 2857 959 et
2914 920 3157 975 possum
3210 902 3505 958 remittere
3562 900 3836 972 diapente

2186 1007 2240 1056 a,
2291 991 2357 1057 D,
2410 990 2547 1062 quia
2594 991 2918 1047 differentia
2956 990 3323 1063 sesquialteri
3380 995 3438 1046 et
3477 986 3838 1061 sesquitertii

2185 1078 2649 1151 congruit.ltem,
2683 1079 2920 1135 intendo
2967 1081 3032 1145 E,
3090 1083 3136 1149 ﬁ,
3190 1079 3502 1152 diapente;
3564 1077 3665 1134 sed
3723 1092 3840 1133 non

2188 1184 2431 1240 possum
2490 1169 2785 1225 remittere
2843 1169 3212 1224 diatessaron
3254 1170 3301 1240 η,
3349 1169 3412 1236 F,
3462 1168 3601 1239 quia
3651 1166 3834 1223 semi-

2188 1257 2415 1313 touium
2446 1274 2743 1329 nanquam
2800 1257 2910 1313 erit
2948 1256 3318 1329 sesquialteri
3368 1274 3434 1313 ac
3475 1255 3835 1329 sesquitertii

2190 1347 2538 1403 differentia.

2261 1436 2389 1490 Haec
2421 1435 2814 1506 pulcherrima
2856 1433 3071 1491 solutio
3129 1435 3418 1490 dictorum
3469 1434 3840 1490 solummodo

2189 1524 2485 1597 privilegio
2518 1528 2920 1597 sequestratur
2949 1528 3122 1595 atque
3144 1523 3462 1579 immeritio
3483 1539 3664 1580 aurea
3681 1539 3844 1579 voca-

2191 1619 2305 1670 tur.
2332 1614 2649 1669 Sciendum
2675 1630 2909 1686 quoque
2939 1617 3029 1669 est
3071 1613 3359 1681 Boetium,
3393 1612 3841 1685 antiquissimos

2193 1708 2461 1758 secutum
2486 1703 2764 1769 musicos,
2797 1707 2914 1758 tres
2949 1703 3187 1774 quidem
3206 1701 3465 1757 diversas
3478 1701 3843 1759 diatessaron

2192 1793 2416 1863 species
2439 1791 2867 1863 diffinire,quas
2890 1797 3086 1847 tamen
3106 1790 3350 1846 minime
3362 1791 3616 1847 naturali
3640 1791 3843 1847 ordine

2194 1882 2472 1953 disponit,
2506 1882 2644 1952 quia
2665 1898 2763 1935 eas
2795 1898 2827 1937 a
2849 1882 3085 1953 proprio
3111 1880 3266 1936 fonte
3298 1897 3410 1936 non
3430 1881 3630 1936 educit
3655 1880 3843 1953 ;quod

2194 1971 2385 2043 quivis
2402 1970 2650 2040 diligens
2666 1971 2891 2025 collatis
2906 1969 3122 2025 nostris
3144 1974 3201 2024 et
3222 1970 3404 2042 ipsius
3425 1970 3620 2025 verbis
3656 1967 3846 2041 pervi-

2192 2059 2328 2113 dere
2349 2058 2578 2129 poterit.
2612 2060 2735 2123 Qua
2756 2059 2889 2113 dere
2920 2073 3054 2113 vero
3086 2058 3354 2112 informa
3388 2057 3586 2130 primm
3632 2072 3845 2113 secun-

2192 2147 2333 2201 dum
2365 2145 2532 2202 illum
2562 2146 2750 2201 multa
2780 2146 3020 2218 quidem
3055 2146 3272 2202 mentio
3293 2149 3403 2202 est.
3474 2145 3634 2202 Unde
3663 2145 3842 2202 etiam

2192 2238 2411 2291 factum
2443 2241 2619 2291 estut
2674 2236 2939 2307 ignorata
2985 2236 3165 2308 hujus
3226 2235 3440 2307 speciei
3490 2235 3848 2307 proprietate

2192 2330 2397 2397 tmpus
2415 2341 2644 2397 quoque
2666 2324 3183 2397 hypomixolidius,
3218 2325 3388 2391 cujus
3415 2324 3545 2396 ipsa
3581 2327 3668 2380 est
3716 2339 3853 2397 spe-

2195 2414 2332 2481 cies,
2357 2415 2677 2487 incongrue
2732 2414 2892 2470 fieret
2940 2415 3360 2487 dispositione;
3395 2414 3550 2486 quod
3589 2412 3728 2485 quia
3784 2413 3849 2469 in

2196 2504 2598 2575 superioribus
2632 2503 2881 2575 pleniter
2911 2502 3291 2574 absolvimus,
3325 2501 3419 2557 hic
3446 2504 3569 2574 jam
3602 2501 3851 2559 minime

2196 2593 2537 2665 repetimus.
2571 2594 2654 2647 Tu
2684 2610 2841 2665 ergo,
2874 2609 3184 2664 quousque
3216 2609 3277 2649 es
3308 2609 3476 2648 meus
3509 2591 3757 2659 auditor,
3783 2595 3853 2646 ut

2194 2681 2467 2753 superius
2487 2681 2587 2736 tibi
2609 2681 2936 2748 dixi,causa
2957 2681 3275 2755 agnitionis
3297 2684 3601 2753 troporum
3620 2679 3848 2753 species

2186 2772 2314 2843 jam
2346 2771 2530 2826 dictas
2575 2773 2695 2825 tam
2749 2769 2975 2826 chorda:
3038 2774 3251 2838 tractu,
3300 2786 3479 2842 quam
3529 2769 3656 2825 viva
3713 2784 3852 2825 voce

2197 2859 2429 2914 inculca
2449 2859 2764 2925 memorias,
2796 2862 2853 2914 et
2881 2859 3320 2928 lassitudinem,
3351 2858 3442 2914 vel
3476 2874 3713 2927 manus,
3758 2856 3852 2913 vel

2195 2949 2353 3004 vocis
2384 2948 2698 3020 propositis
2746 2948 2806 3003 in
2833 2950 3157 3019 quaestione
3190 2946 3485 3021 praedictis
3522 2946 3852 3003 rationibus

2198 3037 2499 3103 relevabis,
2533 3037 2731 3109 sicque
2751 3037 2975 3109 duplici
3001 3037 3366 3109 jocunditate
3399 3035 3706 3104 laetaberis,
3739 3036 3852 3090 hoc

2199 3131 2305 3193 est,
2338 3131 2395 3182 et
2425 3126 2732 3182 dulcedine
2758 3126 3177 3183 modulationis
3194 3130 3251 3183 et
3273 3126 3631 3182 alternorum
3661 3125 3850 3182 varie-

2201 3220 2321 3272 tate
2351 3232 2711 3272 sermonum.
3802 3222 3805 3223 ⁷

448 3307 645 3379 potius
675 3305 737 3361 in
767 3305 858 3361 his
890 3288 1032 3361 locis
1062 3288 1461 3377 pentachorda
1508 3322 1685 3377 quam
1728 3304 2094 3361 tetrachorda
2124 3288 2165 3354 C
2276 3304 2567 3378 Perceptis
2587 3309 2782 3361 autem
2814 3305 3062 3378 perfecte
3092 3303 3454 3361 diatessaron
3476 3303 3738 3372 vocibus,
3761 3303 3849 3360 sic

446 3397 740 3467 operatur.

542 3590 552 3711 ἶ
833 3624 996 3677 Paeti.
1372 3604 1379 3621 ³
1616 3626 1848 3683 ὒρηὶρῖὶ.
2478 3625 2636 3679 Triti.

561 3738 808 3804 ---·,
810 3737 1067 3807 *Γ
1072 3729 1261 3747 ’““···-’
1396 3732 2085 3835 ’ΜΤ-’ῄ
2168 3732 2911 3807 “ψ---’-ὀ
2752 3747 2766 3753 -

2265 3752 2867 4126 ἓΙωιςὶξ

610 3950 658 4001 3
799 3928 838 3979 ιθ
983 3927 1025 3982 F
1169 3964 1221 4005 δε.
1630 3925 1671 3980 G
1974 3956 2091 3991 ν-ιι,
2257 3924 2302 4010 ξ
2449 3940 2475 3976 a
2633 3939 2683 3983 a,
2814 3955 2867 4000 εε-

600 4006 657 4063 ξ]
798 3998 839 4048 F.
981 3996 1024 4049 E
1170 4011 1208 4065 ξς
1435 4020 1486 4035 -ς
1632 3995 1672 4047 F
1812 3994 1842 4046 ὶε
1998 3980 2036 4063 ξ
2248 4016 2301 4033 -
2444 3991 2508 4045 G-
2630 3992 2673 4046 G
2815 4002 2855 4061 ε

804 4066 843 4115 ἱ)
987 4066 1027 4115 D
1170 4070 1182 4081 .
1812 4062 1853 4113 Ε
2000 4069 2013 4085 ⁹
2444 4060 2495 4112 Fu
2626 4059 2671 4113 F
2816 4065 2831 4080 ο

513 4275 715 4331 Nonne
737 4271 1073 4329 consideras
1086 4270 1594 4344 diligensdicta,ut
1618 4272 1793 4327 etiam
1817 4272 2088 4345 diapente

442 4365 663 4439 species
692 4382 726 4420 a
756 4361 1007 4437 propriis
1048 4360 1325 4417 finalibus
1369 4360 1620 4416 naturali
1681 4362 1883 4417 ordine
1941 4361 2083 4417 inci-

2197 3411 2405 3451 susum
2436 3398 2493 3450 et
2512 3396 2720 3467 jusum
2752 3394 3021 3467 diapente
3051 3394 3276 3468 species
3307 3392 3590 3450 cantabis.

3248 3621 3508 3678 Tetrardi.

3012 3593 3025 4132 ἱ
3087 3818 3126 3875 3
3286 3868 3316 3907 ο
3336 3784 3339 3787 Ι
3362 3752 3394 3804 d
3460 3868 3491 3908 ο

3089 3879 3125 3910 ε
3542 3898 3545 3901 γ

3270 4054 3313 4110 G
3454 4056 3499 4111 G
3623 4065 3648 4078 "
3672 4086 3675 4089 <

3720 3593 3750 3726 J

3248 3621 3508 3678 Tetrardi.

3336 3784 3339 3787 -
3362 3752 3394 3804 α

2199 4269 2664 4343 nistotidemque
2681 4270 3006 4326 semitoniis
3025 4267 3514 4342 completur.Quae
3532 4267 3646 4323 duo
3668 4263 3849 4322 semi-

2197 4360 2357 4415 tonia
2377 4358 2584 4430 juncta
2604 4376 2719 4415 non
2738 4359 3268 4432 faciuntintegrum
3285 4361 3510 4423 tonum,
3535 4356 3737 4427 sicque
3764 4354 3843 4410 ad

440 4456 699 4530 piantur,
734 4454 792 4508 in
825 4452 1078 4526 propriis
1099 4450 1503 4523 superioribus
1537 4450 1885 4517 exaltentur,
1935 4451 2083 4506 inof—
2114 4488 2160 4552 Β
2196 4446 2645 4519 completionem
2676 4450 2947 4522 diapente
2968 4465 3198 4505 comma
3218 4463 3351 4503 cum
3394 4444 3705 4503 semitonio
3736 4443 3843 4499 de-

439 4546 604 4601 fenso
635 4544 821 4617 gradu
853 4543 924 4597 ad
957 4533 1257 4597 exordium
1291 4556 1464 4596 suum
1488 4540 1897 4596 revertantur?
1928 4542 2082 4605 Quas
2114 4533 2158 4552 ³³
2191 4540 2318 4596 erit.
2352 4540 2670 4613 Ergo,quia
2700 4538 2803 4594 tali
2833 4537 3269 4610 imperfectione
3291 4534 3701 4605 tenetur,inter
3719 4533 3847 4589 dia—

437 4635 599 4702 item,
633 4633 785 4689 sicut
810 4631 1081 4704 superius
1114 4630 1310 4697 dixi,si
1341 4630 1634 4686 consuetis
1664 4629 2005 4686 differentiis
2028 4634 2084 4685 et

439 4722 892 4778 difﬁnitionibus
906 4721 1325 4788 cantaveris,su
1335 4736 1465 4775 aves
1480 4719 1583 4774 tibi
1606 4723 1906 4791 troporum
1923 4719 2080 4791 agni-

332 4812 340 4817 ’
436 4812 627 4867 tiones
653 4810 1123 4882 comparabis.Ut
1144 4809 1520 4874 autem,sicut
1569 4809 1911 4879 praedictum
1968 4812 2077 4873 est,

436 4902 497 4957 in
521 4900 788 4972 diapente
800 4898 1338 4970 dispositionisjure
1358 4899 1483 4952 dure
1496 4914 1661 4953 voces
1678 4897 2076 4965 inveniuntur,

438 4990 497 5046 id
529 4994 618 5069 est
640 4988 769 5060 ΕΗ,
825 5004 971 5059 qua,
1014 4986 1149 5057 licet
1197 4991 1448 5057 quatuor
1492 5003 1660 5041 voces
1709 4986 2076 5053 concludant,

437 5086 697 5138 tamena
740 5077 1104 5131 diatessaron
1153 5077 1459 5146 speciebus
1517 5074 1945 5143 excluduntur;
1997 5075 2078 5131 ita

436 5171 610 5227 etiam
642 5169 702 5223 in
733 5167 874 5222 locis
907 5164 1267 5220 diatessaron
1302 5165 1530 5237 proprie
1561 5166 1861 5236 subjectis,
1903 5165 1961 5219 id
1991 5169 2078 5221 est

434 5261 712 5334 gravibus
741 5262 798 5313 et
827 5254 1123 5327 finalibus,
1149 5256 1548 5327 superioribus
1578 5261 1634 5310 et
1663 5255 2075 5311 excellentibus

435 5346 828 5414 duaevoces,id
851 5351 938 5402 est
961 5346 1069 5413 B,F
1090 5343 1493 5416 reperiuntur;
1519 5362 1645 5415 quae
1668 5349 1723 5399 et
1746 5345 1793 5398 si
1817 5344 2076 5415 quinque

432 5454 602 5494 voces
633 5438 963 5503 includunt,
997 5436 1067 5490 ab
1090 5435 1365 5490 omnibus
1386 5440 1581 5489 tamen
1631 5433 1901 5502 diapente
1946 5450 2075 5504 spe-

435 5526 636 5583 ciebus
667 5524 1066 5580 secluduntur.
1100 5523 1261 5586 Quod
1299 5539 1478 5595 quare
1509 5521 1601 5587 sit,
1636 5520 1716 5575 ita
1749 5520 2075 5578 considera.

436 5619 622 5674 Omne
653 5614 916 5685 regulare
946 5613 1219 5686 diapente
1240 5612 1428 5667 tribus
1462 5608 1615 5665 tonis
1646 5609 2076 5684 semitonioque

437 5703 850 5773 constituitur:
879 5701 992 5761 ista
1020 5719 1151 5760 vero
1183 5698 1686 5777 anomalaspecies
1716 5699 1945 5758 duobus
1994 5703 2078 5758 to-

2192 4637 2361 4705 pente
2392 4631 2616 4703 species
2642 4628 2865 4684 censeri
2896 4643 3011 4682 non
3035 4632 3310 4682 meretur.
3333 4622 3629 4698 Amplius:
3679 4622 3847 4679 Inter

2192 4727 2444 4794 quatuor
2474 4720 2730 4776 diversas
2764 4717 3032 4789 diapente
3062 4715 3307 4788 species,
3334 4732 3461 4787 quae
3492 4712 3847 4770 naturaliter

2191 4811 2456 4867 ﬁnalium
2477 4813 2534 4865 et
2563 4805 2929 4879 superiorum
2952 4799 3259 4861 collatione
3282 4800 3846 4873 construitur,nullu.

2189 4905 2297 4963 est,
2329 4917 2456 4971 quae
2489 4896 2720 4952 duobus
2740 4894 2897 4950 tonis
2927 4894 3287 4965 totidemque
3311 4891 3644 4950 semitoniis
3674 4890 3844 4947 inve-

2189 4990 2382 5055 nitur;
2418 4992 2473 5043 et
2505 4985 2817 5055 ideo,quod
2849 4984 2908 5039 in
2938 4983 3095 5039 fonte
3115 5000 3231 5038 non
3263 4981 3436 5038 fuerit
3463 4986 3624 5038 extra
3651 4997 3713 5035 In
3735 4979 3847 5052 hy-

2188 5077 2399 5149 pocrisi
2436 5080 2730 5149 repertum
2753 5073 3058 5144 judicatur
3105 5076 3162 5129 et
3210 5070 3569 5143 reprobatur.
3602 5068 3848 5125 Poterat

2187 5167 2359 5221 etiam
2379 5167 2515 5221 hinc
2545 5163 2817 5220 subtilior
2846 5163 3044 5218 haberi
3068 5161 3368 5233 ratio,quaa
3398 5159 3481 5216 ita
3538 5158 3842 5232 procedet.

2187 5254 2432 5310 Possum
2468 5255 2765 5309 intendere
2791 5252 3057 5324 diapente
3105 5252 3305 5321 A,E,et
3350 5248 3649 5306 remittere
3706 5248 3842 5303 dia-

2185 5349 2448 5399 tessaron
2508 5346 2569 5407 B,
2617 5343 2676 5412 E,
2735 5342 2871 5413 quia
2944 5342 3268 5397 differentia
3324 5339 3613 5414 congruit.
3685 5338 3847 5396 Item

2188 5449 2428 5505 possum
2484 5431 2786 5487 intendere
2844 5429 3205 5487 diatessaron
3259 5446 3377 5486 non
3444 5445 3688 5503 possum
3750 5443 3856 5485 re-

2188 5523 2416 5577 mittere
2430 5521 2701 5593 diapente
2720 5518 2994 5590 B,F,qu.ia
3007 5521 3315 5577 semitonio
3328 5520 3651 5577 obsistente
3670 5518 3853 5577 diffe—

2188 5612 2374 5667 rentia
2404 5608 2693 5667 deficit.Et
2712 5624 2956 5682 possum
2979 5609 3268 5666 remittere
3289 5609 3655 5665 diatessaron
3667 5611 3785 5679 F,C
3822 5628 3844 5679 ;

2187 5702 2288 5761 sed
2311 5719 2425 5761 non
2457 5715 2699 5777 possum
2736 5696 3033 5758 remittere
3055 5697 3325 5776 diapente
3385 5698 3446 5775 F,
3469 5698 3534 5774 Β,
3563 5698 3636 5758 ob
3668 5712 3849 5761 cam-
