4102 6174
320 189 444 260 433

1643 200 2057 270 OPUSGULA
2101 200 2424 271 MUSICA.

3617 196 3744 287 434

319 328 452 386 dem
483 343 744 388 causam.
798 324 1083 391 Similiter
1127 332 1200 391 de
1248 332 1289 390 F
1334 331 1669 392 dicendum.
1722 335 1967 393 Possum
1999 344 2054 411 Α
2084 337 2194 395 bus
2217 355 2333 394 non
2357 335 2870 412 reputari.Postea
2889 356 3020 398 vero
3038 342 3206 414 quasi
3226 340 3318 399 sui
3337 341 3737 413 oblitus,dum

318 418 469 477 enim
498 417 805 477 intendere
825 419 1096 496 diapente
1124 422 1185 494 F,
1208 439 1258 491 c,
1292 427 1348 480 et
1367 423 1661 480 remittere
1683 424 1967 482 diatessa-

315 525 418 569 ron
447 526 498 576 c,
529 508 595 564 G.
630 510 774 566 Item
802 514 1048 582 possu’m
1079 513 1383 569 intendere
1414 512 1684 587 diapente
1706 515 1768 582 F,
1789 533 1838 586 c,
1864 517 1965 573 sed

313 615 427 654 non
447 615 694 671 possum
716 599 1016 657 intendere
1038 601 1401 658 diatessaron
1423 603 1486 671 F,
1509 604 1535 675 η
1584 602 1722 675 quia
1737 605 1969 662 semite-

311 687 475 745 nium
506 704 612 760 pro
642 687 975 744 differentia
1002 706 1118 745 non
1150 690 1280 746 erit.
1318 693 1483 756 Item,
1516 708 1757 763 possum
1782 693 1967 749 inten-

308 776 447 835 dere
475 777 541 843 F,
573 776 631 847 b,
665 777 766 833 sed
787 793 904 834 non
925 795 1170 852 possum
1191 778 1489 835 remittere
1526 781 1798 853 diapente
1821 783 1878 851 b,
1902 784 1962 852 E,

306 866 449 938 quia
468 865 798 923 differentia
819 883 921 939 per
940 868 1321 923 semitonium
1346 886 1461 923 non
1485 869 1612 924 erit.
1638 872 1803 937 Item,
1826 888 1960 942 pos-

294 960 449 1015 sunt
476 956 777 1011 remittere
798 955 1068 1029 diapente
1125 959 1171 1030 η,
1206 958 1269 1025 E,
1305 958 1407 1013 sed
1449 975 1562 1013 non
1599 975 1839 1030 possum
1872 978 1964 1017 re-

303 1045 543 1101 mittere
565 1044 953 1102 diatessarum
973 1046 1030 1113 b,
1051 1047 1111 1114 F,
1139 1046 1278 1119 quia
1298 1047 1677 1102 semitonium
1700 1048 1969 1104 differem

299 1132 449 1191 tiam
468 1132 838 1205 sesquialteri
856 1151 921 1191 ac
946 1134 1303 1206 sesquitertii
1326 1152 1443 1192 non
1463 1135 1615 1191 facit.
1646 1137 1843 1192 Uitfert
1868 1155 1967 1193 au-

299 1229 425 1281 tem
452 1224 488 1278 F
509 1239 543 1279 a
567 1223 629 1290 B,
654 1222 795 1294 quia
813 1224 856 1278 F
876 1241 909 1279 a
929 1239 991 1279 se
1013 1224 1207 1279 media
1227 1230 1283 1280 et
1304 1225 1363 1279 in
1401 1230 1639 1280 acutum
1671 1225 1962 1298 diapente,

298 1316 359 1371 et
380 1312 438 1367 in
460 1328 634 1384 grave
653 1311 931 1368 deorsum
952 1312 1345 1369 diatessarum
1364 1318 1556 1386 potest
1579 1314 1871 1369 remittere
1890 1314 1961 1382 B;

292 1400 431 1459 sola
459 1400 615 1457 inter
643 1417 848 1457 omnes
875 1417 1043 1457 voces
1074 1418 1108 1457 a
1138 1418 1200 1457 se
1225 1402 1357 1474 ipsa
1380 1402 1575 1458 media
1597 1418 1701 1458 nec
1724 1420 1963 1460 sursum

297 1491 578 1562 diapente
600 1489 873 1556 intendit,
890 1506 996 1545 nec
1014 1491 1291 1546 deorsum
1310 1492 1673 1547 diatessaron
1694 1493 1958 1548 remittit.

297 1579 469 1636 Unde
500 1596 533 1635 a
561 1579 919 1651 quibusdam
949 1578 1228 1653 ignobilis
1256 1586 1515 1648 vocatur,
1548 1597 1653 1637 nec
1685 1580 1863 1637 etiam
1895 1582 1955 1637 in

294 1668 508 1726 ordine
538 1684 646 1724 suo
675 1668 903 1724 deuteri
929 1670 1261 1726 saeculorum
1282 1671 1451 1724 Amen
1484 1670 1709 1741 recipit.

365 1758 623 1814 Videtur
640 1762 837 1814 autem
859 1758 1093 1813 Boetius
1110 1759 1365 1831 quadarn
1383 1760 1442 1814 in
1463 1758 1810 1815 definiendis
1834 1760 1957 1816 dia-

288 1852 473 1920 pente
502 1846 810 1919 speciebus
829 1846 946 1904 labi
970 1848 1381 1904 inconstantia.
1416 1848 1562 1904 Nam
1593 1854 1848 1920 quatuor
1864 1866 1956 1905 ea-

291 1953 433 1994 rum
487 1938 799 1992 varietates
820 1953 950 1992 esse
973 1937 1194 2002 dicens,
1219 1938 1452 1993 easdem
1476 1954 1508 1993 a
1534 1939 1560 2009 Η
1580 1938 1866 2011 quadrata
1888 1939 1958 1995 ad

291 2025 332 2083 B
350 2040 599 2098 gravem
622 2024 870 2081 remittit
892 2042 905 2081 :
930 2026 991 2081 in
1012 2025 1227 2099 quibus
1250 2025 1396 2082 locis
1417 2043 1623 2082 omnes
1662 2027 1960 2083 naturales

290 2131 415 2171 non
434 2113 743 2170 inveniens
763 2114 824 2185 F,
849 2115 912 2183 B,
936 2114 1207 2170 ultimam
1228 2116 1412 2188 ponit,
1437 2133 1567 2188 quas
1587 2116 1834 2188 probata
1850 2124 1957 2185 est,

276 2207 538 2278 propter
552 2220 672 2259 sua
692 2203 1031 2260 differentiae
1056 2205 1347 2261 defectum
1367 2206 1428 2261 in
1450 2205 1723 2278 diapente
1741 2206 1963 2278 specie-

1991 1718 2039 1783 B

2079 444 2207 500 quae
2244 427 2469 500 species
2508 428 2569 483 in
2610 428 3014 486 immobilibus
3054 430 3294 489 vocibus
3333 433 3740 493 contineantur

2078 518 2263 589 (1002)
2315 517 2674 589 loqueretur,
2726 518 2889 576 illam
2944 519 3275 577 anomalam
3326 522 3387 590 F,
3450 523 3512 591 B,
3555 540 3737 595 quam

2078 606 2243 679 prius
2265 605 2536 662 ultimam
2561 608 2779 679 posuit,
2798 610 3071 677 reticens,
3096 614 3347 682 quatuor
3367 611 3603 667 demum
3629 629 3735 668 na-

2077 695 2297 751 turales
2320 695 2591 767 diapente
2615 697 2839 769 species
2861 698 2932 754 ab
2956 699 3018 767 E,
3045 699 3103 753 in
3142 716 3194 765 e,
3221 698 3533 755 intendens
3555 701 3734 758 deno-

2075 785 2215 840 tavit
2243 802 2256 853 ;
2280 803 2389 840 non
2417 790 2609 840 tamen
2635 803 2760 858 quae
2783 787 3026 858 species,
3051 787 3151 859 qui
3176 793 3362 860 tropo,
3386 788 3474 844 vel
3498 805 3613 860 quo
3640 806 3733 846 or-

2076 874 2211 929 dine
2231 874 2319 928 vel
2342 874 2466 930 loco
2492 875 2748 945 aptanda
2773 876 2868 942 sit,
2893 877 3339 932 demonstravit.
3366 877 3483 933 Hoc
3506 881 3727 951 autem,

2076 962 2214 1035 quia
2234 980 2268 1017 a
2289 963 2458 1018 nobis
2482 980 2632 1034 saepe
2651 963 2708 1018 in
2732 964 3135 1036 superioribus
3157 965 3377 1020 dictum
3393 967 3525 1037 jum
3551 966 3730 1024 notis-

2075 1052 2292 1107 simum
2323 1056 2428 1119 est,
2464 1070 2579 1107 non
2618 1057 2707 1108 est
2754 1054 3009 1124 amplius
3052 1056 3522 1110 memorandum.
3570 1057 3728 1121 Qua-

2074 1146 2312 1211 propter
2331 1140 2716 1211 ulteriusjam
2744 1147 3136 1209 transeamus,
3160 1147 3215 1198 et
3237 1160 3364 1215 quae
3387 1143 3458 1197 ad
3482 1128 3734 1216 agnitio-

2072 1245 2177 1284 nes
2208 1233 2508 1301 treporum
2541 1228 2708 1284 utilia
2747 1236 2885 1285 sunt
2915 1231 3104 1286 adhuc
3135 1230 3458 1287 videamus.

2144 1318 2348 1390 Itaque
2370 1318 2592 1390 species
2609 1318 2879 1390 diapente
2895 1324 2952 1375 et
2968 1320 3330 1375 diatessaron
3354 1320 3726 1393 singillatim,

2077 1411 2139 1462 ut
2160 1424 2339 1479 supra
2355 1407 2580 1462 dictum
2602 1411 2712 1476 est,
2737 1412 2857 1462 tam
2877 1424 3012 1464 voce
3030 1424 3206 1480 quam
3228 1407 3448 1463 chorda
3466 1407 3525 1463 in
3550 1425 3728 1465 usum

2070 1495 2273 1563 versis,
2294 1496 2515 1551 accedit
2535 1496 2725 1551 adhuc
2748 1498 2937 1567 major
2970 1502 3275 1570 troporum
3312 1496 3554 1569 agnitio,
3597 1513 3727 1569 qua:

2070 1583 2206 1639 talis
2232 1590 2325 1639 est
2353 1590 2417 1638 ut
2439 1584 2668 1655 junctis
2698 1584 2854 1641 binis
2886 1590 2944 1640 et
2973 1585 3131 1641 binis
3182 1585 3516 1658 speciebus,
3545 1585 3603 1641 id
3637 1588 3729 1642 est

2072 1673 2262 1745 prima
2279 1690 2412 1728 eum
2432 1674 2644 1745 prima,
2664 1675 2926 1729 secunda
2942 1690 3074 1729 cum
3097 1674 3376 1741 secunda,
3400 1673 3572 1730 tertia
3591 1690 3729 1730 cum

2070 1761 2262 1829 tertia,
2285 1767 2497 1833 quarta
2516 1779 2650 1817 cum
2669 1767 2900 1834 quarta,
2924 1763 2983 1817 in
3006 1763 3318 1818 autcnticis
3341 1763 3581 1835 quidem
3604 1762 3730 1819 dia-

2070 1855 2240 1923 pente
2267 1850 2654 1915 diatessaron,
2688 1851 2747 1904 in
2771 1849 3182 1923 subjugalibus
3203 1868 3334 1906 vero
3353 1850 3723 1906 diatessaron

2073 1939 2382 2011 praeposito
2421 1938 2692 2011 diapente
2724 1938 3019 2011 integrum
3049 1940 3338 2010 cujusque
3370 1938 3521 2010 tropi
3558 1938 3720 1993 ordi-

2071 2044 2204 2083 nem
2235 2027 2773 2100 proprietatemque
2806 2045 3014 2085 susum
3049 2031 3107 2084 et
3115 2029 3323 2099 jusum
3339 2025 3584 2083 recitare
3605 2024 3725 2082 dis-

2071 2133 2168 2173 cas
2198 2117 2310 2174 hoc
2342 2118 2517 2173 modo
2544 2134 2557 2172 :

512 2397 753 2476 Ηγροάοι
876 2393 1171 2480 “mw!-
1309 2385 1522 2465 κγροιί-
1649 2383 1947 2503 Hiram"
2087 2409 2299 2463 Dorias.
2453 2404 2738 2477 Phrygius.
2877 2412 3077 2468 ιίάευε,
3266 2369 3479 2453 Miro“-

569 2482 699 2520 rius.
950 2474 1085 2528 gius.
1349 2459 1487 2509 dius.
1678 2470 1743 2506 χο
1768 2454 1923 2515 idius.
3302 2442 3440 2498 dius.

625 2574 654 2611 ε
1004 2561 1042 2617 η
1401 2563 1430 2600 c
1558 2546 1562 2551 ’
1787 2527 1819 2591 δ
2135 2585 2147 2609 ι,
2178 2537 2210 2590 d
2335 2573 2340 2578 -
2579 2548 2609 2587 e
2985 2536 2994 2540 ‘
3365 2554 3399 2611 κ

528 2627 577 2681 G
697 2624 740 2678 G
928 2638 958 2675 a
1068 2650 1074 2657 ε
1090 2635 1117 2672 a
1314 2622 1350 2679 la
1474 2619 1511 2676 Η
1702 2623 1736 2663 c
1871 2621 1901 2660 c
2098 2622 2127 2660 c
2264 2619 2294 2658 c
2491 2602 2525 2655 d
2657 2601 2689 2657 ὁ
2882 2622 2912 2659 e
3051 2619 3080 2658 e
3189 2653 3192 2656 .
3281 2605 3308 2660 τ
3446 2605 3474 2662 ι

505 2706 517 2716 ’
531 2695 571 2749 ιε’
697 2692 735 2746 F
819 2688 831 2700 ’
920 2690 962 2747 G
1087 2688 1131 2743 G
1319 2692 1347 2738 6
1484 2699 1511 2737 a
1708 2685 1745 2742 Η
1871 2682 1908 2739 Η
2095 2677 2131 2750 Η
2258 2670 2293 2750 Η
2493 2686 2523 2723 c
2654 2686 2684 2726 c
2834 2722 2840 2728 .
2884 2675 2916 2728 d
3052 2677 3084 2728 d
3276 2690 3306 2728 e
3445 2690 3477 2730 ο

536 2766 577 2820 ε
703 2761 747 2814 Ε
928 2760 968 2813 F
1090 2756 1129 2809 Ρ
1313 2754 1356 2809 G
1478 2752 1521 2803 (ἓ
1708 2765 1735 2805 a
1877 2764 1908 2802 a
2098 2763 2130 2803 ει
2265 2761 2294 2798 a
2486 2744 2523 2805 Η
2652 2744 2688 2802 Η
2887 2757 2916 2797 c
3022 2763 3027 2783 τ
3049 2757 3079 2801 c
3277 2742 3313 2796 d
3444 2743 3477 2795 d

530 2834 576 2887 Β
696 2830 742 2881 D
928 2829 971 2884 E
1092 2825 1132 2878 Ε
1322 2822 1362 2874 1⁸
1476 2820 1514 2876 F
1706 2817 1746 2871 G
1869 2814 1909 2872 ϐ
2094 2814 2139 2869 G
2256 2813 2299 2866 ϐ
2494 2827 2521 2864 a
2658 2828 2692 2868 a
2882 2822 2917 2877 la
3050 2816 3090 2874 la
3279 2826 3309 2865 c
3444 2824 3474 2867 c

540 2902 581 2954 C
693 2896 734 2951 C
924 2896 970 2948 ῐ)
1086 2895 1128 2947 D
1316 2890 1357 2946 E
1480 2890 1520 2945 Ε
1702 2886 1742 2938 F
1873 2883 1913 2937 F
2090 2883 2130 2937 Γ
2258 2882 2298 2935 F
2487 2878 2529 2933 G
2649 2877 2691 2933 G
2885 2898 2911 2932 a
3050 2897 3080 2933 a
3275 2886 3313 2945 κ
3432 2884 3480 2944 κ

532 2970 572 3023 a
706 2964 746 3017 Β
928 2965 969 3019 c
1076 2948 1136 3015 'c
1318 2962 1359 3011 ι)
1471 2955 1520 3011 ι)
1707 2955 1748 3009 Ε
1870 2951 1912 3007 E
2089 2953 2131 3006 ιε
2259 2952 2328 3004 E"
2488 2948 2527 3002 ιτ
2645 2949 2689 3003 F
2873 2950 2915 3006 ς
3044 2948 3087 3003 e
3277 2967 3310 3007 a
3443 2967 3473 3006 ε

533 3040 574 3090 Α
698 3034 742 3087 Α
923 3034 965 3087 Β
1091 3030 1133 3083 Β
1316 3025 1357 3080 C
1454 3085 1457 3088 ,
1478 3026 1521 3079 C
1596 3072 1599 3075 .
1707 3025 1751 3076 D
1871 3023 1912 3076 υ
2092 3021 2138 3075 D
2261 3020 2304 3073 D
2489 3016 2533 3070 E
2652 3018 2697 3073 E
2876 3020 2919 3073 F
3048 3019 3087 3075 F
3269 3018 3311 3074 G
3438 3020 3479 3075 G

360 3211 570 3293 Nonne
600 3234 978 3309 perspicuum
1008 3237 1099 3290 est
1133 3231 1442 3305 praedictas
1490 3231 1853 3286 diatessaron
1892 3230 1950 3283 et
1979 3228 2021 3295 α
2061 3237 2263 3277 eorum
2296 3231 2675 3309 consensum,
2709 3214 2827 3309 imo
2841 3215 3060 3309 contra
3088 3210 3277 3309 ipsius
3304 3209 3442 3279 jura
3472 3208 3716 3305 naturae,

304 3325 574 3396 diapente
600 3302 845 3396 species,
876 3322 947 3378 de
979 3302 1303 3394 purissimo
1334 3321 1492 3376 fonte
1513 3320 1773 3383 eductas,
1794 3320 1952 3372 recto
2060 3312 2264 3368 eadem
2288 3308 2458 3380 signa
2474 3305 2533 3360 in
2558 3320 2713 3396 nona
2731 3302 2937 3396 potius
2954 3316 3129 3396 quam
3151 3302 3354 3396 octava
3371 3302 3606 3396 regione
3624 3311 3720 3352 ve-

311 3413 509 3470 ordine
524 3430 645 3470 esse
668 3411 988 3486 diapositas
1006 3411 1035 3466 ?
1061 3428 1195 3466 cum
1227 3410 1354 3483 ipse
1381 3411 1621 3481 junctae,
1650 3412 1715 3462 ut
1736 3423 1950 3479 praece-

313 3503 445 3560 dens
476 3506 767 3559 monstrat
794 3502 1005 3574 ﬁgura,
1045 3499 1245 3555 omnia
1282 3498 1655 3563 octochorda,
1694 3497 1804 3551 hoc
1840 3499 1950 3564 est,

300 3576 579 3665 cujusque
598 3591 758 3664 tropi
776 3591 1059 3664 diapason
1085 3606 1119 3645 a
1140 3587 1395 3661 propriis
1416 3586 1627 3642 litteris
1650 3585 1953 3641 inchoave-

298 3683 431 3749 rint,
455 3680 867 3748 mediaverint,
891 3677 1290 3745 exaltaverint,
1315 3675 1593 3732 finierint.
1612 3675 1774 3729 Sicut
1793 3673 1950 3729 enim

295 3771 417 3827 duae
449 3770 719 3826 minores
751 3767 1137 3841 symphonias,
1174 3766 1331 3838 quod
1362 3782 1537 3820 suum
1582 3771 1689 3833 est,
1722 3763 1953 3818 duabus

294 3858 715 3933 inaequalibus,
741 3856 838 3913 sed
862 3860 1059 3912 tamen
1079 3853 1556 3929 propriislitteris
1577 3852 1951 3918 clauduntur,

288 3950 372 4005 sic
389 3951 638 4006 econtra
656 3945 932 4011 maxima,
958 3945 1015 4001 id
1037 3949 1128 4001 est
1146 3944 1450 4016 diapason,
1472 3943 1628 4014 quod
1646 3957 1818 3998 suum
1843 3944 1950 4008 est,

289 4039 529 4094 duabus
562 4034 889 4107 aequalibus
922 4037 1154 4107 propter
1200 4031 1639 4103 aequisonantiaa
1680 4035 1951 4085 naturam

283 4128 575 4200 utrinque
598 4123 972 4181 concluditur
991 4141 1003 4191 ;
1025 4122 1321 4178 mediatur
1336 4125 1533 4176 autem
1548 4119 1636 4175 vel
1650 4117 1955 4191 distingui-

283 4219 379 4273 tur
405 4232 534 4271 una
565 4212 866 4285 dissimili,
890 4213 991 4268 sed
1023 4216 1222 4268 tamen
1272 4226 1435 4281 aeque
1479 4208 1733 4281 propria.
1768 4210 1953 4275 Quod,

288 4306 446 4362 sicut
474 4303 655 4376 longe
686 4306 822 4358 ante
862 4301 1084 4357 dictum
1130 4304 1240 4367 est,
1275 4314 1389 4354 non
1423 4297 1639 4352 mirum
1672 4298 1844 4353 debet
1872 4298 1955 4351 vi-

288 4393 413 4450 deri
447 4409 638 4465 quare
668 4407 803 4447 cum
835 4389 1088 4463 propriis
1116 4388 1330 4444 litteris
1354 4387 1817 4458 unumquodque
1839 4386 1958 4441 dia-

286 4488 564 4540 tessaron
587 4480 819 4551 sibique
841 4478 1190 4534 conveniens
1213 4477 1485 4549 diapente
1505 4476 1715 4530 debeat
1748 4473 1805 4528 in
1831 4491 1957 4530 me-

288 4573 387 4629 dio
419 4568 692 4645 copulari
718 4586 731 4637 ;
760 4572 978 4635 tamen,
1011 4584 1148 4623 cum
1180 4567 1449 4622 nundum
1483 4565 1589 4619 ibit
1610 4565 1686 4619 sit
1712 4564 1958 4636 aequiso-

291 4660 500 4717 nantia
530 4659 606 4715 ab
635 4658 732 4713 his
769 4674 895 4730 quae
942 4657 1224 4729 diapason
1277 4654 1579 4719 claudunt,
1635 4654 1964 4709 necessario

295 4753 474 4806 erunt
494 4748 762 4803 diversae.
789 4747 953 4803 Unde
971 4746 1145 4819 longe
1167 4764 1201 4800 a
1219 4744 1462 4801 veritate
1493 4742 1835 4797 discordant
1858 4734 1962 4815 'qui

295 4838 419 4894 fere
440 4836 667 4908 ubique
687 4835 746 4890 in
772 4835 995 4908 quintis
1025 4834 1171 4891 locis
1210 4833 1411 4889 eadem
1454 4831 1643 4904 signa,
1686 4831 1855 4901 quasi
1886 4830 1967 4885 ibi

299 4927 566 5000 perfecta
595 4925 910 4981 concordia
941 4924 1038 4993 sit,
1076 4927 1322 4997 ponunt.
1378 4920 1605 4986 Quibus
1652 4920 1830 4975 etiam
1858 4920 1967 4975 hoc

297 5015 443 5073 vitio
466 5013 761 5086 contingit
782 5017 866 5085 ut,
890 5017 1093 5069 contra
1115 5025 1492 5067 communem
1514 5024 1746 5063 omnem
1785 5007 1969 5064 musi-

380 5208 665 5286 (1002)_In
703 5208 969 5286 margine
997 5206 1113 5263 alia
1142 5205 1386 5286 antiqua
1429 5220 1608 5286 manu
1630 5204 1971 5286 :__Immohi-

306 5278 598 5352 lesrvocat
630 5278 880 5352 species,
915 5297 1040 5351 quae
1070 5283 1213 5334 sunt
1241 5278 1301 5330 in
1333 5293 1395 5331 se
1429 5278 1773 5330 institutivae
1803 5282 1970 5331 natu-

609 5422 858 5495 Deihae
897 5420 1281 5495 dispositione
1324 5417 1494 5490 plura
1535 5418 1695 5495 dicta
1744 5423 1883 5474 sunt
1914 5419 1970 5473 in

316 5489 864 5566 MusicaHugbaldi
886 5510 945 5565 p.
970 5489 1013 5562 ιζ
1029 5510 1086 5565 p.
1116 5493 1215 5549 152
1237 5494 1293 5546 et
1314 5506 1461 5561 seq.,
1493 5489 1591 5544 ubi
1616 5494 1811 5545 tamen
1830 5508 1972 5547 non-

2063 3400 2259 3466 niant;
2280 3393 2667 3467 sicque,quod
2686 3391 2866 3446 nimis
2888 3389 3214 3445 absurdum
3233 3389 3342 3453 est,
3358 3384 3722 3441 characteres

2061 3493 2294 3543 tantum
2327 3502 2442 3540 non
2475 3499 2644 3538 voces
2674 3479 3066 3552 aequalitatem
3112 3477 3385 3532 habeant.
3439 3474 3724 3539 Quocirca

2060 3577 2196 3633 talis
2218 3572 2622 3645 dispositionis
2644 3569 2842 3627 studio
2866 3566 3326 3624 immorantibus
3347 3564 3725 3619 consideran-

2063 3668 2205 3722 dum
2220 3667 2308 3720 est
2323 3663 2477 3734 quod
2490 3704 2503 3728 ,
2524 3660 2623 3715 ubi
2640 3658 2923 3729 dissipata
2936 3656 3351 3730 principalium
3368 3653 3723 3708 chordarum

2063 3754 2419 3828 operatione,
2438 3750 2778 3823 perturbata
2795 3747 3122 3820 specierum
3142 3741 3585 3828 constitutione,
3607 3739 3725 3794 dis-

2056 3826 2213 3918 jecto
2245 3847 2547 3912 troporum
2582 3837 2804 3902 ordine,
2840 3834 2924 3890 nil
2968 3834 3086 3888 fere
3132 3826 3545 3918 veritatistnil
3576 3841 3725 3898 pene

2063 3915 2435 3988 certitudinis
2464 3929 2713 3993 constat,
2746 3922 2893 3979 nihil
2936 3938 2999 3978 se
3036 3934 3264 3986 verum,
3321 3915 3464 3972 nihil
3500 3918 3724 3971 certum

2063 4025 2297 4076 acturos
2311 4016 2519 4072 sciant.
2541 4013 2703 4078 Quod
2721 4017 2782 4066 ut
2799 4009 3173 4066 manifestius
3190 4007 3314 4074 fiat,
3329 4005 3595 4062 eamdem
3612 4004 3724 4061 sub

2065 4107 2253 4166 oculis
2284 4104 2728 4177 dispositionem
2763 4116 3077 4172 ponamus.

2188 4235 2229 4307 ε
2555 4229 2599 4302 ε
2628 4264 2636 4271 -
3024 4209 3059 4284 ’ξ
3361 4218 3405 4293 ξ

2178 4334 2242 4395 Α,
2276 4338 2455 4386 tonus:
2532 4326 2615 4395 Β,
2656 4323 2900 4381 semiton.
3010 4320 3081 4381 C.
3120 4330 3231 4376 ton.
3371 4320 3451 4395 np
3472 4323 3591 4373 tonr

2181 4493 2240 4574 Ᾰ,
2277 4518 2453 4567 (onus.
2558 4508 2616 4565 Β.
2652 4493 2900 4561 'semilon.
3012 4498 3076 4560 C’.
3110 4505 3223 4552 lon.
3355 4493 3433 4574 D,
3463 4500 3576 4547 ton.

2186 4601 2248 4752 is.
2287 4669 2445 4746 lenus
2561 4596 2636 4747 ς,
2668 4682 2904 4736 semimn.
3024 4577 3089 4737 ἒ,
3131 4684 3217 4748 ton
3357 4573 3431 4733 ς,
3480 4676 3587 4725 ton.

2197 4781 2238 4854 ετ
2551 4773 2591 4843 ’1
3011 4755 3056 4854 ’ξ
3365 4756 3509 4854 :1,

2191 4847 2253 4932 Ᾰ,
2285 4877 2455 4922 tonus.
2561 4861 2619 4921 Β,
2660 4847 2906 4914 scniiion.
3014 4852 3077 4913 C,
3112 4860 3222 4904 Ion.
3368 4847 3445 4909 ι).
3474 4851 3585 4900 ton.

2190 4976 2263 5021 κστ
2533 4956 2605 5016 δὴ

2190 5054 2258 5114 Δ.
2290 5060 2463 5103 tonus.
2550 5035 2611 5104 Β,
2656 5034 2897 5092 ιεηιῑιοη,
2937 5029 3142 5107 (1003).

2082 5205 2244 5262 nulla
2274 5208 2545 5260 notarum
2579 5205 2635 5257 et
2665 5201 2969 5274 signorum
3017 5194 3422 5274 discrepantia
3458 5188 3731 5274 ροφτξζΐτ

2084 5254 2288 5332 βνὶιηξρ
2335 5276 2416 5330 ibi
2468 5279 2603 5330 sunt
2644 5254 2992 5337 cxgellentes,
3043 5271 3146 5326 sed
3196 5254 3330 5337 dum
3379 5259 3598 5337 Xrloc‘o

2083 5349 2276 5404 altera:
2319 5363 2454 5403 vero
2502 5348 2826 5417 superiores,
2879 5314 2992 5399 sed,
3029 5340 3223 5417 cum/
3266 5336 3393 5390 1000
3440 5314 3734 5417 si}???

2082 5398 2294 5492 £55k},
2328 5398 2650 5492 iliacas?)
2670 5398 2931 5481 locelli,
2959 5398 3429 5484 quartze'gravcs,
3469 5398 3571 5457 sed
3601 5411 3734 5452 cum

2084 5496 2131 5547 N
2161 5492 2288 5548 loco
2319 5491 2387 5547 X.
