4102 6174
355 218 483 297 διεδ

1171 232 1587 299 HERMANNI
1633 228 2073 298 CONTRAC'I‘I
2118 230 2533 297 AUGIENSIS
2579 232 2956 297 MONACHI.

3654 226 3775 292 436

3118 315 3175 371 Φ

381 368 395 379 ⁸
434 370 494 427 Si
525 366 658 441 quis
688 365 868 439 igitur
896 365 978 422 ita
1006 367 1306 425 studiosus
1353 369 1546 437 fuerit,
1599 373 1661 423 ut
1708 368 1907 423 omnia
1937 368 2009 423 ab
2040 371 2095 434 Α
2124 368 2387 432 extremi,
2422 367 2475 421 id
2512 372 2636 434 est;
2671 371 2872 439 protus
2903 369 2958 421 et
2988 364 3281 422 tetrai‘dus
3328 378 3431 436 per
3477 365 3686 420 tonum
3720 368 3776 419 et

360 457 527 515 initio
547 457 730 528 hujus
751 456 1018 528 opusculi
1043 457 1198 512 dicta
1222 457 1310 513 vel
1332 458 1605 530 deinceps
1640 458 1886 513 dicenda
1910 473 2011 526 per

362 547 515 604 hanc
537 544 988 618 dispositionem
1012 546 1439 618 exempliﬁcare
1462 547 2012 617 certaverit,quanto

363 654 427 694 se
452 636 635 693 errori
668 635 933 705 ejusdem
980 634 1389 705 descriptionis
1436 636 1757 697 involverit,
1808 631 2007 706 procul

366 726 544 782 dubio
574 724 845 779 inveniet.
879 724 1058 793 Cujus
1091 722 1170 778 rei
1205 722 1534 778 t‘acultatem
1560 724 1743 778 facere
1767 720 2011 777 volenti-

364 815 480 871 bus
499 814 913 885 relinquentes,
938 829 1062 878 nos,
1085 816 1150 865 ut
1167 811 1468 865 fastidium
1483 811 1798 883 legentium
1814 818 1871 866 et
1887 825 2015 880 ope-

365 904 451 960 ris
466 902 894 975 longitudinem
916 905 1330 971 temperemus,
1358 900 1414 954 id
1429 901 1774 955 omittimus.
1802 901 2017 954 Utvero

368 993 673 1064 cmpimus,
698 990 808 1045 adh
821 1007 889 1044 uc
914 1006 1089 1044 unam
1113 990 1183 1043 de
1207 989 1505 1060 agnitione
1525 993 1827 1060 troporum
1856 1003 2023 1057 regu-

365 1081 484 1136 lam
517 1096 551 1134 a
584 1078 908 1148 majoribus
940 1078 1173 1149 quidem
1202 1084 1266 1132 ut
1303 1079 1508 1133 rudem
1559 1095 1816 1133 massam
1849 1080 2020 1135 eﬂ‘os-

366 1184 515 1233 sam,
533 1168 634 1222 sed
658 1166 905 1238 pleniter
928 1183 1041 1220 non
1062 1184 1095 1221 a
1117 1167 1387 1239 rubigine
1408 1172 1667 1221 ecoctam
1692 1167 2018 1234 videamus,

364 1271 633 1327 eamque,
659 1254 1117 1326 utdiligentibus
1136 1259 1431 1309 constrare
1449 1257 1679 1326 poterit,
1697 1255 1952 1311 lucidam
1966 1261 2022 1312 et

362 1360 572 1417 puram
606 1344 938 1399 reddamus.
981 1343 1113 1407 Quae
1156 1343 1421 1398 videlicet
1464 1343 1686 1415 agnitio
1728 1344 1863 1399 licet
1885 1362 2019 1400 con-

356 1436 547 1489 tracta
577 1432 654 1487 sit
685 1431 991 1498 brevitate,
1021 1436 1218 1486 tamen
1249 1431 1367 1486 lata
1394 1436 1451 1486 et
1482 1431 1727 1487 celebris
1750 1437 1839 1488 est
1861 1434 2022 1488 nobi-

360 1521 558 1589 litate;
595 1519 731 1592 quia
762 1520 917 1592 quod
956 1518 1122 1575 valde
1174 1519 1486 1591 pulchrum
1536 1520 1594 1574 in
1654 1537 1719 1573 ea
1765 1525 2018 1589 notatur,

364 1610 517 1666 inter
539 1608 803 1682 proprias
827 1612 882 1663 et
901 1607 1198 1680 legitimas
1225 1612 1523 1679 troporum
1550 1609 1716 1664 sedes
1740 1610 2024 1664 construi-

2126 457 2391 528 proprias
2409 456 2630 527 species
2656 456 2948 528 diapente,
2982 453 3159 524 medii
3182 468 3337 521 vero,
3361 452 3420 507 id
3442 455 3553 519 est,
3574 452 3776 508 deute-

2124 562 2228 599 rus
2260 550 2313 599 et
2342 545 2516 600 tritus
2542 561 2644 616 per
2663 544 2926 600 ditonum
2949 548 3004 599 et
3024 542 3290 615 proprias
3327 541 3553 613 species
3571 539 3780 596 diates-

2128 651 2301 689 saron
2330 634 2648 689 variantur.

2201 724 2349 793 Erga
2382 740 2494 778 uno
2528 722 2763 777 vulnere
2792 723 2851 776 in
2884 722 2991 777 hac
3021 721 3342 776 offensione
3377 723 3602 787 sanato,
3638 719 3778 775 alte-

2131 829 2257 866 ram
2287 812 2476 866 tribus
2505 828 2717 882 aegram
2751 810 3087 865 vulneribus
3109 808 3482 880 requiramus
3508 814 3564 863 et
3583 807 3781 863 humi-

2133 898 2264 954 liter
2280 899 2515 954 sanitati
2539 898 2942 954 restituamus.
2968 898 3032 952 Hi
3058 914 3214 968 ergo,
3240 898 3314 952 de
3352 896 3569 968 quibus
3592 896 3782 968 loqui-

2133 1005 2285 1054 mur,
2318 987 2658 1059 ignorantes
2689 1004 2755 1041 ea
2787 1004 2913 1057 quae
2946 986 3107 1040 dicta
3139 989 3278 1039 sunt
3306 984 3366 1039 in
3414 1001 3511 1040 sex
3541 985 3782 1041 vocibus

2134 1076 2558 1149 perfectissime
2587 1082 2875 1140 constare,
2927 1075 3068 1129 dum
3120 1074 3393 1130 extractis
3440 1073 3787 1147 regulariter

2128 1164 2317 1220 tribus
2347 1164 2531 1235 tropis
2574 1181 2675 1235 per
2703 1166 2768 1231 A,
2820 1164 2882 1228 Β,
2933 1167 2989 1229 C,
3043 1168 3289 1233 quartus
3322 1163 3645 1218 secundum
3686 1180 3785 1219 eos

2129 1254 2429 1320 defuisset,
2464 1256 2916 1324 assumpserunt
2938 1248 3130 1307 adhuc
3150 1256 3371 1323 septem
3394 1267 3585 1318 voces,
3608 1255 3668 1307 et
3688 1269 3787 1308 an-

2129 1343 2483 1398 tedictorum
2516 1346 2820 1413 troporum
2852 1341 3115 1396 ordinem
3149 1338 3356 1411 aequali
3380 1339 3583 1411 regula
3602 1344 3784 1412 perD,

2130 1432 2193 1499 E,
2215 1436 2251 1483 F
2277 1435 2626 1503 repetentes,
2652 1435 2927 1502 quartum
2951 1430 3187 1484 demum
3210 1432 3445 1500 tropum
3471 1444 3575 1501 per
3595 1428 3784 1485 solum

2132 1519 2178 1575 G
2199 1525 2335 1575 tono
2355 1520 2694 1589 remissum,
2719 1519 2950 1573 duobus
2971 1518 3125 1573 tonis
3148 1517 3574 1591 semitonioque
3601 1518 3787 1574 inten-

2132 1609 2365 1676 debant,
2384 1609 2541 1662 itaut
2555 1609 2775 1663 dictum
2795 1611 2884 1662 est
2898 1606 3327 1677 delinquentes,
3346 1606 3502 1677 quod
3515 1607 3784 1661 eumdem

366 1703 483 1754 tur.
508 1699 607 1753 Est
629 1702 821 1753 autem
845 1698 971 1767 ejus
997 1696 1129 1751 talis
1146 1697 1311 1751 ratio.
1334 1698 1545 1768 Accipe
1563 1697 2019 1765 tetrachordum,
2056 1734 2103 1798 B
2133 1703 2365 1768 tropum
2390 1702 2591 1752 contra
2611 1696 2944 1768 oppositum
2983 1712 3180 1763 suum,
3227 1695 3284 1749 id
3327 1699 3415 1750 est
3435 1699 3690 1767 protum,
3722 1710 3788 1750 eo

374 1787 768 1860 quodcunque
799 1784 1076 1853 volueris,
1110 1786 1268 1841 verbi
1299 1785 1487 1857 gratia
1518 1786 1804 1857 gravium,
1828 1786 2025 1842 addito

372 1877 651 1948 utrinque
682 1879 839 1941 tono,
862 1876 1046 1931 habes
1076 1875 1359 1931 terminos
1391 1876 1721 1943 modorum,
1755 1875 1856 1947 qui
1891 1877 2033 1930 ﬁant

373 1967 545 2022 sedes
574 1969 900 2036 troporum.
934 1965 1084 2019 Sunt
1114 1970 1308 2019 autem
1343 1969 1597 2034 quatuor
1617 1965 1793 2036 tropi,
1825 1969 1880 2020 et
1901 1965 2031 2020 toti-

374 2054 507 2111 dem
527 2070 736 2109 vocum
761 2052 939 2108 modi.
960 2052 1190 2106 Primus
1206 2068 1415 2106 vocum
1432 2052 1640 2106 modus
1663 2057 1748 2107 est
1771 2054 1870 2124 qui
1894 2057 2031 2107 tono

373 2143 706 2215 deponitur,
740 2146 796 2196 et
826 2141 1016 2212 prima
1045 2141 1235 2211 specie
1266 2140 1537 2211 diapente
1562 2140 1901 2196 intenditur.
1929 2141 2031 2196 Hic

374 2231 552 2287 habet
590 2229 947 2302 agnitionem
998 2229 1057 2282 in
1107 2228 1215 2282 hac
1264 2228 1621 2299 antiphona:
1678 2231 1861 2301 (1001i)
1893 2232 2032 2285 Pro-

368 2316 1004 2391 phetaeprazdicaverunt
1038 2333 1050 2381 ;
1087 2319 1143 2369 et
1169 2331 1182 2367 :
1213 2317 1275 2368 In
1327 2324 1416 2369 tuo
1462 2316 1717 2383 adventu,
1772 2322 1829 2372 et
1868 2319 2032 2373 simi-

374 2406 553 2472 libus,
584 2422 709 2477 quze
734 2420 833 2458 sex
854 2403 1101 2458 chordas
1124 2420 1238 2457 non
1265 2405 1574 2459 excedunt.
1602 2406 1703 2460 Hic
1738 2407 1951 2461 modus
1972 2407 2031 2461 in

378 2492 805 2567 principalibus
847 2492 995 2563 proti
1027 2491 1263 2547 chordis
1292 2495 1355 2557 A,
1391 2493 1462 2561 D,
1495 2510 1546 2559 a,
1580 2495 1638 2560 d,
1672 2495 2029 2565 agnoscitur.

377 2582 713 2639 Secundum
747 2581 986 2636 modum
1024 2581 1226 2635 ditono
1278 2582 1617 2648 remissum,
1670 2588 1727 2638 et
1776 2583 2034 2638 secunda

377 2670 571 2742 specie
588 2670 957 2725 diatessaron
972 2669 1266 2723 intensum
1283 2670 1338 2722 in
1358 2669 1781 2741 principalibus
1798 2671 2033 2726 chordis

376 2759 600 2816 deuteri
623 2759 685 2828 Β,
710 2759 773 2829 Ε,
799 2759 845 2828 t1,
870 2775 919 2825 ρ,
947 2757 1291 2812 existentem
1316 2758 1520 2830 pandit
1539 2758 1658 2813 haec
1678 2758 2028 2830 antiphona:

378 2849 564 2905 Gloria
594 2848 711 2904 haec
740 2852 838 2914 est,
870 2851 927 2902 et
958 2845 1182 2901 similes
1205 2863 1308 2901 seu
1337 2846 1662 2913 autenticaa,
1702 2864 1805 2902 seu
1828 2848 2032 2918 subju-

379 2937 561 3011 gales,
588 2954 715 3008 quae
735 2953 833 2992 sex
849 2935 1100 2991 chordas
1118 2953 1232 2990 non
1249 2936 1554 2991 excedunt.
1570 2936 1801 2992 Tertius
1824 2938 2034 2992 modus

376 3026 553 3083 tertia
568 3025 760 3097 specie
782 3024 1144 3079 diatessaron
1170 3025 1506 3091 remittitur;
1531 3030 1587 3079 et
1620 3026 1818 3081 ditono
1841 3026 2034 3081 inten-

2141 1803 2254 1858 quo
2277 1786 2500 1840 dictum
2522 1790 2610 1841 est
2628 1786 2795 1839 modo
2813 1801 2924 1839 non
2947 1788 3384 1851 converterunt;
3404 1783 3614 1838 deinde
3631 1783 3787 1855 quod

2141 1892 2275 1930 eum
2300 1892 2484 1946 supra
2509 1874 2749 1929 modum
2775 1873 3164 1939 intendentes,
3207 1871 3531 1944 legitimam
3573 1888 3673 1927 sex
3693 1889 3790 1928 vo-

2142 1980 2275 2019 cum
2310 1968 2527 2017 metam
2571 1966 2980 2029 oxcesserunt,~
3010 1978 3139 2032 quas
3186 1977 3217 2016 a
3264 1960 3304 2015 C
3350 1960 3635 2032 incipiens
3668 1960 3727 2014 in
3761 1978 3797 2016 a

2141 2052 2496 2125 porrigitur;
2530 2056 2823 2122 postremo
2880 2050 3150 2105 eamdem
3196 2050 3584 2105 intensionem
3626 2048 3796 2104 nulla

2144 2141 2376 2212 propria
2407 2140 2600 2211 specie
2627 2140 3016 2194 confecerunt.

2213 2231 2361 2301 Ergo
2389 2229 2540 2284 hanc
2570 2227 2930 2300 agnitionem
2961 2232 3263 2298 troporum
3305 2227 3364 2281 in
3414 2225 3676 2298 quolibet
3703 2231 3794 2282 te-

2142 2318 2473 2383 trachordo,
2497 2318 2719 2386 adjecto
2744 2315 3019 2388 utrinque
3041 2320 3198 2383 tono,
3235 2315 3487 2387 perfecte
3526 2314 3650 2369 fieri
3673 2331 3799 2370 ma-

2144 2407 2425 2461 nifestum
2458 2411 2567 2462 est.
2601 2407 2657 2460 Si
2690 2405 3188 2477 quadrichordum
3226 2405 3496 2477 gravium
3529 2403 3795 2476 elegeris,

2144 2494 2253 2549 erit
2291 2494 2397 2548 tibi
2441 2497 2705 2565 quartus,
2749 2494 2817 2549 de
2849 2509 2963 2563 quo
2996 2493 3209 2565 agitur,
3244 2498 3446 2564 tropus
3477 2492 3535 2546 in
3562 2492 3630 2558 D,
3658 2492 3796 2564 quia

2144 2583 2481 2638 communio
2512 2583 2774 2637 estinter
2792 2587 3025 2654 protum
3065 2587 3123 2637 et
3157 2582 3501 2637 tetrardum.
3543 2581 3601 2636 Si
3620 2580 3792 2637 ﬁnale

2144 2671 2491 2743 sumpseris,
2526 2671 2636 2726 erit
2669 2671 2774 2726 tibi
2806 2676 3042 2726 econtra
3071 2674 3274 2743 protus
3303 2671 3363 2725 in
3398 2671 3464 2739 D,
3497 2671 3792 2726 tetrardus

2142 2760 2200 2814 in
2233 2760 2299 2828 G,
2333 2776 2625 2831 nusquam
2660 2760 2935 2832 praedicta
2974 2758 3277 2815 vacillante
3326 2760 3545 2832 regula.
3578 2760 3791 2815 Eadem

2143 2850 2202 2904 in
2234 2849 2634 2920 superioribus
2665 2854 2722 2904 et
2751 2848 3164 2905 excellentibus
3186 2847 3475 2920 speculari
3499 2848 3652 2905 licet.
3677 2848 3793 2903 Ma-

2144 2939 2421 2993 nifestum
2445 2944 2533 2993 est
2555 2955 2691 3010 ergo
2723 2938 2780 2992 in
2805 2938 2911 2993 hac
2938 2937 3139 3009 regula
3156 2937 3377 3008 priores
3395 2938 3655 2993 musicos
3678 2954 3793 2992 non

2144 3026 2427 3099 agnitioni
2456 3032 2759 3097 troporum
2794 3025 3139 3088 intendisse,
3180 3026 3282 3081 sed
3317 3025 3667 3098 simpliciter
3692 3041 3796 3097 per

377 3114 556 3180 ditur,
590 3112 743 3168 sicut
774 3112 893 3167 triti
918 3111 1268 3184 principales
1300 3112 1531 3168 chordae
1565 3114 1624 3179 Ο,
1662 3115 1720 3181 F,
1772 3133 1823 3180 c,
1856 3116 1894 3182 Γ,
1930 3117 2029 3170 de-
2063 3100 2104 3166 C
2144 3119 2366 3186 septem
2399 3132 2605 3170 vocum
2653 3114 2996 3170 discrimina
3040 3120 3262 3186 septem
3315 3131 3549 3186 quoque
3596 3119 3795 3186 tropos

377 3204 620 3260 clarant.
652 3202 838 3272 Hujus
871 3201 1155 3256 indicium
1187 3206 1274 3256 est
1304 3201 1361 3254 in
1396 3201 1503 3255 hac
1535 3202 1858 3274 antiphona
1883 3221 1894 3258 :
1919 3208 2028 3260 Μο-

377 3292 561 3348 dicum
591 3296 780 3347 etnon
810 3290 944 3357 vid.,
979 3293 1036 3344 et
1078 3288 1395 3344 similibus.
1454 3291 1738 3354 Quartum
1788 3292 2027 3346 modum

375 3396 584 3435 vocum
613 3384 750 3434 tono
796 3378 1117 3444 intensum,
1177 3382 1234 3433 et
1277 3384 1487 3450 quarta
1536 3380 1728 3450 specie
1760 3380 2028 3451 diapente

378 3468 691 3523 remissum
715 3467 971 3522 tetrardo
995 3471 1287 3538 aptemus,
1313 3468 1450 3539 quia
1472 3467 1657 3539 ipsius
1680 3468 2028 3538 principales

378 3556 610 3612 chordze
632 3561 692 3623 ι),
719 3555 783 3622 G,
809 3556 867 3624 d,
890 3571 949 3627 g,
968 3555 1135 3610 illum
1169 3556 1509 3622 conﬁciunt,
1549 3557 1702 3626 quod
1727 3556 1785 3610 in
1809 3557 1902 3611 his
1926 3574 2025 3611 au-

378 3644 640 3718 tiphonis
666 3644 760 3700 :Sz'
778 3661 899 3700 vere
925 3648 1127 3715 [ratres
1157 3650 1245 3699 et:
1273 3644 1432 3699 Multi
1460 3647 1693 3711 venient,
1730 3650 1788 3699 et
1817 3645 2028 3700 simili-

380 3735 490 3791 bus
514 3738 703 3807 potest
723 3733 1005 3807 dignosci.
1039 3737 1175 3797 Quae
1210 3750 1345 3805 ergo
1386 3733 1542 3787 dicta
1570 3738 1709 3788 sunt
1728 3733 1786 3787 in
1811 3750 1910 3789 sex
1927 3751 2028 3789 vo-

382 3824 548 3880 cibus
566 3827 902 3880 constructa
923 3829 1040 3879 tam
1066 3822 1279 3877 senarii
1307 3822 1554 3889 numeri,
1582 3839 1758 3894 quam
1788 3824 2029 3877 maximi

380 3911 691 3981 intervalli,
725 3912 881 3983 quod
916 3916 1000 3966 tot
1029 3909 1267 3965 vocibus
1317 3915 1564 3977 constat,
1616 3911 2027 3982 perfectionem

382 4003 805 4058 demonstrant.

453 4091 521 4145 Et
544 4090 663 4145 hac
706 4090 1030 4144 secundum
1074 4093 1333 4143 nostram
1382 4088 1841 4159 speculationem
1878 4090 2031 4145 dicta

379 4184 519 4234 sunt
545 4196 558 4245 ;
584 4183 855 4233 ceterum
878 4178 1128 4245 majores
1157 4176 1216 4228 in
1238 4176 1327 4230 his
1350 4177 1691 4231 effodiendis
1731 4177 1935 4249 agiles,
1969 4179 2027 4232 in

378 4265 773 4337 expurgandis
801 4281 1029 4335 segnes,
1059 4264 1197 4317 dum
1229 4280 1378 4333 saepe
1402 4264 1615 4317 dictam
1640 4265 1683 4317 1)
1712 4266 2030 4321 biformita-

378 4360 496 4408 tem
531 4368 643 4405 non
676 4352 1073 4415 attendebant,
1116 4352 1171 4405 in
1219 4357 1427 4421 quarto
1476 4352 1600 4407 loco
1653 4355 1843 4424 quarti
1878 4354 2029 4427 tropi

2138 3205 2562 3259 dinumerasse.
2595 3204 2757 3259 Unde
2779 3203 3019 3275 quidam
3061 3204 3328 3275 ignorata
3360 3203 3716 3260 biformitate
3747 3203 3789 3258 D

2138 3298 2407 3348 octavum
2446 3297 2675 3364 tropum
2719 3293 2958 3348 omnino
2992 3297 3339 3360 tacuerunt;
3378 3293 3616 3364 quidam
3657 3308 3792 3348 eum

2138 3398 2316 3452 super
2328 3382 2678 3452 magistrum
2695 3398 2707 3448 ;
2724 3382 2965 3452 quidam
2979 3398 3114 3436 cum
3133 3381 3260 3453 ipso
3274 3385 3634 3438 statuerunt:
3656 3398 3785 3453 quae

2138 3470 2334 3525 omnia
2356 3468 2656 3541 aequaliter
2675 3471 2931 3525 absurda
2961 3487 3088 3525 esse
3120 3487 3291 3525 meno
3315 3475 3407 3526 est
3432 3470 3533 3542 qui
3567 3469 3793 3526 nesciat

2140 3559 2188 3613 si
2221 3560 2377 3613 enim
2410 3563 2657 3629 quartus
2688 3560 3020 3614 autenticus
3052 3559 3426 3631 subjugalem
3451 3576 3564 3614 non
3588 3558 3792 3626 habet,

2138 3646 2292 3700 unde
2313 3651 2432 3701 tres
2454 3646 2843 3718 praecedentes
2878 3647 3145 3702 habent?
3169 3648 3228 3703 Si
3274 3647 3467 3713 habet,
3511 3648 3612 3703 sed
3637 3647 3794 3718 inju-

2138 3734 2312 3799 riose,
2340 3751 2446 3789 suo
2469 3735 2889 3807 superponitur
2910 3736 3105 3808 capiti,
3147 3736 3229 3791 ibi
3269 3753 3404 3791 eum
3446 3735 3636 3807 locum
3675 3752 3793 3791 non

2138 3823 2351 3880 habere
2382 3829 2501 3878 tam
2550 3824 2933 3894 subjectionis
2974 3826 3108 3896 jure
3155 3842 3334 3897 quam
3391 3824 3800 3897 dispositionis

2140 3914 2364 3968 ratione
2387 3912 2748 3967 sufﬁcienter
2768 3912 2825 3967 in
2851 3914 3254 3985 superioribus
3273 3918 3663 3989 monstratum
3681 3918 3791 3969 est.

2138 4002 2194 4055 Si
2216 4002 2540 4056 secundum
2566 4003 2855 4073 quosdam
2878 4001 3067 4073 ipsius
3091 4003 3354 4075 magistri
3380 4003 3491 4060 sibi
3522 4001 3795 4058 semitam

2139 4091 2467 4160 usurpabit,
2504 4090 2818 4145 ridiculum
2859 4091 2988 4157 erit,
3039 4092 3178 4162 quia
3225 4093 3378 4148 inter
3425 4091 3472 4147 G
3510 4107 3566 4146 et
3607 4108 3645 4163 g
3674 4108 3794 4147 una

2140 4179 2352 4244 media,
2376 4178 2433 4233 id
2459 4185 2547 4234 est
2568 4180 2602 4234 (l
2625 4180 2929 4244 existente,
2949 4179 3319 4250 simplicibus
3333 4196 3564 4253 quoque
3583 4180 3794 4235 diates-

2139 4284 2310 4321 saron
2345 4272 2401 4322 et
2431 4267 2702 4339 diapente
2733 4268 3037 4338 speciebus
3069 4269 3181 4323 sibi
3210 4268 3660 4324 succedentibus
3689 4267 3790 4324 illo

2141 4358 2313 4411 modo
2338 4356 2666 4411 bil'ormitas
2686 4356 2766 4410 ibi
2794 4373 2904 4411 non
2939 4358 3068 4419 erit,
3114 4374 3227 4428 quo
3271 4357 3421 4413 inter
3442 4363 3485 4412 D
3505 4362 3562 4412 et
3582 4358 3617 4412 d
3641 4356 3788 4412 dua-

377 4439 738 4511 agnitionem
772 4439 1186 4529 subtrahentes
1205 4441 1596 4511 oll‘endebaut,
1633 4459 1747 4497 non
1772 4444 2031 4498 conside-
2060 4465 2105 4529 D
2138 4446 2246 4499 bus
2268 4444 2542 4501 mediisG
2563 4451 2619 4501 et
2641 4464 2694 4511 a,
2730 4447 3037 4517 speciebus
3082 4462 3313 4518 quoque
3348 4446 3712 4502 diatessaron
3736 4451 3794 4501 et

378 4533 592 4598 rantes,
628 4534 825 4601 trepos
849 4528 1094 4583 invicem
1120 4529 1375 4584 converti
1401 4548 1412 4586 :
1442 4535 1505 4585 ut
1528 4537 1733 4602 protus
1774 4537 1909 4587 tono
1933 4534 2028 4589 de-

378 4618 605 4687 positus
630 4617 816 4689 prima
838 4617 1029 4689 specie
1047 4617 1317 4690 diapente
1343 4618 1711 4689 intendatur;
1741 4622 2031 4677 tetrardus

376 4721 509 4760 vero
533 4712 766 4761 econtra
788 4710 994 4777 quarto
1018 4706 1068 4762 ei
1089 4706 1212 4763 loco
1236 4710 1560 4779 oppositus,
1584 4715 1720 4764 tono
1740 4711 2029 4775 intensus,

379 4798 589 4864 quarta
611 4796 803 4865 specie
826 4795 1098 4866 diapente
1124 4798 1451 4851 remittatur
1476 4817 1488 4864 ;
1522 4799 1799 4853 deuterus
1830 4800 2028 4853 ditono

379 4882 662 4937 remissus
690 4883 948 4936 secunda
979 4884 1170 4953 specie
1199 4884 1468 4955 diapente
1509 4886 1858 4941 remittatur.
1891 4892 2029 4942 Ter-

377 4970 496 5025 tius
525 4986 655 5024 vero
687 4974 927 5023 econtra
958 4970 1155 5025 ditono
1179 4971 1469 5039 intensus,
1502 4975 1671 5029 tertia
1701 4976 1890 5046 specie
1913 4975 2028 5032 dia-

374 5063 640 5115 tessaron
676 5058 1027 5113 remittatur.
1071 5059 1177 5114 Ubi
1229 5064 1285 5115 et
1329 5061 1437 5116 hoc
1477 5064 1822 5131 notandum,
1869 5067 2022 5135 quod

2140 4534 2410 4605 diapente
2437 4552 2550 4589 non
2566 4535 2911 4605 simpliciter
2923 4535 3308 4590 existentibus
3326 4534 3631 4606 aptissima
3645 4535 3793 4589 duo-

2141 4624 2252 4678 bus
2282 4625 2466 4695 tropis
2500 4625 2695 4678 sinum
2728 4623 3057 4679 bil'ormitas
3089 4624 3295 4695 aperit.
3324 4624 3433 4679 Sed
3465 4625 3535 4680 de
3556 4623 3793 4694 hisjam

2140 4713 2501 4767 sufﬁcienter
2531 4711 2752 4767 dictum
2785 4718 2891 4766 est.

2200 4800 2472 4856 Nonnihil
2489 4817 2721 4871 quoque
2734 4801 2803 4854 ad
2822 4800 3177 4872 agnitionem
3193 4804 3451 4873 proderit
3466 4807 3793 4875 troporum,

2139 4889 2185 4944 si
2220 4888 2349 4961 quis
2382 4889 2557 4943 simul
2589 4888 2856 4943 omnium
2892 4893 3190 4961 troporum
3223 4891 3590 4947 diversitates
3621 4892 3795 4946 dinu-

2138 4978 2376 5033 meratis
2405 4977 2511 5032 hoc
2545 4977 2715 5032 modo
2747 4976 2890 5033 locis
2921 4977 3198 5034 intuetur.

452 5212 631 5283 (1004)
664 5208 908 5267 Notulas
940 5209 1215 5281 antiquas
1244 5210 1337 5266 hic
1370 5215 1424 5266 et
1452 5212 1511 5267 in
1544 5215 1924 5287 sequentibus
1955 5216 2026 5271 ob
2057 5220 2325 5289 typorum
2361 5216 2651 5272 deiectum
2687 5217 3032 5273 omittimus.
