4102 6174
441 257 558 325 m
1271 254 1688 318 HERMANNI
1733 245 2176 316 CONTRACTI
2217 235 2637 312 AUGIENSIS
2683 240 3065 312 MONACHI.
3737 240 3856 314 ω

442 391 588 449 Nam
637 391 802 449 labor
843 389 1162 459 humanus,
1213 390 1442 460 sollers,
1496 390 1565 445 ad
1613 389 1776 443 lucra
1823 391 2088 457 paratus,
2119 385 2174 450 Α
2204 385 2359 450 Quos
2388 382 2510 439 ovis
2540 388 2597 438 et
2623 383 2826 455 quales
2858 385 3080 440 mundo
3111 383 3260 440 ferat
3277 381 3568 444 utilitates
3677 403 3692 416 ι

515 483 621 538 Pro
654 500 768 555 quo
803 482 886 538 sic
918 483 1093 538 sudat
1123 499 1234 537 non
1270 480 1414 535 nihil
1447 497 1575 535 esse
1606 483 1813 550 putat;
2274 471 2447 528 Plura
2477 489 2581 528 nec
2613 477 2916 530 enumerat
2947 473 3220 529 Flandria
3252 473 3300 529 si
3334 472 3548 546 cupiat.

443 570 598 628 Mille
632 572 820 628 modis
848 572 1048 627 tritum
1081 571 1433 625 transfertur
1464 570 1523 622 in
1574 568 1784 622 horrea
1813 579 2089 637 granum,
2930 580 3115 618 LINUM

513 663 655 717 Cum
690 678 790 733 per
822 677 1126 734 pressuras
1158 658 1378 714 exuerit
1410 656 1623 728 paleas.
2201 651 2483 706 Humanis
2516 652 2710 718 rebus,
2743 667 2929 722 neque
2951 652 3107 706 enim
3139 651 3249 706 tibi
3281 667 3742 723 veranegamus,

440 750 565 806 Non
599 750 774 805 cellas
808 752 1083 814 subeunt,
1121 766 1232 803 non
1269 764 1431 818 rcges
1465 751 1634 800 antea
1664 747 1916 815 pascunt
2270 739 2522 794 Maxima
2554 745 2691 794 sunt
2719 741 2900 796 vestis
2931 746 2986 795 et
3015 741 3204 807 cibus,
3233 746 3298 795 ut
3325 740 3582 812 loqueris
3609 759 3622 808 ;

513 843 695 905 Quam
728 844 966 893 careant
995 837 1179 893 acinis
1209 837 1394 891 libera
1426 833 1731 889 vinasuis.
2197 829 2306 883 Sed
2359 828 2486 884 sine
2511 833 2567 883 te
2597 834 2807 899 vestes,
2857 829 2982 884 sine
3013 834 3067 884 te
3097 829 3186 885 lac
3217 831 3475 885 mundus
3506 829 3750 886 haberet

438 928 658 983 Tunsio
683 929 883 982 crebra
916 932 1078 998 parat
1107 926 1260 996 quod
1297 924 1515 996 templa
1546 940 1688 978 suus
1711 921 1858 994 lapis
1876 924 2047 975 ornat
2073 937 2085 974 :
2269 917 2504 990 Absque
2535 922 2634 974 tuo
2659 935 2960 974 removens
2992 919 3176 992 frigus
3205 924 3263 974 et
3292 919 3565 974 esuriem.

509 1017 602 1071 Sic
633 1016 871 1087 capiunt
903 1018 1121 1070 formas
1153 1015 1314 1085 ligna
1344 1013 1539 1068 dolata
1571 1029 1729 1066 suas.
2201 1009 2262 1061 In
2298 1010 2353 1061 te
2384 1024 2486 1079 per
2517 1007 2757 1062 stultam
2789 1008 2944 1078 quod
2976 1008 3061 1063 vis
3095 1009 3411 1063 transferre
3436 1007 3726 1080 rapinam,

436 1104 558 1173 Vis,
593 1121 890 1175 pressura,
925 1121 1146 1171 cruces,
1181 1107 1489 1170 tormenta,
1545 1099 1818 1172 pericula,
1871 1103 2086 1154 mortes
2269 1096 2556 1152 Omnibus
2587 1114 2620 1152 a
2652 1095 2896 1167 reliquis
2928 1096 2983 1150 id
3018 1113 3312 1152 removere
3343 1097 3528 1168 cupis,

504 1194 751 1248 Praemia
784 1193 1128 1264 promeritas
1162 1191 1469 1261 puriﬁcant
1499 1190 1747 1245 animas.
2197 1185 2266 1239 Et
2295 1185 2434 1239 dum
2470 1189 2524 1240 te
2554 1184 2783 1253 laudas,
2810 1185 2927 1241 imo
2958 1185 3197 1241 laudare
3236 1185 3489 1252 laboras,

433 1282 776 1337 Subsidium
808 1281 911 1336 lini
945 1281 1148 1351 quaerit
1179 1279 1509 1350 respublica
1556 1277 1759 1332 mundi
1788 1295 1800 1343 ;
2267 1272 2417 1328 Laus
2440 1277 2541 1328 tua
2571 1273 2647 1329 sit
2691 1273 2895 1329 multis
2929 1273 3218 1329 invidiosa
3258 1275 3457 1330 nimis.

503 1369 748 1424 Publica
778 1387 954 1424 causa
986 1370 1149 1439 petit,
1183 1367 1418 1439 publica
1449 1384 1588 1421 cura
1619 1365 1774 1421 colit.
2197 1362 2336 1426 Quis
2359 1378 2667 1418 numerare
2695 1368 2869 1435 queat
2900 1365 2970 1418 ad
3018 1363 3236 1419 victum
3287 1369 3509 1434 quanta
3556 1364 3855 1422 ministrat

435 1458 499 1513 In
526 1475 836 1513 commune
870 1462 1077 1527 rogant
1109 1474 1172 1511 ac
1206 1457 1263 1510 in
1299 1473 1610 1511 commune
1640 1455 1941 1519 laborant;
2269 1451 2477 1506 Omnia
2497 1452 2645 1507 dans
2677 1451 2902 1507 homini
2931 1452 3095 1524 larga
3125 1469 3338 1508 manus
3363 1453 3644 1509 Domini?

506 1547 919 1618 Unusquisque
954 1547 1076 1601 suis
1102 1562 1192 1600 me
1226 1549 1392 1616 parat
1426 1544 1656 1599 ofﬁciis.
2197 1542 2346 1605 Quot
2366 1539 2484 1594 sint
2513 1541 2584 1595 ad
2619 1546 2805 1596 vestes
2832 1558 2958 1613 quae
2989 1543 3132 1596 dant
3174 1541 3453 1598 animalia
3482 1542 3708 1615 pelles?

432 1635 615 1691 Unica
641 1652 732 1690 res
763 1636 952 1690 linum
986 1652 1165 1707 quam
1197 1634 1473 1688 Conditor
1504 1632 1644 1687 utile
1677 1633 1896 1686 donum
2269 1629 2480 1700 Ingens
2511 1633 2612 1683 aut
2642 1629 2861 1699 nullus,
2887 1634 2952 1685 ut
2983 1646 3131 1699 reor,
3167 1635 3256 1686 est
3286 1648 3585 1687 numerus.

503 1725 698 1780 Rebus
731 1725 1048 1778 mundanis
1081 1727 1210 1794 post
1240 1722 1527 1776 elementa
1568 1721 1760 1776 dedit!
2115 1757 2160 1820 B
2198 1719 2545 1820 Tunquoque
2576 1718 2742 1820 testis
2764 1719 2994 1820 ‘eris‘,.si
3021 1723 3256 1817 tantum
3282 1736 3418 1775 vera
3441 1721 3660 1789 fateris,

429 1814 538 1868 Sed
571 1813 709 1884 quia
741 1829 833 1867 me
865 1813 974 1866 sub
1008 1811 1179 1882 aquis
1210 1811 1351 1865 solvi
1384 1811 1691 1882 putredine
1721 1809 1889 1875 dicis,
2115 1806 2160 1820 "
2267 1806 2542 1862 Nostrum
2577 1806 2842 1862 subsidio
2872 1807 3110 1879 dignius
3141 1824 3271 1864 esse
3301 1811 3422 1863 tuo.

501 1901 564 1954 In
597 1905 650 1955 te
683 1906 842 1955 verte
870 1905 1025 1966 tuos,
1058 1905 1122 1953 ut
1148 1905 1360 1964 taceas,
1395 1897 1614 1953 oculos.
2195 1893 2514 1949 Multorum
2541 1912 2842 1967 nunquam
2875 1900 2930 1950 te
2960 1896 3204 1968 contigit
3245 1915 3387 1952 usus
3417 1897 3477 1952 in
3507 1914 3737 1967 escam;

427 1989 475 2043 A
503 1989 659 2060 turpi
693 1989 881 2059 turpis
914 1990 1206 2043 abstracta
1237 1989 1513 2061 cadavere
1545 1987 1713 2059 pellis
2265 1984 2375 2039 Lac
2406 2001 2637 2056 quoque
2657 1984 2745 2040 vel
2777 2001 3048 2056 pressum
3080 1985 3168 2040 vel
3199 1985 3436 2058 fugiunt
3459 1986 3774 2059 liquidum.

498 2079 562 2132 In
594 2081 810 2132 tectum
843 2078 1098 2132 trahitur
1128 2077 1246 2132 sole
1281 2082 1539 2131 cremata
1570 2077 1668 2130 diu
2194 2073 2295 2128 Est
2323 2077 2424 2127 tua
2456 2089 2589 2127 cum
2620 2073 2789 2146 pellis
2821 2077 2922 2128 aut
2953 2079 3161 2130 caetera
3190 2073 3357 2130 lanea
3395 2076 3593 2144 vestis,

427 2166 497 2221 Et
526 2164 702 2220 simul
721 2166 779 2220 in
803 2169 970 2232 βοοῐο
1005 2165 1280 2236 nigressit
1310 2171 1433 2220 tota
1463 2181 1683 2219 veneno
1711 2183 1722 2232 ;
2264 2161 2572 2233 Spernitur
2602 2167 2704 2217 aut
2733 2161 2866 2218 vilis
2890 2168 2991 2218 aut
3021 2163 3160 2234 quia
3188 2163 3310 2220 visa
3339 2164 3546 2236 gravis.

498 2255 776 2311 Indurata
806 2255 985 2309 subiti
1018 2254 1225 2310 balnea
1257 2255 1434 2326 digna
1466 2254 1598 2311 sibi.
2193 2249 2287 2306 Sic
2317 2267 2419 2306 ove
2452 2267 2602 2324 saepe
2625 2255 2780 2306 caret
2810 2267 3160 2323 semperque
3191 2268 3384 2308 carere
3416 2251 3646 2320 valeret,

424 2342 636 2398 Balnea
667 2344 748 2398 sic
776 2343 947 2398 farris
979 2348 1035 2397 et
1065 2360 1228 2414 aqua:
1253 2343 1531 2398 confectio
1564 2342 1755 2414 putris
1784 2360 1796 2410 ;
2264 2340 2376 2396 Sed
2399 2356 2703 2411 nunquam
2731 2339 2849 2395 lino
2883 2340 3078 2396 nudus
3116 2339 3364 2396 habetur
3393 2341 3568 2396 homo
3597 2359 3610 2407 ;

494 2432 677 2488 Vilior
707 2434 764 2488 in
796 2432 896 2487 vili
927 2449 1061 2488 vase
1095 2432 1382 2503 putrescis
1415 2432 1518 2487 ibi.
2191 2428 2452 2500 Denique
2483 2433 2603 2484 tam
2635 2433 2890 2502 gratum,
2923 2434 3046 2484 tam
3080 2428 3420 2485 delectabile
3452 2430 3698 2498 donum,

425 2520 531 2576 Hic
563 2521 664 2593 qui
696 2525 751 2576 te
776 2523 1001 2588 mersit,
1036 2521 1266 2592 quoties
1299 2525 1353 2576 te
1385 2521 1537 2576 fuste
1561 2519 1838 2587 movebit,
2261 2522 2468 2573 Secum
2499 2522 2688 2591 gestat
2719 2519 2892 2574 homo
2923 2521 3182 2590 tempore
3214 2523 3514 2592 perpetuo.

500 2611 682 2666 Nares
714 2611 1042 2682 distorquet
1073 2615 1127 2665 et
1156 2615 1336 2682 caput
1367 2610 1502 2665 hinc
1534 2614 1808 2665 removet.
2193 2616 2395 2672 Gestat
2415 2633 2549 2671 cum
2581 2633 2744 2685 cura,
2776 2633 2909 2672 cum
2941 2615 3339 2673 sollicitudine
3370 2634 3629 2687 summa,

429 2701 654 2756 Tantus
685 2699 841 2758 enim
875 2717 1001 2756 sese
1023 2700 1191 2755 feetor
1221 2700 1517 2772 protendit
1546 2700 1765 2770 ubique
2259 2705 2548 2777 Astringit
2574 2705 2840 2776 propius,
2877 2705 3135 2778 applicat
3165 2705 3448 2774 interius;

502 2790 574 2845 Ut
604 2789 828 2861 fugiant
859 2790 971 2862 ipsi
1001 2807 1152 2861 szepe
1183 2791 1427 2844 domum
1457 2788 1679 2844 domini
1708 2788 1719 2841 !
2190 2791 2461 2864 Applicat
2491 2793 2757 2858 interius,
2784 2793 2972 2849 nudos
3001 2793 3275 2865 astringit
3305 2794 3378 2848 ad
3409 2797 3594 2860 artus,

421 2878 638 2933 Caetera
665 2896 812 2950 quos
843 2879 1073 2945 sileam,
1120 2897 1256 2935 nam
1290 2878 1545 2950 plurima
1592 2881 1795 2934 caetera
1836 2880 2078 2943 restant,
2260 2882 2568 2952 Tanquam
2601 2881 2778 2948 dicat,
2810 2883 2955 2937 Amo
2987 2883 3142 2953 quod
3175 2881 3322 2938 mihi
3352 2883 3436 2938 sic
3467 2882 3647 2939 socio.

500 2964 754 3021 Ulterius
786 2967 902 3022 noli
937 2966 1330 3039 multiplicare
1360 2965 1542 3034 loqui.
2189 2970 2251 3027 Si
2278 2970 2376 3025 nix
2405 2974 2507 3026 aut
2533 2971 2742 3039 imber,
2778 2975 2879 3026 aut
2907 2971 3184 3027 turbidus
3216 2971 3390 3027 irruit
3417 2987 3538 3039 aer,

1181 3073 1327 3112 ovrs.
2126 3129 2133 3130 γ
2263 3058 2506 3124 Cautus,
2531 3074 2695 3114 ovem
2728 3061 2990 3114 nostram
3019 3058 3208 3118 tradit.
3229 3059 3300 3114 ad
3328 3059 3701 3130 obsequium.

426 3146 617 3213 Quum
657 3149 714 3201 te
745 3145 1105 3218 magniﬁces,
1139 3163 1322 3217 quum
1356 3146 1426 3201 de
1475 3149 1531 3200 te
1581 3144 1826 3218 grandia
1867 3145 2076 3215 jacteS,
2109 3129 2151 3196 C
2192 3149 2273 3204 Te
2303 3147 2480 3202 tradit
2517 3147 2707 3202 ventis
2737 3147 3031 3219 obicitque
3063 3148 3398 3205 furentibus
3429 3129 3629 3218 auris;

496 3233 556 3290 Si
585 3238 827 3301 taceam,
863 3239 1099 3306 reputor
1131 3235 1376 3290 forsitan
1402 3234 1661 3290 inferior.
2257 3239 2337 3292 Te
2370 3236 2467 3290 nix
2493 3236 2811 3307 perfundit,
2849 3240 2905 3291 te
2937 3252 3169 3308 quoque
3200 3238 3422 3309 grando
3455 3238 3682 3309 quatit;

425 3323 737 3381 Sufﬁciunt
767 3324 1074 3379 hominum
1107 3324 1234 3379 vitae
1267 3326 1383 3379 duo
1417 3323 1672 3377 maxima
1704 3338 1899 3378 rerum
1925 3337 1937 3374 :
2185 3326 2279 3382 Sic
2311 3325 2704 3396 intempestus
2735 3311 2958 3395 quoties
2990 3326 3310 3382 occurrerit
3339 3330 3528 3382 aestus

496 3412 734 3483 Frigora
761 3413 939 3467 vestis
970 3429 1174 3484 agens,
1207 3430 1338 3468 esca
1368 3413 1583 3466 famem
1616 3427 1956 3466 removens:
2260 3417 2393 3486 Ipsa
2422 3414 2543 3486 pati
2578 3414 2848 3470 ﬂammas
2879 3414 3103 3486 cogeris
3133 3415 3343 3471 aerias.

424 3501 710 3557 Humanis
741 3501 914 3556 rebus
945 3519 1060 3556 non
1091 3507 1179 3557 est
1211 3519 1343 3572 spes
1377 3500 1558 3554 altera
1582 3516 1858 3570 prorsus:
2186 3504 2415 3559 Interea
2445 3503 2596 3558 lenis
2630 3503 3004 3575 pretiosaque
3032 3502 3187 3559 linea
3216 3504 3398 3561 vestis

497 3589 614 3645 Hoc
647 3607 864 3646 munus
895 3591 1196 3663 geminum
1230 3588 1366 3644 tolle
1397 3587 1484 3642 vel
1515 3586 1663 3642 alter
1695 3593 1914 3642 utrum.
2259 3594 2423 3647 Intus
2454 3596 2583 3646 tuta
2613 3591 2777 3657 latet,
2811 3591 3046 3664 frigore,
3083 3591 3204 3647 sole
3234 3595 3411 3647 caret.

425 3679 680 3752 Utraque
708 3680 885 3736 mittit
926 3681 1067 3748 ovis,
1102 3677 1430 3752 prOpellens
1463 3677 1678 3748 frigora
1708 3675 1880 3744 lanis,
2185 3682 2361 3736 Tecta
2391 3684 2598 3752 tegunt
2629 3679 2919 3747 homines,
2953 3679 3098 3752 ligni
3128 3680 3448 3753 praecordia
3476 3683 3676 3736 cortex
3701 3700 3716 3748 ;

492 3769 741 3825 Eliciens
775 3772 834 3842 [ι.
871 3771 1005 3840 que]
1037 3769 1197 3823 cibos
1230 3769 1405 3821 ubere
1449 3770 1769 3821 nectareos.
2255 3771 2428 3824 Tecta
2456 3769 2581 3824 suis
2609 3768 2856 3837 nucleis,
2890 3773 2945 3824 et
2975 3769 3120 3824 mihi
3153 3769 3331 3825 servit
3372 3769 3515 3824 ovis.

423 3859 724 3915 Perfundit
754 3864 904 3912 totas
937 3863 1103 3928 grata
1134 3854 1441 3910 dulcedine
1482 3872 1656 3909 venas
2187 3857 2380 3914 Gloria
2411 3873 2626 3928 magna
2653 3856 2762 3911 tibi
2789 3858 2798 3911 ι
2826 3857 3021 3913 laetare
3053 3859 3207 3929 quod
3238 3857 3347 3913 hoc
3379 3857 3673 3926 meruisti,

496 3946 597 4000 Ille
629 3963 831 4000 recens
871 3945 1139 4009 haustus,
1174 3945 1314 3998 dum
1348 3943 1543 4015 liquor
1567 3949 1655 3999 est
1684 3943 1908 4000 calidus
1936 3963 1948 4008 ;
2258 3947 2330 4002 Ut
2360 3950 2570 4002 natura
2600 3945 2747 4001 meis
2779 3949 2834 4002 te
2867 3952 3032 4018 paret
3053 3947 3372 4018 obsequiis.

425 4037 567 4088 Cum
599 4034 788 4104 friget,
823 4034 1022 4087 tritam
1055 4033 1102 4088 si
1129 4033 1213 4088 vis
1245 4034 1489 4088 miscere
1512 4032 1826 4104 polentam,
2939 4053 3085 4092 ovrs.

497 4121 715 4176 Mirans
739 4121 970 4191 jurabis
995 4127 1193 4177 nectar
1224 4123 1428 4178 adesse
1451 4122 1629 4176 Jovis.
2187 4127 2294 4182 Pro
2327 4129 2380 4181 te
2402 4125 2580 4181 verba
2611 4125 2754 4180 facis
2787 4128 2842 4180 et
2873 4130 3004 4197 eget
3031 4131 3132 4181 tua
3161 4124 3346 4197 gloria
3375 4125 3565 4180 verbis
3589 4141 3604 4192 ;

427 4211 492 4266 In
525 4209 780 4265 solidum
812 4215 1000 4266 vertcs
1033 4212 1159 4279 hoc,
1196 4213 1242 4267 si
1274 4211 1657 4268 medicamine
1689 4215 1914 4284 tanges,
2253 4215 2416 4278 Quod
2448 4214 2611 4269 deest
2635 4213 2851 4280 ofﬁcio,
2886 4213 3130 4287 corrigis
3160 4213 3414 4286 eloquio.

500 4303 717 4371 Estque
747 4317 848 4372 per
874 4300 981 4356 hoc
1012 4301 1207 4373 ipsum
1240 4301 1408 4356 dulce
1441 4301 1593 4372 quod
1626 4304 1715 4356 est
1749 4301 2005 4368 acidum,
2185 4305 2292 4360 Sed
2331 4305 2548 4359 frustra
2579 4307 2807 4369 tenuas,
2843 4304 2959 4358 imo
2991 4307 3235 4358 tenuare
3265 4302 3525 4370 laboras,

428 4390 609 4461 quue
640 4407 818 4461 super
846 4389 1072 4462 lignum
1115 4407 1218 4461 per
1266 4391 1449 4444 densa
1496 4388 1740 4461 coagula
1785 4406 2074 4460 pressum,
2258 4394 2403 4449 Tam
2435 4409 2746 4448 commune
2778 4393 2999 4448 bonum
3033 4393 3188 4464 quod
3238 4392 3454 4464 refugit
3495 4407 3855 4452 numerum.

499 4482 548 4532 A
581 4479 767 4533 forma
795 4482 1038 4534 teretem
1074 4479 1319 4550 suscipit
1348 4479 1622 4550 efﬁgiem.
2112 4501 2158 4565 D
2189 4483 2248 4538 Si
2283 4483 2425 4538 dant
2454 4481 2526 4536 ad
2558 4484 2746 4536 vestes
2778 4479 3055 4536 animalia
3086 4480 3345 4552 plurima
3373 4479 3577 4552 pelles,

432 4567 489 4624 Si
521 4570 786 4622 tenerum
827 4569 1119 4636 comedas,
1169 4585 1282 4622 non
1323 4568 1506 4622 deerit
1554 4566 1726 4639 plena
1772 4566 2038 4640 voluptas
2065 4587 2078 4637 ;
2266 4571 2455 4626 Pauca
2484 4570 2680 4624 ferunt
2708 4567 2918 4636 vellus,
2950 4568 3132 4632 nulla,
3167 4584 3317 4637 reor,
3343 4567 3558 4640 potius.

505 4657 563 4712 Si
592 4673 822 4712 servare
851 4657 1030 4725 voles,
1066 4663 1328 4729 tempora
1359 4657 1547 4712 multa
1577 4661 1760 4728 potes.
2193 4662 2371 4729 Lana,
2393 4662 2556 4731 patet
2586 4657 2814 4712 cunctis
2846 4657 3001 4729 quod
3033 4657 3294 4713 conferat
3325 4657 3629 4713 utilitatis:

431 4747 532 4802 Est
564 4745 663 4798 ubi
695 4762 809 4800 non
843 4748 1070 4802 modico
1105 4747 1277 4801 datus
1307 4745 1594 4801 indivisus
1633 4763 1761 4801 mne
2266 4751 2455 4806 Pauca
2484 4751 2681 4802 tamen
2714 4747 2983 4812 referam,
3019 4764 3089 4801 ne
3120 4746 3354 4820 penitus
3385 4745 3610 4803 sileam.

504 4833 637 4888 Solo
661 4834 796 4903 jure
829 4852 967 4890 suos
997 4841 1195 4891 coctus
1227 4835 1330 4890 alit
1361 4835 1650 4890 dominos.
2194 4840 2300 4894 Per
2321 4853 2382 4892 se
2411 4835 2547 4891 lana
2577 4834 2788 4906 placet,
2821 4851 2923 4906 per
2951 4851 3014 4891 se
3044 4835 3325 4908 nigrescit
3353 4839 3410 4891 et
3439 4834 3613 4902 albet,

435 4922 536 4977 Est
567 4937 709 4993 gens
743 4940 868 4993 ques
902 4925 1080 4979 mixto
1115 4926 1249 4980 facit
1280 4925 1412 4980 hinc
1455 4924 1565 4979 sibi
1617 4924 1835 4980 fercula
1878 4925 2078 4994 lardo;
2267 4927 2373 4981 Per
2403 4942 2465 4981 se
2498 4922 2854 4996 multiplices
2886 4929 3092 4996 sponte
3121 4924 3274 4998 gerit
3292 4923 3554 4996 species:

507 5011 771 5067 Vescitur
801 5018 856 5066 et
886 5014 1084 5068 crudis
1115 5015 1349 5069 crudior
1379 5014 1506 5085 ipsa
1539 5013 1707 5068 cibis.
2198 5022 2351 5071 Lana
2376 5014 2565 5086 placet
2593 5012 2840 5086 simplex
2865 5030 2877 5067 :
2921 5014 3261 5086 peregrinos
3292 5013 3442 5069 adde
3472 5011 3700 5069 colores
3730 5030 3743 5079 ;

436 5099 594 5156 Mille
619 5118 779 5156 meas
810 5102 959 5158 vires
990 5105 1353 5174 perpendens
1388 5102 1662 5157 Flandria
1691 5103 1922 5174 sollers,
2269 5105 2451 5159 Fucos
2484 5103 2747 5176 Assyrios
2779 5102 3013 5159 exhibet
3043 5109 3099 5158 et
3120 5103 3346 5176 Tyrios,

508 5190 660 5245 Mille
689 5192 877 5247 modis
905 5209 1096 5247 rerum
1125 5193 1210 5247 lac
1236 5192 1376 5247 facit
1399 5194 1477 5246 ire
1507 5209 1727 5259 meum,
2195 5195 2340 5249 Nam
2374 5193 2437 5263 [ι.
2466 5198 2599 5259 non]
2622 5196 2705 5248 tot
2726 5192 2945 5248 habent
2965 5193 3189 5265 species
3213 5191 3424 5248 famosi
3454 5188 3668 5246 vellere
3687 5189 3898 5249 Seres

435 5282 565 5337 Hzec
591 5286 648 5335 et
673 5281 729 5335 in
761 5281 1079 5354 oblongum
1113 5284 1370 5338 formans
1403 5281 1488 5336 lac
1523 5282 1738 5354 pingue
1783 5285 2082 5357 butyrum,
2268 5282 2378 5336 Par
2409 5298 2641 5352 quoque
2670 5282 2903 5353 Corycio
2935 5286 3137 5337 nostra
3167 5283 3357 5354 ﬁgura
3380 5296 3570 5335 croco.

509 5370 631 5424 Non
666 5386 859 5424 escam
893 5375 1146 5436 tantum,
1182 5373 1280 5426 sed
1318 5372 1453 5426 facit
1485 5371 1835 5438 antidotum,
2197 5375 2494 5439 Quantum
2512 5387 2624 5425 non
2644 5371 2910 5443 sanguis,
2928 5388 3043 5426 non
3059 5371 3166 5437 sol,
3191 5387 3306 5426 non
3330 5370 3570 5424 flamma
3592 5367 3907 5428 rubescit

439 5456 627 5511 Laetis
657 5462 713 5511 et
743 5460 982 5515 emerito
1011 5460 1241 5532 replens
1271 5478 1379 5515 sua
1409 5459 1565 5514 dolia
1605 5475 1799 5528 succo,
2270 5462 2414 5515 Tam
2449 5460 2665 5514 rubens
2693 5460 2901 5516 rutilas
2927 5464 3106 5527 veste,
3142 5461 3440 5530 Britanne,
3486 5471 3636 5513 mea.

512 5545 760 5603 Restans
790 5549 1023 5604 ﬁscellis
1049 5550 1146 5619 jus
1177 5548 1413 5604 adhibet
1438 5547 1690 5618 pateris;
2197 5551 2355 5607 Dura
2384 5548 2641 5620 quidem,
2674 5548 2868 5605 tenuis
2911 5549 3036 5604 sine
3089 5549 3264 5606 ﬁocco
3312 5548 3610 5620 planaque
3651 5546 3916 5622 vestis,
