4102 6174
177 5566 202 5596 ά

223 401 350 465 449
391 399 396 403 ’

308 532 564 590 Lenisin
597 537 819 590 attactu
854 550 960 591 nec
995 535 1269 590 minusin
1302 534 1521 595 intuitu
1552 535 1674 604 (sic)

229 623 440 694 Gallia,
474 640 652 695 quam
671 624 969 695 quondam
991 628 1212 679 veteres
1241 623 1436 678 dixere
1463 624 1784 687 Comatam,

302 712 481 766 Addit
507 711 892 784 multiplicem
925 713 1238 768 velleribus
1269 713 1544 784 speciem.

227 804 387 856 Gens
415 801 587 856 variae
620 802 838 857 mentis
867 802 1035 856 variae
1064 801 1188 856 vult
1218 801 1481 872 tegmina
1509 800 1706 867 vestis,

300 889 479 946 Veste
509 891 765 962 probans
796 889 979 946 animi
1013 890 1336 945 mobilitate
1369 891 1510 962 geri.

231 977 392 1034 Mille
421 978 577 1052 gerit
604 979 796 1035 varias
826 979 918 1034 hic
951 979 1008 1033 in
1043 997 1157 1034 uno
1187 979 1444 1050 tegmine
1468 978 1682 1051 virgas,

302 1063 568 1122 Discolor
595 1071 661 1122 ut
687 1067 1046 1140 virga,virga
1084 1068 1161 1122 sit
1188 1073 1253 1122 ut
1277 1067 1521 1138 reliqua.

230 1155 340 1210 Hic
367 1155 664 1227 reliquum
699 1171 917 1228 corpus
948 1156 1168 1212 albenti
1192 1155 1402 1212 vellere
1432 1160 1642 1222 tectus,

304 1245 428 1300 Hac
459 1245 628 1311 viret,
672 1249 767 1300 ast
797 1245 914 1300 alia
947 1247 1206 1301 rubbeus
1237 1250 1293 1301 et
1323 1245 1572 1300 manica.

231 1331 338 1388 Hic
367 1351 476 1388 sua
504 1349 608 1404 per
624 1334 893 1406 geminas
921 1335 1062 1389 dum
1087 1335 1257 1389 findit
1286 1333 1464 1406 pallia
1493 1334 1734 1398 caudas,

303 1421 589 1477 Rusticus
624 1427 713 1478 est
737 1423 852 1478 nisi
887 1424 965 1478 sit
998 1423 1254 1479 discolor
1277 1423 1397 1498 haec
1422 1422 1556 1490 alii;

238 1510 349 1566 Sed
383 1527 520 1565 cum
557 1510 902 1583 multiplicis
922 1529 1068 1584 gens
1113 1512 1233 1567 haec
1291 1515 1632 1582 tegumenta
1689 1509 1898 1565 coloris

308 1599 732 1672 Unusquisque
756 1619 933 1657 suum
951 1606 1247 1674 comparet
1278 1603 1350 1658 ad
1381 1603 1664 1670 studium,

239 1690 403 1746 Hanc
432 1695 630 1745 tamen
663 1691 962 1762 egregium
994 1691 1132 1745 facit
1163 1690 1282 1745 haec
1307 1690 1602 1763 provincia
1638 1705 1898 1761 pannum

311 1779 420 1842 Qui
456 1778 602 1834 viret
629 1783 732 1834 aut
762 1778 1010 1852 glaucus
1044 1785 1145 1835 aut
1204 1780 1371 1852 quasi
1405 1780 1706 1834 caeruleus.

246 1870 362 1924 Has
393 1872 586 1924 vestes
614 1868 870 1924 dominis
895 1870 1231 1940 gestandae,
1266 1869 1557 1936 Flandria,
1584 1867 1770 1922 mittis

316 1958 434 2013 Has
469 1959 650 2013 ﬂocco
673 1957 1171 2030 crispans,leniter
1196 1958 1304 2013 has
1334 1957 1616 2014 solidans.

245 2049 332 2102 Tu
353 2047 557 2102 fucare
591 2048 779 2102 modis
812 2062 942 2103 mea
969 2046 1202 2114 vellera,
1234 2045 1791 2112 Theutone,nescis:

313 2137 429 2192 Nec
459 2141 658 2191 tamen
693 2136 806 2191 ista
839 2153 1052 2192 manus
1075 2141 1165 2191 est
1193 2152 1441 2207 operosa
1460 2134 1678 2191 minus.

248 2225 424 2280 Docto
448 2229 716 2281 versatas
746 2229 951 2281 tenues
976 2225 1034 2279 in
1055 2224 1262 2297 pollice
1293 2224 1458 2280 lanas

321 2314 634 2370 Transfers
668 2315 738 2368 ad
773 2314 968 2369 tenuis
998 2313 1238 2369 delicias
1269 2314 1481 2385 operis.

252 2403 488 2475 Tinges,
525 2403 746 2471 Rhene,
779 2402 931 2458 leves
964 2403 1208 2474 pulchra
1239 2402 1544 2474 nigredine
1586 2405 1796 2466 vestes,

325 2492 673 2564 Virginibus
704 2492 896 2548 mittis
914 2492 1341 2563 ordinibusque
1371 2491 1576 2546 sacris.

259 2582 466 2636 Suevia
497 2581 598 2636 dat
630 2581 790 2636 rufos
821 2597 936 2636 non
977 2583 1155 2637 tincto
1186 2579 1397 2636 vellere
1427 2597 1688 2652 pannos:

325 2670 427 2725 His
455 2685 662 2742 regum
693 2668 898 2740 pelles,
931 2670 1024 2725 liis
1046 2670 1236 2741 operit
1257 2685 1546 2741 proceres.

257 2759 358 2814 Est
388 2757 580 2814 colore
627 2758 777 2825 rufo,
798 2757 969 2812 viridi
992 2759 1290 2814 confectus
1321 2761 1378 2813 et
1407 2757 1561 2823 albo,

331 2849 514 2913 Quem
540 2846 756 2902 flavum
788 2848 939 2903 dicis
966 2847 1014 2903 si
1049 2849 1283 2920 proprie
1311 2847 1570 2918 loqueris
1595 2865 1607 2913 ;

264 2939 422 2992 Hanc
444 2937 703 3008 speciem
737 2936 948 3007 pannis
976 2936 1236 2992 innatam
1261 2940 1467 3008 sponte
1496 2935 1729 3000 coloris,

324 3025 544 3094 Hister,
587 3025 843 3080 amanda
864 3042 1036 3097 paras
1061 3025 1297 3097 regibus
1329 3025 1400 3079 ad
1433 3025 1685 3080 tunicas.

256 3112 476 3168 Nobilis
509 3113 633 3168 haec
665 3112 811 3168 nulli
835 3114 1012 3169 vestis
1045 3112 1418 3186 penetrabilis
1448 3113 1645 3181 imbri,

324 3201 418 3258 Nil
448 3203 629 3258 habet
649 3202 756 3257 hoc
788 3203 983 3274 majus
1013 3219 1257 3258 munere
1283 3202 1701 3258 Theutonicus.

257 3291 422 3354 Quod
447 3289 628 3362 fulget
655 3290 834 3346 variis
854 3290 1128 3347 distincta
1157 3290 1450 3346 coloribus
1481 3291 1603 3358 iris,

337 3388 453 3443 Tot
477 3392 661 3444 vestes
688 3388 906 3462 pingis,
939 3406 971 3445 o
997 3406 1128 3445 mea
1156 3389 1312 3457 lana,
1346 3389 1555 3446 modis.

269 3474 385 3531 Has
414 3475 534 3532 ovis
561 3480 615 3532 et
642 3477 815 3550 plura
848 3479 942 3535 his
974 3479 1141 3535 all‘ert
1167 3479 1478 3548 utilitates,

337 3565 485 3630 Quas
511 3565 687 3623 homo
717 3568 944 3635 mirari,
977 3569 1078 3624 sed
1111 3585 1421 3625 numerare
1443 3569 1663 3641 nequit.

969 3675 1174 3714 LINUM.

260 3741 329 3798 Ut
350 3742 629 3800 laudetur
659 3745 800 3815 ovis,
836 3747 1062 3819 species
1097 3765 1408 3804 numerare
1431 3747 1662 3816 coloris,

329 3834 463 3897 Qua
486 3838 693 3906 poscat
723 3835 869 3892 ratio
892 3853 1007 3892 non
1029 3837 1263 3909 penitus
1292 3838 1475 3894 video.

257 3919 543 3994 Splendor
562 3924 720 3980 enim
751 3925 880 3981 οωιί
919 3943 1065 3982 suus
1096 3930 1207 3992 est,
1232 3944 1375 3982 suus
1394 3931 1482 3982 est
1538 3926 1696 3982 viror
1734 3926 1858 3999 agri
1889 3944 1902 3995 ;

325 4011 488 4074 Quod
521 4013 624 4068 nix
656 4012 898 4070 albescit
923 4015 979 4071 id
1002 4018 1174 4072 decor
1197 4018 1326 4087 ejus
1357 4016 1493 4071 erit:

262 4098 348 4155 Sic
377 4100 748 4158 diversorum
780 4120 890 4159 sua
919 4104 1048 4160 laus
1081 4111 1171 4161 est
1203 4107 1389 4161 forma
1409 4105 1699 4173 colorum;

327 4189 451 4244 Non
483 4191 566 4246 sit
594 4192 747 4247 ovis:
784 4195 1073 4266 numquid
1096 4211 1208 4250 non
1244 4194 1402 4250 color
1431 4194 1591 4250 ullus
1620 4194 1776 4250 erit?

261 4276 382 4334 Una
411 4279 654 4351 quidem
686 4281 813 4348 lini,
839 4284 938 4338 sed
972 4301 1102 4354 qua:
1132 4301 1248 4339 non
1282 4284 1492 4340 accidit
1528 4283 1612 4338 illi

325 4366 613 4434 Exterius,
647 4369 915 4442 simplex,
937 4377 1146 4444 sponte
1180 4373 1416 4444 placens
1443 4374 1687 4445 species.

265 4455 428 4512 Teste
449 4458 691 4528 quidem
723 4462 963 4528 mundo,
987 4462 1210 4534 species
1239 4463 1355 4518 haec
1387 4480 1646 4535 congrua
1675 4463 1814 4532 lino,

326 4545 412 4610 Et,
445 4563 566 4618 qua
600 4551 756 4603 terra
786 4553 962 4620 patet,
988 4555 1188 4607 nostra
1219 4553 1407 4625 figura
1439 4552 1646 4624 placet.

264 4631 536 4702 Candida,
561 4636 868 4695 sollemnis
897 4640 1266 4712 pretiosaque
1296 4641 1450 4697 linea
1480 4641 1678 4705 vestis,

332 4721 596 4796 Congrua
627 4725 860 4795 laetitiae,
893 4731 1090 4785 nescia
1118 4731 1399 4797 tristitiae;

269 4808 373 4866 Nec
402 4814 650 4870 mortale
679 4832 865 4888 genus
897 4818 1266 4875 solummodo
1289 4824 1449 4875 veste
1475 4821 1907 4892 muamus[bea-

1749 4909 1906 4980 [mus

334 4988 512 5047 Immo
543 4993 785 5050 delicias
817 4997 1173 5053 conferimus
1193 4998 1404 5054 varias.

275 5072 523 5136 Floribus
557 5081 813 5153 intextis,
849 5085 980 5141 aliis
1017 5086 1258 5142 subtilia
1288 5088 1494 5159 signis,

335 5166 653 5242 Tergendis
685 5175 961 5231 manibus
992 5175 1176 5231 lintea
1205 5175 1580 5247 porrigimus.

274 5253 408 5312 Alba
428 5263 818 5333 superpositis
843 5265 1047 5320 mundi
1079 5263 1365 5320 mensalia
1385 5264 1554 5319 donis

335 5348 477 5403 Sunt
505 5349 698 5421 epulis
729 5368 932 5424 regum
962 5352 1157 5408 cultus
1188 5358 1244 5408 et
1273 5352 1557 5408 auxilium
1584 5370 1598 5421 ;

277 5430 404 5504 Quo,
434 5437 482 5493 si
513 5439 652 5510 quis
683 5459 909 5512 pannos
937 5459 1076 5498 casu
1109 5442 1448 5498 substeruat
1469 5441 1685 5498 ovines.

341 5523 512 5582 Escae
544 5529 778 5585 oﬂensit
806 5531 1069 5602 rejicieut
1097 5531 1297 5587 animi.

278 5617 510 5677 Molliter
537 5617 778 5675 insertis
809 5637 1026 5676 ornans
1058 5619 1338 5676 subsellia
1369 5619 1607 5692 plumis,

339 5712 504 5769 Artus
536 5723 686 5784 quos
706 5709 925 5787 profert
951 5711 1110 5769 linea
1137 5709 1304 5770 theca
1331 5709 1500 5772 fovet.

1175 401 1499 464 CARMEN
1546 399 1648 462 DE
1694 398 2139 463 CONFLIC’I‘U
2185 396 2362 461 OVIS
2408 397 2508 459 ET
2552 397 2734 459 LlNI.

3533 391 3652 454 450

1918 531 1972 597 Α
2009 548 2102 605 Sic
2137 565 2312 620 super
2343 552 2637 603 extentum
2665 548 2921 602 candens
2954 546 3052 600 (lat
3082 544 3256 598 lintea
3289 542 3472 596 linum

2067 637 2315 692 Molliter
2335 638 2647 692 exstructis
2678 636 2991 691 ambitiosa
3021 633 3224 688 lhoris.

1999 727 2100 781 His
2134 727 2462 797 superadde
2491 729 2616 782 suis
2647 731 2807 781 extra
2827 723 3148 795 crispantia
3180 720 3329 775 villis

2069 816 2441 881 Ornamenta,
2479 815 2637 870 nives
2669 813 2995 870 assimilare
3044 816 3227 882 potos.

1999 904 2154 960 Ditia
2185 905 2517 974 dependent
2546 921 2672 975 quae
2706 907 2953 958 stratum
2983 901 3107 956 vela
3137 901 3415 953 coronent
3445 914 3464 950 :

2073 993 2216 1047 Huic
2247 992 2657 1063 vivaS’species
2691 992 3060 1045 dinumerare
3094 992 3278 1059 putes.

2001 1081 2100 1135 Cui
2126 1080 2389 1151 speciosa
2415 1082 2538 1136 suis
2571 1080 2820 1135 tentoria
2844 1079 2974 1131 nixa
3007 1075 3321 1144 columnis,

2078 1169 2301 1241 Regum
2334 1170 2588 1234 divitias,
2623 1168 2980 1238 aequiparare
3012 1163 3238 1236 queas?

2005 1259 2226 1313 Nomen
2260 1263 2318 1314 et
2349 1259 2571 1329 effigies
2603 1276 2634 1312 a
2666 1255 2957 1328 papilione
2992 1255 3286 1308 trahentes

2077 1347 2216 1410 Quis
2241 1351 2458 1402 reseret
2488 1363 2732 1418 pannos,
2769 1345 2920 1398 dona
2954 1343 3393 1405 rotunda,meos
3424 1340 3450 1391 ‘.’

2007 1435 2218 1491 Bellice
2261 1436 2602 1508 compositis
2635 1433 3008 1504 requiescunt
3045 1429 3282 1500 agmina
3311 1427 3550 1491 castris;

2090 1528 2260 1582 Liber
2291 1530 2347 1579 et
2379 1525 2513 1579 hinc
2544 1524 2684 1578 illuc
2702 1522 3030 1593 expatiatur
3051 1534 3259 1590 equus,

2010 1623 2187 1676 Linea
2215 1614 2535 1688 gramineis
2561 1617 2790 1666 extenta
2821 1610 3039 1682 palatia
3065 1608 3287 1678 campis

2082 1710 2169 1764 Tu
2193 1707 2306 1760 scis
2340 1720 2515 1775 quam
2541 1706 2770 1772 gratum
2805 1700 2949 1753 (lant
2973 1696 3173 1768 procul
3206 1695 3509 1750 intuitum.

2011 1797 2114 1852 His
2145 1799 2325 1850 tectos
2351 1791 2625 1846 domibus
2647 1806 2760 1842 non
2795 1787 2952 1841 laedit
2983 1786 3152 1839 turbo
3179 1783 3266 1838 vel
3298 1789 3477 1838 :estus
3510 1801 3522 1850 ;

1931 1911 1979 1976 Β
2084 1887 2325 1940 Praestat
2349 1879 2710 1952 praesidium,
2743 1875 2908 1930 dulce
2939 1873 3330 1976 refrigerium.

2011 1971 2249 2030 Publica
2271 1967 2677 2035 commoditas,
2712 1963 2846 2018 belli
2879 1960 3156 2032 pacisque
3187 1959 3478 2029 voluptas,

2082 2061 2425 2133 Signiﬁcant
2452 2057 2646 2126 majus
2677 2049 2983 2125 spirituale
3013 2050 3213 2116 decus,

2012 2152 2076 2206 In
2099 2149 2308 2222 capitis
2339 2145 2563 2202 cultum
2597 2140 2892 2198 consumit
2917 2138 3151 2193 foemina
3206 2135 3418 2202 linum,

2085 2240 2157 2294 Ut
2181 2244 2400 2293 taceam
2437 2230 2717 2288 membris
2750 2229 2901 2300 quod
2927 2227 3065 2281 facit
3092 2225 3148 2280 in
3175 2223 3436 2295 reliquis.

2015 2325 2455 2398 Quidjaclaudo
2489 2323 2666 2376 refers
2700 2318 2817 2373 ﬁeri
2857 2324 2957 2371 tua
2984 2314 3198 2369 vellera
3229 2317 3418 2367 vestes
3439 2315 3466 2366 Ὺ

2086 2417 2142 2472 Si
2172 2416 2375 2487 jubeo,
2409 2412 2645 2484 penitus
2675 2424 2788 2462 non
2823 2405 2930 2460 erit
2951 2403 3217 2458 ulterius.

2016 2507 2074 2561 Si
2100 2505 2285 2560 viduae
2322 2504 2379 2569 [ι.
2401 2499 2671 2566 dividuacl
2696 2500 2890 2568 partes
2913 2492 3223 2565 pauni,per
3245 2491 3670 2562 fr-ustrajaceu-

3505 2583 3610 2645 [tes
3641 2596 3654 2645 ;

2090 2689 2231 2739 Cum
2259 2685 2480 2736 vestem
2510 2677 2755 2739 faciunt,
2790 2670 3085 2744 quomodo
3119 2668 3511 2723 conveniunt?

2017 2774 2404 2829 Transitacus
2432 2762 3176 2839 pauuum,modicum,mea
3211 2772 3458 2810 munera
3502 2754 3664 2810 illum

2090 2864 2297 2918 Secum
2329 2857 2610 2913 transfixo
2639 2851 2936 2921 trajiciens
2956 2845 3123 2903 oculo
3149 2864 3160 2912 ;

2019 2949 2136 3004 Hoc
2166 2950 2332 3020 pacto
2361 2945 2586 3000 vinctos
2614 2938 2741 2994 unit
2768 2953 2895 2990 mea
2926 2934 3112 3007 gratia
3142 2949 3365 3004 pannos

2093 3037 2165 3092 Ut
2185 3040 2402 3091 vestem
2437 3031 2652 3086 faciant
2681 3032 2737 3082 et
2757 3025 3009 3097 specie'n
3043 3023 3290 3093 capiant.

2021 3129 2096 3182 Te
2128 3124 2400 3196 quotiens
2430 3120 2573 3176 levis
2602 3117 2760 3172 laedit
2792 3114 3068 3176 scissura,
3103 3110 3354 3165 recurris

2094 3211 2447 3285 Suppliciter
2477 3212 2678 3264 nostra
2711 3219 2916 3258 rursus
2947 3217 3124 3271 egens
3155 3216 3347 3270 opera.

1937 3282 1979 3349 θ
2016 3282 2193 3360 Tunc
2209 3282 2509 3357 submissa
2530 3297 2713 3366 jaces,
2749 3297 2886 3346 tunc
2911 3289 3278 3352 sobria,tuuc
3312 3284 3452 3341 nihil
3481 3287 3666 3342 audes

2085 3390 2375 3448 Dilaniata
2394 3388 2600 3458 jacens
2632 3386 2950 3451 nostraque
2979 3377 3134 3432 dona
3165 3381 3388 3448 petens,

2015 3484 2268 3538 Ornatus
2291 3471 2847 3546 rerum,justissima
2875 3468 3082 3541 gloria,
3116 3465 3334 3532 linum;

2088 3571 2228 3635 Quis
2246 3581 2554 3624 numerare
2587 3565 2764 3635 queat
2786 3557 3096 3614 commoda
3125 3557 3346 3628 quanta
3364 3554 3516 3610 ferat
3535 3553 3563 3608 ‘?

2774 3664 2919 3703 OVIS.

2013 3749 2197 3806 Multa
2229 3749 2453 3821 queunt
2483 3742 2597 3799 dici
2623 3738 2871 3810 strepitu
2905 3735 3128 3804 majora
3163 3730 3374 3785 minori
3402 3747 3414 3797 ;

2086 3837 2304 3911 Magni,
2330 3836 2378 3890 si
2412 3849 2636 3905 posses,
2677 3833 2752 3894 te,
2787 3825 2973 3887 video,
2999 3823 3236 3876 faceres.

2017 3930 2140 3986 Non
2173 3907 2277 3983 tibi
2310 3935 2650 3980 communes
2681 3915 2812 3982 soli,
2849 3927 3068 3984 precor,
3101 3925 3296 3963 assere
3327 3907 3562 3973 laudes;

2087 4018 2202 4072 Nos
2233 4028 2486 4086 quoque,
2520 4009 2569 4064 si
2601 4004 2817 4077 sapias,
2861 3999 3206 4073 participare
3236 3997 3417 4063 sinas,

2017 4108 2170 4161 Inter
2189 4109 2274 4159 tot
2311 4105 2520 4163 vestes,
2556 4091 2941 4168 propiorquia
2970 4087 3149 4143 vestis
3189 4086 3449 4140 adhaares

2087 4193 2232 4250 Hinc
2251 4196 2308 4247 te
2338 4186 2703 4260 magnificas,
2737 4180 2987 4253 plusque
3011 4176 3199 4232 valere
3232 4180 3403 4247 putas
3429 4194 3440 4243 ;

2017 4284 2128 4340 Sed
2160 4281 2328 4338 nobis
2358 4283 2414 4334 et
2444 4277 2502 4331 in
2536 4275 2644 4329 hoc
2664 4269 2947 4341 contingit
2977 4265 3162 4338 gloria
3184 4265 3389 4335 major,

2085 4375 2434 4429 Sanctorum
2460 4363 2635 4420 nudis
2657 4361 2902 4417 artubus
2934 4357 3114 4411 haeret
3144 4354 3286 4408 ovis.

2017 4462 2123 4528 Qui
2154 4459 2442 4516 mundum
2467 4453 2720 4525 fugiunt,
2745 4448 2844 4520 qui
2879 4461 2979 4517 spe
3015 4441 3270 4498 coelestia
3298 4446 3570 4512 tangunt,

2086 4551 2239 4613 Quos
2266 4545 2448 4603 sociat
2479 4556 2712 4599 summo
2741 4538 2924 4590 libera
2952 4549 3118 4587 mens
3142 4528 3410 4594 Domino,

1940 4655 1982 4719 ι)
2013 4641 2096 4695 Ad
2129 4655 2244 4694 non
2280 4635 2515 4691 fallaces
2537 4628 2827 4701 quosjam
2859 4618 3481 4690 conscripsithouores

2087 4729 2146 4783 In
2180 4740 2445 4798 proceres
2467 4719 2591 4776 caeli
2619 4719 2821 4771 dextra
2853 4713 3020 4766 beata
3049 4709 3172 4762 Dei.

2015 4796 2251 4873 Talibus
2285 4829 2419 4884 ergo
2450 4808 2588 4863 viris
2607 4810 2696 4861 est
2733 4802 2941 4856 intima
2961 4799 3128 4853 lanea
3158 4796 3371 4864 vestis;

2087 4907 2216 4961 Haec
2247 4908 2334 4959 est
2354 4883 2578 4972 quippe
2597 4895 2690 4966 pio
2723 4906 2981 4961 congrua
3012 4887 3329 4960 proposito.

2017 4994 2118 5050 Hic
2139 4993 2324 5048 linum
2360 4989 2611 5060 fugiunt,
2644 4983 2809 5037 lanas
2830 4979 2903 5034 ad
2935 4994 3176 5049 corpora
3199 4976 3518 5049 stringunt,

2087 5083 2272 5148 Quod,
2305 5079 2415 5136 sibi
2449 5077 2507 5130 ui
2541 5074 2758 5129 scirent
2791 5067 2955 5134 utile,
2979 5083 3093 5121 nou
3129 5067 3400 5121 lacerent.

2015 5176 2236 5228 Nostra:
2269 5171 2576 5238 corruptas
2612 5159 2780 5233 pellis
2805 5158 3110 5213 factoribus
3132 5173 3304 5211 auras

2086 5261 2329 5316 Dicebas
2361 5255 2512 5320 ltedi,
2547 5253 2594 5308 si
2628 5252 2775 5306 bene
2806 5245 3214 5309 commemini;

2017 5350 2087 5406 Ut
2114 5354 2336 5404 taceam
2358 5348 2567 5407 vestes,
2600 5340 2856 5411 reliquas
2887 5350 3118 5407 quoque
3148 5329 3588 5386 commoditates

2085 5441 2240 5504 Quas
2271 5437 2445 5491 habet
2477 5433 2598 5487 haec
2630 5429 2801 5502 pellis
2827 5426 3031 5480 usibus
3065 5423 3123 5474 in
3148 5419 3322 5474 variis
3348 5437 3361 5485 ;

2014 5528 2262 5600 Deputet
2292 5526 2348 5581 id
2381 5523 2564 5596 pretio
2605 5520 2773 5589 cujus
2804 5512 3062 5600 sollertia
3092 5509 3284 5600 digno,

2087 5597 2248 5684 Quod
2281 5614 2499 5689 petitur
2520 5609 2701 5667 sacris
2752 5609 2888 5676 apta
2919 5597 3303 5689 ministeriis?

2017 5708 2076 5768 Si
2100 5724 2213 5768 non
2245 5687 2578 5768 scribantur
2602 5695 2767 5755 libris
2797 5708 2928 5768 qua
2956 5689 3132 5747 verba
3159 5687 3434 5762 leguntur
3528 5761 3534 5765 ν
