  <div class='ocr_page' id='page_1' title='image "/cluster/home/n/w/nwhite01/storage/ocr_20150623/143/hvd.32044054760038/233.png"; bbox 0 0 4102 6174; ppageno 0'>
   <div class='ocr_carea' id='block_1_1' title="bbox 453 379 563 440">
    <p class='ocr_par' dir='ltr' id='par_1_1' title="bbox 453 379 563 440">
     <span class='ocr_line' id='line_1_1' title="bbox 453 379 563 440; baseline 0 -1"><span class='ocrx_word' id='word_1_1' title='bbox 453 379 563 440; x_wconf 64' lang='grc'><strong>1151</strong></span> 
     </span>
    </p>
   </div>
   <div class='ocr_carea' id='block_1_2' title="bbox 518 531 1678 603">
    <p class='ocr_par' dir='ltr' id='par_1_2' title="bbox 518 531 1678 603">
     <span class='ocr_line' id='line_1_2' title="bbox 518 531 1678 603; baseline -0.002 -17"><span class='ocrx_word' id='word_1_2' title='bbox 518 532 668 587; x_wconf 86' lang='lat' dir='ltr'>Ordo</span> <span class='ocrx_word' id='word_1_3' title='bbox 700 548 863 588; x_wconf 87' lang='lat' dir='ltr'>sacer</span> <span class='ocrx_word' id='word_1_4' title='bbox 893 536 1107 588; x_wconf 64' lang='lat' dir='ltr'>sancta:</span> <span class='ocrx_word' id='word_1_5' title='bbox 1140 533 1362 603; x_wconf 88' lang='lat' dir='ltr'>deperit</span> <span class='ocrx_word' id='word_1_6' title='bbox 1392 531 1678 586; x_wconf 64' lang='lat' dir='ltr'>Ecclesiae.</span> 
     </span>
    </p>
   </div>
   <div class='ocr_carea' id='block_1_3' title="bbox 447 618 1753 693">
    <p class='ocr_par' dir='ltr' id='par_1_3' title="bbox 447 618 1753 693">
     <span class='ocr_line' id='line_1_3' title="bbox 447 618 1753 693; baseline -0.002 -19"><span class='ocrx_word' id='word_1_7' title='bbox 447 620 746 675; x_wconf 79' lang='lat' dir='ltr'>Invenient</span> <span class='ocrx_word' id='word_1_8' title='bbox 775 620 934 693; x_wconf 84' lang='lat' dir='ltr'>quali</span> <span class='ocrx_word' id='word_1_9' title='bbox 959 626 1318 677; x_wconf 89' lang='lat' dir='ltr'>suntomnes</span> <span class='ocrx_word' id='word_1_10' title='bbox 1350 621 1553 675; x_wconf 88' lang='lat' dir='ltr'>ordine</span> <span class='ocrx_word' id='word_1_11' title='bbox 1577 618 1753 689; x_wconf 83' lang='lat' dir='ltr'>jussi,</span> 
     </span>
    </p>
   </div>
   <div class='ocr_carea' id='block_1_4' title="bbox 515 706 1990 779">
    <p class='ocr_par' dir='ltr' id='par_1_4' title="bbox 515 706 1990 779">
     <span class='ocr_line' id='line_1_4' title="bbox 515 706 1990 779; baseline -0.001 -17"><span class='ocrx_word' id='word_1_12' title='bbox 515 707 908 765; x_wconf 86' lang='lat' dir='ltr'>Adlavacrum</span> <span class='ocrx_word' id='word_1_13' title='bbox 933 726 1202 779; x_wconf 87' lang='lat' dir='ltr'>nascens,</span> <span class='ocrx_word' id='word_1_14' title='bbox 1255 709 1326 764; x_wconf 86' lang='lat' dir='ltr'>ad</span> <span class='ocrx_word' id='word_1_15' title='bbox 1360 707 1655 764; x_wconf 90' lang='lat' dir='ltr'>tumulum</span> <span class='ocrx_word' id='word_1_16' title='bbox 1689 706 1990 761; x_wconf 88' lang='lat' dir='ltr'>moriens?</span> 
     </span>
    </p>
   </div>
   <div class='ocr_carea' id='block_1_5' title="bbox 449 795 1984 870">
    <p class='ocr_par' dir='ltr' id='par_1_5' title="bbox 449 795 1984 870">
     <span class='ocr_line' id='line_1_5' title="bbox 449 795 1984 870; baseline -0.001 -19"><span class='ocrx_word' id='word_1_17' title='bbox 449 796 574 852; x_wconf 85' lang='lat' dir='ltr'>Non</span> <span class='ocrx_word' id='word_1_18' title='bbox 600 797 722 867; x_wconf 85' lang='lat' dir='ltr'>jam</span> <span class='ocrx_word' id='word_1_19' title='bbox 760 798 970 870; x_wconf 67' lang='lat' dir='ltr'>praesul</span> <span class='ocrx_word' id='word_1_20' title='bbox 1003 798 1132 863; x_wconf 90' lang='lat' dir='ltr'>erit,</span> <span class='ocrx_word' id='word_1_21' title='bbox 1168 815 1279 852; x_wconf 88' lang='lat' dir='ltr'>non</span> <span class='ocrx_word' id='word_1_22' title='bbox 1316 798 1511 851; x_wconf 73' lang='lat' dir='ltr'>Romae</span> <span class='ocrx_word' id='word_1_23' title='bbox 1544 812 1696 867; x_wconf 90' lang='lat' dir='ltr'>papa</span> <span class='ocrx_word' id='word_1_24' title='bbox 1726 795 1984 859; x_wconf 83' lang='lat' dir='ltr'>sedebit;</span> 
     </span>
    </p>
   </div>
   <div class='ocr_carea' id='block_1_6' title="bbox 513 884 1744 958">
    <p class='ocr_par' dir='ltr' id='par_1_6' title="bbox 513 884 1744 958">
     <span class='ocr_line' id='line_1_6' title="bbox 513 884 1744 958; baseline -0.002 -19"><span class='ocrx_word' id='word_1_25' title='bbox 513 884 781 941; x_wconf 91' lang='lat' dir='ltr'>Solvetur</span> <span class='ocrx_word' id='word_1_26' title='bbox 809 886 1068 958; x_wconf 83' lang='lat' dir='ltr'>synodus</span> <span class='ocrx_word' id='word_1_27' title='bbox 1087 885 1471 955; x_wconf 81' lang='lat' dir='ltr'>Ecclesiaeque</span> <span class='ocrx_word' id='word_1_28' title='bbox 1503 885 1744 957; x_wconf 89' lang='lat' dir='ltr'>gradus.</span> 
     </span>
    </p>
   </div>
   <div class='ocr_carea' id='block_1_7' title="bbox 438 971 1805 1046">
    <p class='ocr_par' dir='ltr' id='par_1_7' title="bbox 438 971 1805 1046">
     <span class='ocr_line' id='line_1_7' title="bbox 438 971 1805 1046; baseline -0.001 -19"><span class='ocrx_word' id='word_1_29' title='bbox 438 971 726 1029; x_wconf 61' lang='lat' dir='ltr'>Praeterea</span> <span class='ocrx_word' id='word_1_30' title='bbox 753 974 1042 1045; x_wconf 86' lang='lat' dir='ltr'>quidquid</span> <span class='ocrx_word' id='word_1_31' title='bbox 1068 972 1327 1030; x_wconf 78' lang='lat' dir='ltr'>sollertia</span> <span class='ocrx_word' id='word_1_32' title='bbox 1356 979 1523 1046; x_wconf 88' lang='lat' dir='ltr'>grata</span> <span class='ocrx_word' id='word_1_33' title='bbox 1544 972 1805 1044; x_wconf 82' lang='lat' dir='ltr'>reliquit,</span> 
     </span>
    </p>
   </div>
   <div class='ocr_carea' id='block_1_8' title="bbox 514 1060 1978 1136">
    <p class='ocr_par' dir='ltr' id='par_1_8' title="bbox 514 1060 1978 1136">
     <span class='ocr_line' id='line_1_8' title="bbox 514 1060 1978 1136; baseline -0.002 -19"><span class='ocrx_word' id='word_1_34' title='bbox 514 1062 678 1124; x_wconf 88' lang='lat' dir='ltr'>Quod</span> <span class='ocrx_word' id='word_1_35' title='bbox 711 1062 869 1118; x_wconf 86' lang='lat' dir='ltr'>dedit</span> <span class='ocrx_word' id='word_1_36' title='bbox 924 1064 1228 1136; x_wconf 58' lang='lat' dir='ltr'>ngyptus,</span> <span class='ocrx_word' id='word_1_37' title='bbox 1262 1064 1417 1134; x_wconf 90' lang='lat' dir='ltr'>quod</span> <span class='ocrx_word' id='word_1_38' title='bbox 1460 1064 1626 1117; x_wconf 86' lang='lat' dir='ltr'>docet</span> <span class='ocrx_word' id='word_1_39' title='bbox 1666 1060 1978 1132; x_wconf 83' lang='lat' dir='ltr'>Assyrius;</span> 
     </span>
    </p>
   </div>
   <div class='ocr_carea' id='block_1_9' title="bbox 441 1150 1831 1224">
    <p class='ocr_par' dir='ltr' id='par_1_9' title="bbox 441 1150 1831 1224">
     <span class='ocr_line' id='line_1_9' title="bbox 441 1150 1831 1224; baseline -0.006 -13"><span class='ocrx_word' id='word_1_40' title='bbox 441 1155 659 1211; x_wconf 82' lang='lat' dir='ltr'>Omnes</span> <span class='ocrx_word' id='word_1_41' title='bbox 689 1156 986 1224; x_wconf 89' lang='lat' dir='ltr'>postremo</span> <span class='ocrx_word' id='word_1_42' title='bbox 1012 1168 1105 1207; x_wconf 86' lang='lat' dir='ltr'>res</span> <span class='ocrx_word' id='word_1_43' title='bbox 1136 1157 1334 1224; x_wconf 86' lang='lat' dir='ltr'>gestas</span> <span class='ocrx_word' id='word_1_44' title='bbox 1370 1169 1401 1206; x_wconf 90' lang='lat' dir='ltr'>a</span> <span class='ocrx_word' id='word_1_45' title='bbox 1427 1156 1590 1223; x_wconf 81' lang='lat' dir='ltr'>patre</span> <span class='ocrx_word' id='word_1_46' title='bbox 1622 1150 1831 1221; x_wconf 90' lang='lat' dir='ltr'>primo,</span> 
     </span>
    </p>
   </div>
   <div class='ocr_carea' id='block_1_10' title="bbox 507 1239 1779 1311">
    <p class='ocr_par' dir='ltr' id='par_1_10' title="bbox 507 1239 1779 1311">
     <span class='ocr_line' id='line_1_10' title="bbox 507 1239 1779 1311; baseline -0.005 -12"><span class='ocrx_word' id='word_1_47' title='bbox 507 1243 670 1311; x_wconf 87' lang='lat' dir='ltr'>Quod</span> <span class='ocrx_word' id='word_1_48' title='bbox 703 1242 813 1297; x_wconf 87' lang='lat' dir='ltr'>fuit</span> <span class='ocrx_word' id='word_1_49' title='bbox 840 1246 975 1297; x_wconf 83' lang='lat' dir='ltr'>ante</span> <span class='ocrx_word' id='word_1_50' title='bbox 1002 1241 1204 1307; x_wconf 90' lang='lat' dir='ltr'>chaos,</span> <span class='ocrx_word' id='word_1_51' title='bbox 1245 1239 1399 1295; x_wconf 91' lang='lat' dir='ltr'>seria</span> <span class='ocrx_word' id='word_1_52' title='bbox 1428 1240 1548 1294; x_wconf 86' lang='lat' dir='ltr'>sive</span> <span class='ocrx_word' id='word_1_53' title='bbox 1573 1240 1741 1309; x_wconf 89' lang='lat' dir='ltr'>jocos</span> <span class='ocrx_word' id='word_1_54' title='bbox 1767 1257 1779 1306; x_wconf 94' lang='lat'>;</span> 
     </span>
    </p>
   </div>
   <div class='ocr_carea' id='block_1_11' title="bbox 436 1329 1891 1399">
    <p class='ocr_par' dir='ltr' id='par_1_11' title="bbox 436 1329 1891 1399">
     <span class='ocr_line' id='line_1_11' title="bbox 436 1329 1891 1399; baseline -0.005 -10"><span class='ocrx_word' id='word_1_55' title='bbox 436 1334 597 1399; x_wconf 89' lang='lat' dir='ltr'>Quod</span> <span class='ocrx_word' id='word_1_56' title='bbox 630 1332 883 1388; x_wconf 77' lang='lat' dir='ltr'>Phcebus</span> <span class='ocrx_word' id='word_1_57' title='bbox 913 1346 1136 1397; x_wconf 83' lang='lat' dir='ltr'>musas,</span> <span class='ocrx_word' id='word_1_58' title='bbox 1160 1346 1343 1383; x_wconf 69' lang='lat' dir='ltr'>musas</span> <span class='ocrx_word' id='word_1_59' title='bbox 1368 1329 1620 1383; x_wconf 91' lang='lat' dir='ltr'>docuere</span> <span class='ocrx_word' id='word_1_60' title='bbox 1652 1330 1851 1399; x_wconf 89' lang='lat' dir='ltr'>poetas</span> <span class='ocrx_word' id='word_1_61' title='bbox 1878 1345 1891 1393; x_wconf 90' lang='lat'>;</span> 
     </span>
    </p>
   </div>
   <div class='ocr_carea' id='block_1_12' title="bbox 515 1417 1789 1489">
    <p class='ocr_par' dir='ltr' id='par_1_12' title="bbox 515 1417 1789 1489">
     <span class='ocr_line' id='line_1_12' title="bbox 515 1417 1789 1489; baseline -0.006 -11"><span class='ocrx_word' id='word_1_62' title='bbox 515 1425 649 1488; x_wconf 68' lang='lat' dir='ltr'>Quae</span> <span class='ocrx_word' id='word_1_63' title='bbox 686 1421 833 1476; x_wconf 84' lang='lat' dir='ltr'>ratio</span> <span class='ocrx_word' id='word_1_64' title='bbox 865 1418 1083 1485; x_wconf 86' lang='lat' dir='ltr'>stellas,</span> <span class='ocrx_word' id='word_1_65' title='bbox 1120 1435 1315 1489; x_wconf 74' lang='lat' dir='ltr'>quaeve</span> <span class='ocrx_word' id='word_1_66' title='bbox 1346 1417 1510 1489; x_wconf 90' lang='lat' dir='ltr'>polos</span> <span class='ocrx_word' id='word_1_67' title='bbox 1541 1420 1789 1482; x_wconf 83' lang='lat' dir='ltr'>moveat,</span> 
     </span>
    </p>
   </div>
   <div class='ocr_carea' id='block_1_13' title="bbox 436 1504 2086 1578">
    <p class='ocr_par' dir='ltr' id='par_1_13' title="bbox 436 1504 2086 1578">
     <span class='ocr_line' id='line_1_13' title="bbox 436 1504 2086 1578; baseline -0.006 -9"><span class='ocrx_word' id='word_1_68' title='bbox 436 1516 571 1578; x_wconf 67' lang='lat' dir='ltr'>Quae</span> <span class='ocrx_word' id='word_1_69' title='bbox 605 1508 919 1567; x_wconf 86' lang='lat' dir='ltr'>metuenda</span> <span class='ocrx_word' id='word_1_70' title='bbox 950 1506 1146 1573; x_wconf 91' lang='lat' dir='ltr'>malis,</span> <span class='ocrx_word' id='word_1_71' title='bbox 1178 1524 1305 1578; x_wconf 65' lang='lat' dir='ltr'>qua:</span> <span class='ocrx_word' id='word_1_72' title='bbox 1338 1510 1478 1561; x_wconf 89' lang='lat' dir='ltr'>sunt</span> <span class='ocrx_word' id='word_1_73' title='bbox 1529 1505 1820 1576; x_wconf 89' lang='lat' dir='ltr'>speranda</span> <span class='ocrx_word' id='word_1_74' title='bbox 1868 1504 2086 1570; x_wconf 84' lang='lat' dir='ltr'>beatis;</span> 
     </span>
    </p>
   </div>
   <div class='ocr_carea' id='block_1_14' title="bbox 507 1594 1763 1668">
    <p class='ocr_par' dir='ltr' id='par_1_14' title="bbox 507 1594 1763 1668">
     <span class='ocr_line' id='line_1_14' title="bbox 507 1594 1763 1668; baseline -0.007 -12"><span class='ocrx_word' id='word_1_75' title='bbox 507 1599 655 1668; x_wconf 89' lang='lat' dir='ltr'>Quid</span> <span class='ocrx_word' id='word_1_76' title='bbox 686 1597 763 1653; x_wconf 89' lang='lat' dir='ltr'>sit</span> <span class='ocrx_word' id='word_1_77' title='bbox 793 1595 893 1668; x_wconf 92' lang='lat' dir='ltr'>qui</span> <span class='ocrx_word' id='word_1_78' title='bbox 921 1595 1095 1650; x_wconf 81' lang='lat' dir='ltr'>rebus</span> <span class='ocrx_word' id='word_1_79' title='bbox 1129 1594 1396 1667; x_wconf 80' lang='lat' dir='ltr'>praesidet</span> <span class='ocrx_word' id='word_1_80' title='bbox 1427 1594 1550 1665; x_wconf 89' lang='lat' dir='ltr'>ipse</span> <span class='ocrx_word' id='word_1_81' title='bbox 1574 1594 1763 1661; x_wconf 88' lang='lat' dir='ltr'>Deus;</span> 
     </span>
    </p>
   </div>
   <div class='ocr_carea' id='block_1_15' title="bbox 433 1682 1976 1757">
    <p class='ocr_par' dir='ltr' id='par_1_15' title="bbox 433 1682 1976 1757">
     <span class='ocr_line' id='line_1_15' title="bbox 433 1682 1976 1757; baseline -0.006 -10"><span class='ocrx_word' id='word_1_82' title='bbox 433 1690 644 1748; x_wconf 86' lang='lat' dir='ltr'>Omnia</span> <span class='ocrx_word' id='word_1_83' title='bbox 670 1687 829 1743; x_wconf 86' lang='lat' dir='ltr'>novit</span> <span class='ocrx_word' id='word_1_84' title='bbox 860 1684 1006 1751; x_wconf 89' lang='lat' dir='ltr'>ovis,</span> <span class='ocrx_word' id='word_1_85' title='bbox 1041 1700 1144 1757; x_wconf 91' lang='lat' dir='ltr'>per</span> <span class='ocrx_word' id='word_1_86' title='bbox 1176 1700 1309 1739; x_wconf 91' lang='lat' dir='ltr'>oves</span> <span class='ocrx_word' id='word_1_87' title='bbox 1340 1684 1462 1738; x_wconf 66' lang='lat' dir='ltr'>haec</span> <span class='ocrx_word' id='word_1_88' title='bbox 1489 1682 1748 1755; x_wconf 64' lang='lat' dir='ltr'>precipit</span> <span class='ocrx_word' id='word_1_89' title='bbox 1780 1682 1976 1748; x_wconf 89' lang='lat' dir='ltr'>orbis;</span> 
     </span>
    </p>
   </div>
   <div class='ocr_carea' id='block_1_16' title="bbox 501 1771 1628 1851">
    <p class='ocr_par' dir='ltr' id='par_1_16' title="bbox 501 1771 1628 1851">
     <span class='ocr_line' id='line_1_16' title="bbox 501 1771 1628 1851; baseline -0.009 -17"><span class='ocrx_word' id='word_1_90' title='bbox 501 1780 634 1851; x_wconf 90' lang='lat' dir='ltr'>Ipsa</span> <span class='ocrx_word' id='word_1_91' title='bbox 660 1776 760 1831; x_wconf 90' lang='lat' dir='ltr'>Dei</span> <span class='ocrx_word' id='word_1_92' title='bbox 813 1773 1000 1829; x_wconf 88' lang='lat' dir='ltr'>Patris</span> <span class='ocrx_word' id='word_1_93' title='bbox 1020 1774 1267 1845; x_wconf 87' lang='lat' dir='ltr'>mystica</span> <span class='ocrx_word' id='word_1_94' title='bbox 1301 1773 1464 1826; x_wconf 84' lang='lat' dir='ltr'>novit</span> <span class='ocrx_word' id='word_1_95' title='bbox 1489 1771 1628 1826; x_wconf 90' lang='lat' dir='ltr'>ovis.</span> 
     </span>
    </p>
   </div>
   <div class='ocr_carea' id='block_1_17' title="bbox 432 1860 1818 1934">
    <p class='ocr_par' dir='ltr' id='par_1_17' title="bbox 432 1860 1818 1934">
     <span class='ocr_line' id='line_1_17' title="bbox 432 1860 1818 1934; baseline -0.006 -12"><span class='ocrx_word' id='word_1_96' title='bbox 432 1866 617 1922; x_wconf 86' lang='lat' dir='ltr'>Vilior</span> <span class='ocrx_word' id='word_1_97' title='bbox 648 1866 704 1919; x_wconf 90' lang='lat' dir='ltr'>in</span> <span class='ocrx_word' id='word_1_98' title='bbox 737 1868 856 1919; x_wconf 92' lang='lat' dir='ltr'>toto</span> <span class='ocrx_word' id='word_1_99' title='bbox 885 1880 1043 1934; x_wconf 87' lang='lat' dir='ltr'>pars,</span> <span class='ocrx_word' id='word_1_100' title='bbox 1075 1860 1317 1926; x_wconf 85' lang='lat' dir='ltr'>viscera,</span> <span class='ocrx_word' id='word_1_101' title='bbox 1349 1877 1587 1932; x_wconf 91' lang='lat' dir='ltr'>corpore</span> <span class='ocrx_word' id='word_1_102' title='bbox 1618 1865 1818 1914; x_wconf 87' lang='lat' dir='ltr'>nostro</span> 
     </span>
    </p>
   </div>
   <div class='ocr_carea' id='block_1_18' title="bbox 502 1948 1724 2012">
    <p class='ocr_par' dir='ltr' id='par_1_18' title="bbox 502 1948 1724 2012">
     <span class='ocr_line' id='line_1_18' title="bbox 502 1948 1724 2012; baseline -0.006 -1"><span class='ocrx_word' id='word_1_103' title='bbox 502 1955 742 2012; x_wconf 89' lang='lat' dir='ltr'>Dulcem</span> <span class='ocrx_word' id='word_1_104' title='bbox 762 1953 906 2007; x_wconf 89' lang='lat' dir='ltr'>dant</span> <span class='ocrx_word' id='word_1_105' title='bbox 928 1966 1103 2005; x_wconf 91' lang='lat' dir='ltr'>usum</span> <span class='ocrx_word' id='word_1_106' title='bbox 1134 1949 1360 2004; x_wconf 90' lang='lat' dir='ltr'>deliciis</span> <span class='ocrx_word' id='word_1_107' title='bbox 1395 1948 1724 2004; x_wconf 83' lang='lat' dir='ltr'>hominum.</span> 
     </span>
    </p>
   </div>
   <div class='ocr_carea' id='block_1_19' title="bbox 433 2037 1761 2111">
    <p class='ocr_par' dir='ltr' id='par_1_19' title="bbox 433 2037 1761 2111">
     <span class='ocr_line' id='line_1_19' title="bbox 433 2037 1761 2111; baseline -0.008 -10"><span class='ocrx_word' id='word_1_108' title='bbox 433 2044 697 2111; x_wconf 88' lang='lat' dir='ltr'>Quadam</span> <span class='ocrx_word' id='word_1_109' title='bbox 730 2040 927 2096; x_wconf 90' lang='lat' dir='ltr'>divina</span> <span class='ocrx_word' id='word_1_110' title='bbox 958 2043 1193 2094; x_wconf 88' lang='lat' dir='ltr'>resonat</span> <span class='ocrx_word' id='word_1_111' title='bbox 1222 2037 1532 2093; x_wconf 87' lang='lat' dir='ltr'>dulcedine</span> <span class='ocrx_word' id='word_1_112' title='bbox 1563 2038 1761 2101; x_wconf 86' lang='lat' dir='ltr'>corda,</span> 
     </span>
    </p>
   </div>
   <div class='ocr_carea' id='block_1_20' title="bbox 503 2126 1711 2204">
    <p class='ocr_par' dir='ltr' id='par_1_20' title="bbox 503 2126 1711 2204">
     <span class='ocr_line' id='line_1_20' title="bbox 503 2126 1711 2204; baseline -0.007 -17"><span class='ocrx_word' id='word_1_113' title='bbox 503 2136 663 2204; x_wconf 62' lang='lat' dir='ltr'>Apta</span> <span class='ocrx_word' id='word_1_114' title='bbox 693 2130 887 2185; x_wconf 88' lang='lat' dir='ltr'>vincta</span> <span class='ocrx_word' id='word_1_115' title='bbox 917 2128 1073 2199; x_wconf 65' lang='lat' dir='ltr'>lyrae,</span> <span class='ocrx_word' id='word_1_116' title='bbox 1110 2126 1404 2198; x_wconf 88' lang='lat' dir='ltr'>psalterio,</span> <span class='ocrx_word' id='word_1_117' title='bbox 1439 2126 1711 2199; x_wconf 70' lang='lat' dir='ltr'>cytharze.</span> 
     </span>
    </p>
   </div>
   <div class='ocr_carea' id='block_1_21' title="bbox 434 2215 1741 2294">
    <p class='ocr_par' dir='ltr' id='par_1_21' title="bbox 434 2215 1741 2294">
     <span class='ocr_line' id='line_1_21' title="bbox 434 2215 1741 2294; baseline -0.005 -17"><span class='ocrx_word' id='word_1_118' title='bbox 434 2220 683 2294; x_wconf 84' lang='lat' dir='ltr'>Expellit</span> <span class='ocrx_word' id='word_1_119' title='bbox 714 2234 885 2273; x_wconf 89' lang='lat' dir='ltr'>curas</span> <span class='ocrx_word' id='word_1_120' title='bbox 920 2233 1102 2271; x_wconf 88' lang='lat' dir='ltr'>sonus</span> <span class='ocrx_word' id='word_1_121' title='bbox 1125 2215 1219 2270; x_wconf 89' lang='lat' dir='ltr'>hic</span> <span class='ocrx_word' id='word_1_122' title='bbox 1250 2220 1307 2270; x_wconf 91' lang='lat' dir='ltr'>et</span> <span class='ocrx_word' id='word_1_123' title='bbox 1341 2216 1570 2288; x_wconf 88' lang='lat' dir='ltr'>mitigat</span> <span class='ocrx_word' id='word_1_124' title='bbox 1603 2215 1741 2281; x_wconf 91' lang='lat' dir='ltr'>iras,</span> 
     </span>
    </p>
   </div>
   <div class='ocr_carea' id='block_1_22' title="bbox 503 2305 1749 2376">
    <p class='ocr_par' dir='ltr' id='par_1_22' title="bbox 503 2305 1749 2376">
     <span class='ocr_line' id='line_1_22' title="bbox 503 2305 1749 2376; baseline -0.005 -12"><span class='ocrx_word' id='word_1_125' title='bbox 503 2310 686 2364; x_wconf 85' lang='lat' dir='ltr'>Anxia</span> <span class='ocrx_word' id='word_1_126' title='bbox 710 2307 888 2362; x_wconf 90' lang='lat' dir='ltr'>corda</span> <span class='ocrx_word' id='word_1_127' title='bbox 917 2305 1087 2371; x_wconf 83' lang='lat' dir='ltr'>levat,</span> <span class='ocrx_word' id='word_1_128' title='bbox 1121 2305 1292 2359; x_wconf 81' lang='lat' dir='ltr'>taedia</span> <span class='ocrx_word' id='word_1_129' title='bbox 1322 2311 1530 2359; x_wconf 91' lang='lat' dir='ltr'>cuncta</span> <span class='ocrx_word' id='word_1_130' title='bbox 1567 2306 1749 2376; x_wconf 83' lang='lat' dir='ltr'>fugat.</span> 
     </span>
    </p>
   </div>
   <div class='ocr_carea' id='block_1_23' title="bbox 435 2392 1959 2467">
    <p class='ocr_par' dir='ltr' id='par_1_23' title="bbox 435 2392 1959 2467">
     <span class='ocr_line' id='line_1_23' title="bbox 435 2392 1959 2467; baseline -0.003 -16"><span class='ocrx_word' id='word_1_131' title='bbox 435 2398 535 2453; x_wconf 87' lang='lat' dir='ltr'>Vis</span> <span class='ocrx_word' id='word_1_132' title='bbox 566 2396 806 2451; x_wconf 90' lang='lat' dir='ltr'>inimica</span> <span class='ocrx_word' id='word_1_133' title='bbox 828 2394 996 2467; x_wconf 80' lang='lat' dir='ltr'>fugit,</span> <span class='ocrx_word' id='word_1_134' title='bbox 1032 2410 1423 2465; x_wconf 85' lang='lat' dir='ltr'>possessaque</span> <span class='ocrx_word' id='word_1_135' title='bbox 1455 2394 1632 2448; x_wconf 87' lang='lat' dir='ltr'>corda</span> <span class='ocrx_word' id='word_1_136' title='bbox 1660 2392 1959 2464; x_wconf 85' lang='lat' dir='ltr'>relinquit,</span> 
     </span>
    </p>
   </div>
   <div class='ocr_carea' id='block_1_24' title="bbox 503 2481 1917 2556">
    <p class='ocr_par' dir='ltr' id='par_1_24' title="bbox 503 2481 1917 2556">
     <span class='ocr_line' id='line_1_24' title="bbox 503 2481 1917 2556; baseline -0.005 -14"><span class='ocrx_word' id='word_1_137' title='bbox 503 2487 647 2543; x_wconf 88' lang='lat' dir='ltr'>Cum</span> <span class='ocrx_word' id='word_1_138' title='bbox 670 2485 816 2541; x_wconf 87' lang='lat' dir='ltr'>bene</span> <span class='ocrx_word' id='word_1_139' title='bbox 845 2484 1025 2556; x_wconf 62' lang='lat' dir='ltr'>docta;</span> <span class='ocrx_word' id='word_1_140' title='bbox 1059 2499 1269 2553; x_wconf 88' lang='lat' dir='ltr'>mapus</span> <span class='ocrx_word' id='word_1_141' title='bbox 1298 2482 1510 2536; x_wconf 86' lang='lat' dir='ltr'>excitat</span> <span class='ocrx_word' id='word_1_142' title='bbox 1537 2483 1645 2537; x_wconf 89' lang='lat' dir='ltr'>hos</span> <span class='ocrx_word' id='word_1_143' title='bbox 1667 2481 1917 2537; x_wconf 89' lang='lat' dir='ltr'>sonitus.</span> 
     </span>
    </p>
   </div>
   <div class='ocr_carea' id='block_1_25' title="bbox 436 2570 1978 2647">
    <p class='ocr_par' dir='ltr' id='par_1_25' title="bbox 436 2570 1978 2647">
     <span class='ocr_line' id='line_1_25' title="bbox 436 2570 1978 2647; baseline -0.005 -16"><span class='ocrx_word' id='word_1_144' title='bbox 436 2574 725 2647; x_wconf 90' lang='lat' dir='ltr'>Orpbeus,</span> <span class='ocrx_word' id='word_1_145' title='bbox 759 2572 1218 2644; x_wconf 86' lang='lat' dir='ltr'>Amphion,cum</span> <span class='ocrx_word' id='word_1_146' title='bbox 1245 2571 1433 2626; x_wconf 89' lang='lat' dir='ltr'>musis</span> <span class='ocrx_word' id='word_1_147' title='bbox 1463 2571 1736 2637; x_wconf 70' lang='lat' dir='ltr'>Phoebus,</span> <span class='ocrx_word' id='word_1_148' title='bbox 1782 2570 1978 2637; x_wconf 85' lang='lat' dir='ltr'>Arion,</span> 
     </span>
    </p>
   </div>
   <div class='ocr_carea' id='block_1_26' title="bbox 504 2660 1977 2726">
    <p class='ocr_par' dir='ltr' id='par_1_26' title="bbox 504 2660 1977 2726">
     <span class='ocr_line' id='line_1_26' title="bbox 504 2660 1977 2726; baseline -0.004 -8"><span class='ocrx_word' id='word_1_149' title='bbox 504 2663 655 2718; x_wconf 86' lang='lat' dir='ltr'>Dum</span> <span class='ocrx_word' id='word_1_150' title='bbox 679 2662 928 2717; x_wconf 91' lang='lat' dir='ltr'>chordas</span> <span class='ocrx_word' id='word_1_151' title='bbox 959 2660 1197 2726; x_wconf 91' lang='lat' dir='ltr'>feriunt,</span> <span class='ocrx_word' id='word_1_152' title='bbox 1234 2677 1445 2715; x_wconf 89' lang='lat' dir='ltr'>nomen</span> <span class='ocrx_word' id='word_1_153' title='bbox 1463 2660 1533 2714; x_wconf 92' lang='lat' dir='ltr'>ad</span> <span class='ocrx_word' id='word_1_154' title='bbox 1562 2664 1721 2714; x_wconf 87' lang='lat' dir='ltr'>astra</span> <span class='ocrx_word' id='word_1_155' title='bbox 1767 2660 1977 2714; x_wconf 85' lang='lat' dir='ltr'>ferunt.</span> 
     </span>
    </p>
   </div>
   <div class='ocr_carea' id='block_1_27' title="bbox 435 2748 2085 2821">
    <p class='ocr_par' dir='ltr' id='par_1_27' title="bbox 435 2748 2085 2821">
     <span class='ocr_line' id='line_1_27' title="bbox 435 2748 2085 2821; baseline -0.003 -13"><span class='ocrx_word' id='word_1_156' title='bbox 435 2752 559 2808; x_wconf 88' lang='lat' dir='ltr'>Neu</span> <span class='ocrx_word' id='word_1_157' title='bbox 594 2750 813 2807; x_wconf 87' lang='lat' dir='ltr'>sanctis</span> <span class='ocrx_word' id='word_1_158' title='bbox 846 2766 1083 2821; x_wconf 88' lang='lat' dir='ltr'>operam</span> <span class='ocrx_word' id='word_1_159' title='bbox 1112 2753 1275 2821; x_wconf 88' lang='lat' dir='ltr'>putet</span> <span class='ocrx_word' id='word_1_160' title='bbox 1302 2749 1450 2803; x_wconf 91' lang='lat' dir='ltr'>hanc</span> <span class='ocrx_word' id='word_1_161' title='bbox 1480 2748 1753 2804; x_wconf 88' lang='lat' dir='ltr'>vilescere</span> <span class='ocrx_word' id='word_1_162' title='bbox 1771 2748 2085 2819; x_wconf 88' lang='lat' dir='ltr'>quisquam</span> 
     </span>
    </p>
   </div>
   <div class='ocr_carea' id='block_1_28' title="bbox 507 2838 1689 2909">
    <p class='ocr_par' dir='ltr' id='par_1_28' title="bbox 507 2838 1689 2909">
     <span class='ocr_line' id='line_1_28' title="bbox 507 2838 1689 2909; baseline -0.004 -13"><span class='ocrx_word' id='word_1_163' title='bbox 507 2840 615 2907; x_wconf 89' lang='lat' dir='ltr'>Qui</span> <span class='ocrx_word' id='word_1_164' title='bbox 648 2839 850 2896; x_wconf 88' lang='lat' dir='ltr'>stravit</span> <span class='ocrx_word' id='word_1_165' title='bbox 869 2838 1096 2895; x_wconf 89' lang='lat' dir='ltr'>Goliath</span> <span class='ocrx_word' id='word_1_166' title='bbox 1129 2838 1258 2909; x_wconf 83' lang='lat' dir='ltr'>ejus</span> <span class='ocrx_word' id='word_1_167' title='bbox 1290 2842 1517 2892; x_wconf 87' lang='lat' dir='ltr'>amator</span> <span class='ocrx_word' id='word_1_168' title='bbox 1546 2843 1689 2893; x_wconf 89' lang='lat' dir='ltr'>erat.</span> 
     </span>
    </p>
   </div>
   <div class='ocr_carea' id='block_1_29' title="bbox 437 2925 2086 3001">
    <p class='ocr_par' dir='ltr' id='par_1_29' title="bbox 437 2925 2086 3001">
     <span class='ocr_line' id='line_1_29' title="bbox 437 2925 2086 3001; baseline -0.004 -16"><span class='ocrx_word' id='word_1_169' title='bbox 437 2930 548 2986; x_wconf 84' lang='lat' dir='ltr'>Sex</span> <span class='ocrx_word' id='word_1_170' title='bbox 593 2932 799 3001; x_wconf 88' lang='lat' dir='ltr'>quater</span> <span class='ocrx_word' id='word_1_171' title='bbox 844 2944 973 2983; x_wconf 90' lang='lat' dir='ltr'>esse</span> <span class='ocrx_word' id='word_1_172' title='bbox 1024 2933 1239 2999; x_wconf 84' lang='lat' dir='ltr'>patres,</span> <span class='ocrx_word' id='word_1_173' title='bbox 1293 2926 1562 2999; x_wconf 86' lang='lat' dir='ltr'>cytharas</span> <span class='ocrx_word' id='word_1_174' title='bbox 1620 2925 1963 2998; x_wconf 87' lang='lat' dir='ltr'>phialasque</span> <span class='ocrx_word' id='word_1_175' title='bbox 2005 2930 2086 2980; x_wconf 93' lang='lat' dir='ltr'>te-</span> 
     </span>
    </p>
   </div>
   <div class='ocr_carea' id='block_1_30' title="bbox 1767 3016 2013 3086">
    <p class='ocr_par' dir='ltr' id='par_1_30' title="bbox 1767 3016 2013 3086">
     <span class='ocr_line' id='line_1_30' title="bbox 1767 3016 2013 3086; baseline 0 -16"><span class='ocrx_word' id='word_1_176' title='bbox 1767 3016 2013 3086; x_wconf 83' lang='lat' dir='ltr'>[nentss,</span> 
     </span>
    </p>
   </div>
   <div class='ocr_carea' id='block_1_31' title="bbox 503 3103 2086 3177">
    <p class='ocr_par' dir='ltr' id='par_1_31' title="bbox 503 3103 2086 3177">
     <span class='ocr_line' id='line_1_31' title="bbox 503 3103 2086 3177; baseline -0.003 -14"><span class='ocrx_word' id='word_1_177' title='bbox 503 3109 647 3163; x_wconf 86' lang='lat' dir='ltr'>Ante</span> <span class='ocrx_word' id='word_1_178' title='bbox 676 3105 777 3162; x_wconf 91' lang='lat' dir='ltr'>Dei</span> <span class='ocrx_word' id='word_1_179' title='bbox 799 3106 859 3177; x_wconf 81' lang='grc' dir='ltr'>[ι.</span> <span class='ocrx_word' id='word_1_180' title='bbox 912 3105 1211 3175; x_wconf 82' lang='lat' dir='ltr'>thronum]</span> <span class='ocrx_word' id='word_1_181' title='bbox 1259 3104 1400 3159; x_wconf 90' lang='lat' dir='ltr'>dicit</span> <span class='ocrx_word' id='word_1_182' title='bbox 1443 3105 1653 3176; x_wconf 82' lang='lat' dir='ltr'>pagina</span> <span class='ocrx_word' id='word_1_183' title='bbox 1708 3121 1872 3162; x_wconf 90' lang='lat' dir='ltr'>sacra</span> <span class='ocrx_word' id='word_1_184' title='bbox 1928 3103 2086 3159; x_wconf 88' lang='lat' dir='ltr'>thro-</span> 
     </span>
    </p>
   </div>
   <div class='ocr_carea' id='block_1_32' title="bbox 1506 3193 1936 3266">
    <p class='ocr_par' dir='ltr' id='par_1_32' title="bbox 1506 3193 1936 3266">
     <span class='ocr_line' id='line_1_32' title="bbox 1506 3193 1936 3266; baseline -0.002 -19"><span class='ocrx_word' id='word_1_185' title='bbox 1506 3194 1671 3266; x_wconf 87' lang='lat' dir='ltr'>[num</span> <span class='ocrx_word' id='word_1_186' title='bbox 1692 3195 1729 3248; x_wconf 85' lang='grc' dir='ltr'><em>ι.</em></span> <span class='ocrx_word' id='word_1_187' title='bbox 1791 3193 1936 3263; x_wconf 89' lang='lat' dir='ltr'>(Dei)</span> 
     </span>
    </p>
   </div>
   <div class='ocr_carea' id='block_1_33' title="bbox 431 3282 1849 3357">
    <p class='ocr_par' dir='ltr' id='par_1_33' title="bbox 431 3282 1849 3357">
     <span class='ocr_line' id='line_1_33' title="bbox 431 3282 1849 3357; baseline -0.002 -17"><span class='ocrx_word' id='word_1_188' title='bbox 431 3284 649 3357; x_wconf 84' lang='lat' dir='ltr'>Collige</span> <span class='ocrx_word' id='word_1_189' title='bbox 671 3283 811 3355; x_wconf 93' lang='lat' dir='ltr'>quid</span> <span class='ocrx_word' id='word_1_190' title='bbox 845 3283 922 3338; x_wconf 90' lang='lat' dir='ltr'>sit</span> <span class='ocrx_word' id='word_1_191' title='bbox 951 3283 1075 3338; x_wconf 90' lang='lat' dir='ltr'>ovis</span> <span class='ocrx_word' id='word_1_192' title='bbox 1107 3283 1279 3353; x_wconf 87' lang='lat' dir='ltr'>cujus</span> <span class='ocrx_word' id='word_1_193' title='bbox 1308 3300 1442 3355; x_wconf 90' lang='lat' dir='ltr'>pars</span> <span class='ocrx_word' id='word_1_194' title='bbox 1468 3283 1667 3337; x_wconf 79' lang='lat' dir='ltr'>inﬁma</span> <span class='ocrx_word' id='word_1_195' title='bbox 1688 3282 1849 3338; x_wconf 89' lang='lat' dir='ltr'>ccelis</span> 
     </span>
    </p>
   </div>
   <div class='ocr_carea' id='block_1_34' title="bbox 503 3370 1759 3443">
    <p class='ocr_par' dir='ltr' id='par_1_34' title="bbox 503 3370 1759 3443">
     <span class='ocr_line' id='line_1_34' title="bbox 503 3370 1759 3443; baseline -0.001 -17"><span class='ocrx_word' id='word_1_196' title='bbox 503 3370 853 3443; x_wconf 87' lang='lat' dir='ltr'>Suscipitur,</span> <span class='ocrx_word' id='word_1_197' title='bbox 888 3375 1124 3426; x_wconf 90' lang='lat' dir='ltr'>sanctas</span> <span class='ocrx_word' id='word_1_198' title='bbox 1144 3370 1478 3426; x_wconf 87' lang='lat' dir='ltr'>exhilarans</span> <span class='ocrx_word' id='word_1_199' title='bbox 1511 3371 1759 3426; x_wconf 87' lang='lat' dir='ltr'>animas.</span> 
     </span>
    </p>
   </div>
   <div class='ocr_carea' id='block_1_35' title="bbox 1166 3477 1368 3516">
    <p class='ocr_par' dir='ltr' id='par_1_35' title="bbox 1166 3477 1368 3516">
     <span class='ocr_line' id='line_1_35' title="bbox 1166 3477 1368 3516; baseline -0.01 -1"><span class='ocrx_word' id='word_1_200' title='bbox 1166 3477 1368 3516; x_wconf 82' lang='lat' dir='ltr'>LINUM.</span> 
     </span>
    </p>
   </div>
   <div class='ocr_carea' id='block_1_36' title="bbox 436 3547 1798 3619">
    <p class='ocr_par' dir='ltr' id='par_1_36' title="bbox 436 3547 1798 3619">
     <span class='ocr_line' id='line_1_36' title="bbox 436 3547 1798 3619; baseline 0.001 -18"><span class='ocrx_word' id='word_1_201' title='bbox 436 3548 559 3602; x_wconf 89' lang='lat' dir='ltr'>Non</span> <span class='ocrx_word' id='word_1_202' title='bbox 581 3563 730 3619; x_wconf 89' lang='lat' dir='ltr'>cpus</span> <span class='ocrx_word' id='word_1_203' title='bbox 759 3550 846 3602; x_wconf 89' lang='lat' dir='ltr'>est</span> <span class='ocrx_word' id='word_1_204' title='bbox 866 3548 1058 3604; x_wconf 88' lang='lat' dir='ltr'>verbis</span> <span class='ocrx_word' id='word_1_205' title='bbox 1079 3566 1092 3616; x_wconf 93' lang='lat'>;</span> <span class='ocrx_word' id='word_1_206' title='bbox 1116 3550 1310 3603; x_wconf 88' lang='lat' dir='ltr'>ovium</span> <span class='ocrx_word' id='word_1_207' title='bbox 1340 3548 1631 3603; x_wconf 86' lang='lat' dir='ltr'>balatibus</span> <span class='ocrx_word' id='word_1_208' title='bbox 1654 3547 1798 3619; x_wconf 89' lang='lat' dir='ltr'>ipsis</span> 
     </span>
    </p>
   </div>
   <div class='ocr_carea' id='block_1_37' title="bbox 510 3635 1687 3708">
    <p class='ocr_par' dir='ltr' id='par_1_37' title="bbox 510 3635 1687 3708">
     <span class='ocr_line' id='line_1_37' title="bbox 510 3635 1687 3708; baseline -0.001 -17"><span class='ocrx_word' id='word_1_209' title='bbox 510 3635 688 3702; x_wconf 89' lang='lat' dir='ltr'>Quale</span> <span class='ocrx_word' id='word_1_210' title='bbox 719 3635 901 3691; x_wconf 88' lang='lat' dir='ltr'>melos</span> <span class='ocrx_word' id='word_1_211' title='bbox 933 3636 1035 3692; x_wconf 85' lang='lat' dir='ltr'>fiat</span> <span class='ocrx_word' id='word_1_212' title='bbox 1065 3636 1261 3693; x_wconf 90' lang='lat' dir='ltr'>nescio</span> <span class='ocrx_word' id='word_1_213' title='bbox 1291 3653 1463 3708; x_wconf 89' lang='lat' dir='ltr'>quem</span> <span class='ocrx_word' id='word_1_214' title='bbox 1492 3635 1687 3691; x_wconf 88' lang='lat' dir='ltr'>lateat.</span> 
     </span>
    </p>
   </div>
   <div class='ocr_carea' id='block_1_38' title="bbox 432 3723 1977 3798">
    <p class='ocr_par' dir='ltr' id='par_1_38' title="bbox 432 3723 1977 3798">
     <span class='ocr_line' id='line_1_38' title="bbox 432 3723 1977 3798; baseline -0.002 -17"><span class='ocrx_word' id='word_1_215' title='bbox 432 3724 581 3781; x_wconf 89' lang='lat' dir='ltr'>Cum</span> <span class='ocrx_word' id='word_1_216' title='bbox 612 3730 793 3798; x_wconf 70' lang='lat' dir='ltr'>pastas</span> <span class='ocrx_word' id='word_1_217' title='bbox 825 3726 1093 3793; x_wconf 89' lang='lat' dir='ltr'>redeunt,</span> <span class='ocrx_word' id='word_1_218' title='bbox 1114 3725 1362 3780; x_wconf 89' lang='lat' dir='ltr'>tremulo</span> <span class='ocrx_word' id='word_1_219' title='bbox 1396 3724 1641 3779; x_wconf 88' lang='lat' dir='ltr'>stridore</span> <span class='ocrx_word' id='word_1_220' title='bbox 1673 3723 1977 3795; x_wconf 89' lang='lat' dir='ltr'>requirunt</span> 
     </span>
    </p>
   </div>
   <div class='ocr_carea' id='block_1_39' title="bbox 499 3812 1953 3885">
    <p class='ocr_par' dir='ltr' id='par_1_39' title="bbox 499 3812 1953 3885">
     <span class='ocr_line' id='line_1_39' title="bbox 499 3812 1953 3885; baseline -0.002 -16"><span class='ocrx_word' id='word_1_221' title='bbox 499 3814 654 3879; x_wconf 86' lang='lat' dir='ltr'>Quos</span> <span class='ocrx_word' id='word_1_222' title='bbox 683 3814 903 3871; x_wconf 85' lang='lat' dir='ltr'>lactent</span> <span class='ocrx_word' id='word_1_223' title='bbox 934 3815 1106 3869; x_wconf 84' lang='lat' dir='ltr'>foetus</span> <span class='ocrx_word' id='word_1_224' title='bbox 1142 3832 1155 3882; x_wconf 92' lang='lat'>;</span> <span class='ocrx_word' id='word_1_225' title='bbox 1183 3830 1359 3885; x_wconf 88' lang='lat' dir='ltr'>quam</span> <span class='ocrx_word' id='word_1_226' title='bbox 1391 3812 1581 3884; x_wconf 89' lang='lat' dir='ltr'>placet</span> <span class='ocrx_word' id='word_1_227' title='bbox 1610 3812 1704 3868; x_wconf 89' lang='lat' dir='ltr'>ille</span> <span class='ocrx_word' id='word_1_228' title='bbox 1735 3812 1953 3868; x_wconf 81' lang='lat' dir='ltr'>sonus!</span> 
     </span>
    </p>
   </div>
   <div class='ocr_carea' id='block_1_40' title="bbox 430 3901 2080 3975">
    <p class='ocr_par' dir='ltr' id='par_1_40' title="bbox 430 3901 2080 3975">
     <span class='ocr_line' id='line_1_40' title="bbox 430 3901 2080 3975; baseline -0.003 -16"><span class='ocrx_word' id='word_1_229' title='bbox 430 3904 594 3969; x_wconf 83' lang='lat' dir='ltr'>Quod</span> <span class='ocrx_word' id='word_1_230' title='bbox 616 3908 782 3975; x_wconf 87' lang='lat' dir='ltr'>parat</span> <span class='ocrx_word' id='word_1_231' title='bbox 812 3904 1108 3958; x_wconf 86' lang='lat' dir='ltr'>interdum</span> <span class='ocrx_word' id='word_1_232' title='bbox 1139 3907 1340 3975; x_wconf 89' lang='lat' dir='ltr'>tergus</span> <span class='ocrx_word' id='word_1_233' title='bbox 1373 3901 1484 3957; x_wconf 89' lang='lat' dir='ltr'>sibi</span> <span class='ocrx_word' id='word_1_234' title='bbox 1516 3902 1766 3973; x_wconf 89' lang='lat' dir='ltr'>scriptor</span> <span class='ocrx_word' id='word_1_235' title='bbox 1821 3901 2080 3970; x_wconf 89' lang='lat' dir='ltr'>ovinum,</span> 
     </span>
    </p>
   </div>
   <div class='ocr_carea' id='block_1_41' title="bbox 502 3989 1759 4062">
    <p class='ocr_par' dir='ltr' id='par_1_41' title="bbox 502 3989 1759 4062">
     <span class='ocr_line' id='line_1_41' title="bbox 502 3989 1759 4062; baseline 0.001 -18"><span class='ocrx_word' id='word_1_236' title='bbox 502 3990 601 4044; x_wconf 87' lang='lat' dir='ltr'>Est</span> <span class='ocrx_word' id='word_1_237' title='bbox 633 3992 904 4061; x_wconf 89' lang='lat' dir='ltr'>equidem</span> <span class='ocrx_word' id='word_1_238' title='bbox 939 3990 1156 4060; x_wconf 68' lang='lat' dir='ltr'>quaevis</span> <span class='ocrx_word' id='word_1_239' title='bbox 1188 3990 1511 4062; x_wconf 89' lang='lat' dir='ltr'>gloria,sed</span> <span class='ocrx_word' id='word_1_240' title='bbox 1547 3989 1759 4058; x_wconf 82' lang='lat' dir='ltr'>facilis;</span> 
     </span>
    </p>
   </div>
   <div class='ocr_carea' id='block_1_42' title="bbox 428 4077 1889 4150">
    <p class='ocr_par' dir='ltr' id='par_1_42' title="bbox 428 4077 1889 4150">
     <span class='ocr_line' id='line_1_42' title="bbox 428 4077 1889 4150; baseline 0.001 -19"><span class='ocrx_word' id='word_1_241' title='bbox 428 4077 653 4132; x_wconf 85' lang='lat' dir='ltr'>Justior</span> <span class='ocrx_word' id='word_1_242' title='bbox 672 4078 794 4132; x_wconf 71' lang='lat' dir='ltr'>haec</span> <span class='ocrx_word' id='word_1_243' title='bbox 813 4077 1034 4146; x_wconf 87' lang='lat' dir='ltr'>vitulis,</span> <span class='ocrx_word' id='word_1_244' title='bbox 1069 4078 1190 4133; x_wconf 82' lang='lat' dir='ltr'>haec</span> <span class='ocrx_word' id='word_1_245' title='bbox 1214 4078 1401 4150; x_wconf 81' lang='lat' dir='ltr'>gloria</span> <span class='ocrx_word' id='word_1_246' title='bbox 1421 4080 1641 4150; x_wconf 89' lang='lat' dir='ltr'>justior</span> <span class='ocrx_word' id='word_1_247' title='bbox 1671 4079 1852 4134; x_wconf 72' lang='lat' dir='ltr'>haadis</span> <span class='ocrx_word' id='word_1_248' title='bbox 1877 4097 1889 4146; x_wconf 91' lang='lat'>;</span> 
     </span>
    </p>
   </div>
   <div class='ocr_carea' id='block_1_43' title="bbox 503 4164 1609 4238">
    <p class='ocr_par' dir='ltr' id='par_1_43' title="bbox 503 4164 1609 4238">
     <span class='ocr_line' id='line_1_43' title="bbox 503 4164 1609 4238; baseline 0.001 -19"><span class='ocrx_word' id='word_1_249' title='bbox 503 4165 813 4221; x_wconf 65' lang='lat' dir='ltr'>Haedorum</span> <span class='ocrx_word' id='word_1_250' title='bbox 836 4164 1009 4238; x_wconf 90' lang='lat' dir='ltr'>pallis</span> <span class='ocrx_word' id='word_1_251' title='bbox 1039 4166 1230 4237; x_wconf 91' lang='lat' dir='ltr'>aptior</span> <span class='ocrx_word' id='word_1_252' title='bbox 1251 4166 1343 4221; x_wconf 91' lang='lat' dir='ltr'>his</span> <span class='ocrx_word' id='word_1_253' title='bbox 1375 4168 1609 4223; x_wconf 88' lang='lat' dir='ltr'>studiis.</span> 
     </span>
    </p>
   </div>
   <div class='ocr_carea' id='block_1_44' title="bbox 431 4254 2080 4330">
    <p class='ocr_par' dir='ltr' id='par_1_44' title="bbox 431 4254 2080 4330">
     <span class='ocr_line' id='line_1_44' title="bbox 431 4254 2080 4330; baseline 0.003 -21"><span class='ocrx_word' id='word_1_254' title='bbox 431 4254 693 4326; x_wconf 88' lang='lat' dir='ltr'>Denique</span> <span class='ocrx_word' id='word_1_255' title='bbox 726 4254 813 4309; x_wconf 84' lang='lat' dir='ltr'>fac</span> <span class='ocrx_word' id='word_1_256' title='bbox 834 4254 1031 4309; x_wconf 89' lang='lat' dir='ltr'>ovium</span> <span class='ocrx_word' id='word_1_257' title='bbox 1085 4272 1390 4327; x_wconf 86' lang='lat' dir='ltr'>nunquam</span> <span class='ocrx_word' id='word_1_258' title='bbox 1423 4274 1608 4330; x_wconf 88' lang='lat' dir='ltr'>genus</span> <span class='ocrx_word' id='word_1_259' title='bbox 1627 4273 1753 4312; x_wconf 84' lang='lat' dir='ltr'>esse</span> <span class='ocrx_word' id='word_1_260' title='bbox 1801 4263 2080 4326; x_wconf 89' lang='lat' dir='ltr'>creatum,</span> 
     </span>
    </p>
   </div>
   <div class='ocr_carea' id='block_1_45' title="bbox 501 4342 1899 4419">
    <p class='ocr_par' dir='ltr' id='par_1_45' title="bbox 501 4342 1899 4419">
     <span class='ocr_line' id='line_1_45' title="bbox 501 4342 1899 4419; baseline 0.003 -22"><span class='ocrx_word' id='word_1_261' title='bbox 501 4342 617 4398; x_wconf 90' lang='lat' dir='ltr'>Hos</span> <span class='ocrx_word' id='word_1_262' title='bbox 649 4360 793 4399; x_wconf 88' lang='lat' dir='ltr'>usus</span> <span class='ocrx_word' id='word_1_263' title='bbox 815 4343 1088 4415; x_wconf 88' lang='lat' dir='ltr'>nunquid</span> <span class='ocrx_word' id='word_1_264' title='bbox 1119 4345 1381 4401; x_wconf 89' lang='lat' dir='ltr'>mundus</span> <span class='ocrx_word' id='word_1_265' title='bbox 1409 4346 1622 4401; x_wconf 89' lang='lat' dir='ltr'>habere</span> <span class='ocrx_word' id='word_1_266' title='bbox 1653 4347 1899 4419; x_wconf 87' lang='lat' dir='ltr'>nequit?</span> 
     </span>
    </p>
   </div>
   <div class='ocr_carea' id='block_1_46' title="bbox 433 4431 1731 4507">
    <p class='ocr_par' dir='ltr' id='par_1_46' title="bbox 433 4431 1731 4507">
     <span class='ocr_line' id='line_1_46' title="bbox 433 4431 1731 4507; baseline 0.003 -20"><span class='ocrx_word' id='word_1_267' title='bbox 433 4431 583 4488; x_wconf 88' lang='lat' dir='ltr'>Illud</span> <span class='ocrx_word' id='word_1_268' title='bbox 616 4431 871 4489; x_wconf 91' lang='lat' dir='ltr'>ludibrio</span> <span class='ocrx_word' id='word_1_269' title='bbox 902 4433 1147 4506; x_wconf 90' lang='lat' dir='ltr'>dignum</span> <span class='ocrx_word' id='word_1_270' title='bbox 1170 4450 1299 4489; x_wconf 89' lang='lat' dir='ltr'>reor</span> <span class='ocrx_word' id='word_1_271' title='bbox 1319 4451 1446 4490; x_wconf 89' lang='lat' dir='ltr'>esse</span> <span class='ocrx_word' id='word_1_272' title='bbox 1477 4436 1731 4507; x_wconf 86' lang='lat' dir='ltr'>profecto</span> 
     </span>
    </p>
   </div>
   <div class='ocr_carea' id='block_1_47' title="bbox 500 4522 1795 4594">
    <p class='ocr_par' dir='ltr' id='par_1_47' title="bbox 500 4522 1795 4594">
     <span class='ocr_line' id='line_1_47' title="bbox 500 4522 1795 4594; baseline 0.002 -16"><span class='ocrx_word' id='word_1_273' title='bbox 500 4522 662 4586; x_wconf 91' lang='lat' dir='ltr'>Quod</span> <span class='ocrx_word' id='word_1_274' title='bbox 685 4523 912 4594; x_wconf 86' lang='lat' dir='ltr'>jactas:</span> <span class='ocrx_word' id='word_1_275' title='bbox 945 4525 1164 4579; x_wconf 87' lang='lat' dir='ltr'>sanctis</span> <span class='ocrx_word' id='word_1_276' title='bbox 1188 4524 1431 4579; x_wconf 83' lang='lat' dir='ltr'>artubus</span> <span class='ocrx_word' id='word_1_277' title='bbox 1454 4525 1631 4581; x_wconf 75' lang='lat' dir='ltr'>haeret</span> <span class='ocrx_word' id='word_1_278' title='bbox 1652 4525 1795 4581; x_wconf 87' lang='lat' dir='ltr'>ovis.</span> 
     </span>
    </p>
   </div>
   <div class='ocr_carea' id='block_1_48' title="bbox 1264 369 3051 442">
    <p class='ocr_par' dir='ltr' id='par_1_48' title="bbox 1264 369 3051 442">
     <span class='ocr_line' id='line_1_48' title="bbox 1264 369 3051 442; baseline -0.006 -1"><span class='ocrx_word' id='word_1_279' title='bbox 1264 379 1682 442; x_wconf 78' lang='lat' dir='ltr'>HERMANNI</span> <span class='ocrx_word' id='word_1_280' title='bbox 1726 373 2163 438; x_wconf 79' lang='lat' dir='ltr'>CONTRAC&#39;I‘I</span> <span class='ocrx_word' id='word_1_281' title='bbox 2210 373 2627 435; x_wconf 80' lang='lat' dir='ltr'>AUGIENSIS</span> <span class='ocrx_word' id='word_1_282' title='bbox 2675 369 3051 434; x_wconf 86' lang='lat' dir='ltr'>MONACHI.</span> 
     </span>
    </p>
   </div>
   <div class='ocr_carea' id='block_1_49' title="bbox 3736 331 3875 431">
    <p class='ocr_par' dir='ltr' id='par_1_49' title="bbox 3736 331 3875 431">
     <span class='ocr_line' id='line_1_49' title="bbox 3736 331 3875 431; baseline 0 -1"><span class='ocrx_word' id='word_1_283' title='bbox 3736 331 3875 431; x_wconf 35' lang='lat'>452‘</span> 
     </span>
    </p>
   </div>
   <div class='ocr_carea' id='block_1_50' title="bbox 2123 514 3467 594">
    <p class='ocr_par' dir='ltr' id='par_1_50' title="bbox 2123 514 3467 594">
     <span class='ocr_line' id='line_1_50' title="bbox 2123 514 3467 594; baseline -0.004 -14"><span class='ocrx_word' id='word_1_284' title='bbox 2123 514 2172 580; x_wconf 80' lang='grc' dir='ltr'><strong>Α</strong></span> <span class='ocrx_word' id='word_1_285' title='bbox 2207 526 2433 591; x_wconf 86' lang='lat' dir='ltr'>Quanta</span> <span class='ocrx_word' id='word_1_286' title='bbox 2478 526 2663 579; x_wconf 80' lang='lat' dir='ltr'>ferant</span> <span class='ocrx_word' id='word_1_287' title='bbox 2689 526 2835 578; x_wconf 80' lang='lat' dir='ltr'>sacri</span> <span class='ocrx_word' id='word_1_288' title='bbox 2868 522 2983 579; x_wconf 91' lang='lat' dir='ltr'>lino</span> <span class='ocrx_word' id='word_1_289' title='bbox 3019 522 3305 594; x_wconf 65' lang='lat' dir='ltr'>praeconia</span> <span class='ocrx_word' id='word_1_290' title='bbox 3334 519 3467 575; x_wconf 88' lang='lat' dir='ltr'>libri</span> 
     </span>
    </p>
   </div>
   <div class='ocr_carea' id='block_1_51' title="bbox 2279 608 3566 685">
    <p class='ocr_par' dir='ltr' id='par_1_51' title="bbox 2279 608 3566 685">
     <span class='ocr_line' id='line_1_51' title="bbox 2279 608 3566 685; baseline -0.004 -17"><span class='ocrx_word' id='word_1_291' title='bbox 2279 614 2819 685; x_wconf 79' lang='lat' dir='ltr'>Forsitaniguoras,</span> <span class='ocrx_word' id='word_1_292' title='bbox 2854 618 2974 679; x_wconf 84' lang='lat' dir='ltr'>aut,</span> <span class='ocrx_word' id='word_1_293' title='bbox 3008 618 3166 683; x_wconf 83' lang='lat' dir='ltr'>puto,</span> <span class='ocrx_word' id='word_1_294' title='bbox 3203 608 3566 666; x_wconf 89' lang='lat' dir='ltr'>dissimulas.</span> 
     </span>
    </p>
   </div>
   <div class='ocr_carea' id='block_1_52' title="bbox 2207 686 3719 775">
    <p class='ocr_par' dir='ltr' id='par_1_52' title="bbox 2207 686 3719 775">
     <span class='ocr_line' id='line_1_52' title="bbox 2207 686 3719 775; baseline -0.001 -18"><span class='ocrx_word' id='word_1_295' title='bbox 2207 704 2268 758; x_wconf 91' lang='lat' dir='ltr'>In</span> <span class='ocrx_word' id='word_1_296' title='bbox 2302 702 2516 775; x_wconf 87' lang='lat' dir='ltr'>Moysis</span> <span class='ocrx_word' id='word_1_297' title='bbox 2546 702 2714 758; x_wconf 87' lang='lat' dir='ltr'>libris</span> <span class='ocrx_word' id='word_1_298' title='bbox 2742 703 3000 774; x_wconf 80' lang='lat' dir='ltr'>(Moysen</span> <span class='ocrx_word' id='word_1_299' title='bbox 3017 700 3226 773; x_wconf 87' lang='lat' dir='ltr'>recipit</span> <span class='ocrx_word' id='word_1_300' title='bbox 3245 686 3431 756; x_wconf 86' lang='lat' dir='ltr'>canon</span> <span class='ocrx_word' id='word_1_301' title='bbox 3480 698 3719 768; x_wconf 89' lang='lat' dir='ltr'>omnis),</span> 
     </span>
    </p>
   </div>
   <div class='ocr_carea' id='block_1_53' title="bbox 2276 789 3297 865">
    <p class='ocr_par' dir='ltr' id='par_1_53' title="bbox 2276 789 3297 865">
     <span class='ocr_line' id='line_1_53' title="bbox 2276 789 3297 865; baseline -0.002 -18"><span class='ocrx_word' id='word_1_302' title='bbox 2276 792 2397 848; x_wconf 91' lang='lat' dir='ltr'>Imo</span> <span class='ocrx_word' id='word_1_303' title='bbox 2429 791 2620 865; x_wconf 84' lang='lat' dir='ltr'>legisti</span> <span class='ocrx_word' id='word_1_304' title='bbox 2651 792 2897 863; x_wconf 88' lang='lat' dir='ltr'>mystica</span> <span class='ocrx_word' id='word_1_305' title='bbox 2917 789 3105 847; x_wconf 88' lang='lat' dir='ltr'>multa</span> <span class='ocrx_word' id='word_1_306' title='bbox 3142 789 3297 862; x_wconf 85' lang='lat' dir='ltr'>geri;</span> 
     </span>
    </p>
   </div>
   <div class='ocr_carea' id='block_1_54' title="bbox 2202 877 3633 953">
    <p class='ocr_par' dir='ltr' id='par_1_54' title="bbox 2202 877 3633 953">
     <span class='ocr_line' id='line_1_54' title="bbox 2202 877 3633 953; baseline -0.001 -18"><span class='ocrx_word' id='word_1_307' title='bbox 2202 881 2416 936; x_wconf 88' lang='lat' dir='ltr'>Multas</span> <span class='ocrx_word' id='word_1_308' title='bbox 2449 881 2574 953; x_wconf 91' lang='lat' dir='ltr'>ipse</span> <span class='ocrx_word' id='word_1_309' title='bbox 2602 881 2754 935; x_wconf 91' lang='lat' dir='ltr'>Deus</span> <span class='ocrx_word' id='word_1_310' title='bbox 2786 879 2970 935; x_wconf 88' lang='lat' dir='ltr'>linum</span> <span class='ocrx_word' id='word_1_311' title='bbox 3005 879 3113 933; x_wconf 90' lang='lat' dir='ltr'>sibi</span> <span class='ocrx_word' id='word_1_312' title='bbox 3146 877 3338 950; x_wconf 90' lang='lat' dir='ltr'>poscit</span> <span class='ocrx_word' id='word_1_313' title='bbox 3362 877 3421 933; x_wconf 92' lang='lat' dir='ltr'>in</span> <span class='ocrx_word' id='word_1_314' title='bbox 3449 894 3633 945; x_wconf 90' lang='lat' dir='ltr'>usus;</span> 
     </span>
    </p>
   </div>
   <div class='ocr_carea' id='block_1_55' title="bbox 2272 966 3679 1043">
    <p class='ocr_par' dir='ltr' id='par_1_55' title="bbox 2272 966 3679 1043">
     <span class='ocr_line' id='line_1_55' title="bbox 2272 966 3679 1043; baseline -0.003 -18"><span class='ocrx_word' id='word_1_315' title='bbox 2272 969 2462 1025; x_wconf 88' lang='lat' dir='ltr'>Pauca</span> <span class='ocrx_word' id='word_1_316' title='bbox 2483 975 2680 1043; x_wconf 77' lang='lat' dir='ltr'>tamen</span> <span class='ocrx_word' id='word_1_317' title='bbox 2714 968 2963 1023; x_wconf 88' lang='lat' dir='ltr'>breviter</span> <span class='ocrx_word' id='word_1_318' title='bbox 2992 982 3450 1023; x_wconf 82' lang='lat' dir='ltr'>commemorare</span> <span class='ocrx_word' id='word_1_319' title='bbox 3471 966 3679 1040; x_wconf 81' lang='lat' dir='ltr'>placet.</span> 
     </span>
    </p>
   </div>
   <div class='ocr_carea' id='block_1_56' title="bbox 2201 1055 3659 1131">
    <p class='ocr_par' dir='ltr' id='par_1_56' title="bbox 2201 1055 3659 1131">
     <span class='ocr_line' id='line_1_56' title="bbox 2201 1055 3659 1131; baseline -0.001 -18"><span class='ocrx_word' id='word_1_320' title='bbox 2201 1059 2335 1122; x_wconf 70' lang='lat' dir='ltr'>Quae</span> <span class='ocrx_word' id='word_1_321' title='bbox 2367 1060 2579 1115; x_wconf 88' lang='lat' dir='ltr'>domus</span> <span class='ocrx_word' id='word_1_322' title='bbox 2606 1058 2854 1131; x_wconf 82' lang='lat' dir='ltr'>insignis</span> <span class='ocrx_word' id='word_1_323' title='bbox 2882 1057 3070 1129; x_wconf 88' lang='lat' dir='ltr'>spatio</span> <span class='ocrx_word' id='word_1_324' title='bbox 3104 1056 3378 1112; x_wconf 90' lang='lat' dir='ltr'>meritove</span> <span class='ocrx_word' id='word_1_325' title='bbox 3409 1055 3659 1123; x_wconf 79' lang='lat' dir='ltr'>decoris,</span> 
     </span>
    </p>
   </div>
   <div class='ocr_carea' id='block_1_57' title="bbox 2272 1144 3620 1219">
    <p class='ocr_par' dir='ltr' id='par_1_57' title="bbox 2272 1144 3620 1219">
     <span class='ocr_line' id='line_1_57' title="bbox 2272 1144 3620 1219; baseline -0.003 -16"><span class='ocrx_word' id='word_1_326' title='bbox 2272 1147 2849 1219; x_wconf 88' lang='lat' dir='ltr'>Incircumscriptum</span> <span class='ocrx_word' id='word_1_327' title='bbox 2882 1162 3013 1218; x_wconf 65' lang='lat' dir='ltr'>quae</span> <span class='ocrx_word' id='word_1_328' title='bbox 3042 1145 3197 1218; x_wconf 90' lang='lat' dir='ltr'>capit</span> <span class='ocrx_word' id='word_1_329' title='bbox 3225 1144 3359 1201; x_wconf 89' lang='lat' dir='ltr'>aula</span> <span class='ocrx_word' id='word_1_330' title='bbox 3389 1144 3620 1200; x_wconf 82' lang='lat' dir='ltr'>Deum?</span> 
     </span>
    </p>
   </div>
   <div class='ocr_carea' id='block_1_58' title="bbox 2199 1234 3609 1308">
    <p class='ocr_par' dir='ltr' id='par_1_58' title="bbox 2199 1234 3609 1308">
     <span class='ocr_line' id='line_1_58' title="bbox 2199 1234 3609 1308; baseline -0.001 -18"><span class='ocrx_word' id='word_1_331' title='bbox 2199 1238 2265 1290; x_wconf 90' lang='lat' dir='ltr'>Et</span> <span class='ocrx_word' id='word_1_332' title='bbox 2294 1241 2489 1293; x_wconf 91' lang='lat' dir='ltr'>tamen</span> <span class='ocrx_word' id='word_1_333' title='bbox 2514 1237 2638 1308; x_wconf 90' lang='lat' dir='ltr'>ipse</span> <span class='ocrx_word' id='word_1_334' title='bbox 2672 1236 2782 1292; x_wconf 90' lang='lat' dir='ltr'>sibi</span> <span class='ocrx_word' id='word_1_335' title='bbox 2815 1235 3044 1291; x_wconf 87' lang='lat' dir='ltr'>dictans</span> <span class='ocrx_word' id='word_1_336' title='bbox 3075 1234 3418 1291; x_wconf 88' lang='lat' dir='ltr'>habitacula</span> <span class='ocrx_word' id='word_1_337' title='bbox 3448 1234 3609 1306; x_wconf 90' lang='lat' dir='ltr'>poni,</span> 
     </span>
    </p>
   </div>
   <div class='ocr_carea' id='block_1_59' title="bbox 2268 1323 3490 1398">
    <p class='ocr_par' dir='ltr' id='par_1_59' title="bbox 2268 1323 3490 1398">
     <span class='ocr_line' id='line_1_59' title="bbox 2268 1323 3490 1398; baseline -0.001 -18"><span class='ocrx_word' id='word_1_338' title='bbox 2268 1325 2477 1380; x_wconf 84' lang='lat' dir='ltr'>Linum</span> <span class='ocrx_word' id='word_1_339' title='bbox 2503 1326 2788 1398; x_wconf 70' lang='lat' dir='ltr'>praecipue</span> <span class='ocrx_word' id='word_1_340' title='bbox 2821 1325 3029 1397; x_wconf 68' lang='lat' dir='ltr'>quaerit</span> <span class='ocrx_word' id='word_1_341' title='bbox 3056 1325 3114 1378; x_wconf 89' lang='lat' dir='ltr'>in</span> <span class='ocrx_word' id='word_1_342' title='bbox 3145 1323 3255 1379; x_wconf 91' lang='lat' dir='ltr'>hoc</span> <span class='ocrx_word' id='word_1_343' title='bbox 3285 1340 3490 1395; x_wconf 91' lang='lat' dir='ltr'>opere;</span> 
     </span>
    </p>
   </div>
   <div class='ocr_carea' id='block_1_60' title="bbox 2197 1412 3682 1486">
    <p class='ocr_par' dir='ltr' id='par_1_60' title="bbox 2197 1412 3682 1486">
     <span class='ocr_line' id='line_1_60' title="bbox 2197 1412 3682 1486; baseline 0 -18"><span class='ocrx_word' id='word_1_344' title='bbox 2197 1413 2459 1472; x_wconf 89' lang='lat' dir='ltr'>Cortinas</span> <span class='ocrx_word' id='word_1_345' title='bbox 2491 1415 2669 1471; x_wconf 90' lang='lat' dir='ltr'>istum</span> <span class='ocrx_word' id='word_1_346' title='bbox 2704 1416 2795 1469; x_wconf 90' lang='lat' dir='ltr'>bis</span> <span class='ocrx_word' id='word_1_347' title='bbox 2826 1414 3084 1485; x_wconf 90' lang='lat' dir='ltr'>quinque</span> <span class='ocrx_word' id='word_1_348' title='bbox 3115 1412 3357 1486; x_wconf 89' lang='lat' dir='ltr'>requirit</span> <span class='ocrx_word' id='word_1_349' title='bbox 3380 1412 3438 1468; x_wconf 90' lang='lat' dir='ltr'>in</span> <span class='ocrx_word' id='word_1_350' title='bbox 3471 1429 3682 1481; x_wconf 89' lang='lat' dir='ltr'>usum;</span> 
     </span>
    </p>
   </div>
   <div class='ocr_carea' id='block_1_61' title="bbox 2270 1502 3506 1577">
    <p class='ocr_par' dir='ltr' id='par_1_61' title="bbox 2270 1502 3506 1577">
     <span class='ocr_line' id='line_1_61' title="bbox 2270 1502 3506 1577; baseline -0.003 -18"><span class='ocrx_word' id='word_1_351' title='bbox 2270 1504 2347 1559; x_wconf 90' lang='lat' dir='ltr'>Ex</span> <span class='ocrx_word' id='word_1_352' title='bbox 2378 1504 2469 1559; x_wconf 91' lang='lat' dir='ltr'>his</span> <span class='ocrx_word' id='word_1_353' title='bbox 2502 1504 2718 1577; x_wconf 91' lang='lat' dir='ltr'>quippe</span> <span class='ocrx_word' id='word_1_354' title='bbox 2739 1505 2952 1559; x_wconf 88' lang='lat' dir='ltr'>domus</span> <span class='ocrx_word' id='word_1_355' title='bbox 2976 1502 3205 1557; x_wconf 69' lang='lat' dir='ltr'>faaderis</span> <span class='ocrx_word' id='word_1_356' title='bbox 3235 1502 3506 1558; x_wconf 80' lang='lat' dir='ltr'>efﬁcitur.</span> 
     </span>
    </p>
   </div>
   <div class='ocr_carea' id='block_1_62' title="bbox 2196 1593 3530 1665">
    <p class='ocr_par' dir='ltr' id='par_1_62' title="bbox 2196 1593 3530 1665">
     <span class='ocr_line' id='line_1_62' title="bbox 2196 1593 3530 1665; baseline 0.001 -19"><span class='ocrx_word' id='word_1_357' title='bbox 2196 1596 2313 1647; x_wconf 89' lang='lat' dir='ltr'>Has</span> <span class='ocrx_word' id='word_1_358' title='bbox 2346 1593 2526 1665; x_wconf 84' lang='lat' dir='ltr'>Moysi</span> <span class='ocrx_word' id='word_1_359' title='bbox 2559 1595 2799 1649; x_wconf 88' lang='lat' dir='ltr'>mandat</span> <span class='ocrx_word' id='word_1_360' title='bbox 2828 1595 2898 1648; x_wconf 91' lang='lat' dir='ltr'>de</span> <span class='ocrx_word' id='word_1_361' title='bbox 2931 1594 3106 1663; x_wconf 81' lang='lat' dir='ltr'>bysso</span> <span class='ocrx_word' id='word_1_362' title='bbox 3136 1598 3327 1647; x_wconf 86' lang='lat' dir='ltr'>texere</span> <span class='ocrx_word' id='word_1_363' title='bbox 3357 1595 3530 1655; x_wconf 90' lang='lat' dir='ltr'>torta,</span> 
     </span>
    </p>
   </div>
   <div class='ocr_carea' id='block_1_63' title="bbox 2265 1680 3385 1754">
    <p class='ocr_par' dir='ltr' id='par_1_63' title="bbox 2265 1680 3385 1754">
     <span class='ocr_line' id='line_1_63' title="bbox 2265 1680 3385 1754; baseline 0 -18"><span class='ocrx_word' id='word_1_364' title='bbox 2265 1682 2333 1736; x_wconf 88' lang='lat' dir='ltr'>Et</span> <span class='ocrx_word' id='word_1_365' title='bbox 2363 1698 2550 1754; x_wconf 89' lang='lat' dir='ltr'>genus</span> <span class='ocrx_word' id='word_1_366' title='bbox 2573 1687 2664 1738; x_wconf 90' lang='lat' dir='ltr'>est</span> <span class='ocrx_word' id='word_1_367' title='bbox 2693 1682 2799 1737; x_wconf 90' lang='lat' dir='ltr'>lini</span> <span class='ocrx_word' id='word_1_368' title='bbox 2834 1682 3028 1737; x_wconf 90' lang='lat' dir='ltr'>mollis</span> <span class='ocrx_word' id='word_1_369' title='bbox 3059 1686 3116 1736; x_wconf 91' lang='lat' dir='ltr'>et</span> <span class='ocrx_word' id='word_1_370' title='bbox 3147 1680 3385 1753; x_wconf 81' lang='lat' dir='ltr'>egregii.</span> 
     </span>
    </p>
   </div>
   <div class='ocr_carea' id='block_1_64' title="bbox 2193 1768 3577 1843">
    <p class='ocr_par' dir='ltr' id='par_1_64' title="bbox 2193 1768 3577 1843">
     <span class='ocr_line' id='line_1_64' title="bbox 2193 1768 3577 1843; baseline -0.001 -18"><span class='ocrx_word' id='word_1_371' title='bbox 2193 1768 2295 1825; x_wconf 86' lang='lat' dir='ltr'>Ille</span> <span class='ocrx_word' id='word_1_372' title='bbox 2326 1770 2426 1826; x_wconf 91' lang='lat' dir='ltr'>Dei</span> <span class='ocrx_word' id='word_1_373' title='bbox 2459 1771 2670 1843; x_wconf 89' lang='lat' dir='ltr'>plenus</span> <span class='ocrx_word' id='word_1_374' title='bbox 2698 1771 3029 1827; x_wconf 88' lang='lat' dir='ltr'>venerando</span> <span class='ocrx_word' id='word_1_375' title='bbox 3056 1787 3190 1825; x_wconf 90' lang='lat' dir='ltr'>cum</span> <span class='ocrx_word' id='word_1_376' title='bbox 3223 1770 3370 1825; x_wconf 90' lang='lat' dir='ltr'>duce</span> <span class='ocrx_word' id='word_1_377' title='bbox 3396 1771 3577 1824; x_wconf 66' lang='lat' dir='ltr'>enatus</span> 
     </span>
    </p>
   </div>
   <div class='ocr_carea' id='block_1_65' title="bbox 2119 1858 3522 1952">
    <p class='ocr_par' dir='ltr' id='par_1_65' title="bbox 2119 1858 3522 1952">
     <span class='ocr_line' id='line_1_65' title="bbox 2119 1858 3522 1952; baseline -0.001 -39"><span class='ocrx_word' id='word_1_378' title='bbox 2119 1888 2167 1952; x_wconf 77' lang='grc' dir='ltr'><strong>Β</strong></span> <span class='ocrx_word' id='word_1_379' title='bbox 2268 1859 2401 1914; x_wconf 89' lang='lat' dir='ltr'>Tale</span> <span class='ocrx_word' id='word_1_380' title='bbox 2432 1877 2534 1932; x_wconf 89' lang='lat' dir='ltr'>per</span> <span class='ocrx_word' id='word_1_381' title='bbox 2563 1861 2885 1933; x_wconf 87' lang='lat' dir='ltr'>hospitium</span> <span class='ocrx_word' id='word_1_382' title='bbox 2920 1875 3291 1931; x_wconf 87' lang='lat' dir='ltr'>promeruere</span> <span class='ocrx_word' id='word_1_383' title='bbox 3317 1858 3522 1914; x_wconf 90' lang='lat' dir='ltr'>Deum.</span> 
     </span>
    </p>
   </div>
   <div class='ocr_carea' id='block_1_66' title="bbox 2201 1947 3349 2019">
    <p class='ocr_par' dir='ltr' id='par_1_66' title="bbox 2201 1947 3349 2019">
     <span class='ocr_line' id='line_1_66' title="bbox 2201 1947 3349 2019; baseline 0 -18"><span class='ocrx_word' id='word_1_384' title='bbox 2201 1947 2273 2001; x_wconf 91' lang='lat' dir='ltr'>Se</span> <span class='ocrx_word' id='word_1_385' title='bbox 2297 1948 2470 2019; x_wconf 85' lang='lat' dir='ltr'>bysso</span> <span class='ocrx_word' id='word_1_386' title='bbox 2500 1953 2651 2005; x_wconf 88' lang='lat' dir='ltr'>torta</span> <span class='ocrx_word' id='word_1_387' title='bbox 2680 1949 2904 2004; x_wconf 87' lang='lat' dir='ltr'>velatur</span> <span class='ocrx_word' id='word_1_388' title='bbox 2934 1948 3166 2003; x_wconf 80' lang='lat' dir='ltr'>foederis</span> <span class='ocrx_word' id='word_1_389' title='bbox 3197 1963 3349 2012; x_wconf 85' lang='lat' dir='ltr'>arca,</span> 
     </span>
    </p>
   </div>
   <div class='ocr_carea' id='block_1_67' title="bbox 2273 2036 3323 2094">
    <p class='ocr_par' dir='ltr' id='par_1_67' title="bbox 2273 2036 3323 2094">
     <span class='ocr_line' id='line_1_67' title="bbox 2273 2036 3323 2094; baseline -0.002 -3"><span class='ocrx_word' id='word_1_390' title='bbox 2273 2036 2431 2092; x_wconf 84' lang='lat' dir='ltr'>Felix</span> <span class='ocrx_word' id='word_1_391' title='bbox 2460 2043 2579 2093; x_wconf 88' lang='lat' dir='ltr'>tam</span> <span class='ocrx_word' id='word_1_392' title='bbox 2614 2039 2763 2094; x_wconf 87' lang='lat' dir='ltr'>sacri</span> <span class='ocrx_word' id='word_1_393' title='bbox 2798 2054 2942 2093; x_wconf 90' lang='lat' dir='ltr'>cura</span> <span class='ocrx_word' id='word_1_394' title='bbox 2972 2036 3284 2092; x_wconf 85' lang='lat' dir='ltr'>ministerii</span> <span class='ocrx_word' id='word_1_395' title='bbox 3311 2036 3323 2090; x_wconf 74' lang='grc' dir='ltr'>Ξ</span> 
     </span>
    </p>
   </div>
   <div class='ocr_carea' id='block_1_68' title="bbox 2200 2125 3570 2191">
    <p class='ocr_par' dir='ltr' id='par_1_68' title="bbox 2200 2125 3570 2191">
     <span class='ocr_line' id='line_1_68' title="bbox 2200 2125 3570 2191; baseline 0.001 -14"><span class='ocrx_word' id='word_1_396' title='bbox 2200 2125 2286 2179; x_wconf 83' lang='lat' dir='ltr'>Ad</span> <span class='ocrx_word' id='word_1_397' title='bbox 2319 2143 2442 2181; x_wconf 88' lang='lat' dir='ltr'>rem</span> <span class='ocrx_word' id='word_1_398' title='bbox 2474 2128 2730 2182; x_wconf 85' lang='lat' dir='ltr'>divinam</span> <span class='ocrx_word' id='word_1_399' title='bbox 2756 2128 2974 2182; x_wconf 85' lang='lat' dir='ltr'>vadens</span> <span class='ocrx_word' id='word_1_400' title='bbox 3006 2126 3249 2182; x_wconf 89' lang='lat' dir='ltr'>antistes</span> <span class='ocrx_word' id='word_1_401' title='bbox 3280 2125 3352 2181; x_wconf 91' lang='lat' dir='ltr'>ad</span> <span class='ocrx_word' id='word_1_402' title='bbox 3384 2140 3570 2191; x_wconf 88' lang='lat' dir='ltr'>aram,</span> 
     </span>
    </p>
   </div>
   <div class='ocr_carea' id='block_1_69' title="bbox 2280 2215 3513 2289">
    <p class='ocr_par' dir='ltr' id='par_1_69' title="bbox 2280 2215 3513 2289">
     <span class='ocr_line' id='line_1_69' title="bbox 2280 2215 3513 2289; baseline -0.003 -16"><span class='ocrx_word' id='word_1_403' title='bbox 2280 2215 2693 2288; x_wconf 81' lang='lat' dir='ltr'>Signiﬁcativie</span> <span class='ocrx_word' id='word_1_404' title='bbox 2727 2215 2908 2289; x_wconf 89' lang='lat' dir='ltr'>fulget</span> <span class='ocrx_word' id='word_1_405' title='bbox 2942 2216 3000 2269; x_wconf 90' lang='lat' dir='ltr'>in</span> <span class='ocrx_word' id='word_1_406' title='bbox 3033 2215 3276 2271; x_wconf 84' lang='lat' dir='ltr'>exuviis.</span> <span class='ocrx_word' id='word_1_407' title='bbox 3512 2226 3513 2229; x_wconf 79' lang='lat'>‘</span> 
     </span>
    </p>
   </div>
   <div class='ocr_carea' id='block_1_70' title="bbox 2198 2300 3738 2379">
    <p class='ocr_par' dir='ltr' id='par_1_70' title="bbox 2198 2300 3738 2379">
     <span class='ocr_line' id='line_1_70' title="bbox 2198 2300 3738 2379; baseline -0.004 -17"><span class='ocrx_word' id='word_1_408' title='bbox 2198 2309 2398 2364; x_wconf 90' lang='lat' dir='ltr'>Prima</span> <span class='ocrx_word' id='word_1_409' title='bbox 2428 2306 2665 2379; x_wconf 88' lang='lat' dir='ltr'>quidem</span> <span class='ocrx_word' id='word_1_410' title='bbox 2699 2305 2946 2360; x_wconf 88' lang='lat' dir='ltr'>manicis</span> <span class='ocrx_word' id='word_1_411' title='bbox 2975 2304 3225 2360; x_wconf 90' lang='lat' dir='ltr'>includit</span> <span class='ocrx_word' id='word_1_412' title='bbox 3246 2302 3489 2359; x_wconf 84' lang='lat' dir='ltr'>brachia</span> <span class='ocrx_word' id='word_1_413' title='bbox 3518 2300 3738 2357; x_wconf 88' lang='lat' dir='ltr'>strictis</span> 
     </span>
    </p>
   </div>
   <div class='ocr_carea' id='block_1_71' title="bbox 2270 2389 3762 2467">
    <p class='ocr_par' dir='ltr' id='par_1_71' title="bbox 2270 2389 3762 2467">
     <span class='ocr_line' id='line_1_71' title="bbox 2270 2389 3762 2467; baseline -0.005 -17"><span class='ocrx_word' id='word_1_414' title='bbox 2270 2397 2418 2451; x_wconf 82' lang='lat' dir='ltr'>Huic</span> <span class='ocrx_word' id='word_1_415' title='bbox 2448 2394 2682 2467; x_wconf 87' lang='lat' dir='ltr'>poderis</span> <span class='ocrx_word' id='word_1_416' title='bbox 2723 2410 2971 2461; x_wconf 88' lang='lat' dir='ltr'>nomen;</span> <span class='ocrx_word' id='word_1_417' title='bbox 3005 2392 3194 2448; x_wconf 90' lang='lat' dir='ltr'>tendit</span> <span class='ocrx_word' id='word_1_418' title='bbox 3214 2393 3286 2447; x_wconf 92' lang='lat' dir='ltr'>ad</span> <span class='ocrx_word' id='word_1_419' title='bbox 3320 2406 3505 2463; x_wconf 90' lang='lat' dir='ltr'>usque</span> <span class='ocrx_word' id='word_1_420' title='bbox 3534 2389 3762 2462; x_wconf 90' lang='lat' dir='ltr'>pedem.</span> 
     </span>
    </p>
   </div>
   <div class='ocr_carea' id='block_1_72' title="bbox 2198 2479 3667 2557">
    <p class='ocr_par' dir='ltr' id='par_1_72' title="bbox 2198 2479 3667 2557">
     <span class='ocr_line' id='line_1_72' title="bbox 2198 2479 3667 2557; baseline -0.005 -16"><span class='ocrx_word' id='word_1_421' title='bbox 2198 2487 2299 2541; x_wconf 88' lang='lat' dir='ltr'>Est</span> <span class='ocrx_word' id='word_1_422' title='bbox 2327 2501 2559 2557; x_wconf 91' lang='lat' dir='ltr'>quoque</span> <span class='ocrx_word' id='word_1_423' title='bbox 2591 2483 2917 2547; x_wconf 83' lang='lat' dir='ltr'>talaris,sed</span> <span class='ocrx_word' id='word_1_424' title='bbox 2951 2482 3201 2555; x_wconf 87' lang='lat' dir='ltr'>dignior,</span> <span class='ocrx_word' id='word_1_425' title='bbox 3235 2481 3420 2536; x_wconf 90' lang='lat' dir='ltr'>altera</span> <span class='ocrx_word' id='word_1_426' title='bbox 3446 2479 3667 2544; x_wconf 88' lang='lat' dir='ltr'>vestis;</span> 
     </span>
    </p>
   </div>
   <div class='ocr_carea' id='block_1_73' title="bbox 2276 2569 3412 2643">
    <p class='ocr_par' dir='ltr' id='par_1_73' title="bbox 2276 2569 3412 2643">
     <span class='ocr_line' id='line_1_73' title="bbox 2276 2569 3412 2643; baseline -0.004 -14"><span class='ocrx_word' id='word_1_427' title='bbox 2276 2574 2536 2629; x_wconf 87' lang='lat' dir='ltr'>Illustrat</span> <span class='ocrx_word' id='word_1_428' title='bbox 2566 2573 2800 2643; x_wconf 90' lang='lat' dir='ltr'>penitus</span> <span class='ocrx_word' id='word_1_429' title='bbox 2832 2572 2981 2626; x_wconf 90' lang='lat' dir='ltr'>hanc</span> <span class='ocrx_word' id='word_1_430' title='bbox 3014 2569 3172 2626; x_wconf 91' lang='lat' dir='ltr'>color</span> <span class='ocrx_word' id='word_1_431' title='bbox 3200 2570 3412 2625; x_wconf 88' lang='lat' dir='ltr'>aerius.</span> 
     </span>
    </p>
   </div>
   <div class='ocr_carea' id='block_1_74' title="bbox 2198 2655 3855 2731">
    <p class='ocr_par' dir='ltr' id='par_1_74' title="bbox 2198 2655 3855 2731">
     <span class='ocr_line' id='line_1_74' title="bbox 2198 2655 3855 2731; baseline -0.005 -13"><span class='ocrx_word' id='word_1_432' title='bbox 2198 2664 2321 2719; x_wconf 85' lang='lat' dir='ltr'>Non</span> <span class='ocrx_word' id='word_1_433' title='bbox 2354 2663 2531 2717; x_wconf 91' lang='lat' dir='ltr'>habet</span> <span class='ocrx_word' id='word_1_434' title='bbox 2563 2662 2683 2716; x_wconf 58' lang='lat' dir='ltr'>haec</span> <span class='ocrx_word' id='word_1_435' title='bbox 2716 2661 2977 2716; x_wconf 82' lang='lat' dir='ltr'>manicas</span> <span class='ocrx_word' id='word_1_436' title='bbox 3004 2679 3015 2715; x_wconf 93' lang='lat'>:</span> <span class='ocrx_word' id='word_1_437' title='bbox 3042 2661 3374 2731; x_wconf 87' lang='lat' dir='ltr'>dependent</span> <span class='ocrx_word' id='word_1_438' title='bbox 3402 2657 3583 2728; x_wconf 87' lang='lat' dir='ltr'>hujus</span> <span class='ocrx_word' id='word_1_439' title='bbox 3613 2655 3684 2711; x_wconf 89' lang='lat' dir='ltr'>ad</span> <span class='ocrx_word' id='word_1_440' title='bbox 3714 2672 3855 2711; x_wconf 84' lang='lat' dir='ltr'>oras</span> 
     </span>
    </p>
   </div>
   <div class='ocr_carea' id='block_1_75' title="bbox 2196 2736 3363 2823">
    <p class='ocr_par' dir='ltr' id='par_1_75' title="bbox 2196 2736 3363 2823">
     <span class='ocr_line' id='line_1_75' title="bbox 2196 2736 3363 2823; baseline -0.005 -16"><span class='ocrx_word' id='word_1_441' title='bbox 2196 2736 2199 2743; x_wconf 57' lang='grc'><em>’</em></span> <span class='ocrx_word' id='word_1_442' title='bbox 2269 2756 2413 2823; x_wconf 81' lang='lat' dir='ltr'>Apte</span> <span class='ocrx_word' id='word_1_443' title='bbox 2439 2751 2746 2822; x_wconf 79' lang='lat' dir='ltr'>promixtis</span> <span class='ocrx_word' id='word_1_444' title='bbox 2797 2767 2973 2805; x_wconf 87' lang='lat' dir='ltr'>aurea</span> <span class='ocrx_word' id='word_1_445' title='bbox 3004 2749 3160 2804; x_wconf 89' lang='lat' dir='ltr'>mala</span> <span class='ocrx_word' id='word_1_446' title='bbox 3192 2748 3363 2820; x_wconf 89' lang='lat' dir='ltr'>polis.</span> 
     </span>
    </p>
   </div>
   <div class='ocr_carea' id='block_1_76' title="bbox 2198 2835 3688 2910">
    <p class='ocr_par' dir='ltr' id='par_1_76' title="bbox 2198 2835 3688 2910">
     <span class='ocr_line' id='line_1_76' title="bbox 2198 2835 3688 2910; baseline -0.003 -14"><span class='ocrx_word' id='word_1_447' title='bbox 2198 2840 2463 2896; x_wconf 90' lang='lat' dir='ltr'>Floribus</span> <span class='ocrx_word' id='word_1_448' title='bbox 2490 2843 2547 2894; x_wconf 91' lang='lat' dir='ltr'>et</span> <span class='ocrx_word' id='word_1_449' title='bbox 2576 2839 2750 2893; x_wconf 87' lang='lat' dir='ltr'>variis</span> <span class='ocrx_word' id='word_1_450' title='bbox 2771 2838 3032 2894; x_wconf 85' lang='lat' dir='ltr'>Abaneth</span> <span class='ocrx_word' id='word_1_451' title='bbox 3067 2835 3380 2910; x_wconf 88' lang='lat' dir='ltr'>spectabile</span> <span class='ocrx_word' id='word_1_452' title='bbox 3395 2835 3646 2908; x_wconf 88' lang='lat' dir='ltr'>gemmis</span> <span class='ocrx_word' id='word_1_453' title='bbox 3674 2851 3688 2901; x_wconf 92' lang='lat'>;</span> 
     </span>
    </p>
   </div>
   <div class='ocr_carea' id='block_1_77' title="bbox 2268 2925 3440 3000">
    <p class='ocr_par' dir='ltr' id='par_1_77' title="bbox 2268 2925 3440 3000">
     <span class='ocr_line' id='line_1_77' title="bbox 2268 2925 3440 3000; baseline -0.005 -16"><span class='ocrx_word' id='word_1_454' title='bbox 2268 2929 2537 3000; x_wconf 89' lang='lat' dir='ltr'>Subligat</span> <span class='ocrx_word' id='word_1_455' title='bbox 2567 2926 2673 2982; x_wconf 87' lang='lat' dir='ltr'>has</span> <span class='ocrx_word' id='word_1_456' title='bbox 2694 2931 2851 2982; x_wconf 88' lang='lat' dir='ltr'>vetes</span> <span class='ocrx_word' id='word_1_457' title='bbox 2881 2927 3111 2983; x_wconf 88' lang='lat' dir='ltr'>balteus</span> <span class='ocrx_word' id='word_1_458' title='bbox 3142 2925 3238 2981; x_wconf 88' lang='lat' dir='ltr'>ille</span> <span class='ocrx_word' id='word_1_459' title='bbox 3270 2930 3440 2981; x_wconf 87' lang='lat' dir='ltr'>teres.</span> 
     </span>
    </p>
   </div>
   <div class='ocr_carea' id='block_1_78' title="bbox 2198 3011 3711 3090">
    <p class='ocr_par' dir='ltr' id='par_1_78' title="bbox 2198 3011 3711 3090">
     <span class='ocr_line' id='line_1_78' title="bbox 2198 3011 3711 3090; baseline -0.005 -16"><span class='ocrx_word' id='word_1_460' title='bbox 2198 3019 2335 3074; x_wconf 89' lang='lat' dir='ltr'>Inde</span> <span class='ocrx_word' id='word_1_461' title='bbox 2367 3022 2569 3090; x_wconf 87' lang='lat' dir='ltr'>tegens</span> <span class='ocrx_word' id='word_1_462' title='bbox 2601 3015 2963 3071; x_wconf 89' lang='lat' dir='ltr'>bumerosad</span> <span class='ocrx_word' id='word_1_463' title='bbox 2996 3032 3164 3070; x_wconf 90' lang='lat' dir='ltr'>renes</span> <span class='ocrx_word' id='word_1_464' title='bbox 3194 3013 3457 3087; x_wconf 89' lang='lat' dir='ltr'>pervenit</span> <span class='ocrx_word' id='word_1_465' title='bbox 3485 3011 3711 3084; x_wconf 88' lang='lat' dir='ltr'>Ephoth</span> 
     </span>
    </p>
   </div>
   <div class='ocr_carea' id='block_1_79' title="bbox 2267 3101 3629 3178">
    <p class='ocr_par' dir='ltr' id='par_1_79' title="bbox 2267 3101 3629 3178">
     <span class='ocr_line' id='line_1_79' title="bbox 2267 3101 3629 3178; baseline -0.005 -16"><span class='ocrx_word' id='word_1_466' title='bbox 2267 3106 2584 3178; x_wconf 89' lang='lat' dir='ltr'>Inscriptas</span> <span class='ocrx_word' id='word_1_467' title='bbox 2604 3105 2856 3177; x_wconf 89' lang='lat' dir='ltr'>gemmis</span> <span class='ocrx_word' id='word_1_468' title='bbox 2887 3105 3112 3176; x_wconf 90' lang='lat' dir='ltr'>fertque</span> <span class='ocrx_word' id='word_1_469' title='bbox 3136 3104 3325 3159; x_wconf 89' lang='lat' dir='ltr'>tribus</span> <span class='ocrx_word' id='word_1_470' title='bbox 3356 3101 3629 3174; x_wconf 88' lang='lat' dir='ltr'>geminis.</span> 
     </span>
    </p>
   </div>
   <div class='ocr_carea' id='block_1_80' title="bbox 2197 3188 3851 3268">
    <p class='ocr_par' dir='ltr' id='par_1_80' title="bbox 2197 3188 3851 3268">
     <span class='ocr_line' id='line_1_80' title="bbox 2197 3188 3851 3268; baseline -0.004 -17"><span class='ocrx_word' id='word_1_471' title='bbox 2197 3197 2380 3261; x_wconf 89' lang='lat' dir='ltr'>Quam</span> <span class='ocrx_word' id='word_1_472' title='bbox 2413 3195 2609 3268; x_wconf 85' lang='lat' dir='ltr'>legion</span> <span class='ocrx_word' id='word_1_473' title='bbox 2643 3195 2896 3258; x_wconf 70' lang='lat' dir='ltr'>Graecus,</span> <span class='ocrx_word' id='word_1_474' title='bbox 2928 3194 3085 3249; x_wconf 89' lang='lat' dir='ltr'>essin</span> <span class='ocrx_word' id='word_1_475' title='bbox 3110 3207 3344 3264; x_wconf 88' lang='lat' dir='ltr'>quoque</span> <span class='ocrx_word' id='word_1_476' title='bbox 3374 3189 3516 3245; x_wconf 77' lang='lat' dir='ltr'>dicit</span> <span class='ocrx_word' id='word_1_477' title='bbox 3545 3188 3851 3258; x_wconf 74' lang='lat' dir='ltr'>Hebraeus,</span> 
     </span>
    </p>
   </div>
   <div class='ocr_carea' id='block_1_81' title="bbox 2268 3279 3599 3354">
    <p class='ocr_par' dir='ltr' id='par_1_81' title="bbox 2268 3279 3599 3354">
     <span class='ocr_line' id='line_1_81' title="bbox 2268 3279 3599 3354; baseline -0.005 -14"><span class='ocrx_word' id='word_1_478' title='bbox 2268 3286 2499 3351; x_wconf 88' lang='lat' dir='ltr'>Quinta,</span> <span class='ocrx_word' id='word_1_479' title='bbox 2534 3284 2723 3339; x_wconf 89' lang='lat' dir='ltr'>minor</span> <span class='ocrx_word' id='word_1_480' title='bbox 2745 3282 2953 3354; x_wconf 90' lang='lat' dir='ltr'>spatio,</span> <span class='ocrx_word' id='word_1_481' title='bbox 2987 3280 3219 3353; x_wconf 88' lang='lat' dir='ltr'>dignior</span> <span class='ocrx_word' id='word_1_482' title='bbox 3248 3285 3339 3335; x_wconf 88' lang='lat' dir='ltr'>est</span> <span class='ocrx_word' id='word_1_483' title='bbox 3371 3279 3599 3336; x_wconf 88' lang='lat' dir='ltr'>merito.</span> 
     </span>
    </p>
   </div>
   <div class='ocr_carea' id='block_1_82' title="bbox 2192 3370 3666 3437">
    <p class='ocr_par' dir='ltr' id='par_1_82' title="bbox 2192 3370 3666 3437">
     <span class='ocr_line' id='line_1_82' title="bbox 2192 3370 3666 3437; baseline -0.005 -9"><span class='ocrx_word' id='word_1_484' title='bbox 2192 3374 2286 3429; x_wconf 85' lang='lat' dir='ltr'>Bis</span> <span class='ocrx_word' id='word_1_485' title='bbox 2332 3391 2432 3430; x_wconf 89' lang='lat' dir='ltr'>sex</span> <span class='ocrx_word' id='word_1_486' title='bbox 2488 3373 2798 3429; x_wconf 86' lang='lat' dir='ltr'>distinctas</span> <span class='ocrx_word' id='word_1_487' title='bbox 2836 3371 3043 3427; x_wconf 84' lang='lat' dir='ltr'>formis</span> <span class='ocrx_word' id='word_1_488' title='bbox 3072 3374 3129 3425; x_wconf 91' lang='lat' dir='ltr'>et</span> <span class='ocrx_word' id='word_1_489' title='bbox 3149 3370 3384 3426; x_wconf 90' lang='lat' dir='ltr'>nomine</span> <span class='ocrx_word' id='word_1_490' title='bbox 3405 3383 3666 3437; x_wconf 79' lang='lat' dir='ltr'>gemmas</span> 
     </span>
    </p>
   </div>
   <div class='ocr_carea' id='block_1_83' title="bbox 2266 3458 3444 3532">
    <p class='ocr_par' dir='ltr' id='par_1_83' title="bbox 2266 3458 3444 3532">
     <span class='ocr_line' id='line_1_83' title="bbox 2266 3458 3444 3532; baseline -0.004 -15"><span class='ocrx_word' id='word_1_491' title='bbox 2266 3463 2499 3519; x_wconf 71' lang='lat' dir='ltr'>Praefert</span> <span class='ocrx_word' id='word_1_492' title='bbox 2530 3462 2650 3517; x_wconf 67' lang='lat' dir='ltr'>haec</span> <span class='ocrx_word' id='word_1_493' title='bbox 2680 3460 2858 3516; x_wconf 85' lang='lat' dir='ltr'>vestis</span> <span class='ocrx_word' id='word_1_494' title='bbox 2891 3464 3118 3532; x_wconf 85' lang='lat' dir='ltr'>pectore</span> <span class='ocrx_word' id='word_1_495' title='bbox 3151 3458 3444 3531; x_wconf 80' lang='lat' dir='ltr'>pontificis</span> 
     </span>
    </p>
   </div>
   <div class='ocr_carea' id='block_1_84' title="bbox 2192 3546 3637 3619">
    <p class='ocr_par' dir='ltr' id='par_1_84' title="bbox 2192 3546 3637 3619">
     <span class='ocr_line' id='line_1_84' title="bbox 2192 3546 3637 3619; baseline -0.002 -12"><span class='ocrx_word' id='word_1_496' title='bbox 2192 3555 2451 3615; x_wconf 85' lang='lat' dir='ltr'>Quatuor</span> <span class='ocrx_word' id='word_1_497' title='bbox 2500 3550 2843 3615; x_wconf 91' lang='lat' dir='ltr'>ordinibus;</span> <span class='ocrx_word' id='word_1_498' title='bbox 2877 3550 3065 3604; x_wconf 90' lang='lat' dir='ltr'>trinas</span> <span class='ocrx_word' id='word_1_499' title='bbox 3094 3548 3236 3604; x_wconf 89' lang='lat' dir='ltr'>ordo</span> <span class='ocrx_word' id='word_1_500' title='bbox 3270 3546 3425 3619; x_wconf 90' lang='lat' dir='ltr'>capit</span> <span class='ocrx_word' id='word_1_501' title='bbox 3444 3564 3637 3617; x_wconf 90' lang='lat' dir='ltr'>unus;</span> 
     </span>
    </p>
   </div>
   <div class='ocr_carea' id='block_1_85' title="bbox 2261 3635 3584 3711">
    <p class='ocr_par' dir='ltr' id='par_1_85' title="bbox 2261 3635 3584 3711">
     <span class='ocr_line' id='line_1_85' title="bbox 2261 3635 3584 3711; baseline 0 -17"><span class='ocrx_word' id='word_1_502' title='bbox 2261 3640 2369 3694; x_wconf 91' lang='lat' dir='ltr'>Tot</span> <span class='ocrx_word' id='word_1_503' title='bbox 2400 3638 2598 3693; x_wconf 90' lang='lat' dir='ltr'>titulat</span> <span class='ocrx_word' id='word_1_504' title='bbox 2626 3642 2843 3711; x_wconf 87' lang='lat' dir='ltr'>patres,</span> <span class='ocrx_word' id='word_1_505' title='bbox 2877 3642 3020 3709; x_wconf 92' lang='lat' dir='ltr'>quot</span> <span class='ocrx_word' id='word_1_506' title='bbox 3039 3640 3312 3692; x_wconf 89' lang='lat' dir='ltr'>numerat</span> <span class='ocrx_word' id='word_1_507' title='bbox 3341 3635 3584 3708; x_wconf 88' lang='lat' dir='ltr'>lapides.</span> 
     </span>
    </p>
   </div>
   <div class='ocr_carea' id='block_1_86' title="bbox 2192 3727 3847 3799">
    <p class='ocr_par' dir='ltr' id='par_1_86' title="bbox 2192 3727 3847 3799">
     <span class='ocr_line' id='line_1_86' title="bbox 2192 3727 3847 3799; baseline 0.001 -16"><span class='ocrx_word' id='word_1_508' title='bbox 2192 3728 2339 3783; x_wconf 85' lang='lat' dir='ltr'>Ilinc</span> <span class='ocrx_word' id='word_1_509' title='bbox 2369 3732 2543 3799; x_wconf 89' lang='lat' dir='ltr'>caput</span> <span class='ocrx_word' id='word_1_510' title='bbox 2586 3730 2847 3792; x_wconf 89' lang='lat' dir='ltr'>exornat,</span> <span class='ocrx_word' id='word_1_511' title='bbox 2872 3727 2973 3781; x_wconf 90' lang='lat' dir='ltr'>sed</span> <span class='ocrx_word' id='word_1_512' title='bbox 3006 3743 3122 3781; x_wconf 90' lang='lat' dir='ltr'>non</span> <span class='ocrx_word' id='word_1_513' title='bbox 3153 3730 3351 3782; x_wconf 89' lang='lat' dir='ltr'>tamen</span> <span class='ocrx_word' id='word_1_514' title='bbox 3381 3742 3573 3797; x_wconf 89' lang='lat' dir='ltr'>omne,</span> <span class='ocrx_word' id='word_1_515' title='bbox 3611 3728 3847 3798; x_wconf 88' lang='lat' dir='ltr'>thiara;</span> 
     </span>
    </p>
   </div>
   <div class='ocr_carea' id='block_1_87' title="bbox 2262 3813 3444 3888">
    <p class='ocr_par' dir='ltr' id='par_1_87' title="bbox 2262 3813 3444 3888">
     <span class='ocr_line' id='line_1_87' title="bbox 2262 3813 3444 3888; baseline -0.003 -15"><span class='ocrx_word' id='word_1_516' title='bbox 2262 3817 2376 3873; x_wconf 91' lang='lat' dir='ltr'>Ceu</span> <span class='ocrx_word' id='word_1_517' title='bbox 2401 3816 2598 3872; x_wconf 89' lang='lat' dir='ltr'>videas</span> <span class='ocrx_word' id='word_1_518' title='bbox 2628 3815 2867 3888; x_wconf 63' lang='lat' dir='ltr'>sphaere</span> <span class='ocrx_word' id='word_1_519' title='bbox 2893 3814 3197 3869; x_wconf 87' lang='lat' dir='ltr'>dividuum</span> <span class='ocrx_word' id='word_1_520' title='bbox 3219 3813 3444 3870; x_wconf 71' lang='lat' dir='ltr'>mediae.</span> 
     </span>
    </p>
   </div>
   <div class='ocr_carea' id='block_1_88' title="bbox 2191 3903 3848 3979">
    <p class='ocr_par' dir='ltr' id='par_1_88' title="bbox 2191 3903 3848 3979">
     <span class='ocr_line' id='line_1_88' title="bbox 2191 3903 3848 3979; baseline 0.001 -18"><span class='ocrx_word' id='word_1_521' title='bbox 2191 3905 2475 3979; x_wconf 88' lang='lat' dir='ltr'>Tegmina</span> <span class='ocrx_word' id='word_1_522' title='bbox 2504 3922 2608 3961; x_wconf 90' lang='lat' dir='ltr'>nec</span> <span class='ocrx_word' id='word_1_523' title='bbox 2639 3908 2863 3960; x_wconf 88' lang='lat' dir='ltr'>restant</span> <span class='ocrx_word' id='word_1_524' title='bbox 2892 3903 3180 3959; x_wconf 87' lang='lat' dir='ltr'>femorum</span> <span class='ocrx_word' id='word_1_525' title='bbox 3213 3920 3339 3975; x_wconf 67' lang='lat' dir='ltr'>quae</span> <span class='ocrx_word' id='word_1_526' title='bbox 3389 3905 3582 3977; x_wconf 87' lang='lat' dir='ltr'>turpia</span> <span class='ocrx_word' id='word_1_527' title='bbox 3619 3905 3848 3974; x_wconf 74' lang='lat' dir='ltr'>velant,</span> 
     </span>
    </p>
   </div>
   <div class='ocr_carea' id='block_1_89' title="bbox 2271 3991 3548 4065">
    <p class='ocr_par' dir='ltr' id='par_1_89' title="bbox 2271 3991 3548 4065">
     <span class='ocr_line' id='line_1_89' title="bbox 2271 3991 3548 4065; baseline -0.003 -11"><span class='ocrx_word' id='word_1_528' title='bbox 2271 4005 2412 4054; x_wconf 91' lang='lat' dir='ltr'>Cum</span> <span class='ocrx_word' id='word_1_529' title='bbox 2446 3994 2596 4050; x_wconf 89' lang='lat' dir='ltr'>redit</span> <span class='ocrx_word' id='word_1_530' title='bbox 2628 3998 2764 4065; x_wconf 88' lang='lat' dir='ltr'>apta</span> <span class='ocrx_word' id='word_1_531' title='bbox 2796 3991 2978 4048; x_wconf 88' lang='lat' dir='ltr'>sacris</span> <span class='ocrx_word' id='word_1_532' title='bbox 3010 3991 3155 4048; x_wconf 88' lang='lat' dir='ltr'>hora</span> <span class='ocrx_word' id='word_1_533' title='bbox 3183 3992 3548 4050; x_wconf 86' lang='lat' dir='ltr'>ministeriis.</span> 
     </span>
    </p>
   </div>
   <div class='ocr_carea' id='block_1_90' title="bbox 2193 4081 3738 4157">
    <p class='ocr_par' dir='ltr' id='par_1_90' title="bbox 2193 4081 3738 4157">
     <span class='ocr_line' id='line_1_90' title="bbox 2193 4081 3738 4157; baseline -0.005 -11"><span class='ocrx_word' id='word_1_534' title='bbox 2193 4091 2339 4146; x_wconf 87' lang='lat' dir='ltr'>Nam</span> <span class='ocrx_word' id='word_1_535' title='bbox 2374 4103 2540 4145; x_wconf 89' lang='lat' dir='ltr'>sacra</span> <span class='ocrx_word' id='word_1_536' title='bbox 2569 4084 2866 4157; x_wconf 87' lang='lat' dir='ltr'>proposito</span> <span class='ocrx_word' id='word_1_537' title='bbox 2899 4081 2981 4137; x_wconf 90' lang='lat' dir='ltr'>nil</span> <span class='ocrx_word' id='word_1_538' title='bbox 3012 4082 3235 4138; x_wconf 88' lang='lat' dir='ltr'>confert</span> <span class='ocrx_word' id='word_1_539' title='bbox 3264 4081 3485 4138; x_wconf 88' lang='lat' dir='ltr'>lamina</span> <span class='ocrx_word' id='word_1_540' title='bbox 3514 4088 3738 4151; x_wconf 88' lang='lat' dir='ltr'>nostro,</span> 
     </span>
    </p>
   </div>
   <div class='ocr_carea' id='block_1_91' title="bbox 2266 4170 3828 4250">
    <p class='ocr_par' dir='ltr' id='par_1_91' title="bbox 2266 4170 3828 4250">
     <span class='ocr_line' id='line_1_91' title="bbox 2266 4170 3828 4250; baseline -0.003 -16"><span class='ocrx_word' id='word_1_541' title='bbox 2266 4177 2615 4250; x_wconf 85' lang='lat' dir='ltr'>lmpendens</span> <span class='ocrx_word' id='word_1_542' title='bbox 2646 4172 2822 4228; x_wconf 87' lang='lat' dir='ltr'>fronti</span> <span class='ocrx_word' id='word_1_543' title='bbox 2855 4187 3090 4228; x_wconf 90' lang='lat' dir='ltr'>nomem</span> <span class='ocrx_word' id='word_1_544' title='bbox 3120 4170 3343 4227; x_wconf 88' lang='lat' dir='ltr'>habens</span> <span class='ocrx_word' id='word_1_545' title='bbox 3373 4171 3624 4228; x_wconf 88' lang='lat' dir='ltr'>Domini.</span> <span class='ocrx_word' id='word_1_546' title='bbox 3823 4225 3828 4229; x_wconf 82' lang='lat'>.</span> 
     </span>
    </p>
   </div>
   <div class='ocr_carea' id='block_1_92' title="bbox 2192 4260 3854 4337">
    <p class='ocr_par' dir='ltr' id='par_1_92' title="bbox 2192 4260 3854 4337">
     <span class='ocr_line' id='line_1_92' title="bbox 2192 4260 3854 4337; baseline -0.001 -16"><span class='ocrx_word' id='word_1_547' title='bbox 2192 4270 2264 4321; x_wconf 82' lang='lat' dir='ltr'>At</span> <span class='ocrx_word' id='word_1_548' title='bbox 2293 4267 2548 4337; x_wconf 89' lang='lat' dir='ltr'>reliquas</span> <span class='ocrx_word' id='word_1_549' title='bbox 2580 4266 2787 4330; x_wconf 88' lang='lat' dir='ltr'>vestes,</span> <span class='ocrx_word' id='word_1_550' title='bbox 2812 4277 2959 4332; x_wconf 89' lang='lat' dir='ltr'>quas</span> <span class='ocrx_word' id='word_1_551' title='bbox 2980 4260 3095 4329; x_wconf 56' lang='lat' dir='ltr'>ihic</span> <span class='ocrx_word' id='word_1_552' title='bbox 3128 4260 3589 4329; x_wconf 87' lang='lat' dir='ltr'>numeravimus,</span> <span class='ocrx_word' id='word_1_553' title='bbox 3633 4277 3854 4319; x_wconf 86' lang='lat' dir='ltr'>omnes</span> 
     </span>
    </p>
   </div>
   <div class='ocr_carea' id='block_1_93' title="bbox 2266 4348 3371 4427">
    <p class='ocr_par' dir='ltr' id='par_1_93' title="bbox 2266 4348 3371 4427">
     <span class='ocr_line' id='line_1_93' title="bbox 2266 4348 3371 4427; baseline -0.007 -16"><span class='ocrx_word' id='word_1_554' title='bbox 2266 4357 2345 4411; x_wconf 90' lang='lat' dir='ltr'>De</span> <span class='ocrx_word' id='word_1_555' title='bbox 2378 4356 2552 4427; x_wconf 81' lang='lat' dir='ltr'>bysso</span> <span class='ocrx_word' id='word_1_556' title='bbox 2576 4351 2697 4407; x_wconf 82' lang='lat' dir='ltr'>ﬁeri</span> <span class='ocrx_word' id='word_1_557' title='bbox 2733 4349 2994 4422; x_wconf 84' lang='lat' dir='ltr'>praecipit</span> <span class='ocrx_word' id='word_1_558' title='bbox 3022 4367 3088 4404; x_wconf 91' lang='lat' dir='ltr'>os</span> <span class='ocrx_word' id='word_1_559' title='bbox 3118 4348 3371 4405; x_wconf 91' lang='lat' dir='ltr'>Domini.</span> 
     </span>
    </p>
   </div>
   <div class='ocr_carea' id='block_1_94' title="bbox 2193 4438 3852 4513">
    <p class='ocr_par' dir='ltr' id='par_1_94' title="bbox 2193 4438 3852 4513">
     <span class='ocr_line' id='line_1_94' title="bbox 2193 4438 3852 4513; baseline -0.004 -12"><span class='ocrx_word' id='word_1_560' title='bbox 2193 4446 2275 4501; x_wconf 89' lang='lat' dir='ltr'>Ne</span> <span class='ocrx_word' id='word_1_561' title='bbox 2305 4444 2380 4501; x_wconf 90' lang='lat' dir='ltr'>sit</span> <span class='ocrx_word' id='word_1_562' title='bbox 2424 4443 2546 4498; x_wconf 90' lang='lat' dir='ltr'>ovis</span> <span class='ocrx_word' id='word_1_563' title='bbox 2577 4440 2815 4513; x_wconf 85' lang='lat' dir='ltr'>penitus</span> <span class='ocrx_word' id='word_1_564' title='bbox 2839 4442 3034 4493; x_wconf 90' lang='lat' dir='ltr'>tamen</span> <span class='ocrx_word' id='word_1_565' title='bbox 3064 4454 3269 4509; x_wconf 85' lang='lat' dir='ltr'>expers</span> <span class='ocrx_word' id='word_1_566' title='bbox 3327 4438 3589 4493; x_wconf 90' lang='lat' dir='ltr'>muneris</span> <span class='ocrx_word' id='word_1_567' title='bbox 3639 4438 3852 4509; x_wconf 76' lang='lat' dir='ltr'>huius.</span> 
     </span>
    </p>
   </div>
   <div class='ocr_carea' id='block_1_95' title="bbox 2265 4526 3694 4602">
    <p class='ocr_par' dir='ltr' id='par_1_95' title="bbox 2265 4526 3694 4602">
     <span class='ocr_line' id='line_1_95' title="bbox 2265 4526 3694 4602; baseline -0.002 -15"><span class='ocrx_word' id='word_1_568' title='bbox 2265 4534 2426 4589; x_wconf 88' lang='lat' dir='ltr'>Hanc</span> <span class='ocrx_word' id='word_1_569' title='bbox 2460 4531 2686 4602; x_wconf 81' lang='lat' dir='ltr'>Moyses</span> <span class='ocrx_word' id='word_1_570' title='bbox 2715 4528 2889 4582; x_wconf 90' lang='lat' dir='ltr'>etiam</span> <span class='ocrx_word' id='word_1_571' title='bbox 2918 4527 3125 4596; x_wconf 83' lang='lat' dir='ltr'>quaerit</span> <span class='ocrx_word' id='word_1_572' title='bbox 3155 4527 3225 4580; x_wconf 88' lang='lat' dir='ltr'>ad</span> <span class='ocrx_word' id='word_1_573' title='bbox 3258 4526 3409 4582; x_wconf 91' lang='lat' dir='ltr'>hanc</span> <span class='ocrx_word' id='word_1_574' title='bbox 3435 4542 3694 4599; x_wconf 87' lang='lat' dir='ltr'>operam.</span> 
     </span>
    </p>
   </div>
   <div class='ocr_carea' id='block_1_96' title="bbox 431 4612 3670 4693">
    <p class='ocr_par' dir='ltr' id='par_1_96' title="bbox 431 4612 3670 4693">
     <span class='ocr_line' id='line_1_96' title="bbox 431 4612 3670 4693; baseline 0.001 -26"><span class='ocrx_word' id='word_1_575' title='bbox 431 4612 529 4667; x_wconf 88' lang='lat' dir='ltr'>Est</span> <span class='ocrx_word' id='word_1_576' title='bbox 554 4612 825 4684; x_wconf 89' lang='lat' dir='ltr'>equidem</span> <span class='ocrx_word' id='word_1_577' title='bbox 854 4629 1078 4678; x_wconf 88' lang='lat' dir='ltr'>verum,</span> <span class='ocrx_word' id='word_1_578' title='bbox 1112 4614 1211 4668; x_wconf 91' lang='lat' dir='ltr'>sed</span> <span class='ocrx_word' id='word_1_579' title='bbox 1244 4614 1776 4685; x_wconf 87' lang='lat' dir='ltr'>quid,precor,esse</span> <span class='ocrx_word' id='word_1_580' title='bbox 1806 4615 2079 4670; x_wconf 89' lang='lat' dir='ltr'>decorum</span> <span class='ocrx_word' id='word_1_581' title='bbox 2110 4629 2157 4693; x_wconf 77' lang='grc' dir='ltr'>Π</span> <span class='ocrx_word' id='word_1_582' title='bbox 2194 4623 2485 4692; x_wconf 65' lang='lat' dir='ltr'>Praeparat</span> <span class='ocrx_word' id='word_1_583' title='bbox 2515 4635 2583 4674; x_wconf 89' lang='lat' dir='ltr'>ex</span> <span class='ocrx_word' id='word_1_584' title='bbox 2612 4617 2805 4672; x_wconf 87' lang='lat' dir='ltr'>ovium</span> <span class='ocrx_word' id='word_1_585' title='bbox 2839 4614 3132 4669; x_wconf 79' lang='lat' dir='ltr'>rubricata</span> <span class='ocrx_word' id='word_1_586' title='bbox 3163 4613 3371 4670; x_wconf 90' lang='lat' dir='ltr'>vellere</span> <span class='ocrx_word' id='word_1_587' title='bbox 3402 4620 3620 4671; x_wconf 88' lang='lat' dir='ltr'>tectum</span> <span class='ocrx_word' id='word_1_588' title='bbox 3656 4635 3670 4683; x_wconf 93' lang='lat'>;</span> 
     </span>
    </p>
   </div>
   <div class='ocr_carea' id='block_1_97' title="bbox 503 4700 1687 4773">
    <p class='ocr_par' dir='ltr' id='par_1_97' title="bbox 503 4700 1687 4773">
     <span class='ocr_line' id='line_1_97' title="bbox 503 4700 1687 4773; baseline 0.002 -19"><span class='ocrx_word' id='word_1_589' title='bbox 503 4701 635 4771; x_wconf 87' lang='lat' dir='ltr'>Ipsa</span> <span class='ocrx_word' id='word_1_590' title='bbox 658 4700 761 4755; x_wconf 91' lang='lat' dir='ltr'>tibi</span> <span class='ocrx_word' id='word_1_591' title='bbox 797 4705 1036 4772; x_wconf 89' lang='lat' dir='ltr'>reputas</span> <span class='ocrx_word' id='word_1_592' title='bbox 1059 4718 1306 4773; x_wconf 85' lang='lat' dir='ltr'>corpora</span> <span class='ocrx_word' id='word_1_593' title='bbox 1336 4701 1385 4756; x_wconf 90' lang='lat' dir='ltr'>si</span> <span class='ocrx_word' id='word_1_594' title='bbox 1417 4703 1687 4758; x_wconf 81' lang='lat' dir='ltr'>crucias?</span> 
     </span>
    </p>
   </div>
   <div class='ocr_carea' id='block_1_98' title="bbox 432 4786 2073 4863">
    <p class='ocr_par' dir='ltr' id='par_1_98' title="bbox 432 4786 2073 4863">
     <span class='ocr_line' id='line_1_98' title="bbox 432 4786 2073 4863; baseline 0.002 -22"><span class='ocrx_word' id='word_1_595' title='bbox 432 4786 505 4841; x_wconf 90' lang='lat' dir='ltr'>Ut</span> <span class='ocrx_word' id='word_1_596' title='bbox 535 4803 769 4843; x_wconf 89' lang='lat' dir='ltr'>carnem</span> <span class='ocrx_word' id='word_1_597' title='bbox 794 4790 1135 4860; x_wconf 85' lang='lat' dir='ltr'>reprimant,</span> <span class='ocrx_word' id='word_1_598' title='bbox 1171 4808 1403 4847; x_wconf 86' lang='lat' dir='ltr'>carnem</span> <span class='ocrx_word' id='word_1_599' title='bbox 1438 4808 1540 4862; x_wconf 83' lang='lat' dir='ltr'>per</span> <span class='ocrx_word' id='word_1_600' title='bbox 1595 4793 1742 4847; x_wconf 87' lang='lat' dir='ltr'>dura</span> <span class='ocrx_word' id='word_1_601' title='bbox 1791 4791 2073 4863; x_wconf 66' lang='lat' dir='ltr'>fatigant:</span> 
     </span>
    </p>
   </div>
   <div class='ocr_carea' id='block_1_99' title="bbox 502 4875 1603 4937">
    <p class='ocr_par' dir='ltr' id='par_1_99' title="bbox 502 4875 1603 4937">
     <span class='ocr_line' id='line_1_99' title="bbox 502 4875 1603 4937; baseline 0.007 -8"><span class='ocrx_word' id='word_1_602' title='bbox 502 4875 655 4930; x_wconf 90' lang='lat' dir='ltr'>Inter</span> <span class='ocrx_word' id='word_1_603' title='bbox 684 4876 831 4931; x_wconf 91' lang='lat' dir='ltr'>dura</span> <span class='ocrx_word' id='word_1_604' title='bbox 859 4878 1002 4932; x_wconf 89' lang='lat' dir='ltr'>satis</span> <span class='ocrx_word' id='word_1_605' title='bbox 1024 4894 1153 4933; x_wconf 88' lang='lat' dir='ltr'>esse</span> <span class='ocrx_word' id='word_1_606' title='bbox 1184 4884 1439 4935; x_wconf 87' lang='lat' dir='ltr'>meretur</span> <span class='ocrx_word' id='word_1_607' title='bbox 1459 4881 1603 4937; x_wconf 88' lang='lat' dir='ltr'>ovis.</span> 
     </span>
    </p>
   </div>
   <div class='ocr_carea' id='block_1_100' title="bbox 432 4963 2077 5042">
    <p class='ocr_par' dir='ltr' id='par_1_100' title="bbox 432 4963 2077 5042">
     <span class='ocr_line' id='line_1_100' title="bbox 432 4963 2077 5042; baseline 0.004 -23"><span class='ocrx_word' id='word_1_608' title='bbox 432 4964 685 5034; x_wconf 70' lang='lat' dir='ltr'>Quisque</span> <span class='ocrx_word' id='word_1_609' title='bbox 718 4963 967 5019; x_wconf 90' lang='lat' dir='ltr'>molesta</span> <span class='ocrx_word' id='word_1_610' title='bbox 1024 4966 1238 5033; x_wconf 87' lang='lat' dir='ltr'>ferunt,</span> <span class='ocrx_word' id='word_1_611' title='bbox 1278 4985 1403 5039; x_wconf 74' lang='lat' dir='ltr'>qua&quot;:</span> <span class='ocrx_word' id='word_1_612' title='bbox 1454 4970 1574 5023; x_wconf 89' lang='lat' dir='ltr'>sint</span> <span class='ocrx_word' id='word_1_613' title='bbox 1630 4969 1817 5040; x_wconf 89' lang='lat' dir='ltr'>magis</span> <span class='ocrx_word' id='word_1_614' title='bbox 1869 4986 2077 5042; x_wconf 87' lang='lat' dir='ltr'>aspera</span> 
     </span>
    </p>
   </div>
   <div class='ocr_carea' id='block_1_101' title="bbox 1638 5059 1963 5129">
    <p class='ocr_par' dir='ltr' id='par_1_101' title="bbox 1638 5059 1963 5129">
     <span class='ocr_line' id='line_1_101' title="bbox 1638 5059 1963 5129; baseline 0.003 -17"><span class='ocrx_word' id='word_1_615' title='bbox 1638 5059 1929 5129; x_wconf 67' lang='lat' dir='ltr'>[quaerunt</span> <span class='ocrx_word' id='word_1_616' title='bbox 1951 5076 1963 5113; x_wconf 91' lang='lat'>:</span> 
     </span>
    </p>
   </div>
   <div class='ocr_carea' id='block_1_102' title="bbox 501 5142 1796 5220">
    <p class='ocr_par' dir='ltr' id='par_1_102' title="bbox 501 5142 1796 5220">
     <span class='ocr_line' id='line_1_102' title="bbox 501 5142 1796 5220; baseline 0.006 -25"><span class='ocrx_word' id='word_1_617' title='bbox 501 5142 587 5196; x_wconf 85' lang='lat' dir='ltr'>Ad</span> <span class='ocrx_word' id='word_1_618' title='bbox 611 5142 829 5196; x_wconf 91' lang='lat' dir='ltr'>victum</span> <span class='ocrx_word' id='word_1_619' title='bbox 861 5142 1104 5211; x_wconf 89' lang='lat' dir='ltr'>cineres,</span> <span class='ocrx_word' id='word_1_620' title='bbox 1141 5145 1211 5199; x_wconf 89' lang='lat' dir='ltr'>ad</span> <span class='ocrx_word' id='word_1_621' title='bbox 1245 5145 1506 5217; x_wconf 86' lang='lat' dir='ltr'>requiem</span> <span class='ocrx_word' id='word_1_622' title='bbox 1526 5146 1749 5220; x_wconf 84' lang='lat' dir='ltr'>lapides</span> <span class='ocrx_word' id='word_1_623' title='bbox 1782 5166 1796 5215; x_wconf 93' lang='lat'>;</span> 
     </span>
    </p>
   </div>
   <div class='ocr_carea' id='block_1_103' title="bbox 501 5230 1970 5309">
    <p class='ocr_par' dir='ltr' id='par_1_103' title="bbox 501 5230 1970 5309">
     <span class='ocr_line' id='line_1_103' title="bbox 501 5230 1970 5309; baseline 0.005 -24"><span class='ocrx_word' id='word_1_624' title='bbox 501 5230 798 5303; x_wconf 91' lang='lat' dir='ltr'>Numquid</span> <span class='ocrx_word' id='word_1_625' title='bbox 823 5231 896 5286; x_wconf 91' lang='lat' dir='ltr'>ob</span> <span class='ocrx_word' id='word_1_626' title='bbox 927 5231 1034 5288; x_wconf 91' lang='lat' dir='ltr'>hoc</span> <span class='ocrx_word' id='word_1_627' title='bbox 1064 5232 1279 5305; x_wconf 91' lang='lat' dir='ltr'>aliquis</span> <span class='ocrx_word' id='word_1_628' title='bbox 1310 5235 1565 5306; x_wconf 64' lang='lat' dir='ltr'>praeferri</span> <span class='ocrx_word' id='word_1_629' title='bbox 1587 5239 1721 5308; x_wconf 88' lang='lat' dir='ltr'>jure</span> <span class='ocrx_word' id='word_1_630' title='bbox 1743 5238 1970 5309; x_wconf 90' lang='lat' dir='ltr'>putabit</span> 
     </span>
    </p>
   </div>
   <div class='ocr_carea' id='block_1_104' title="bbox 504 5319 1737 5393">
    <p class='ocr_par' dir='ltr' id='par_1_104' title="bbox 504 5319 1737 5393">
     <span class='ocr_line' id='line_1_104' title="bbox 504 5319 1737 5393; baseline 0.006 -19"><span class='ocrx_word' id='word_1_631' title='bbox 504 5320 619 5375; x_wconf 80' lang='lat' dir='ltr'>Aut</span> <span class='ocrx_word' id='word_1_632' title='bbox 649 5319 848 5376; x_wconf 88' lang='lat' dir='ltr'>stratis</span> <span class='ocrx_word' id='word_1_633' title='bbox 866 5320 1112 5393; x_wconf 91' lang='lat' dir='ltr'>lapides,</span> <span class='ocrx_word' id='word_1_634' title='bbox 1145 5330 1249 5378; x_wconf 84' lang='lat' dir='ltr'>aut</span> <span class='ocrx_word' id='word_1_635' title='bbox 1268 5325 1448 5380; x_wconf 90' lang='lat' dir='ltr'>cereri</span> <span class='ocrx_word' id='word_1_636' title='bbox 1468 5325 1692 5381; x_wconf 90' lang='lat' dir='ltr'>cineres</span> <span class='ocrx_word' id='word_1_637' title='bbox 1710 5325 1737 5381; x_wconf 72' lang='lat'>‘2</span> 
     </span>
    </p>
   </div>
   <div class='ocr_carea' id='block_1_105' title="bbox 429 5407 1718 5482">
    <p class='ocr_par' dir='ltr' id='par_1_105' title="bbox 429 5407 1718 5482">
     <span class='ocr_line' id='line_1_105' title="bbox 429 5407 1718 5482; baseline 0.004 -18"><span class='ocrx_word' id='word_1_638' title='bbox 429 5407 693 5467; x_wconf 67' lang='lat' dir='ltr'>Ecclesiae</span> <span class='ocrx_word' id='word_1_639' title='bbox 723 5410 915 5482; x_wconf 86' lang='lat' dir='ltr'>tangis</span> <span class='ocrx_word' id='word_1_640' title='bbox 950 5412 1243 5482; x_wconf 81' lang='lat' dir='ltr'>mysteria,</span> <span class='ocrx_word' id='word_1_641' title='bbox 1267 5417 1455 5469; x_wconf 89' lang='lat' dir='ltr'>terrea</span> <span class='ocrx_word' id='word_1_642' title='bbox 1480 5415 1718 5479; x_wconf 85' lang='lat' dir='ltr'>transis,</span> 
     </span>
    </p>
   </div>
   <div class='ocr_carea' id='block_1_106' title="bbox 503 5496 1764 5574">
    <p class='ocr_par' dir='ltr' id='par_1_106' title="bbox 503 5496 1764 5574">
     <span class='ocr_line' id='line_1_106' title="bbox 503 5496 1764 5574; baseline 0.004 -22"><span class='ocrx_word' id='word_1_643' title='bbox 503 5496 778 5553; x_wconf 76' lang='lat' dir='ltr'>Ccelestes</span> <span class='ocrx_word' id='word_1_644' title='bbox 794 5499 984 5567; x_wconf 87' lang='lat' dir='ltr'>jactas</span> <span class='ocrx_word' id='word_1_645' title='bbox 1008 5517 1139 5555; x_wconf 91' lang='lat' dir='ltr'>cum</span> <span class='ocrx_word' id='word_1_646' title='bbox 1163 5503 1428 5573; x_wconf 87' lang='lat' dir='ltr'>patribus</span> <span class='ocrx_word' id='word_1_647' title='bbox 1461 5504 1764 5574; x_wconf 83' lang='lat' dir='ltr'>cytharas:</span> 
     </span>
    </p>
   </div>
   <div class='ocr_carea' id='block_1_107' title="bbox 431 5583 1880 5664">
    <p class='ocr_par' dir='ltr' id='par_1_107' title="bbox 431 5583 1880 5664">
     <span class='ocr_line' id='line_1_107' title="bbox 431 5583 1880 5664; baseline 0.002 -19"><span class='ocrx_word' id='word_1_648' title='bbox 431 5587 495 5645; x_wconf 90' lang='lat' dir='ltr'>In</span> <span class='ocrx_word' id='word_1_649' title='bbox 526 5583 848 5659; x_wconf 87' lang='lat' dir='ltr'>laudesque</span> <span class='ocrx_word' id='word_1_650' title='bbox 877 5592 1010 5645; x_wconf 87' lang='lat' dir='ltr'>tuas</span> <span class='ocrx_word' id='word_1_651' title='bbox 1041 5594 1260 5647; x_wconf 88' lang='lat' dir='ltr'>veteres</span> <span class='ocrx_word' id='word_1_652' title='bbox 1280 5591 1612 5663; x_wconf 89' lang='lat' dir='ltr'>replicando</span> <span class='ocrx_word' id='word_1_653' title='bbox 1643 5592 1880 5664; x_wconf 82' lang='lat' dir='ltr'>figuras,</span> 
     </span>
    </p>
   </div>
   <div class='ocr_carea' id='block_1_108' title="bbox 501 5674 1840 5756">
    <p class='ocr_par' dir='ltr' id='par_1_108' title="bbox 501 5674 1840 5756">
     <span class='ocr_line' id='line_1_108' title="bbox 501 5674 1840 5756; baseline 0 -16"><span class='ocrx_word' id='word_1_654' title='bbox 501 5674 728 5740; x_wconf 81' lang='lat' dir='ltr'>Plectra</span> <span class='ocrx_word' id='word_1_655' title='bbox 754 5692 932 5735; x_wconf 88' lang='lat' dir='ltr'>manu</span> <span class='ocrx_word' id='word_1_656' title='bbox 952 5679 1114 5737; x_wconf 88' lang='lat' dir='ltr'>fortis</span> <span class='ocrx_word' id='word_1_657' title='bbox 1135 5695 1564 5743; x_wconf 85' lang='lat' dir='ltr'>commemoras</span> <span class='ocrx_word' id='word_1_658' title='bbox 1585 5681 1840 5756; x_wconf 87' lang='lat' dir='ltr'>juvenis.</span> 
     </span>
    </p>
   </div>
   <div class='ocr_carea' id='block_1_109' title="bbox 2260 4703 3498 4781">
    <p class='ocr_par' dir='ltr' id='par_1_109' title="bbox 2260 4703 3498 4781">
     <span class='ocr_line' id='line_1_109' title="bbox 2260 4703 3498 4781; baseline -0.004 -17"><span class='ocrx_word' id='word_1_659' title='bbox 2260 4710 2320 4764; x_wconf 91' lang='lat' dir='ltr'>Id</span> <span class='ocrx_word' id='word_1_660' title='bbox 2354 4707 2543 4781; x_wconf 88' lang='lat' dir='ltr'>placet</span> <span class='ocrx_word' id='word_1_661' title='bbox 2565 4706 2834 4762; x_wconf 87' lang='lat' dir='ltr'>arcendis</span> <span class='ocrx_word' id='word_1_662' title='bbox 2855 4704 3128 4759; x_wconf 89' lang='lat' dir='ltr'>sordibus</span> <span class='ocrx_word' id='word_1_663' title='bbox 3159 4707 3216 4759; x_wconf 91' lang='lat' dir='ltr'>et</span> <span class='ocrx_word' id='word_1_664' title='bbox 3235 4703 3449 4775; x_wconf 89' lang='lat' dir='ltr'>pluviis</span> <span class='ocrx_word' id='word_1_665' title='bbox 3485 4724 3498 4773; x_wconf 92' lang='lat'>;</span> 
     </span>
    </p>
   </div>
   <div class='ocr_carea' id='block_1_110' title="bbox 2188 4792 3612 4870">
    <p class='ocr_par' dir='ltr' id='par_1_110' title="bbox 2188 4792 3612 4870">
     <span class='ocr_line' id='line_1_110' title="bbox 2188 4792 3612 4870; baseline -0.005 -15"><span class='ocrx_word' id='word_1_666' title='bbox 2188 4799 2250 4855; x_wconf 91' lang='lat' dir='ltr'>Id</span> <span class='ocrx_word' id='word_1_667' title='bbox 2274 4804 2552 4870; x_wconf 90' lang='lat' dir='ltr'>tauquam</span> <span class='ocrx_word' id='word_1_668' title='bbox 2589 4797 2790 4850; x_wconf 85' lang='lat' dir='ltr'>ﬁctum</span> <span class='ocrx_word' id='word_1_669' title='bbox 2823 4810 2894 4848; x_wconf 89' lang='lat' dir='ltr'>ne</span> <span class='ocrx_word' id='word_1_670' title='bbox 2919 4793 2998 4848; x_wconf 91' lang='lat' dir='ltr'>sit</span> <span class='ocrx_word' id='word_1_671' title='bbox 3018 4792 3160 4847; x_wconf 90' lang='lat' dir='ltr'>mihi</span> <span class='ocrx_word' id='word_1_672' title='bbox 3194 4792 3612 4865; x_wconf 86' lang='lat' dir='ltr'>suspiciosum,</span> 
     </span>
    </p>
   </div>
   <div class='ocr_carea' id='block_1_111' title="bbox 2256 4882 3408 4955">
    <p class='ocr_par' dir='ltr' id='par_1_111' title="bbox 2256 4882 3408 4955">
     <span class='ocr_line' id='line_1_111' title="bbox 2256 4882 3408 4955; baseline -0.004 -12"><span class='ocrx_word' id='word_1_673' title='bbox 2256 4888 2342 4943; x_wconf 90' lang='lat' dir='ltr'>Tu</span> <span class='ocrx_word' id='word_1_674' title='bbox 2374 4887 2465 4943; x_wconf 91' lang='lat' dir='ltr'>dic</span> <span class='ocrx_word' id='word_1_675' title='bbox 2497 4885 2735 4941; x_wconf 89' lang='lat' dir='ltr'>assidue</span> <span class='ocrx_word' id='word_1_676' title='bbox 2764 4882 2917 4953; x_wconf 91' lang='lat' dir='ltr'>quod</span> <span class='ocrx_word' id='word_1_677' title='bbox 2941 4882 3083 4955; x_wconf 86' lang='lat' dir='ltr'>legis</span> <span class='ocrx_word' id='word_1_678' title='bbox 3110 4882 3171 4937; x_wconf 90' lang='lat' dir='ltr'>in</span> <span class='ocrx_word' id='word_1_679' title='bbox 3201 4886 3408 4954; x_wconf 81' lang='lat' dir='ltr'>Moyse.</span> 
     </span>
    </p>
   </div>
   <div class='ocr_carea' id='block_1_112' title="bbox 2932 4987 3078 5026">
    <p class='ocr_par' dir='ltr' id='par_1_112' title="bbox 2932 4987 3078 5026">
     <span class='ocr_line' id='line_1_112' title="bbox 2932 4987 3078 5026; baseline -0.007 0"><span class='ocrx_word' id='word_1_680' title='bbox 2932 4987 3078 5026; x_wconf 84' lang='lat' dir='ltr'>OVIS.</span> 
     </span>
    </p>
   </div>
   <div class='ocr_carea' id='block_1_113' title="bbox 2187 5058 3384 5135">
    <p class='ocr_par' dir='ltr' id='par_1_113' title="bbox 2187 5058 3384 5135">
     <span class='ocr_line' id='line_1_113' title="bbox 2187 5058 3384 5135; baseline -0.006 -15"><span class='ocrx_word' id='word_1_681' title='bbox 2187 5067 2247 5120; x_wconf 88' lang='lat' dir='ltr'>In</span> <span class='ocrx_word' id='word_1_682' title='bbox 2284 5066 2452 5121; x_wconf 83' lang='lat' dir='ltr'>libris</span> <span class='ocrx_word' id='word_1_683' title='bbox 2479 5068 2529 5117; x_wconf 83' lang='grc' dir='ltr'>Μ</span> <span class='ocrx_word' id='word_1_684' title='bbox 2537 5063 2691 5135; x_wconf 86' lang='lat' dir='ltr'>oysis</span> <span class='ocrx_word' id='word_1_685' title='bbox 2715 5077 2917 5117; x_wconf 80' lang='lat' dir='ltr'>revera</span> <span class='ocrx_word' id='word_1_686' title='bbox 2942 5058 3198 5131; x_wconf 88' lang='lat' dir='ltr'>plurima</span> <span class='ocrx_word' id='word_1_687' title='bbox 3219 5058 3348 5114; x_wconf 90' lang='lat' dir='ltr'>novi</span> <span class='ocrx_word' id='word_1_688' title='bbox 3371 5078 3384 5127; x_wconf 89' lang='lat'>;</span> 
     </span>
    </p>
   </div>
   <div class='ocr_carea' id='block_1_114' title="bbox 2257 5148 3257 5222">
    <p class='ocr_par' dir='ltr' id='par_1_114' title="bbox 2257 5148 3257 5222">
     <span class='ocr_line' id='line_1_114' title="bbox 2257 5148 3257 5222; baseline -0.008 -13"><span class='ocrx_word' id='word_1_689' title='bbox 2257 5154 2392 5209; x_wconf 88' lang='lat' dir='ltr'>Plus</span> <span class='ocrx_word' id='word_1_690' title='bbox 2414 5153 2531 5208; x_wconf 92' lang='lat' dir='ltr'>lino</span> <span class='ocrx_word' id='word_1_691' title='bbox 2550 5150 2714 5206; x_wconf 90' lang='lat' dir='ltr'>libris</span> <span class='ocrx_word' id='word_1_692' title='bbox 2736 5148 3062 5222; x_wconf 85' lang='lat' dir='ltr'>invigilavit</span> <span class='ocrx_word' id='word_1_693' title='bbox 3093 5148 3218 5203; x_wconf 90' lang='lat' dir='ltr'>ovis</span> <span class='ocrx_word' id='word_1_694' title='bbox 3245 5163 3257 5201; x_wconf 90' lang='lat'>:</span> 
     </span>
    </p>
   </div>
   <div class='ocr_carea' id='block_1_115' title="bbox 2256 5235 3597 5305">
    <p class='ocr_par' dir='ltr' id='par_1_115' title="bbox 2256 5235 3597 5305">
     <span class='ocr_line' id='line_1_115' title="bbox 2256 5235 3597 5305; baseline -0.005 -6"><span class='ocrx_word' id='word_1_695' title='bbox 2256 5243 2400 5300; x_wconf 89' lang='lat' dir='ltr'>Nam</span> <span class='ocrx_word' id='word_1_696' title='bbox 2436 5245 2525 5305; x_wconf 88' lang='lat' dir='ltr'>tu,</span> <span class='ocrx_word' id='word_1_697' title='bbox 2557 5238 2642 5294; x_wconf 90' lang='lat' dir='ltr'>vel</span> <span class='ocrx_word' id='word_1_698' title='bbox 2676 5238 2889 5304; x_wconf 85' lang='lat' dir='ltr'>nescis,</span> <span class='ocrx_word' id='word_1_699' title='bbox 2924 5236 3012 5291; x_wconf 86' lang='lat' dir='ltr'>vel</span> <span class='ocrx_word' id='word_1_700' title='bbox 3034 5237 3081 5291; x_wconf 90' lang='lat' dir='ltr'>si</span> <span class='ocrx_word' id='word_1_701' title='bbox 3113 5241 3167 5291; x_wconf 87' lang='lat' dir='ltr'>te</span> <span class='ocrx_word' id='word_1_702' title='bbox 3199 5236 3349 5291; x_wconf 90' lang='lat' dir='ltr'>scire</span> <span class='ocrx_word' id='word_1_703' title='bbox 3379 5235 3597 5305; x_wconf 85' lang='lat' dir='ltr'>fateris,</span> 
     </span>
    </p>
   </div>
   <div class='ocr_carea' id='block_1_116' title="bbox 2251 5323 3429 5396">
    <p class='ocr_par' dir='ltr' id='par_1_116' title="bbox 2251 5323 3429 5396">
     <span class='ocr_line' id='line_1_116' title="bbox 2251 5323 3429 5396; baseline -0.005 -11"><span class='ocrx_word' id='word_1_704' title='bbox 2251 5332 2386 5396; x_wconf 70' lang='lat' dir='ltr'>Quae</span> <span class='ocrx_word' id='word_1_705' title='bbox 2417 5330 2638 5382; x_wconf 88' lang='lat' dir='ltr'>restant</span> <span class='ocrx_word' id='word_1_706' title='bbox 2668 5337 2815 5379; x_wconf 60' lang='lat' dir='ltr'>caeca</span> <span class='ocrx_word' id='word_1_707' title='bbox 2844 5323 3164 5395; x_wconf 89' lang='lat' dir='ltr'>supprimis</span> <span class='ocrx_word' id='word_1_708' title='bbox 3194 5324 3429 5379; x_wconf 90' lang='lat' dir='ltr'>invidia.</span> 
     </span>
    </p>
   </div>
   <div class='ocr_carea' id='block_1_117' title="bbox 2186 5412 3543 5488">
    <p class='ocr_par' dir='ltr' id='par_1_117' title="bbox 2186 5412 3543 5488">
     <span class='ocr_line' id='line_1_117' title="bbox 2186 5412 3543 5488; baseline -0.006 -14"><span class='ocrx_word' id='word_1_709' title='bbox 2186 5421 2294 5474; x_wconf 82' lang='lat' dir='ltr'>l’er</span> <span class='ocrx_word' id='word_1_710' title='bbox 2324 5419 2558 5488; x_wconf 86' lang='lat' dir='ltr'>Moysen</span> <span class='ocrx_word' id='word_1_711' title='bbox 2582 5413 2733 5485; x_wconf 88' lang='lat' dir='ltr'>plebi</span> <span class='ocrx_word' id='word_1_712' title='bbox 2765 5414 2913 5468; x_wconf 86' lang='lat' dir='ltr'>dans</span> <span class='ocrx_word' id='word_1_713' title='bbox 2936 5412 3115 5468; x_wconf 88' lang='lat' dir='ltr'>ritum</span> <span class='ocrx_word' id='word_1_714' title='bbox 3155 5412 3543 5470; x_wconf 84' lang='lat' dir='ltr'>sacriﬁcandi:</span> 
     </span>
    </p>
   </div>
   <div class='ocr_carea' id='block_1_118' title="bbox 2257 5502 3376 5574">
    <p class='ocr_par' dir='ltr' id='par_1_118' title="bbox 2257 5502 3376 5574">
     <span class='ocr_line' id='line_1_118' title="bbox 2257 5502 3376 5574; baseline -0.003 -13"><span class='ocrx_word' id='word_1_715' title='bbox 2257 5506 2405 5573; x_wconf 89' lang='lat' dir='ltr'>Quid</span> <span class='ocrx_word' id='word_1_716' title='bbox 2432 5504 2572 5559; x_wconf 83' lang='lat' dir='ltr'>velit</span> <span class='ocrx_word' id='word_1_717' title='bbox 2602 5503 2660 5558; x_wconf 92' lang='lat' dir='ltr'>in</span> <span class='ocrx_word' id='word_1_718' title='bbox 2694 5503 2867 5558; x_wconf 89' lang='lat' dir='ltr'>rebus</span> <span class='ocrx_word' id='word_1_719' title='bbox 2892 5502 3057 5574; x_wconf 91' lang='lat' dir='ltr'>eligit</span> <span class='ocrx_word' id='word_1_720' title='bbox 3076 5502 3201 5574; x_wconf 89' lang='lat' dir='ltr'>ipse</span> <span class='ocrx_word' id='word_1_721' title='bbox 3221 5503 3376 5558; x_wconf 88' lang='lat' dir='ltr'>Deus</span> 
     </span>
    </p>
   </div>
   <div class='ocr_carea' id='block_1_119' title="bbox 2189 5590 3710 5667">
    <p class='ocr_par' dir='ltr' id='par_1_119' title="bbox 2189 5590 3710 5667">
     <span class='ocr_line' id='line_1_119' title="bbox 2189 5590 3710 5667; baseline -0.005 -14"><span class='ocrx_word' id='word_1_722' title='bbox 2189 5597 2429 5653; x_wconf 88' lang='lat' dir='ltr'>Munere</span> <span class='ocrx_word' id='word_1_723' title='bbox 2460 5592 2830 5667; x_wconf 88' lang='lat' dir='ltr'>purgandum</span> <span class='ocrx_word' id='word_1_724' title='bbox 2865 5591 3158 5647; x_wconf 88' lang='lat' dir='ltr'>mandans</span> <span class='ocrx_word' id='word_1_725' title='bbox 3199 5592 3258 5646; x_wconf 91' lang='lat' dir='ltr'>in</span> <span class='ocrx_word' id='word_1_726' title='bbox 3289 5590 3415 5664; x_wconf 83' lang='lat' dir='ltr'>lege</span> <span class='ocrx_word' id='word_1_727' title='bbox 3459 5593 3710 5659; x_wconf 84' lang='lat' dir='ltr'>reatum,</span> 
     </span>
    </p>
   </div>
   <div class='ocr_carea' id='block_1_120' title="bbox 2258 5679 3578 5759">
    <p class='ocr_par' dir='ltr' id='par_1_120' title="bbox 2258 5679 3578 5759">
     <span class='ocr_line' id='line_1_120' title="bbox 2258 5679 3578 5759; baseline -0.007 -15"><span class='ocrx_word' id='word_1_728' title='bbox 2258 5685 2383 5746; x_wconf 88' lang='lat' dir='ltr'>Non</span> <span class='ocrx_word' id='word_1_729' title='bbox 2409 5684 2598 5743; x_wconf 86' lang='lat' dir='ltr'>linum</span> <span class='ocrx_word' id='word_1_730' title='bbox 2620 5681 2854 5759; x_wconf 87' lang='lat' dir='ltr'>penitus</span> <span class='ocrx_word' id='word_1_731' title='bbox 2875 5680 3085 5756; x_wconf 70' lang='lat' dir='ltr'>quierit</span> <span class='ocrx_word' id='word_1_732' title='bbox 3114 5679 3355 5739; x_wconf 85' lang='lat' dir='ltr'>adistud</span> <span class='ocrx_word' id='word_1_733' title='bbox 3384 5694 3531 5754; x_wconf 87' lang='lat' dir='ltr'>opus</span> <span class='ocrx_word' id='word_1_734' title='bbox 3564 5695 3578 5751; x_wconf 87' lang='lat'>;</span> 
     </span>
    </p>
   </div>
  </div>
