  <div class='ocr_page' id='page_1' title='image "/cluster/home/n/w/nwhite01/storage/ocr_20150623/143/hvd.32044054760038/235.png"; bbox 0 0 4102 6174; ppageno 0'>
   <div class='ocr_carea' id='block_1_1' title="bbox 402 382 524 446">
    <p class='ocr_par' dir='ltr' id='par_1_1' title="bbox 402 382 524 446">
     <span class='ocr_line' id='line_1_1' title="bbox 402 382 524 446; baseline -0.016 -1"><span class='ocrx_word' id='word_1_1' title='bbox 402 382 524 446; x_wconf 72' lang='grc'>455</span> 
     </span>
    </p>
   </div>
   <div class='ocr_carea' id='block_1_2' title="bbox 480 500 1753 568">
    <p class='ocr_par' dir='ltr' id='par_1_2' title="bbox 480 500 1753 568">
     <span class='ocr_line' id='line_1_2' title="bbox 480 500 1753 568; baseline -0.013 0"><span class='ocrx_word' id='word_1_2' title='bbox 480 515 560 568; x_wconf 85' lang='lat' dir='ltr'>Ne</span> <span class='ocrx_word' id='word_1_3' title='bbox 604 512 847 566; x_wconf 87' lang='lat' dir='ltr'>temeret</span> <span class='ocrx_word' id='word_1_4' title='bbox 897 523 1093 563; x_wconf 90' lang='lat' dir='ltr'>sacros</span> <span class='ocrx_word' id='word_1_5' title='bbox 1123 504 1298 560; x_wconf 86' lang='lat' dir='ltr'>vestis</span> <span class='ocrx_word' id='word_1_6' title='bbox 1329 502 1497 557; x_wconf 88' lang='lat' dir='ltr'>ovina</span> <span class='ocrx_word' id='word_1_7' title='bbox 1526 500 1753 563; x_wconf 88' lang='lat' dir='ltr'>choros,</span> 
     </span>
    </p>
   </div>
   <div class='ocr_carea' id='block_1_3' title="bbox 405 586 1932 673">
    <p class='ocr_par' dir='ltr' id='par_1_3' title="bbox 405 586 1932 673">
     <span class='ocr_line' id='line_1_3' title="bbox 405 586 1932 673; baseline -0.012 -14"><span class='ocrx_word' id='word_1_8' title='bbox 405 608 566 659; x_wconf 84' lang='lat' dir='ltr'>Tunc</span> <span class='ocrx_word' id='word_1_9' title='bbox 597 615 852 673; x_wconf 91' lang='lat' dir='ltr'>quoque,</span> <span class='ocrx_word' id='word_1_10' title='bbox 885 596 1079 651; x_wconf 90' lang='lat' dir='ltr'>divino</span> <span class='ocrx_word' id='word_1_11' title='bbox 1112 593 1396 649; x_wconf 77' lang='lat' dir='ltr'>candente</span> <span class='ocrx_word' id='word_1_12' title='bbox 1438 607 1536 662; x_wconf 86' lang='lat' dir='ltr'>per</span> <span class='ocrx_word' id='word_1_13' title='bbox 1564 587 1761 644; x_wconf 82' lang='lat' dir='ltr'>omnia</span> <span class='ocrx_word' id='word_1_14' title='bbox 1792 586 1932 649; x_wconf 90' lang='lat' dir='ltr'>lino,</span> 
     </span>
    </p>
   </div>
   <div class='ocr_carea' id='block_1_4' title="bbox 481 677 1634 762">
    <p class='ocr_par' dir='ltr' id='par_1_4' title="bbox 481 677 1634 762">
     <span class='ocr_line' id='line_1_4' title="bbox 481 677 1634 762; baseline -0.012 -16"><span class='ocrx_word' id='word_1_15' title='bbox 481 689 737 762; x_wconf 81' lang='lat' dir='ltr'>Longius</span> <span class='ocrx_word' id='word_1_16' title='bbox 765 704 799 743; x_wconf 90' lang='lat' dir='ltr'>a</span> <span class='ocrx_word' id='word_1_17' title='bbox 828 685 1047 740; x_wconf 81' lang='lat' dir='ltr'>sanctis</span> <span class='ocrx_word' id='word_1_18' title='bbox 1071 681 1240 755; x_wconf 90' lang='lat' dir='ltr'>pulsa</span> <span class='ocrx_word' id='word_1_19' title='bbox 1272 678 1488 734; x_wconf 84' lang='lat' dir='ltr'>recedit</span> <span class='ocrx_word' id='word_1_20' title='bbox 1510 677 1634 732; x_wconf 86' lang='lat' dir='ltr'>ovis</span> 
     </span>
    </p>
   </div>
   <div class='ocr_carea' id='block_1_5' title="bbox 406 764 1910 844">
    <p class='ocr_par' dir='ltr' id='par_1_5' title="bbox 406 764 1910 844">
     <span class='ocr_line' id='line_1_5' title="bbox 406 764 1910 844; baseline -0.012 -8"><span class='ocrx_word' id='word_1_21' title='bbox 406 780 567 836; x_wconf 92' lang='lat' dir='ltr'>Tunc</span> <span class='ocrx_word' id='word_1_22' title='bbox 592 778 788 843; x_wconf 91' lang='lat' dir='ltr'>etiam,</span> <span class='ocrx_word' id='word_1_23' title='bbox 822 775 892 829; x_wconf 91' lang='lat' dir='ltr'>de</span> <span class='ocrx_word' id='word_1_24' title='bbox 924 777 1061 844; x_wconf 91' lang='lat' dir='ltr'>quot</span> <span class='ocrx_word' id='word_1_25' title='bbox 1084 771 1162 825; x_wconf 86' lang='lat' dir='ltr'>ibi</span> <span class='ocrx_word' id='word_1_26' title='bbox 1196 767 1455 841; x_wconf 79' lang='lat' dir='ltr'>plaudis,</span> <span class='ocrx_word' id='word_1_27' title='bbox 1479 766 1722 838; x_wconf 83' lang='lat' dir='ltr'>laniger,</span> <span class='ocrx_word' id='word_1_28' title='bbox 1749 764 1910 832; x_wconf 87' lang='lat' dir='ltr'>ordo,</span> 
     </span>
    </p>
   </div>
   <div class='ocr_carea' id='block_1_6' title="bbox 479 854 1820 938">
    <p class='ocr_par' dir='ltr' id='par_1_6' title="bbox 479 854 1820 938">
     <span class='ocr_line' id='line_1_6' title="bbox 479 854 1820 938; baseline -0.013 -13"><span class='ocrx_word' id='word_1_29' title='bbox 479 867 728 938; x_wconf 85' lang='lat' dir='ltr'>Laniger</span> <span class='ocrx_word' id='word_1_30' title='bbox 750 863 889 919; x_wconf 89' lang='lat' dir='ltr'>ordo</span> <span class='ocrx_word' id='word_1_31' title='bbox 922 867 1062 917; x_wconf 89' lang='lat' dir='ltr'>tuus</span> <span class='ocrx_word' id='word_1_32' title='bbox 1093 859 1184 915; x_wconf 92' lang='lat' dir='ltr'>cui</span> <span class='ocrx_word' id='word_1_33' title='bbox 1220 857 1408 929; x_wconf 86' lang='lat' dir='ltr'>placet</span> <span class='ocrx_word' id='word_1_34' title='bbox 1441 855 1534 910; x_wconf 92' lang='lat' dir='ltr'>hic</span> <span class='ocrx_word' id='word_1_35' title='bbox 1563 854 1820 910; x_wconf 90' lang='lat' dir='ltr'>habitus.</span> 
     </span>
    </p>
   </div>
   <div class='ocr_carea' id='block_1_7' title="bbox 408 942 1841 1027">
    <p class='ocr_par' dir='ltr' id='par_1_7' title="bbox 408 942 1841 1027">
     <span class='ocr_line' id='line_1_7' title="bbox 408 942 1841 1027; baseline -0.011 -13"><span class='ocrx_word' id='word_1_36' title='bbox 408 958 670 1027; x_wconf 86' lang='lat' dir='ltr'>Desuper</span> <span class='ocrx_word' id='word_1_37' title='bbox 698 952 903 1006; x_wconf 89' lang='lat' dir='ltr'>induto</span> <span class='ocrx_word' id='word_1_38' title='bbox 937 948 1085 1004; x_wconf 82' lang='lat' dir='ltr'>solet</span> <span class='ocrx_word' id='word_1_39' title='bbox 1114 947 1270 1001; x_wconf 90' lang='lat' dir='ltr'>hunc</span> <span class='ocrx_word' id='word_1_40' title='bbox 1304 944 1661 1001; x_wconf 86' lang='lat' dir='ltr'>abscondere</span> <span class='ocrx_word' id='word_1_41' title='bbox 1685 942 1803 999; x_wconf 79' lang='lat' dir='ltr'>lino</span> <span class='ocrx_word' id='word_1_42' title='bbox 1829 960 1841 1009; x_wconf 89' lang='lat'>;</span> 
     </span>
    </p>
   </div>
   <div class='ocr_carea' id='block_1_8' title="bbox 478 1035 1685 1104">
    <p class='ocr_par' dir='ltr' id='par_1_8' title="bbox 478 1035 1685 1104">
     <span class='ocr_line' id='line_1_8' title="bbox 478 1035 1685 1104; baseline -0.01 -6"><span class='ocrx_word' id='word_1_43' title='bbox 478 1045 682 1098; x_wconf 89' lang='lat' dir='ltr'>Vestes</span> <span class='ocrx_word' id='word_1_44' title='bbox 710 1040 1000 1094; x_wconf 84' lang='lat' dir='ltr'>infaustas</span> <span class='ocrx_word' id='word_1_45' title='bbox 1031 1035 1461 1092; x_wconf 88' lang='lat' dir='ltr'>dissimulando</span> <span class='ocrx_word' id='word_1_46' title='bbox 1495 1036 1685 1104; x_wconf 87' lang='lat' dir='ltr'>negat.</span> 
     </span>
    </p>
   </div>
   <div class='ocr_carea' id='block_1_9' title="bbox 409 1123 1729 1198">
    <p class='ocr_par' dir='ltr' id='par_1_9' title="bbox 409 1123 1729 1198">
     <span class='ocr_line' id='line_1_9' title="bbox 409 1123 1729 1198; baseline -0.009 -10"><span class='ocrx_word' id='word_1_47' title='bbox 409 1131 661 1198; x_wconf 84' lang='lat' dir='ltr'>Quilibet</span> <span class='ocrx_word' id='word_1_48' title='bbox 695 1129 966 1183; x_wconf 91' lang='lat' dir='ltr'>incautus</span> <span class='ocrx_word' id='word_1_49' title='bbox 998 1126 1185 1181; x_wconf 84' lang='lat' dir='ltr'>sancti</span> <span class='ocrx_word' id='word_1_50' title='bbox 1221 1123 1514 1180; x_wconf 85' lang='lat' dir='ltr'>consortia</span> <span class='ocrx_word' id='word_1_51' title='bbox 1546 1127 1729 1177; x_wconf 83' lang='lat' dir='ltr'>coetus</span> 
     </span>
    </p>
   </div>
   <div class='ocr_carea' id='block_1_10' title="bbox 480 1210 1594 1292">
    <p class='ocr_par' dir='ltr' id='par_1_10' title="bbox 480 1210 1594 1292">
     <span class='ocr_line' id='line_1_10' title="bbox 480 1210 1594 1292; baseline -0.009 -17"><span class='ocrx_word' id='word_1_52' title='bbox 480 1221 540 1275; x_wconf 88' lang='lat' dir='ltr'>Si</span> <span class='ocrx_word' id='word_1_53' title='bbox 572 1216 873 1292; x_wconf 70' lang='lat' dir='ltr'>praesumit</span> <span class='ocrx_word' id='word_1_54' title='bbox 900 1216 1021 1271; x_wconf 88' lang='lat' dir='ltr'>ovis</span> <span class='ocrx_word' id='word_1_55' title='bbox 1053 1213 1328 1269; x_wconf 90' lang='lat' dir='ltr'>horridus</span> <span class='ocrx_word' id='word_1_56' title='bbox 1350 1210 1594 1278; x_wconf 84' lang='lat' dir='ltr'>exuviis,</span> 
     </span>
    </p>
   </div>
   <div class='ocr_carea' id='block_1_11' title="bbox 411 1295 2057 1365">
    <p class='ocr_par' dir='ltr' id='par_1_11' title="bbox 411 1295 2057 1365">
     <span class='ocr_line' id='line_1_11' title="bbox 411 1295 2057 1365; baseline -0.009 0"><span class='ocrx_word' id='word_1_57' title='bbox 411 1308 685 1365; x_wconf 85' lang='lat' dir='ltr'>Protinus</span> <span class='ocrx_word' id='word_1_58' title='bbox 715 1306 875 1361; x_wconf 91' lang='lat' dir='ltr'>hunc</span> <span class='ocrx_word' id='word_1_59' title='bbox 921 1304 1116 1358; x_wconf 90' lang='lat' dir='ltr'>animo</span> <span class='ocrx_word' id='word_1_60' title='bbox 1157 1300 1317 1357; x_wconf 90' lang='lat' dir='ltr'>velut</span> <span class='ocrx_word' id='word_1_61' title='bbox 1366 1300 1559 1355; x_wconf 88' lang='lat' dir='ltr'>omine</span> <span class='ocrx_word' id='word_1_62' title='bbox 1610 1295 1810 1353; x_wconf 88' lang='lat' dir='ltr'>saucia</span> <span class='ocrx_word' id='word_1_63' title='bbox 1853 1299 2057 1351; x_wconf 76' lang='lat' dir='ltr'>mmsto</span> 
     </span>
    </p>
   </div>
   <div class='ocr_carea' id='block_1_12' title="bbox 484 1389 1575 1464">
    <p class='ocr_par' dir='ltr' id='par_1_12' title="bbox 484 1389 1575 1464">
     <span class='ocr_line' id='line_1_12' title="bbox 484 1389 1575 1464; baseline -0.01 -11"><span class='ocrx_word' id='word_1_64' title='bbox 484 1396 696 1453; x_wconf 90' lang='lat' dir='ltr'>Concio</span> <span class='ocrx_word' id='word_1_65' title='bbox 728 1410 896 1449; x_wconf 89' lang='lat' dir='ltr'>sacra</span> <span class='ocrx_word' id='word_1_66' title='bbox 930 1392 1089 1464; x_wconf 83' lang='lat' dir='ltr'>fugat</span> <span class='ocrx_word' id='word_1_67' title='bbox 1121 1408 1153 1445; x_wconf 91' lang='lat' dir='ltr'>a</span> <span class='ocrx_word' id='word_1_68' title='bbox 1179 1389 1428 1445; x_wconf 82' lang='lat' dir='ltr'>statione</span> <span class='ocrx_word' id='word_1_69' title='bbox 1450 1405 1575 1443; x_wconf 90' lang='lat' dir='ltr'>sua.</span> 
     </span>
    </p>
   </div>
   <div class='ocr_carea' id='block_1_13' title="bbox 413 1478 1667 1557">
    <p class='ocr_par' dir='ltr' id='par_1_13' title="bbox 413 1478 1667 1557">
     <span class='ocr_line' id='line_1_13' title="bbox 413 1478 1667 1557; baseline -0.007 -17"><span class='ocrx_word' id='word_1_70' title='bbox 413 1484 721 1557; x_wconf 81' lang='lat' dir='ltr'>Angelicas</span> <span class='ocrx_word' id='word_1_71' title='bbox 746 1486 935 1537; x_wconf 87' lang='lat' dir='ltr'>vestes</span> <span class='ocrx_word' id='word_1_72' title='bbox 968 1480 1113 1536; x_wconf 91' lang='lat' dir='ltr'>festo</span> <span class='ocrx_word' id='word_1_73' title='bbox 1130 1479 1381 1535; x_wconf 87' lang='lat' dir='ltr'>candore</span> <span class='ocrx_word' id='word_1_74' title='bbox 1414 1478 1667 1532; x_wconf 87' lang='lat' dir='ltr'>nitentes</span> 
     </span>
    </p>
   </div>
   <div class='ocr_carea' id='block_1_14' title="bbox 485 1566 1638 1644">
    <p class='ocr_par' dir='ltr' id='par_1_14' title="bbox 485 1566 1638 1644">
     <span class='ocr_line' id='line_1_14' title="bbox 485 1566 1638 1644; baseline -0.005 -18"><span class='ocrx_word' id='word_1_75' title='bbox 485 1577 657 1629; x_wconf 86' lang='lat' dir='ltr'>Veste</span> <span class='ocrx_word' id='word_1_76' title='bbox 687 1569 980 1644; x_wconf 88' lang='lat' dir='ltr'>profanari</span> <span class='ocrx_word' id='word_1_77' title='bbox 1013 1586 1129 1625; x_wconf 92' lang='lat' dir='ltr'>non</span> <span class='ocrx_word' id='word_1_78' title='bbox 1160 1568 1464 1641; x_wconf 88' lang='lat' dir='ltr'>patiuntur</span> <span class='ocrx_word' id='word_1_79' title='bbox 1495 1566 1638 1631; x_wconf 91' lang='lat' dir='ltr'>ovis,</span> 
     </span>
    </p>
   </div>
   <div class='ocr_carea' id='block_1_15' title="bbox 412 1651 2056 1732">
    <p class='ocr_par' dir='ltr' id='par_1_15' title="bbox 412 1651 2056 1732">
     <span class='ocr_line' id='line_1_15' title="bbox 412 1651 2056 1732; baseline -0.007 -14"><span class='ocrx_word' id='word_1_80' title='bbox 412 1663 539 1718; x_wconf 90' lang='lat' dir='ltr'>Non</span> <span class='ocrx_word' id='word_1_81' title='bbox 563 1662 735 1732; x_wconf 88' lang='lat' dir='ltr'>jocus</span> <span class='ocrx_word' id='word_1_82' title='bbox 765 1660 887 1714; x_wconf 78' lang='lat' dir='ltr'>haec</span> <span class='ocrx_word' id='word_1_83' title='bbox 914 1657 1151 1730; x_wconf 89' lang='lat' dir='ltr'>aliquis,</span> <span class='ocrx_word' id='word_1_84' title='bbox 1186 1674 1302 1712; x_wconf 88' lang='lat' dir='ltr'>non</span> <span class='ocrx_word' id='word_1_85' title='bbox 1331 1655 1421 1711; x_wconf 88' lang='lat' dir='ltr'>lex</span> <span class='ocrx_word' id='word_1_86' title='bbox 1445 1655 1611 1725; x_wconf 86' lang='lat' dir='ltr'>jubet</span> <span class='ocrx_word' id='word_1_87' title='bbox 1642 1654 1755 1709; x_wconf 90' lang='lat' dir='ltr'>ista</span> <span class='ocrx_word' id='word_1_88' title='bbox 1775 1651 2056 1717; x_wconf 86' lang='lat' dir='ltr'>forensis;</span> 
     </span>
    </p>
   </div>
   <div class='ocr_carea' id='block_1_16' title="bbox 484 1742 1610 1805">
    <p class='ocr_par' dir='ltr' id='par_1_16' title="bbox 484 1742 1610 1805">
     <span class='ocr_line' id='line_1_16' title="bbox 484 1742 1610 1805; baseline -0.006 0"><span class='ocrx_word' id='word_1_89' title='bbox 484 1750 596 1805; x_wconf 90' lang='lat' dir='ltr'>Sed</span> <span class='ocrx_word' id='word_1_90' title='bbox 626 1748 775 1804; x_wconf 89' lang='lat' dir='ltr'>ritus</span> <span class='ocrx_word' id='word_1_91' title='bbox 806 1750 1009 1803; x_wconf 86' lang='lat' dir='ltr'>sancta</span> <span class='ocrx_word' id='word_1_92' title='bbox 1033 1744 1229 1800; x_wconf 82' lang='lat' dir='ltr'>sanxit</span> <span class='ocrx_word' id='word_1_93' title='bbox 1261 1743 1319 1799; x_wconf 94' lang='lat' dir='ltr'>in</span> <span class='ocrx_word' id='word_1_94' title='bbox 1350 1742 1610 1798; x_wconf 77' lang='lat' dir='ltr'>Ecclesia</span> 
     </span>
    </p>
   </div>
   <div class='ocr_carea' id='block_1_17' title="bbox 414 1831 1951 1909">
    <p class='ocr_par' dir='ltr' id='par_1_17' title="bbox 414 1831 1951 1909">
     <span class='ocr_line' id='line_1_17' title="bbox 414 1831 1951 1909; baseline -0.005 -16"><span class='ocrx_word' id='word_1_95' title='bbox 414 1841 549 1904; x_wconf 69' lang='lat' dir='ltr'>Qum</span> <span class='ocrx_word' id='word_1_96' title='bbox 579 1837 863 1909; x_wconf 87' lang='lat' dir='ltr'>quidnam</span> <span class='ocrx_word' id='word_1_97' title='bbox 897 1835 1045 1889; x_wconf 81' lang='lat' dir='ltr'>facto</span> <span class='ocrx_word' id='word_1_98' title='bbox 1077 1837 1313 1889; x_wconf 89' lang='lat' dir='ltr'>moneat</span> <span class='ocrx_word' id='word_1_99' title='bbox 1340 1831 1429 1887; x_wconf 92' lang='lat' dir='ltr'>vel</span> <span class='ocrx_word' id='word_1_100' title='bbox 1460 1831 1676 1887; x_wconf 88' lang='lat' dir='ltr'>clamet</span> <span class='ocrx_word' id='word_1_101' title='bbox 1723 1831 1782 1885; x_wconf 92' lang='lat' dir='ltr'>in</span> <span class='ocrx_word' id='word_1_102' title='bbox 1817 1831 1951 1901; x_wconf 91' lang='lat' dir='ltr'>isto,</span> 
     </span>
    </p>
   </div>
   <div class='ocr_carea' id='block_1_18' title="bbox 485 1920 1634 1993">
    <p class='ocr_par' dir='ltr' id='par_1_18' title="bbox 485 1920 1634 1993">
     <span class='ocr_line' id='line_1_18' title="bbox 485 1920 1634 1993; baseline -0.007 -11"><span class='ocrx_word' id='word_1_103' title='bbox 485 1930 606 1982; x_wconf 87' lang='lat' dir='ltr'>Hac</span> <span class='ocrx_word' id='word_1_104' title='bbox 635 1925 809 1981; x_wconf 88' lang='lat' dir='ltr'>etiam</span> <span class='ocrx_word' id='word_1_105' title='bbox 842 1923 1018 1979; x_wconf 85' lang='lat' dir='ltr'>medii</span> <span class='ocrx_word' id='word_1_106' title='bbox 1041 1939 1206 1977; x_wconf 91' lang='lat' dir='ltr'>mens</span> <span class='ocrx_word' id='word_1_107' title='bbox 1224 1920 1634 1993; x_wconf 88' lang='lat' dir='ltr'>capitingenii.</span> 
     </span>
    </p>
   </div>
   <div class='ocr_carea' id='block_1_19' title="bbox 417 2007 2062 2081">
    <p class='ocr_par' dir='ltr' id='par_1_19' title="bbox 417 2007 2062 2081">
     <span class='ocr_line' id='line_1_19' title="bbox 417 2007 2062 2081; baseline -0.005 -10"><span class='ocrx_word' id='word_1_108' title='bbox 417 2016 500 2071; x_wconf 90' lang='lat' dir='ltr'>Ad</span> <span class='ocrx_word' id='word_1_109' title='bbox 535 2015 685 2071; x_wconf 89' lang='lat' dir='ltr'>bona</span> <span class='ocrx_word' id='word_1_110' title='bbox 710 2012 874 2069; x_wconf 90' lang='lat' dir='ltr'>nulla</span> <span class='ocrx_word' id='word_1_111' title='bbox 906 2011 1078 2068; x_wconf 88' lang='lat' dir='ltr'>malis</span> <span class='ocrx_word' id='word_1_112' title='bbox 1109 2011 1273 2067; x_wconf 90' lang='lat' dir='ltr'>locus</span> <span class='ocrx_word' id='word_1_113' title='bbox 1303 2014 1413 2075; x_wconf 90' lang='lat' dir='ltr'>est,</span> <span class='ocrx_word' id='word_1_114' title='bbox 1446 2010 1519 2066; x_wconf 89' lang='lat' dir='ltr'>ad</span> <span class='ocrx_word' id='word_1_115' title='bbox 1545 2013 1749 2065; x_wconf 89' lang='lat' dir='ltr'>saneta</span> <span class='ocrx_word' id='word_1_116' title='bbox 1778 2007 2062 2081; x_wconf 82' lang='lat' dir='ltr'>profanis,</span> 
     </span>
    </p>
   </div>
   <div class='ocr_carea' id='block_1_20' title="bbox 488 2097 1777 2170">
    <p class='ocr_par' dir='ltr' id='par_1_20' title="bbox 488 2097 1777 2170">
     <span class='ocr_line' id='line_1_20' title="bbox 488 2097 1777 2170; baseline -0.005 -11"><span class='ocrx_word' id='word_1_117' title='bbox 488 2103 783 2159; x_wconf 87' lang='lat' dir='ltr'>Tristibus</span> <span class='ocrx_word' id='word_1_118' title='bbox 817 2108 875 2157; x_wconf 89' lang='lat' dir='ltr'>et</span> <span class='ocrx_word' id='word_1_119' title='bbox 894 2102 1043 2157; x_wconf 59' lang='lat' dir='ltr'>latis</span> <span class='ocrx_word' id='word_1_120' title='bbox 1074 2117 1164 2157; x_wconf 91' lang='lat' dir='ltr'>res</span> <span class='ocrx_word' id='word_1_121' title='bbox 1196 2099 1372 2155; x_wconf 89' lang='lat' dir='ltr'>simul</span> <span class='ocrx_word' id='word_1_122' title='bbox 1406 2115 1535 2154; x_wconf 88' lang='lat' dir='ltr'>esse</span> <span class='ocrx_word' id='word_1_123' title='bbox 1557 2097 1777 2170; x_wconf 87' lang='lat' dir='ltr'>nequit.</span> 
     </span>
    </p>
   </div>
   <div class='ocr_carea' id='block_1_21' title="bbox 420 2187 1850 2264">
    <p class='ocr_par' dir='ltr' id='par_1_21' title="bbox 420 2187 1850 2264">
     <span class='ocr_line' id='line_1_21' title="bbox 420 2187 1850 2264; baseline -0.007 -15"><span class='ocrx_word' id='word_1_124' title='bbox 420 2194 553 2250; x_wconf 90' lang='lat' dir='ltr'>Jam</span> <span class='ocrx_word' id='word_1_125' title='bbox 585 2191 697 2247; x_wconf 91' lang='lat' dir='ltr'>nisi</span> <span class='ocrx_word' id='word_1_126' title='bbox 731 2208 834 2264; x_wconf 93' lang='lat' dir='ltr'>pro</span> <span class='ocrx_word' id='word_1_127' title='bbox 865 2190 1032 2245; x_wconf 82' lang='lat' dir='ltr'>venia</span> <span class='ocrx_word' id='word_1_128' title='bbox 1063 2188 1179 2244; x_wconf 88' lang='lat' dir='ltr'>noli</span> <span class='ocrx_word' id='word_1_129' title='bbox 1216 2188 1357 2243; x_wconf 89' lang='lat' dir='ltr'>mihi</span> <span class='ocrx_word' id='word_1_130' title='bbox 1386 2189 1628 2243; x_wconf 83' lang='lat' dir='ltr'>fundere</span> <span class='ocrx_word' id='word_1_131' title='bbox 1657 2187 1850 2253; x_wconf 83' lang='lat' dir='ltr'>verba,</span> 
     </span>
    </p>
   </div>
   <div class='ocr_carea' id='block_1_22' title="bbox 492 2276 1602 2351">
    <p class='ocr_par' dir='ltr' id='par_1_22' title="bbox 492 2276 1602 2351">
     <span class='ocr_line' id='line_1_22' title="bbox 492 2276 1602 2351; baseline -0.005 -16"><span class='ocrx_word' id='word_1_132' title='bbox 492 2282 565 2336; x_wconf 89' lang='lat' dir='ltr'>Ut</span> <span class='ocrx_word' id='word_1_133' title='bbox 595 2279 839 2351; x_wconf 84' lang='lat' dir='ltr'>supplex</span> <span class='ocrx_word' id='word_1_134' title='bbox 871 2279 1027 2350; x_wconf 89' lang='lat' dir='ltr'>parci</span> <span class='ocrx_word' id='word_1_135' title='bbox 1059 2294 1424 2350; x_wconf 88' lang='lat' dir='ltr'>promereare</span> <span class='ocrx_word' id='word_1_136' title='bbox 1464 2276 1602 2343; x_wconf 82' lang='lat' dir='ltr'>tibi;</span> 
     </span>
    </p>
   </div>
   <div class='ocr_carea' id='block_1_23' title="bbox 424 2364 1733 2437">
    <p class='ocr_par' dir='ltr' id='par_1_23' title="bbox 424 2364 1733 2437">
     <span class='ocr_line' id='line_1_23' title="bbox 424 2364 1733 2437; baseline -0.004 -14"><span class='ocrx_word' id='word_1_137' title='bbox 424 2370 506 2423; x_wconf 91' lang='lat' dir='ltr'>Ne</span> <span class='ocrx_word' id='word_1_138' title='bbox 538 2368 710 2422; x_wconf 89' lang='lat' dir='ltr'>modo</span> <span class='ocrx_word' id='word_1_139' title='bbox 736 2372 792 2421; x_wconf 91' lang='lat' dir='ltr'>te</span> <span class='ocrx_word' id='word_1_140' title='bbox 823 2366 969 2420; x_wconf 89' lang='lat' dir='ltr'>vinci</span> <span class='ocrx_word' id='word_1_141' title='bbox 1005 2367 1222 2437; x_wconf 79' lang='lat' dir='ltr'>pudeat</span> <span class='ocrx_word' id='word_1_142' title='bbox 1251 2365 1361 2420; x_wconf 87' lang='lat' dir='ltr'>sub</span> <span class='ocrx_word' id='word_1_143' title='bbox 1382 2365 1579 2435; x_wconf 80' lang='lat' dir='ltr'>judice</span> <span class='ocrx_word' id='word_1_144' title='bbox 1611 2364 1733 2429; x_wconf 88' lang='lat' dir='ltr'>tali,</span> 
     </span>
    </p>
   </div>
   <div class='ocr_carea' id='block_1_24' title="bbox 493 2440 1692 2511">
    <p class='ocr_par' dir='ltr' id='par_1_24' title="bbox 493 2440 1692 2511">
     <span class='ocr_line' id='line_1_24' title="bbox 493 2440 1692 2511; baseline -0.003 0"><span class='ocrx_word' id='word_1_145' title='bbox 493 2455 723 2511; x_wconf 83' lang='lat' dir='ltr'>Judicio</span> <span class='ocrx_word' id='word_1_146' title='bbox 746 2440 960 2510; x_wconf 82' lang='lat' dir='ltr'>sanctae</span> <span class='ocrx_word' id='word_1_147' title='bbox 992 2454 1283 2509; x_wconf 87' lang='lat' dir='ltr'>vincimus</span> <span class='ocrx_word' id='word_1_148' title='bbox 1313 2454 1601 2509; x_wconf 55' lang='lat' dir='ltr'>Ecclesiae.</span> <span class='ocrx_word' id='word_1_149' title='bbox 1625 2485 1692 2492; x_wconf 94' lang='lat'><strong>â€”</strong></span> 
     </span>
    </p>
   </div>
   <div class='ocr_carea' id='block_1_25' title="bbox 424 2542 1732 2616">
    <p class='ocr_par' dir='ltr' id='par_1_25' title="bbox 424 2542 1732 2616">
     <span class='ocr_line' id='line_1_25' title="bbox 424 2542 1732 2616; baseline -0.002 -17"><span class='ocrx_word' id='word_1_150' title='bbox 424 2545 528 2600; x_wconf 89' lang='lat' dir='ltr'>Hic</span> <span class='ocrx_word' id='word_1_151' title='bbox 555 2544 700 2607; x_wconf 90' lang='lat' dir='ltr'>ovis,</span> <span class='ocrx_word' id='word_1_152' title='bbox 732 2544 1048 2616; x_wconf 89' lang='lat' dir='ltr'>opprobrio</span> <span class='ocrx_word' id='word_1_153' title='bbox 1080 2542 1209 2598; x_wconf 78' lang='lat' dir='ltr'>lzedi</span> <span class='ocrx_word' id='word_1_154' title='bbox 1242 2547 1474 2610; x_wconf 90' lang='lat' dir='ltr'>testata,</span> <span class='ocrx_word' id='word_1_155' title='bbox 1509 2542 1732 2599; x_wconf 88' lang='lat' dir='ltr'>silendo</span> 
     </span>
    </p>
   </div>
   <div class='ocr_carea' id='block_1_26' title="bbox 495 2631 1705 2700">
    <p class='ocr_par' dir='ltr' id='par_1_26' title="bbox 495 2631 1705 2700">
     <span class='ocr_line' id='line_1_26' title="bbox 495 2631 1705 2700; baseline -0.004 -11"><span class='ocrx_word' id='word_1_156' title='bbox 495 2633 762 2700; x_wconf 88' lang='lat' dir='ltr'>Erubuit,</span> <span class='ocrx_word' id='word_1_157' title='bbox 792 2633 1027 2688; x_wconf 85' lang='lat' dir='ltr'>tandem</span> <span class='ocrx_word' id='word_1_158' title='bbox 1061 2631 1324 2688; x_wconf 87' lang='lat' dir='ltr'>subdidit</span> <span class='ocrx_word' id='word_1_159' title='bbox 1354 2632 1464 2687; x_wconf 91' lang='lat' dir='ltr'>ista</span> <span class='ocrx_word' id='word_1_160' title='bbox 1489 2637 1705 2687; x_wconf 90' lang='lat' dir='ltr'>tamen.</span> 
     </span>
    </p>
   </div>
   <div class='ocr_carea' id='block_1_27' title="bbox 1182 2737 1325 2776">
    <p class='ocr_par' dir='ltr' id='par_1_27' title="bbox 1182 2737 1325 2776">
     <span class='ocr_line' id='line_1_27' title="bbox 1182 2737 1325 2776; baseline -0.007 -1"><span class='ocrx_word' id='word_1_161' title='bbox 1182 2737 1325 2776; x_wconf 87' lang='lat' dir='ltr'>OVIS.</span> 
     </span>
    </p>
   </div>
   <div class='ocr_carea' id='block_1_28' title="bbox 427 2809 1750 2883">
    <p class='ocr_par' dir='ltr' id='par_1_28' title="bbox 427 2809 1750 2883">
     <span class='ocr_line' id='line_1_28' title="bbox 427 2809 1750 2883; baseline -0.004 -15"><span class='ocrx_word' id='word_1_162' title='bbox 427 2813 541 2869; x_wconf 89' lang='lat' dir='ltr'>Nec</span> <span class='ocrx_word' id='word_1_163' title='bbox 573 2828 677 2868; x_wconf 92' lang='lat' dir='ltr'>nos</span> <span class='ocrx_word' id='word_1_164' title='bbox 711 2809 1057 2883; x_wconf 78' lang='lat' dir='ltr'>diffugimus</span> <span class='ocrx_word' id='word_1_165' title='bbox 1089 2809 1197 2865; x_wconf 94' lang='lat' dir='ltr'>hoc</span> <span class='ocrx_word' id='word_1_166' title='bbox 1218 2810 1303 2864; x_wconf 91' lang='lat' dir='ltr'>uti</span> <span class='ocrx_word' id='word_1_167' title='bbox 1327 2809 1546 2881; x_wconf 87' lang='lat' dir='ltr'>judice,</span> <span class='ocrx_word' id='word_1_168' title='bbox 1580 2809 1750 2881; x_wconf 85' lang='lat' dir='ltr'>cujus</span> 
     </span>
    </p>
   </div>
   <div class='ocr_carea' id='block_1_29' title="bbox 502 2898 1789 2972">
    <p class='ocr_par' dir='ltr' id='par_1_29' title="bbox 502 2898 1789 2972">
     <span class='ocr_line' id='line_1_29' title="bbox 502 2898 1789 2972; baseline -0.001 -18"><span class='ocrx_word' id='word_1_169' title='bbox 502 2904 605 2956; x_wconf 89' lang='lat' dir='ltr'>Est</span> <span class='ocrx_word' id='word_1_170' title='bbox 626 2916 814 2972; x_wconf 87' lang='lat' dir='ltr'>agnus</span> <span class='ocrx_word' id='word_1_171' title='bbox 847 2916 1098 2971; x_wconf 87' lang='lat' dir='ltr'>sponsus</span> <span class='ocrx_word' id='word_1_172' title='bbox 1129 2903 1186 2954; x_wconf 92' lang='lat' dir='ltr'>et</span> <span class='ocrx_word' id='word_1_173' title='bbox 1215 2902 1380 2971; x_wconf 87' lang='lat' dir='ltr'>pater</span> <span class='ocrx_word' id='word_1_174' title='bbox 1409 2902 1464 2953; x_wconf 88' lang='lat' dir='ltr'>et</span> <span class='ocrx_word' id='word_1_175' title='bbox 1492 2898 1789 2954; x_wconf 91' lang='lat' dir='ltr'>dominus.</span> 
     </span>
    </p>
   </div>
   <div class='ocr_carea' id='block_1_30' title="bbox 428 2986 2076 3060">
    <p class='ocr_par' dir='ltr' id='par_1_30' title="bbox 428 2986 2076 3060">
     <span class='ocr_line' id='line_1_30' title="bbox 428 2986 2076 3060; baseline -0.002 -15"><span class='ocrx_word' id='word_1_176' title='bbox 428 2988 574 3045; x_wconf 90' lang='lat' dir='ltr'>Cum</span> <span class='ocrx_word' id='word_1_177' title='bbox 606 3005 772 3045; x_wconf 90' lang='lat' dir='ltr'>sacra</span> <span class='ocrx_word' id='word_1_178' title='bbox 802 2988 1059 3043; x_wconf 86' lang='lat' dir='ltr'>facturus</span> <span class='ocrx_word' id='word_1_179' title='bbox 1093 3004 1260 3042; x_wconf 88' lang='lat' dir='ltr'>sacra</span> <span class='ocrx_word' id='word_1_180' title='bbox 1309 2986 1492 3042; x_wconf 86' lang='lat' dir='ltr'>sumit</span> <span class='ocrx_word' id='word_1_181' title='bbox 1539 2987 1799 3059; x_wconf 89' lang='lat' dir='ltr'>tegmina</span> <span class='ocrx_word' id='word_1_182' title='bbox 1842 2986 2076 3060; x_wconf 69' lang='lat' dir='ltr'>praesul,</span> 
     </span>
    </p>
   </div>
   <div class='ocr_carea' id='block_1_31' title="bbox 500 3075 1632 3151">
    <p class='ocr_par' dir='ltr' id='par_1_31' title="bbox 500 3075 1632 3151">
     <span class='ocr_line' id='line_1_31' title="bbox 500 3075 1632 3151; baseline -0.003 -18"><span class='ocrx_word' id='word_1_183' title='bbox 500 3076 742 3151; x_wconf 87' lang='lat' dir='ltr'>Dignior</span> <span class='ocrx_word' id='word_1_184' title='bbox 770 3080 957 3133; x_wconf 83' lang='lat' dir='ltr'>exstat</span> <span class='ocrx_word' id='word_1_185' title='bbox 987 3075 1108 3133; x_wconf 90' lang='lat' dir='ltr'>ovis</span> <span class='ocrx_word' id='word_1_186' title='bbox 1138 3077 1268 3147; x_wconf 89' lang='lat' dir='ltr'>ejus</span> <span class='ocrx_word' id='word_1_187' title='bbox 1301 3076 1360 3130; x_wconf 89' lang='lat' dir='ltr'>in</span> <span class='ocrx_word' id='word_1_188' title='bbox 1392 3076 1632 3131; x_wconf 86' lang='lat' dir='ltr'>exuviis.</span> 
     </span>
    </p>
   </div>
   <div class='ocr_carea' id='block_1_32' title="bbox 429 3165 1875 3237">
    <p class='ocr_par' dir='ltr' id='par_1_32' title="bbox 429 3165 1875 3237">
     <span class='ocr_line' id='line_1_32' title="bbox 429 3165 1875 3237; baseline 0 -16"><span class='ocrx_word' id='word_1_189' title='bbox 429 3165 717 3223; x_wconf 84' lang='lat' dir='ltr'>Ecclesiae</span> <span class='ocrx_word' id='word_1_190' title='bbox 750 3171 983 3222; x_wconf 89' lang='lat' dir='ltr'>sanctas</span> <span class='ocrx_word' id='word_1_191' title='bbox 1017 3182 1165 3237; x_wconf 88' lang='lat' dir='ltr'>quas</span> <span class='ocrx_word' id='word_1_192' title='bbox 1195 3169 1411 3221; x_wconf 89' lang='lat' dir='ltr'>matres</span> <span class='ocrx_word' id='word_1_193' title='bbox 1443 3166 1708 3221; x_wconf 87' lang='lat' dir='ltr'>nominat</span> <span class='ocrx_word' id='word_1_194' title='bbox 1733 3183 1875 3222; x_wconf 91' lang='lat' dir='ltr'>usus</span> 
     </span>
    </p>
   </div>
   <div class='ocr_carea' id='block_1_33' title="bbox 499 3254 1503 3322">
    <p class='ocr_par' dir='ltr' id='par_1_33' title="bbox 499 3254 1503 3322">
     <span class='ocr_line' id='line_1_33' title="bbox 499 3254 1503 3322; baseline 0.002 -14"><span class='ocrx_word' id='word_1_195' title='bbox 499 3255 601 3311; x_wconf 89' lang='lat' dir='ltr'>Vel</span> <span class='ocrx_word' id='word_1_196' title='bbox 627 3256 754 3311; x_wconf 62' lang='lat' dir='ltr'>vita</span> <span class='ocrx_word' id='word_1_197' title='bbox 778 3256 1005 3322; x_wconf 90' lang='lat' dir='ltr'>merito,</span> <span class='ocrx_word' id='word_1_198' title='bbox 1042 3254 1126 3310; x_wconf 87' lang='lat' dir='ltr'>vel</span> <span class='ocrx_word' id='word_1_199' title='bbox 1162 3254 1294 3310; x_wconf 76' lang='lat' dir='ltr'>fidei</span> <span class='ocrx_word' id='word_1_200' title='bbox 1319 3255 1503 3319; x_wconf 88' lang='lat' dir='ltr'>senio,</span> 
     </span>
    </p>
   </div>
   <div class='ocr_carea' id='block_1_34' title="bbox 432 3341 1627 3412">
    <p class='ocr_par' dir='ltr' id='par_1_34' title="bbox 432 3341 1627 3412">
     <span class='ocr_line' id='line_1_34' title="bbox 432 3341 1627 3412; baseline 0.001 -15"><span class='ocrx_word' id='word_1_201' title='bbox 432 3344 669 3397; x_wconf 89' lang='lat' dir='ltr'>Munere</span> <span class='ocrx_word' id='word_1_202' title='bbox 700 3343 943 3412; x_wconf 82' lang='lat' dir='ltr'>majoris</span> <span class='ocrx_word' id='word_1_203' title='bbox 972 3341 1104 3397; x_wconf 90' lang='lat' dir='ltr'>illas</span> <span class='ocrx_word' id='word_1_204' title='bbox 1136 3341 1357 3396; x_wconf 78' lang='lat' dir='ltr'>extollit</span> <span class='ocrx_word' id='word_1_205' title='bbox 1387 3342 1627 3399; x_wconf 83' lang='lat' dir='ltr'>honoris</span> 
     </span>
    </p>
   </div>
   <div class='ocr_carea' id='block_1_35' title="bbox 500 3428 1860 3502">
    <p class='ocr_par' dir='ltr' id='par_1_35' title="bbox 500 3428 1860 3502">
     <span class='ocr_line' id='line_1_35' title="bbox 500 3428 1860 3502; baseline 0.003 -18"><span class='ocrx_word' id='word_1_206' title='bbox 500 3428 681 3485; x_wconf 88' lang='lat' dir='ltr'>Pallia</span> <span class='ocrx_word' id='word_1_207' title='bbox 712 3430 896 3485; x_wconf 88' lang='lat' dir='ltr'>Roma</span> <span class='ocrx_word' id='word_1_208' title='bbox 915 3447 1093 3485; x_wconf 90' lang='lat' dir='ltr'>suum</span> <span class='ocrx_word' id='word_1_209' title='bbox 1127 3430 1274 3485; x_wconf 89' lang='lat' dir='ltr'>dans</span> <span class='ocrx_word' id='word_1_210' title='bbox 1306 3447 1407 3501; x_wconf 90' lang='lat' dir='ltr'>per</span> <span class='ocrx_word' id='word_1_211' title='bbox 1436 3432 1822 3502; x_wconf 88' lang='lat' dir='ltr'>apostolicum</span> <span class='ocrx_word' id='word_1_212' title='bbox 1848 3451 1860 3499; x_wconf 93' lang='lat'><strong>;</strong></span> 
     </span>
    </p>
   </div>
   <div class='ocr_carea' id='block_1_36' title="bbox 425 3515 1794 3591">
    <p class='ocr_par' dir='ltr' id='par_1_36' title="bbox 425 3515 1794 3591">
     <span class='ocr_line' id='line_1_36' title="bbox 425 3515 1794 3591; baseline 0.003 -20"><span class='ocrx_word' id='word_1_213' title='bbox 425 3515 672 3572; x_wconf 88' lang='lat' dir='ltr'>Plenum</span> <span class='ocrx_word' id='word_1_214' title='bbox 705 3517 951 3573; x_wconf 89' lang='lat' dir='ltr'>sacratis</span> <span class='ocrx_word' id='word_1_215' title='bbox 981 3522 1141 3589; x_wconf 89' lang='lat' dir='ltr'>patet</span> <span class='ocrx_word' id='word_1_216' title='bbox 1171 3517 1280 3572; x_wconf 92' lang='lat' dir='ltr'>hoc</span> <span class='ocrx_word' id='word_1_217' title='bbox 1312 3518 1540 3591; x_wconf 89' lang='lat' dir='ltr'>insigne</span> <span class='ocrx_word' id='word_1_218' title='bbox 1569 3520 1794 3576; x_wconf 89' lang='lat' dir='ltr'>decoris</span> 
     </span>
    </p>
   </div>
   <div class='ocr_carea' id='block_1_37' title="bbox 496 3605 1721 3678">
    <p class='ocr_par' dir='ltr' id='par_1_37' title="bbox 496 3605 1721 3678">
     <span class='ocr_line' id='line_1_37' title="bbox 496 3605 1721 3678; baseline 0.002 -18"><span class='ocrx_word' id='word_1_219' title='bbox 496 3610 688 3678; x_wconf 85' lang='lat' dir='ltr'>Atque</span> <span class='ocrx_word' id='word_1_220' title='bbox 718 3623 893 3677; x_wconf 88' lang='lat' dir='ltr'>super</span> <span class='ocrx_word' id='word_1_221' title='bbox 920 3605 1177 3678; x_wconf 88' lang='lat' dir='ltr'>reliquas</span> <span class='ocrx_word' id='word_1_222' title='bbox 1207 3606 1427 3661; x_wconf 88' lang='lat' dir='ltr'>eminet</span> <span class='ocrx_word' id='word_1_223' title='bbox 1449 3608 1681 3663; x_wconf 80' lang='lat' dir='ltr'>exuvias</span> <span class='ocrx_word' id='word_1_224' title='bbox 1708 3626 1721 3675; x_wconf 89' lang='lat'><strong>;</strong></span> 
     </span>
    </p>
   </div>
   <div class='ocr_carea' id='block_1_38' title="bbox 425 3693 1794 3768">
    <p class='ocr_par' dir='ltr' id='par_1_38' title="bbox 425 3693 1794 3768">
     <span class='ocr_line' id='line_1_38' title="bbox 425 3693 1794 3768; baseline 0.001 -17"><span class='ocrx_word' id='word_1_225' title='bbox 425 3693 688 3768; x_wconf 87' lang='lat' dir='ltr'>Simplex</span> <span class='ocrx_word' id='word_1_226' title='bbox 719 3712 753 3751; x_wconf 90' lang='lat' dir='ltr'>a</span> <span class='ocrx_word' id='word_1_227' title='bbox 778 3695 1000 3763; x_wconf 87' lang='lat' dir='ltr'>dextra,</span> <span class='ocrx_word' id='word_1_228' title='bbox 1034 3694 1245 3766; x_wconf 90' lang='lat' dir='ltr'>duplex</span> <span class='ocrx_word' id='word_1_229' title='bbox 1276 3712 1309 3750; x_wconf 91' lang='lat' dir='ltr'>a</span> <span class='ocrx_word' id='word_1_230' title='bbox 1339 3699 1504 3766; x_wconf 90' lang='lat' dir='ltr'>parte</span> <span class='ocrx_word' id='word_1_231' title='bbox 1534 3696 1794 3766; x_wconf 86' lang='lat' dir='ltr'>sinistra,</span> 
     </span>
    </p>
   </div>
   <div class='ocr_carea' id='block_1_39' title="bbox 500 3784 1837 3857">
    <p class='ocr_par' dir='ltr' id='par_1_39' title="bbox 500 3784 1837 3857">
     <span class='ocr_line' id='line_1_39' title="bbox 500 3784 1837 3857; baseline 0.001 -16"><span class='ocrx_word' id='word_1_232' title='bbox 500 3785 765 3841; x_wconf 90' lang='lat' dir='ltr'>Pendens</span> <span class='ocrx_word' id='word_1_233' title='bbox 796 3801 864 3840; x_wconf 91' lang='lat' dir='ltr'>ex</span> <span class='ocrx_word' id='word_1_234' title='bbox 893 3784 1178 3852; x_wconf 90' lang='lat' dir='ltr'>humeris,</span> <span class='ocrx_word' id='word_1_235' title='bbox 1212 3784 1460 3857; x_wconf 88' lang='lat' dir='ltr'>mystica</span> <span class='ocrx_word' id='word_1_236' title='bbox 1489 3785 1642 3842; x_wconf 90' lang='lat' dir='ltr'>dona</span> <span class='ocrx_word' id='word_1_237' title='bbox 1670 3788 1837 3857; x_wconf 84' lang='lat' dir='ltr'>gerit.</span> 
     </span>
    </p>
   </div>
   <div class='ocr_carea' id='block_1_40' title="bbox 424 3872 1829 3945">
    <p class='ocr_par' dir='ltr' id='par_1_40' title="bbox 424 3872 1829 3945">
     <span class='ocr_line' id='line_1_40' title="bbox 424 3872 1829 3945; baseline 0.001 -16"><span class='ocrx_word' id='word_1_238' title='bbox 424 3874 703 3942; x_wconf 86' lang='lat' dir='ltr'>Plurima,</span> <span class='ocrx_word' id='word_1_239' title='bbox 736 3874 999 3930; x_wconf 90' lang='lat' dir='ltr'>continui</span> <span class='ocrx_word' id='word_1_240' title='bbox 1026 3872 1305 3930; x_wconf 88' lang='lat' dir='ltr'>revolutis</span> <span class='ocrx_word' id='word_1_241' title='bbox 1334 3874 1637 3932; x_wconf 90' lang='lat' dir='ltr'>mensibus</span> <span class='ocrx_word' id='word_1_242' title='bbox 1670 3877 1829 3945; x_wconf 89' lang='lat' dir='ltr'>anni,</span> 
     </span>
    </p>
   </div>
   <div class='ocr_carea' id='block_1_41' title="bbox 495 3964 1697 4038">
    <p class='ocr_par' dir='ltr' id='par_1_41' title="bbox 495 3964 1697 4038">
     <span class='ocr_line' id='line_1_41' title="bbox 495 3964 1697 4038; baseline 0.006 -22"><span class='ocrx_word' id='word_1_243' title='bbox 495 3969 541 4016; x_wconf 84' lang='lat' dir='ltr'><strong>A</strong></span> <span class='ocrx_word' id='word_1_244' title='bbox 572 3964 803 4020; x_wconf 90' lang='lat' dir='ltr'>Christo</span> <span class='ocrx_word' id='word_1_245' title='bbox 826 3964 1021 4020; x_wconf 89' lang='lat' dir='ltr'>dictus</span> <span class='ocrx_word' id='word_1_246' title='bbox 1055 3966 1204 4020; x_wconf 87' lang='lat' dir='ltr'>festa</span> <span class='ocrx_word' id='word_1_247' title='bbox 1234 3964 1373 4021; x_wconf 91' lang='lat' dir='ltr'>colit</span> <span class='ocrx_word' id='word_1_248' title='bbox 1406 3965 1697 4038; x_wconf 91' lang='lat' dir='ltr'>populus;</span> 
     </span>
    </p>
   </div>
   <div class='ocr_carea' id='block_1_42' title="bbox 427 4050 1680 4124">
    <p class='ocr_par' dir='ltr' id='par_1_42' title="bbox 427 4050 1680 4124">
     <span class='ocr_line' id='line_1_42' title="bbox 427 4050 1680 4124; baseline 0.005 -18"><span class='ocrx_word' id='word_1_249' title='bbox 427 4050 538 4106; x_wconf 88' lang='lat' dir='ltr'>Sed</span> <span class='ocrx_word' id='word_1_250' title='bbox 564 4055 706 4106; x_wconf 90' lang='lat' dir='ltr'>tunc</span> <span class='ocrx_word' id='word_1_251' title='bbox 739 4052 1042 4124; x_wconf 63' lang='lat' dir='ltr'>praecipua</span> <span class='ocrx_word' id='word_1_252' title='bbox 1073 4054 1254 4108; x_wconf 88' lang='lat' dir='ltr'>fervet</span> <span class='ocrx_word' id='word_1_253' title='bbox 1283 4055 1509 4112; x_wconf 84' lang='lat' dir='ltr'>devotio</span> <span class='ocrx_word' id='word_1_254' title='bbox 1541 4073 1680 4112; x_wconf 89' lang='lat' dir='ltr'>cura</span> 
     </span>
    </p>
   </div>
   <div class='ocr_carea' id='block_1_43' title="bbox 508 4139 1583 4213">
    <p class='ocr_par' dir='ltr' id='par_1_43' title="bbox 508 4139 1583 4213">
     <span class='ocr_line' id='line_1_43' title="bbox 508 4139 1583 4213; baseline 0.007 -20"><span class='ocrx_word' id='word_1_255' title='bbox 508 4139 654 4195; x_wconf 91' lang='lat' dir='ltr'>Cum</span> <span class='ocrx_word' id='word_1_256' title='bbox 685 4140 762 4195; x_wconf 91' lang='lat' dir='ltr'>sit</span> <span class='ocrx_word' id='word_1_257' title='bbox 782 4142 1085 4213; x_wconf 63' lang='lat' dir='ltr'>praecipuae</span> <span class='ocrx_word' id='word_1_258' title='bbox 1119 4143 1336 4198; x_wconf 87' lang='lat' dir='ltr'>mentio</span> <span class='ocrx_word' id='word_1_259' title='bbox 1354 4143 1583 4201; x_wconf 68' lang='lat' dir='ltr'>laetitiae.</span> 
     </span>
    </p>
   </div>
   <div class='ocr_carea' id='block_1_44' title="bbox 430 4227 1669 4303">
    <p class='ocr_par' dir='ltr' id='par_1_44' title="bbox 430 4227 1669 4303">
     <span class='ocr_line' id='line_1_44' title="bbox 430 4227 1669 4303; baseline 0.003 -19"><span class='ocrx_word' id='word_1_260' title='bbox 430 4227 687 4284; x_wconf 89' lang='lat' dir='ltr'>Sedulus</span> <span class='ocrx_word' id='word_1_261' title='bbox 717 4229 924 4284; x_wconf 78' lang='lat' dir='ltr'>officiis</span> <span class='ocrx_word' id='word_1_262' title='bbox 955 4231 1174 4285; x_wconf 78' lang='lat' dir='ltr'>devotae</span> <span class='ocrx_word' id='word_1_263' title='bbox 1209 4232 1424 4303; x_wconf 87' lang='lat' dir='ltr'>gaudia</span> <span class='ocrx_word' id='word_1_264' title='bbox 1454 4234 1669 4290; x_wconf 90' lang='lat' dir='ltr'>mentis</span> 
     </span>
    </p>
   </div>
   <div class='ocr_carea' id='block_1_45' title="bbox 502 4318 2078 4398">
    <p class='ocr_par' dir='ltr' id='par_1_45' title="bbox 502 4318 2078 4398">
     <span class='ocr_line' id='line_1_45' title="bbox 502 4318 2078 4398; baseline 0.008 -27"><span class='ocrx_word' id='word_1_265' title='bbox 502 4321 664 4373; x_wconf 90' lang='lat' dir='ltr'>Tunc</span> <span class='ocrx_word' id='word_1_266' title='bbox 696 4318 880 4390; x_wconf 87' lang='lat' dir='ltr'>aperit</span> <span class='ocrx_word' id='word_1_267' title='bbox 913 4320 1215 4390; x_wconf 91' lang='lat' dir='ltr'>proprium</span> <span class='ocrx_word' id='word_1_268' title='bbox 1247 4321 1499 4392; x_wconf 90' lang='lat' dir='ltr'>quisque</span> <span class='ocrx_word' id='word_1_269' title='bbox 1544 4340 1646 4394; x_wconf 89' lang='lat' dir='ltr'>per</span> <span class='ocrx_word' id='word_1_270' title='bbox 1693 4325 2040 4398; x_wconf 87' lang='lat' dir='ltr'>obsequium</span> <span class='ocrx_word' id='word_1_271' title='bbox 2067 4346 2078 4383; x_wconf 91' lang='lat'><strong>:</strong></span> 
     </span>
    </p>
   </div>
   <div class='ocr_carea' id='block_1_46' title="bbox 432 4405 1560 4481">
    <p class='ocr_par' dir='ltr' id='par_1_46' title="bbox 432 4405 1560 4481">
     <span class='ocr_line' id='line_1_46' title="bbox 432 4405 1560 4481; baseline 0.004 -20"><span class='ocrx_word' id='word_1_272' title='bbox 432 4405 526 4461; x_wconf 92' lang='lat' dir='ltr'>Nil</span> <span class='ocrx_word' id='word_1_273' title='bbox 558 4407 702 4462; x_wconf 86' lang='lat' dir='ltr'>adeo</span> <span class='ocrx_word' id='word_1_274' title='bbox 732 4407 882 4462; x_wconf 91' lang='lat' dir='ltr'>sacri</span> <span class='ocrx_word' id='word_1_275' title='bbox 914 4412 1164 4463; x_wconf 89' lang='lat' dir='ltr'>testatur</span> <span class='ocrx_word' id='word_1_276' title='bbox 1191 4409 1405 4481; x_wconf 90' lang='lat' dir='ltr'>gaudia</span> <span class='ocrx_word' id='word_1_277' title='bbox 1430 4410 1560 4467; x_wconf 88' lang='lat' dir='ltr'>festi</span> 
     </span>
    </p>
   </div>
   <div class='ocr_carea' id='block_1_47' title="bbox 502 4496 1829 4559">
    <p class='ocr_par' dir='ltr' id='par_1_47' title="bbox 502 4496 1829 4559">
     <span class='ocr_line' id='line_1_47' title="bbox 502 4496 1829 4559; baseline 0.007 -9"><span class='ocrx_word' id='word_1_278' title='bbox 502 4496 687 4559; x_wconf 86' lang='lat' dir='ltr'>Quam</span> <span class='ocrx_word' id='word_1_279' title='bbox 719 4513 885 4552; x_wconf 91' lang='lat' dir='ltr'>sacra</span> <span class='ocrx_word' id='word_1_280' title='bbox 915 4497 1139 4552; x_wconf 87' lang='lat' dir='ltr'>festivis</span> <span class='ocrx_word' id='word_1_281' title='bbox 1174 4497 1331 4553; x_wconf 89' lang='lat' dir='ltr'>clara</span> <span class='ocrx_word' id='word_1_282' title='bbox 1362 4499 1571 4556; x_wconf 92' lang='lat' dir='ltr'>domus</span> <span class='ocrx_word' id='word_1_283' title='bbox 1603 4502 1829 4559; x_wconf 89' lang='lat' dir='ltr'>titulis:</span> 
     </span>
    </p>
   </div>
   <div class='ocr_carea' id='block_1_48' title="bbox 433 4585 1802 4663">
    <p class='ocr_par' dir='ltr' id='par_1_48' title="bbox 433 4585 1802 4663">
     <span class='ocr_line' id='line_1_48' title="bbox 433 4585 1802 4663; baseline 0.004 -22"><span class='ocrx_word' id='word_1_284' title='bbox 433 4587 596 4641; x_wconf 92' lang='lat' dir='ltr'>Tunc</span> <span class='ocrx_word' id='word_1_285' title='bbox 630 4585 888 4656; x_wconf 89' lang='lat' dir='ltr'>pretiosa</span> <span class='ocrx_word' id='word_1_286' title='bbox 920 4585 1044 4640; x_wconf 92' lang='lat' dir='ltr'>suis</span> <span class='ocrx_word' id='word_1_287' title='bbox 1078 4591 1349 4660; x_wconf 89' lang='lat' dir='ltr'>surgunt,</span> <span class='ocrx_word' id='word_1_288' title='bbox 1385 4588 1570 4644; x_wconf 67' lang='lat' dir='ltr'>aulaza</span> <span class='ocrx_word' id='word_1_289' title='bbox 1599 4590 1802 4663; x_wconf 85' lang='lat' dir='ltr'>figuris</span> 
     </span>
    </p>
   </div>
   <div class='ocr_carea' id='block_1_49' title="bbox 505 4675 1628 4747">
    <p class='ocr_par' dir='ltr' id='par_1_49' title="bbox 505 4675 1628 4747">
     <span class='ocr_line' id='line_1_49' title="bbox 505 4675 1628 4747; baseline 0.004 -19"><span class='ocrx_word' id='word_1_290' title='bbox 505 4676 585 4729; x_wconf 85' lang='lat' dir='ltr'>Ac</span> <span class='ocrx_word' id='word_1_291' title='bbox 611 4675 671 4729; x_wconf 90' lang='lat' dir='ltr'>in</span> <span class='ocrx_word' id='word_1_292' title='bbox 705 4691 768 4729; x_wconf 90' lang='lat' dir='ltr'>se</span> <span class='ocrx_word' id='word_1_293' title='bbox 799 4675 981 4747; x_wconf 89' lang='lat' dir='ltr'>raptis</span> <span class='ocrx_word' id='word_1_294' title='bbox 1013 4691 1113 4731; x_wconf 88' lang='lat' dir='ltr'>ora</span> <span class='ocrx_word' id='word_1_295' title='bbox 1141 4680 1342 4731; x_wconf 88' lang='lat' dir='ltr'>tenent</span> <span class='ocrx_word' id='word_1_296' title='bbox 1367 4677 1581 4733; x_wconf 89' lang='lat' dir='ltr'>animis</span> <span class='ocrx_word' id='word_1_297' title='bbox 1615 4698 1628 4745; x_wconf 92' lang='lat'><strong>;</strong></span> 
     </span>
    </p>
   </div>
   <div class='ocr_carea' id='block_1_50' title="bbox 438 4762 1735 4838">
    <p class='ocr_par' dir='ltr' id='par_1_50' title="bbox 438 4762 1735 4838">
     <span class='ocr_line' id='line_1_50' title="bbox 438 4762 1735 4838; baseline 0.008 -24"><span class='ocrx_word' id='word_1_298' title='bbox 438 4762 602 4816; x_wconf 89' lang='lat' dir='ltr'>Tunc</span> <span class='ocrx_word' id='word_1_299' title='bbox 628 4779 874 4833; x_wconf 88' lang='lat' dir='ltr'>operosa</span> <span class='ocrx_word' id='word_1_300' title='bbox 907 4764 1031 4820; x_wconf 89' lang='lat' dir='ltr'>suis</span> <span class='ocrx_word' id='word_1_301' title='bbox 1055 4764 1313 4837; x_wconf 88' lang='lat' dir='ltr'>Hispana</span> <span class='ocrx_word' id='word_1_302' title='bbox 1332 4767 1549 4838; x_wconf 89' lang='lat' dir='ltr'>tapetia</span> <span class='ocrx_word' id='word_1_303' title='bbox 1577 4767 1735 4825; x_wconf 84' lang='lat' dir='ltr'>villis</span> 
     </span>
    </p>
   </div>
   <div class='ocr_carea' id='block_1_51' title="bbox 394 4849 1823 4930">
    <p class='ocr_par' dir='ltr' id='par_1_51' title="bbox 394 4849 1823 4930">
     <span class='ocr_line' id='line_1_51' title="bbox 394 4849 1823 4930; baseline 0.011 -29"><span class='ocrx_word' id='word_1_304' title='bbox 394 4882 409 4895; x_wconf 65' lang='grc' dir='ltr'><strong>Î¹</strong></span> <span class='ocrx_word' id='word_1_305' title='bbox 516 4849 661 4905; x_wconf 89' lang='lat' dir='ltr'>Hinc</span> <span class='ocrx_word' id='word_1_306' title='bbox 682 4852 913 4918; x_wconf 88' lang='lat' dir='ltr'>rubeas,</span> <span class='ocrx_word' id='word_1_307' title='bbox 944 4852 1157 4910; x_wconf 89' lang='lat' dir='ltr'>virides</span> <span class='ocrx_word' id='word_1_308' title='bbox 1186 4856 1321 4910; x_wconf 91' lang='lat' dir='ltr'>inde</span> <span class='ocrx_word' id='word_1_309' title='bbox 1344 4856 1537 4911; x_wconf 86' lang='lat' dir='ltr'>ferunt</span> <span class='ocrx_word' id='word_1_310' title='bbox 1562 4859 1786 4930; x_wconf 68' lang='lat' dir='ltr'>species</span> <span class='ocrx_word' id='word_1_311' title='bbox 1812 4877 1823 4917; x_wconf 87' lang='lat'><strong>:</strong></span> 
     </span>
    </p>
   </div>
   <div class='ocr_carea' id='block_1_52' title="bbox 442 4940 1730 5015">
    <p class='ocr_par' dir='ltr' id='par_1_52' title="bbox 442 4940 1730 5015">
     <span class='ocr_line' id='line_1_52' title="bbox 442 4940 1730 5015; baseline 0.009 -25"><span class='ocrx_word' id='word_1_312' title='bbox 442 4940 602 4992; x_wconf 90' lang='lat' dir='ltr'>Tunc</span> <span class='ocrx_word' id='word_1_313' title='bbox 631 4940 803 4994; x_wconf 90' lang='lat' dir='ltr'>statio</span> <span class='ocrx_word' id='word_1_314' title='bbox 835 4941 1005 5008; x_wconf 89' lang='lat' dir='ltr'>sacri,</span> <span class='ocrx_word' id='word_1_315' title='bbox 1041 4946 1180 4998; x_wconf 89' lang='lat' dir='ltr'>tunc</span> <span class='ocrx_word' id='word_1_316' title='bbox 1214 4945 1342 5015; x_wconf 88' lang='lat' dir='ltr'>ipsa</span> <span class='ocrx_word' id='word_1_317' title='bbox 1361 4946 1568 5001; x_wconf 90' lang='lat' dir='ltr'>sedilia</span> <span class='ocrx_word' id='word_1_318' title='bbox 1593 4947 1730 5003; x_wconf 87' lang='lat' dir='ltr'>cieri</span> 
     </span>
    </p>
   </div>
   <div class='ocr_carea' id='block_1_53' title="bbox 515 5026 1726 5103">
    <p class='ocr_par' dir='ltr' id='par_1_53' title="bbox 515 5026 1726 5103">
     <span class='ocr_line' id='line_1_53' title="bbox 515 5026 1726 5103; baseline 0.009 -23"><span class='ocrx_word' id='word_1_319' title='bbox 515 5026 857 5083; x_wconf 89' lang='lat' dir='ltr'>Demulcent</span> <span class='ocrx_word' id='word_1_320' title='bbox 887 5029 1086 5084; x_wconf 92' lang='lat' dir='ltr'>oculos</span> <span class='ocrx_word' id='word_1_321' title='bbox 1118 5048 1359 5087; x_wconf 81' lang='lat' dir='ltr'>munere</span> <span class='ocrx_word' id='word_1_322' title='bbox 1380 5037 1531 5089; x_wconf 90' lang='lat' dir='ltr'>tecta</span> <span class='ocrx_word' id='word_1_323' title='bbox 1563 5052 1688 5090; x_wconf 91' lang='lat' dir='ltr'>meo</span> <span class='ocrx_word' id='word_1_324' title='bbox 1715 5054 1726 5103; x_wconf 92' lang='lat'>;</span> 
     </span>
    </p>
   </div>
   <div class='ocr_carea' id='block_1_54' title="bbox 441 5115 1731 5195">
    <p class='ocr_par' dir='ltr' id='par_1_54' title="bbox 441 5115 1731 5195">
     <span class='ocr_line' id='line_1_54' title="bbox 441 5115 1731 5195; baseline 0.004 -22"><span class='ocrx_word' id='word_1_325' title='bbox 441 5116 523 5173; x_wconf 87' lang='lat' dir='ltr'>Ex</span> <span class='ocrx_word' id='word_1_326' title='bbox 553 5115 675 5172; x_wconf 91' lang='lat' dir='ltr'>solo</span> <span class='ocrx_word' id='word_1_327' title='bbox 697 5117 905 5173; x_wconf 90' lang='lat' dir='ltr'>doctus</span> <span class='ocrx_word' id='word_1_328' title='bbox 937 5118 1121 5173; x_wconf 88' lang='lat' dir='ltr'>nostri</span> <span class='ocrx_word' id='word_1_329' title='bbox 1153 5121 1460 5190; x_wconf 82' lang='lat' dir='ltr'>splendore</span> <span class='ocrx_word' id='word_1_330' title='bbox 1493 5129 1731 5195; x_wconf 88' lang='lat' dir='ltr'>paratus</span> 
     </span>
    </p>
   </div>
   <div class='ocr_carea' id='block_1_55' title="bbox 515 5205 1759 5279">
    <p class='ocr_par' dir='ltr' id='par_1_55' title="bbox 515 5205 1759 5279">
     <span class='ocr_line' id='line_1_55' title="bbox 515 5205 1759 5279; baseline 0.007 -20"><span class='ocrx_word' id='word_1_331' title='bbox 515 5205 802 5278; x_wconf 91' lang='lat' dir='ltr'>Percipiet</span> <span class='ocrx_word' id='word_1_332' title='bbox 831 5206 1115 5262; x_wconf 90' lang='lat' dir='ltr'>celebrem</span> <span class='ocrx_word' id='word_1_333' title='bbox 1150 5208 1395 5279; x_wconf 84' lang='lat' dir='ltr'>quilibet</span> <span class='ocrx_word' id='word_1_334' title='bbox 1422 5228 1551 5266; x_wconf 84' lang='lat' dir='ltr'>esse</span> <span class='ocrx_word' id='word_1_335' title='bbox 1582 5213 1759 5268; x_wconf 89' lang='lat' dir='ltr'>diem.</span> 
     </span>
    </p>
   </div>
   <div class='ocr_carea' id='block_1_56' title="bbox 444 5295 1866 5372">
    <p class='ocr_par' dir='ltr' id='par_1_56' title="bbox 444 5295 1866 5372">
     <span class='ocr_line' id='line_1_56' title="bbox 444 5295 1866 5372; baseline 0.006 -22"><span class='ocrx_word' id='word_1_336' title='bbox 444 5295 719 5351; x_wconf 91' lang='lat' dir='ltr'>Ecclesiis</span> <span class='ocrx_word' id='word_1_337' title='bbox 750 5300 971 5368; x_wconf 89' lang='lat' dir='ltr'>septem</span> <span class='ocrx_word' id='word_1_338' title='bbox 1004 5301 1190 5352; x_wconf 91' lang='lat' dir='ltr'>totum</span> <span class='ocrx_word' id='word_1_339' title='bbox 1222 5297 1515 5370; x_wconf 86' lang='lat' dir='ltr'>vulganda</span> <span class='ocrx_word' id='word_1_340' title='bbox 1540 5317 1642 5372; x_wconf 91' lang='lat' dir='ltr'>per</span> <span class='ocrx_word' id='word_1_341' title='bbox 1668 5302 1866 5358; x_wconf 87' lang='lat' dir='ltr'>orbem</span> 
     </span>
    </p>
   </div>
   <div class='ocr_carea' id='block_1_57' title="bbox 516 5384 1768 5467">
    <p class='ocr_par' dir='ltr' id='par_1_57' title="bbox 516 5384 1768 5467">
     <span class='ocr_line' id='line_1_57' title="bbox 516 5384 1768 5467; baseline 0.005 -28"><span class='ocrx_word' id='word_1_342' title='bbox 516 5384 737 5467; x_wconf 88' lang='lat' dir='ltr'>Scribit</span> <span class='ocrx_word' id='word_1_343' title='bbox 767 5384 1014 5442; x_wconf 91' lang='lat' dir='ltr'>dilectus</span> <span class='ocrx_word' id='word_1_344' title='bbox 1046 5386 1311 5460; x_wconf 79' lang='lat' dir='ltr'>mystica,</span> <span class='ocrx_word' id='word_1_345' title='bbox 1336 5387 1582 5454; x_wconf 86' lang='lat' dir='ltr'>Christe,</span> <span class='ocrx_word' id='word_1_346' title='bbox 1610 5394 1768 5446; x_wconf 93' lang='lat' dir='ltr'>tuus.</span> 
     </span>
    </p>
   </div>
   <div class='ocr_carea' id='block_1_58' title="bbox 448 5473 1640 5551">
    <p class='ocr_par' dir='ltr' id='par_1_58' title="bbox 448 5473 1640 5551">
     <span class='ocr_line' id='line_1_58' title="bbox 448 5473 1640 5551; baseline 0.008 -26"><span class='ocrx_word' id='word_1_347' title='bbox 448 5475 580 5527; x_wconf 69' lang='lat' dir='ltr'>Haec</span> <span class='ocrx_word' id='word_1_348' title='bbox 612 5473 807 5528; x_wconf 89' lang='lat' dir='ltr'>divina</span> <span class='ocrx_word' id='word_1_349' title='bbox 832 5474 944 5546; x_wconf 92' lang='lat' dir='ltr'>piis</span> <span class='ocrx_word' id='word_1_350' title='bbox 974 5476 1208 5532; x_wconf 89' lang='lat' dir='ltr'>oracula</span> <span class='ocrx_word' id='word_1_351' title='bbox 1239 5476 1407 5548; x_wconf 88' lang='lat' dir='ltr'>plena</span> <span class='ocrx_word' id='word_1_352' title='bbox 1437 5478 1640 5551; x_wconf 81' lang='lat' dir='ltr'>figuris</span> 
     </span>
    </p>
   </div>
   <div class='ocr_carea' id='block_1_59' title="bbox 523 5561 1611 5638">
    <p class='ocr_par' dir='ltr' id='par_1_59' title="bbox 523 5561 1611 5638">
     <span class='ocr_line' id='line_1_59' title="bbox 523 5561 1611 5638; baseline 0.006 -23"><span class='ocrx_word' id='word_1_353' title='bbox 523 5561 647 5627; x_wconf 89' lang='lat' dir='ltr'>Qua</span> <span class='ocrx_word' id='word_1_354' title='bbox 671 5562 842 5617; x_wconf 85' lang='lat' dir='ltr'>debet</span> <span class='ocrx_word' id='word_1_355' title='bbox 869 5580 1009 5619; x_wconf 91' lang='lat' dir='ltr'>cura</span> <span class='ocrx_word' id='word_1_356' title='bbox 1038 5566 1287 5638; x_wconf 89' lang='lat' dir='ltr'>suscipit</span> <span class='ocrx_word' id='word_1_357' title='bbox 1318 5566 1575 5623; x_wconf 89' lang='lat' dir='ltr'>Ecclesia</span> <span class='ocrx_word' id='word_1_358' title='bbox 1598 5586 1611 5635; x_wconf 89' lang='lat'><strong>;</strong></span> 
     </span>
    </p>
   </div>
   <div class='ocr_carea' id='block_1_60' title="bbox 451 5648 1944 5732">
    <p class='ocr_par' dir='ltr' id='par_1_60' title="bbox 451 5648 1944 5732">
     <span class='ocr_line' id='line_1_60' title="bbox 451 5648 1944 5732; baseline 0.005 -20"><span class='ocrx_word' id='word_1_359' title='bbox 451 5648 565 5712; x_wconf 83' lang='lat' dir='ltr'>Sed</span> <span class='ocrx_word' id='word_1_360' title='bbox 596 5648 743 5709; x_wconf 85' lang='lat' dir='ltr'>nihil</span> <span class='ocrx_word' id='word_1_361' title='bbox 774 5656 859 5710; x_wconf 85' lang='lat' dir='ltr'>est</span> <span class='ocrx_word' id='word_1_362' title='bbox 888 5654 1043 5731; x_wconf 89' lang='lat' dir='ltr'>quod</span> <span class='ocrx_word' id='word_1_363' title='bbox 1075 5655 1160 5714; x_wconf 90' lang='lat' dir='ltr'>sic</span> <span class='ocrx_word' id='word_1_364' title='bbox 1189 5655 1374 5731; x_wconf 86' lang='lat' dir='ltr'>pietas</span> <span class='ocrx_word' id='word_1_365' title='bbox 1407 5656 1779 5732; x_wconf 83' lang='lat' dir='ltr'>amplectitur</span> <span class='ocrx_word' id='word_1_366' title='bbox 1807 5658 1944 5719; x_wconf 90' lang='lat' dir='ltr'>illuc</span> 
     </span>
    </p>
   </div>
   <div class='ocr_carea' id='block_1_61' title="bbox 808 354 3407 436">
    <p class='ocr_par' dir='ltr' id='par_1_61' title="bbox 808 354 3407 436">
     <span class='ocr_line' id='line_1_61' title="bbox 808 354 3407 436; baseline -0.008 0"><span class='ocrx_word' id='word_1_367' title='bbox 808 371 1222 436; x_wconf 78' lang='lat' dir='ltr'>HERMANNI</span> <span class='ocrx_word' id='word_1_368' title='bbox 1266 365 1709 432; x_wconf 79' lang='lat' dir='ltr'>CONTBACTI</span> <span class='ocrx_word' id='word_1_369' title='bbox 1759 366 1940 427; x_wconf 88' lang='lat' dir='ltr'>AUG.</span> <span class='ocrx_word' id='word_1_370' title='bbox 1988 362 2177 425; x_wconf 87' lang='lat' dir='ltr'>MON.</span> <span class='ocrx_word' id='word_1_371' title='bbox 2225 360 2544 421; x_wconf 80' lang='lat' dir='ltr'>CARMEN</span> <span class='ocrx_word' id='word_1_372' title='bbox 2591 361 2693 421; x_wconf 90' lang='lat' dir='ltr'>DE</span> <span class='ocrx_word' id='word_1_373' title='bbox 2737 358 3193 429; x_wconf 84' lang='lat' dir='ltr'>CONFLICTU,</span> <span class='ocrx_word' id='word_1_374' title='bbox 3239 354 3407 417; x_wconf 86' lang='lat' dir='ltr'>ETC.</span> 
     </span>
    </p>
   </div>
   <div class='ocr_carea' id='block_1_62' title="bbox 3622 350 3844 437">
    <p class='ocr_par' dir='ltr' id='par_1_62' title="bbox 3622 350 3844 437">
     <span class='ocr_line' id='line_1_62' title="bbox 3622 350 3844 437; baseline -0.009 -26"><span class='ocrx_word' id='word_1_375' title='bbox 3622 428 3631 435; x_wconf 30' lang='lat'>,</span> <span class='ocrx_word' id='word_1_376' title='bbox 3693 350 3844 437; x_wconf 42' lang='lat'>456;</span> 
     </span>
    </p>
   </div>
   <div class='ocr_carea' id='block_1_63' title="bbox 2085 486 3489 566">
    <p class='ocr_par' dir='ltr' id='par_1_63' title="bbox 2085 486 3489 566">
     <span class='ocr_line' id='line_1_63' title="bbox 2085 486 3489 566; baseline -0.006 -17"><span class='ocrx_word' id='word_1_377' title='bbox 2085 500 2133 561; x_wconf 83' lang='grc' dir='ltr'><strong>Î‘</strong></span> <span class='ocrx_word' id='word_1_378' title='bbox 2238 497 2417 558; x_wconf 88' lang='lat' dir='ltr'>Quam</span> <span class='ocrx_word' id='word_1_379' title='bbox 2446 494 2644 549; x_wconf 88' lang='lat' dir='ltr'>laudes</span> <span class='ocrx_word' id='word_1_380' title='bbox 2675 494 2808 566; x_wconf 84' lang='lat' dir='ltr'>agni</span> <span class='ocrx_word' id='word_1_381' title='bbox 2843 510 2967 564; x_wconf 70' lang='lat' dir='ltr'>qua:</span> <span class='ocrx_word' id='word_1_382' title='bbox 2989 491 3359 547; x_wconf 85' lang='lat' dir='ltr'>celebrantur</span> <span class='ocrx_word' id='word_1_383' title='bbox 3389 486 3489 541; x_wconf 90' lang='lat' dir='ltr'>ibi.</span> 
     </span>
    </p>
   </div>
   <div class='ocr_carea' id='block_1_64' title="bbox 2166 575 3627 654">
    <p class='ocr_par' dir='ltr' id='par_1_64' title="bbox 2166 575 3627 654">
     <span class='ocr_line' id='line_1_64' title="bbox 2166 575 3627 654; baseline -0.008 -16"><span class='ocrx_word' id='word_1_384' title='bbox 2166 584 2347 646; x_wconf 88' lang='lat' dir='ltr'>Quem</span> <span class='ocrx_word' id='word_1_385' title='bbox 2375 583 2491 637; x_wconf 86' lang='lat' dir='ltr'>vidi</span> <span class='ocrx_word' id='word_1_386' title='bbox 2524 583 2779 654; x_wconf 76' lang='lat' dir='ltr'>positum</span> <span class='ocrx_word' id='word_1_387' title='bbox 2815 582 3090 653; x_wconf 81' lang='lat' dir='ltr'>mysteria</span> <span class='ocrx_word' id='word_1_388' title='bbox 3124 579 3373 634; x_wconf 83' lang='lat' dir='ltr'>maxima</span> <span class='ocrx_word' id='word_1_389' title='bbox 3408 575 3627 630; x_wconf 90' lang='lat' dir='ltr'>librum</span> 
     </span>
    </p>
   </div>
   <div class='ocr_carea' id='block_1_65' title="bbox 2239 659 3416 744">
    <p class='ocr_par' dir='ltr' id='par_1_65' title="bbox 2239 659 3416 744">
     <span class='ocr_line' id='line_1_65' title="bbox 2239 659 3416 744; baseline -0.005 -18"><span class='ocrx_word' id='word_1_390' title='bbox 2239 672 2567 744; x_wconf 87' lang='lat' dir='ltr'>lmplebant</span> <span class='ocrx_word' id='word_1_391' title='bbox 2597 659 2780 739; x_wconf 87' lang='lat' dir='ltr'>intus,</span> <span class='ocrx_word' id='word_1_392' title='bbox 2813 670 3024 742; x_wconf 88' lang='lat' dir='ltr'>inquit,</span> <span class='ocrx_word' id='word_1_393' title='bbox 3046 673 3102 725; x_wconf 90' lang='lat' dir='ltr'>et</span> <span class='ocrx_word' id='word_1_394' title='bbox 3130 669 3416 731; x_wconf 88' lang='lat' dir='ltr'>exterius;</span> 
     </span>
    </p>
   </div>
   <div class='ocr_carea' id='block_1_66' title="bbox 2166 752 3530 831">
    <p class='ocr_par' dir='ltr' id='par_1_66' title="bbox 2166 752 3530 831">
     <span class='ocr_line' id='line_1_66' title="bbox 2166 752 3530 831; baseline -0.007 -14"><span class='ocrx_word' id='word_1_395' title='bbox 2166 762 2347 817; x_wconf 70' lang='lat' dir='ltr'>Nemo</span> <span class='ocrx_word' id='word_1_396' title='bbox 2380 765 2577 817; x_wconf 89' lang='lat' dir='ltr'>tamen</span> <span class='ocrx_word' id='word_1_397' title='bbox 2600 760 2782 816; x_wconf 88' lang='lat' dir='ltr'>clausi</span> <span class='ocrx_word' id='word_1_398' title='bbox 2814 758 3117 831; x_wconf 87' lang='lat' dir='ltr'>signacula</span> <span class='ocrx_word' id='word_1_399' title='bbox 3145 757 3366 813; x_wconf 85' lang='lat' dir='ltr'>solvere</span> <span class='ocrx_word' id='word_1_400' title='bbox 3394 752 3530 810; x_wconf 89' lang='lat' dir='ltr'>libri</span> 
     </span>
    </p>
   </div>
   <div class='ocr_carea' id='block_1_67' title="bbox 2238 846 3551 921">
    <p class='ocr_par' dir='ltr' id='par_1_67' title="bbox 2238 846 3551 921">
     <span class='ocr_line' id='line_1_67' title="bbox 2238 846 3551 921; baseline -0.006 -16"><span class='ocrx_word' id='word_1_401' title='bbox 2238 853 2305 904; x_wconf 90' lang='lat' dir='ltr'>Et</span> <span class='ocrx_word' id='word_1_402' title='bbox 2333 867 2459 921; x_wconf 72' lang='lat' dir='ltr'>quae</span> <span class='ocrx_word' id='word_1_403' title='bbox 2490 849 2668 912; x_wconf 77' lang='lat' dir='ltr'>verba</span> <span class='ocrx_word' id='word_1_404' title='bbox 2700 849 2843 904; x_wconf 84' lang='lat' dir='ltr'>ferat</span> <span class='ocrx_word' id='word_1_405' title='bbox 2873 848 3135 919; x_wconf 87' lang='lat' dir='ltr'>pandere</span> <span class='ocrx_word' id='word_1_406' title='bbox 3162 846 3378 917; x_wconf 89' lang='lat' dir='ltr'>dignus</span> <span class='ocrx_word' id='word_1_407' title='bbox 3408 846 3551 899; x_wconf 83' lang='lat' dir='ltr'>erat.</span> 
     </span>
    </p>
   </div>
   <div class='ocr_carea' id='block_1_68' title="bbox 2167 933 3361 1007">
    <p class='ocr_par' dir='ltr' id='par_1_68' title="bbox 2167 933 3361 1007">
     <span class='ocr_line' id='line_1_68' title="bbox 2167 933 3361 1007; baseline -0.006 -13"><span class='ocrx_word' id='word_1_408' title='bbox 2167 939 2393 995; x_wconf 76' lang='lat' dir='ltr'>Notitiae</span> <span class='ocrx_word' id='word_1_409' title='bbox 2425 938 2627 994; x_wconf 91' lang='lat' dir='ltr'>mundi</span> <span class='ocrx_word' id='word_1_410' title='bbox 2663 937 2941 1006; x_wconf 88' lang='lat' dir='ltr'>mysteria</span> <span class='ocrx_word' id='word_1_411' title='bbox 2970 940 3131 991; x_wconf 88' lang='lat' dir='ltr'>tanta</span> <span class='ocrx_word' id='word_1_412' title='bbox 3160 933 3361 1007; x_wconf 88' lang='lat' dir='ltr'>negari</span> 
     </span>
    </p>
   </div>
   <div class='ocr_carea' id='block_1_69' title="bbox 2238 1022 3444 1095">
    <p class='ocr_par' dir='ltr' id='par_1_69' title="bbox 2238 1022 3444 1095">
     <span class='ocr_line' id='line_1_69' title="bbox 2238 1022 3444 1095; baseline -0.006 -12"><span class='ocrx_word' id='word_1_413' title='bbox 2238 1030 2379 1083; x_wconf 88' lang='lat' dir='ltr'>Cum</span> <span class='ocrx_word' id='word_1_414' title='bbox 2414 1028 2610 1083; x_wconf 83' lang='lat' dir='ltr'>fierem</span> <span class='ocrx_word' id='word_1_415' title='bbox 2638 1045 2650 1081; x_wconf 92' lang='lat'>:</span> <span class='ocrx_word' id='word_1_416' title='bbox 2686 1026 2836 1095; x_wconf 91' lang='lat' dir='ltr'>Noli,</span> <span class='ocrx_word' id='word_1_417' title='bbox 2866 1042 2972 1080; x_wconf 90' lang='lat' dir='ltr'>vox</span> <span class='ocrx_word' id='word_1_418' title='bbox 3003 1025 3083 1080; x_wconf 91' lang='lat' dir='ltr'>ait</span> <span class='ocrx_word' id='word_1_419' title='bbox 3113 1040 3231 1079; x_wconf 89' lang='lat' dir='ltr'>una</span> <span class='ocrx_word' id='word_1_420' title='bbox 3259 1022 3403 1077; x_wconf 90' lang='lat' dir='ltr'>mihi</span> <span class='ocrx_word' id='word_1_421' title='bbox 3431 1040 3444 1088; x_wconf 89' lang='lat'><strong>;</strong></span> 
     </span>
    </p>
   </div>
   <div class='ocr_carea' id='block_1_70' title="bbox 2169 1109 3587 1189">
    <p class='ocr_par' dir='ltr' id='par_1_70' title="bbox 2169 1109 3587 1189">
     <span class='ocr_line' id='line_1_70' title="bbox 2169 1109 3587 1189; baseline -0.006 -17"><span class='ocrx_word' id='word_1_422' title='bbox 2169 1117 2411 1172; x_wconf 87' lang='lat' dir='ltr'>Munera</span> <span class='ocrx_word' id='word_1_423' title='bbox 2441 1134 2568 1189; x_wconf 62' lang='lat' dir='ltr'>quae</span> <span class='ocrx_word' id='word_1_424' title='bbox 2601 1115 2791 1171; x_wconf 91' lang='lat' dir='ltr'>meriti</span> <span class='ocrx_word' id='word_1_425' title='bbox 2823 1119 2996 1187; x_wconf 87' lang='lat' dir='ltr'>negat</span> <span class='ocrx_word' id='word_1_426' title='bbox 3027 1111 3382 1185; x_wconf 89' lang='lat' dir='ltr'>imperfectio</span> <span class='ocrx_word' id='word_1_427' title='bbox 3414 1109 3587 1167; x_wconf 88' lang='lat' dir='ltr'>carni</span> 
     </span>
    </p>
   </div>
   <div class='ocr_carea' id='block_1_71' title="bbox 2126 1199 3554 1276">
    <p class='ocr_par' dir='ltr' id='par_1_71' title="bbox 2126 1199 3554 1276">
     <span class='ocr_line' id='line_1_71' title="bbox 2126 1199 3554 1276; baseline -0.005 -17"><span class='ocrx_word' id='word_1_428' title='bbox 2126 1264 2129 1271; x_wconf 58' lang='grc'>,</span> <span class='ocrx_word' id='word_1_429' title='bbox 2239 1206 2339 1261; x_wconf 87' lang='lat' dir='ltr'>llle</span> <span class='ocrx_word' id='word_1_430' title='bbox 2369 1206 2565 1261; x_wconf 89' lang='lat' dir='ltr'>subire</span> <span class='ocrx_word' id='word_1_431' title='bbox 2598 1208 2790 1276; x_wconf 89' lang='lat' dir='ltr'>potest</span> <span class='ocrx_word' id='word_1_432' title='bbox 2817 1204 2911 1259; x_wconf 91' lang='lat' dir='ltr'>cui</span> <span class='ocrx_word' id='word_1_433' title='bbox 2943 1203 3115 1258; x_wconf 89' lang='lat' dir='ltr'>dolus</span> <span class='ocrx_word' id='word_1_434' title='bbox 3145 1200 3338 1257; x_wconf 90' lang='lat' dir='ltr'>omnis</span> <span class='ocrx_word' id='word_1_435' title='bbox 3370 1199 3554 1256; x_wconf 87' lang='lat' dir='ltr'>abest.</span> 
     </span>
    </p>
   </div>
   <div class='ocr_carea' id='block_1_72' title="bbox 2168 1288 3416 1365">
    <p class='ocr_par' dir='ltr' id='par_1_72' title="bbox 2168 1288 3416 1365">
     <span class='ocr_line' id='line_1_72' title="bbox 2168 1288 3416 1365; baseline -0.004 -16"><span class='ocrx_word' id='word_1_436' title='bbox 2168 1295 2311 1350; x_wconf 90' lang='lat' dir='ltr'>Hinc</span> <span class='ocrx_word' id='word_1_437' title='bbox 2344 1294 2501 1349; x_wconf 85' lang='lat' dir='ltr'>velut</span> <span class='ocrx_word' id='word_1_438' title='bbox 2521 1293 2696 1349; x_wconf 91' lang='lat' dir='ltr'>occisi</span> <span class='ocrx_word' id='word_1_439' title='bbox 2728 1293 2950 1365; x_wconf 88' lang='lat' dir='ltr'>species</span> <span class='ocrx_word' id='word_1_440' title='bbox 2979 1290 3251 1363; x_wconf 88' lang='lat' dir='ltr'>apparuit</span> <span class='ocrx_word' id='word_1_441' title='bbox 3280 1288 3416 1363; x_wconf 91' lang='lat' dir='ltr'>agni</span> 
     </span>
    </p>
   </div>
   <div class='ocr_carea' id='block_1_73' title="bbox 2238 1377 3547 1454">
    <p class='ocr_par' dir='ltr' id='par_1_73' title="bbox 2238 1377 3547 1454">
     <span class='ocr_line' id='line_1_73' title="bbox 2238 1377 3547 1454; baseline -0.006 -15"><span class='ocrx_word' id='word_1_442' title='bbox 2238 1383 2581 1439; x_wconf 89' lang='lat' dir='ltr'>Luminibus</span> <span class='ocrx_word' id='word_1_443' title='bbox 2611 1386 2855 1454; x_wconf 89' lang='lat' dir='ltr'>septem,</span> <span class='ocrx_word' id='word_1_444' title='bbox 2888 1381 3165 1436; x_wconf 89' lang='lat' dir='ltr'>cornibus</span> <span class='ocrx_word' id='word_1_445' title='bbox 3186 1383 3243 1435; x_wconf 90' lang='lat' dir='ltr'>et</span> <span class='ocrx_word' id='word_1_446' title='bbox 3262 1377 3507 1434; x_wconf 85' lang='lat' dir='ltr'>totidem</span> <span class='ocrx_word' id='word_1_447' title='bbox 3533 1394 3547 1443; x_wconf 91' lang='lat'><strong>;</strong></span> 
     </span>
    </p>
   </div>
   <div class='ocr_carea' id='block_1_74' title="bbox 2166 1464 3692 1544">
    <p class='ocr_par' dir='ltr' id='par_1_74' title="bbox 2166 1464 3692 1544">
     <span class='ocr_line' id='line_1_74' title="bbox 2166 1464 3692 1544; baseline -0.005 -17"><span class='ocrx_word' id='word_1_448' title='bbox 2166 1476 2238 1527; x_wconf 81' lang='lat' dir='ltr'>At</span> <span class='ocrx_word' id='word_1_449' title='bbox 2269 1472 2512 1544; x_wconf 89' lang='lat' dir='ltr'>pulcher</span> <span class='ocrx_word' id='word_1_450' title='bbox 2533 1487 2798 1536; x_wconf 89' lang='lat' dir='ltr'>numero,</span> <span class='ocrx_word' id='word_1_451' title='bbox 2836 1470 3059 1525; x_wconf 88' lang='lat' dir='ltr'>meritis</span> <span class='ocrx_word' id='word_1_452' title='bbox 3092 1466 3527 1541; x_wconf 86' lang='lat' dir='ltr'>pulcherrimus</span> <span class='ocrx_word' id='word_1_453' title='bbox 3550 1464 3692 1520; x_wconf 89' lang='lat' dir='ltr'>ordo</span> 
     </span>
    </p>
   </div>
   <div class='ocr_carea' id='block_1_75' title="bbox 2240 1557 3323 1633">
    <p class='ocr_par' dir='ltr' id='par_1_75' title="bbox 2240 1557 3323 1633">
     <span class='ocr_line' id='line_1_75' title="bbox 2240 1557 3323 1633; baseline -0.003 -18"><span class='ocrx_word' id='word_1_454' title='bbox 2240 1561 2473 1616; x_wconf 85' lang='lat' dir='ltr'>Patrum</span> <span class='ocrx_word' id='word_1_455' title='bbox 2505 1560 2709 1633; x_wconf 86' lang='lat' dir='ltr'>viginti</span> <span class='ocrx_word' id='word_1_456' title='bbox 2744 1564 3022 1632; x_wconf 81' lang='lat' dir='ltr'>quattuor</span> <span class='ocrx_word' id='word_1_457' title='bbox 3052 1561 3206 1613; x_wconf 88' lang='lat' dir='ltr'>astat</span> <span class='ocrx_word' id='word_1_458' title='bbox 3232 1557 3282 1612; x_wconf 87' lang='lat' dir='ltr'>ei</span> <span class='ocrx_word' id='word_1_459' title='bbox 3309 1574 3323 1624; x_wconf 89' lang='lat'><strong>;</strong></span> 
     </span>
    </p>
   </div>
   <div class='ocr_carea' id='block_1_76' title="bbox 2166 1645 3830 1723">
    <p class='ocr_par' dir='ltr' id='par_1_76' title="bbox 2166 1645 3830 1723">
     <span class='ocr_line' id='line_1_76' title="bbox 2166 1645 3830 1723; baseline -0.006 -16"><span class='ocrx_word' id='word_1_460' title='bbox 2166 1652 2332 1707; x_wconf 90' lang='lat' dir='ltr'>Hunc</span> <span class='ocrx_word' id='word_1_461' title='bbox 2349 1666 2580 1723; x_wconf 93' lang='lat' dir='ltr'>quoque</span> <span class='ocrx_word' id='word_1_462' title='bbox 2597 1666 2723 1721; x_wconf 68' lang='lat' dir='ltr'>qua:</span> <span class='ocrx_word' id='word_1_463' title='bbox 2741 1648 3037 1704; x_wconf 89' lang='lat' dir='ltr'>celebrant</span> <span class='ocrx_word' id='word_1_464' title='bbox 3048 1645 3326 1703; x_wconf 87' lang='lat' dir='ltr'>animalia</span> <span class='ocrx_word' id='word_1_465' title='bbox 3340 1646 3619 1717; x_wconf 83' lang='lat' dir='ltr'>quattuor</span> <span class='ocrx_word' id='word_1_466' title='bbox 3633 1646 3830 1699; x_wconf 84' lang='lat' dir='ltr'>astant</span> 
     </span>
    </p>
   </div>
   <div class='ocr_carea' id='block_1_77' title="bbox 2237 1734 3402 1810">
    <p class='ocr_par' dir='ltr' id='par_1_77' title="bbox 2237 1734 3402 1810">
     <span class='ocr_line' id='line_1_77' title="bbox 2237 1734 3402 1810; baseline -0.006 -14"><span class='ocrx_word' id='word_1_467' title='bbox 2237 1739 2556 1796; x_wconf 90' lang='lat' dir='ltr'>Sedulitate</span> <span class='ocrx_word' id='word_1_468' title='bbox 2599 1738 2846 1810; x_wconf 87' lang='lat' dir='ltr'>pia,vir,</span> <span class='ocrx_word' id='word_1_469' title='bbox 2880 1736 2991 1803; x_wconf 92' lang='lat' dir='ltr'>leo,</span> <span class='ocrx_word' id='word_1_470' title='bbox 3024 1737 3152 1804; x_wconf 89' lang='lat' dir='ltr'>bos,</span> <span class='ocrx_word' id='word_1_471' title='bbox 3186 1734 3402 1808; x_wconf 89' lang='lat' dir='ltr'>aquila.</span> 
     </span>
    </p>
   </div>
   <div class='ocr_carea' id='block_1_78' title="bbox 2166 1826 3494 1898">
    <p class='ocr_par' dir='ltr' id='par_1_78' title="bbox 2166 1826 3494 1898">
     <span class='ocr_line' id='line_1_78' title="bbox 2166 1826 3494 1898; baseline -0.005 -12"><span class='ocrx_word' id='word_1_472' title='bbox 2166 1829 2450 1895; x_wconf 62' lang='lat' dir='ltr'>Quaerenti</span> <span class='ocrx_word' id='word_1_473' title='bbox 2481 1826 2699 1883; x_wconf 91' lang='lat' dir='ltr'>librum</span> <span class='ocrx_word' id='word_1_474' title='bbox 2729 1826 2872 1883; x_wconf 77' lang='lat'>00310</span> <span class='ocrx_word' id='word_1_475' title='bbox 2901 1832 3187 1898; x_wconf 74' lang='lat' dir='ltr'>terraeque</span> <span class='ocrx_word' id='word_1_476' title='bbox 3214 1828 3494 1898; x_wconf 87' lang='lat' dir='ltr'>negatum</span> 
     </span>
    </p>
   </div>
   <div class='ocr_carea' id='block_1_79' title="bbox 2244 1914 3351 1989">
    <p class='ocr_par' dir='ltr' id='par_1_79' title="bbox 2244 1914 3351 1989">
     <span class='ocr_line' id='line_1_79' title="bbox 2244 1914 3351 1989; baseline -0.005 -15"><span class='ocrx_word' id='word_1_477' title='bbox 2244 1917 2504 1975; x_wconf 86' lang='lat' dir='ltr'>Porrexit</span> <span class='ocrx_word' id='word_1_478' title='bbox 2536 1917 2733 1989; x_wconf 89' lang='lat' dir='ltr'>magni</span> <span class='ocrx_word' id='word_1_479' title='bbox 2762 1917 2965 1972; x_wconf 86' lang='lat' dir='ltr'>dextra</span> <span class='ocrx_word' id='word_1_480' title='bbox 2989 1915 3248 1971; x_wconf 89' lang='lat' dir='ltr'>sedentis</span> <span class='ocrx_word' id='word_1_481' title='bbox 3278 1914 3351 1971; x_wconf 91' lang='lat' dir='ltr'>ei.</span> 
     </span>
    </p>
   </div>
   <div class='ocr_carea' id='block_1_80' title="bbox 2175 2004 3458 2076">
    <p class='ocr_par' dir='ltr' id='par_1_80' title="bbox 2175 2004 3458 2076">
     <span class='ocr_line' id='line_1_80' title="bbox 2175 2004 3458 2076; baseline -0.001 -16"><span class='ocrx_word' id='word_1_482' title='bbox 2175 2008 2400 2063; x_wconf 76' lang='lat' dir='ltr'>Affectu</span> <span class='ocrx_word' id='word_1_483' title='bbox 2432 2005 2628 2074; x_wconf 89' lang='lat' dir='ltr'>tacito,</span> <span class='ocrx_word' id='word_1_484' title='bbox 2658 2004 2754 2076; x_wconf 88' lang='lat' dir='ltr'>pia</span> <span class='ocrx_word' id='word_1_485' title='bbox 2784 2004 3001 2076; x_wconf 89' lang='lat' dir='ltr'>gaudia</span> <span class='ocrx_word' id='word_1_486' title='bbox 3030 2020 3268 2060; x_wconf 90' lang='lat' dir='ltr'>munere</span> <span class='ocrx_word' id='word_1_487' title='bbox 3296 2007 3458 2059; x_wconf 90' lang='lat' dir='ltr'>tanto</span> 
     </span>
    </p>
   </div>
   <div class='ocr_carea' id='block_1_81' title="bbox 2246 2091 3382 2167">
    <p class='ocr_par' dir='ltr' id='par_1_81' title="bbox 2246 2091 3382 2167">
     <span class='ocr_line' id='line_1_81' title="bbox 2246 2091 3382 2167; baseline -0.004 -16"><span class='ocrx_word' id='word_1_488' title='bbox 2246 2095 2345 2151; x_wconf 93' lang='lat' dir='ltr'>Ille</span> <span class='ocrx_word' id='word_1_489' title='bbox 2364 2096 2462 2150; x_wconf 88' lang='lat' dir='ltr'>Dei</span> <span class='ocrx_word' id='word_1_490' title='bbox 2497 2093 2749 2167; x_wconf 90' lang='lat' dir='ltr'>populus</span> <span class='ocrx_word' id='word_1_491' title='bbox 2781 2110 2897 2149; x_wconf 91' lang='lat' dir='ltr'>non</span> <span class='ocrx_word' id='word_1_492' title='bbox 2928 2096 3086 2149; x_wconf 91' lang='lat' dir='ltr'>tenet</span> <span class='ocrx_word' id='word_1_493' title='bbox 3115 2091 3382 2149; x_wconf 90' lang='lat' dir='ltr'>ulterius.</span> 
     </span>
    </p>
   </div>
   <div class='ocr_carea' id='block_1_82' title="bbox 2175 2179 3694 2257">
    <p class='ocr_par' dir='ltr' id='par_1_82' title="bbox 2175 2179 3694 2257">
     <span class='ocr_line' id='line_1_82' title="bbox 2175 2179 3694 2257; baseline -0.005 -16"><span class='ocrx_word' id='word_1_494' title='bbox 2175 2187 2430 2257; x_wconf 86' lang='lat' dir='ltr'>Corpora</span> <span class='ocrx_word' id='word_1_495' title='bbox 2461 2188 2874 2256; x_wconf 85' lang='lat' dir='ltr'>prosternunt;</span> <span class='ocrx_word' id='word_1_496' title='bbox 2906 2184 2965 2237; x_wconf 91' lang='lat' dir='ltr'>in</span> <span class='ocrx_word' id='word_1_497' title='bbox 2997 2182 3201 2237; x_wconf 88' lang='lat' dir='ltr'>laudes</span> <span class='ocrx_word' id='word_1_498' title='bbox 3233 2199 3335 2237; x_wconf 90' lang='lat' dir='ltr'>ora</span> <span class='ocrx_word' id='word_1_499' title='bbox 3365 2179 3694 2245; x_wconf 87' lang='lat' dir='ltr'>resolvunt;</span> 
     </span>
    </p>
   </div>
   <div class='ocr_carea' id='block_1_83' title="bbox 2248 2269 3413 2343">
    <p class='ocr_par' dir='ltr' id='par_1_83' title="bbox 2248 2269 3413 2343">
     <span class='ocr_line' id='line_1_83' title="bbox 2248 2269 3413 2343; baseline -0.003 -15"><span class='ocrx_word' id='word_1_500' title='bbox 2248 2275 2295 2327; x_wconf 91' lang='lat' dir='ltr'>It</span> <span class='ocrx_word' id='word_1_501' title='bbox 2318 2290 2497 2328; x_wconf 89' lang='lat' dir='ltr'>sonus</span> <span class='ocrx_word' id='word_1_502' title='bbox 2527 2290 2562 2327; x_wconf 90' lang='lat' dir='ltr'>a</span> <span class='ocrx_word' id='word_1_503' title='bbox 2587 2271 2841 2343; x_wconf 63' lang='lat' dir='ltr'>cytharis</span> <span class='ocrx_word' id='word_1_504' title='bbox 2873 2276 2951 2326; x_wconf 90' lang='lat' dir='ltr'>ac&#39;</span> <span class='ocrx_word' id='word_1_505' title='bbox 2970 2271 3110 2326; x_wconf 75' lang='lat' dir='ltr'>odor</span> <span class='ocrx_word' id='word_1_506' title='bbox 3140 2269 3413 2343; x_wconf 86' lang='lat' dir='ltr'>aphialis.</span> 
     </span>
    </p>
   </div>
   <div class='ocr_carea' id='block_1_84' title="bbox 2178 2359 3601 2433">
    <p class='ocr_par' dir='ltr' id='par_1_84' title="bbox 2178 2359 3601 2433">
     <span class='ocr_line' id='line_1_84' title="bbox 2178 2359 3601 2433; baseline -0.004 -16"><span class='ocrx_word' id='word_1_507' title='bbox 2178 2366 2296 2427; x_wconf 91' lang='lat' dir='ltr'>Est,</span> <span class='ocrx_word' id='word_1_508' title='bbox 2326 2362 2509 2428; x_wconf 89' lang='lat' dir='ltr'>aiunt,</span> <span class='ocrx_word' id='word_1_509' title='bbox 2533 2378 2721 2433; x_wconf 89' lang='lat' dir='ltr'>agnus</span> <span class='ocrx_word' id='word_1_510' title='bbox 2740 2360 2847 2416; x_wconf 90' lang='lat' dir='ltr'>hoc</span> <span class='ocrx_word' id='word_1_511' title='bbox 2879 2360 3038 2432; x_wconf 89' lang='lat' dir='ltr'>lungi</span> <span class='ocrx_word' id='word_1_512' title='bbox 3074 2376 3315 2415; x_wconf 88' lang='lat' dir='ltr'>munere</span> <span class='ocrx_word' id='word_1_513' title='bbox 3344 2359 3601 2431; x_wconf 88' lang='lat' dir='ltr'>dignus;</span> 
     </span>
    </p>
   </div>
   <div class='ocr_carea' id='block_1_85' title="bbox 2249 2447 3422 2522">
    <p class='ocr_par' dir='ltr' id='par_1_85' title="bbox 2249 2447 3422 2522">
     <span class='ocr_line' id='line_1_85' title="bbox 2249 2447 3422 2522; baseline -0.003 -16"><span class='ocrx_word' id='word_1_514' title='bbox 2249 2451 2364 2506; x_wconf 79' lang='lat' dir='ltr'>Nos</span> <span class='ocrx_word' id='word_1_515' title='bbox 2396 2450 2695 2506; x_wconf 84' lang='lat' dir='ltr'>moriendo</span> <span class='ocrx_word' id='word_1_516' title='bbox 2729 2450 2824 2505; x_wconf 89' lang='lat' dir='ltr'>Dei</span> <span class='ocrx_word' id='word_1_517' title='bbox 2856 2449 3108 2505; x_wconf 89' lang='lat' dir='ltr'>reddidit</span> <span class='ocrx_word' id='word_1_518' title='bbox 3136 2465 3325 2522; x_wconf 90' lang='lat' dir='ltr'>agnus</span> <span class='ocrx_word' id='word_1_519' title='bbox 3349 2447 3422 2503; x_wconf 89' lang='lat' dir='ltr'>ei.</span> 
     </span>
    </p>
   </div>
   <div class='ocr_carea' id='block_1_86' title="bbox 2178 2537 3719 2612">
    <p class='ocr_par' dir='ltr' id='par_1_86' title="bbox 2178 2537 3719 2612">
     <span class='ocr_line' id='line_1_86' title="bbox 2178 2537 3719 2612; baseline -0.004 -17"><span class='ocrx_word' id='word_1_520' title='bbox 2178 2543 2222 2595; x_wconf 92' lang='grc' dir='ltr'>ÎŸ</span> <span class='ocrx_word' id='word_1_521' title='bbox 2252 2557 2382 2595; x_wconf 88' lang='lat' dir='ltr'>vere</span> <span class='ocrx_word' id='word_1_522' title='bbox 2417 2556 2694 2612; x_wconf 90' lang='lat' dir='ltr'>magnum</span> <span class='ocrx_word' id='word_1_523' title='bbox 2730 2539 2856 2604; x_wconf 89' lang='lat' dir='ltr'>tibi,</span> <span class='ocrx_word' id='word_1_524' title='bbox 2888 2541 3020 2593; x_wconf 84' lang='lat' dir='ltr'>trux</span> <span class='ocrx_word' id='word_1_525' title='bbox 3048 2537 3160 2606; x_wconf 90' lang='lat' dir='ltr'>leo,</span> <span class='ocrx_word' id='word_1_526' title='bbox 3183 2541 3350 2609; x_wconf 88' lang='lat' dir='ltr'>rapta</span> <span class='ocrx_word' id='word_1_527' title='bbox 3374 2553 3476 2608; x_wconf 89' lang='lat' dir='ltr'>per</span> <span class='ocrx_word' id='word_1_528' title='bbox 3501 2549 3719 2607; x_wconf 87' lang='lat' dir='ltr'>agnum</span> 
     </span>
    </p>
   </div>
   <div class='ocr_carea' id='block_1_87' title="bbox 2249 2622 3694 2700">
    <p class='ocr_par' dir='ltr' id='par_1_87' title="bbox 2249 2622 3694 2700">
     <span class='ocr_line' id='line_1_87' title="bbox 2249 2622 3694 2700; baseline -0.003 -17"><span class='ocrx_word' id='word_1_529' title='bbox 2249 2628 2437 2696; x_wconf 88' lang='lat' dir='ltr'>Natio,</span> <span class='ocrx_word' id='word_1_530' title='bbox 2472 2628 2692 2700; x_wconf 89' lang='lat' dir='ltr'>lingua,</span> <span class='ocrx_word' id='word_1_531' title='bbox 2726 2627 2938 2693; x_wconf 89' lang='lat' dir='ltr'>tribus,</span> <span class='ocrx_word' id='word_1_532' title='bbox 2974 2644 3079 2682; x_wconf 84' lang='lat' dir='ltr'>nec</span> <span class='ocrx_word' id='word_1_533' title='bbox 3110 2643 3274 2682; x_wconf 88' lang='lat' dir='ltr'>sacer</span> <span class='ocrx_word' id='word_1_534' title='bbox 3302 2631 3391 2681; x_wconf 90' lang='lat' dir='ltr'>est</span> <span class='ocrx_word' id='word_1_535' title='bbox 3421 2622 3694 2697; x_wconf 90' lang='lat' dir='ltr'>populus.</span> 
     </span>
    </p>
   </div>
   <div class='ocr_carea' id='block_1_88' title="bbox 2181 2714 3553 2789">
    <p class='ocr_par' dir='ltr' id='par_1_88' title="bbox 2181 2714 3553 2789">
     <span class='ocr_line' id='line_1_88' title="bbox 2181 2714 3553 2789; baseline -0.001 -18"><span class='ocrx_word' id='word_1_536' title='bbox 2181 2719 2435 2774; x_wconf 83' lang='lat' dir='ltr'>Vocibus</span> <span class='ocrx_word' id='word_1_537' title='bbox 2465 2721 2521 2773; x_wconf 91' lang='lat' dir='ltr'>et</span> <span class='ocrx_word' id='word_1_538' title='bbox 2551 2717 2744 2789; x_wconf 88' lang='lat' dir='ltr'>dignis</span> <span class='ocrx_word' id='word_1_539' title='bbox 2769 2716 3017 2772; x_wconf 82' lang='lat' dir='ltr'>istorum</span> <span class='ocrx_word' id='word_1_540' title='bbox 3051 2720 3333 2772; x_wconf 88' lang='lat' dir='ltr'>consonat</span> <span class='ocrx_word' id='word_1_541' title='bbox 3360 2714 3553 2770; x_wconf 89' lang='lat' dir='ltr'>omnis</span> 
     </span>
    </p>
   </div>
   <div class='ocr_carea' id='block_1_89' title="bbox 2258 2805 3172 2873">
    <p class='ocr_par' dir='ltr' id='par_1_89' title="bbox 2258 2805 3172 2873">
     <span class='ocr_line' id='line_1_89' title="bbox 2258 2805 3172 2873; baseline -0.003 -11"><span class='ocrx_word' id='word_1_542' title='bbox 2258 2806 2420 2862; x_wconf 87' lang='lat' dir='ltr'>Illius</span> <span class='ocrx_word' id='word_1_543' title='bbox 2451 2806 2687 2862; x_wconf 80' lang='lat' dir='ltr'>excelsae</span> <span class='ocrx_word' id='word_1_544' title='bbox 2719 2805 2882 2862; x_wconf 89' lang='lat' dir='ltr'>curia</span> <span class='ocrx_word' id='word_1_545' title='bbox 2910 2805 3132 2861; x_wconf 60' lang='lat' dir='ltr'>militiae</span> <span class='ocrx_word' id='word_1_546' title='bbox 3160 2824 3172 2873; x_wconf 92' lang='lat'><strong>;</strong></span> 
     </span>
    </p>
   </div>
   <div class='ocr_carea' id='block_1_90' title="bbox 2184 2893 3511 2965">
    <p class='ocr_par' dir='ltr' id='par_1_90' title="bbox 2184 2893 3511 2965">
     <span class='ocr_line' id='line_1_90' title="bbox 2184 2893 3511 2965; baseline -0.002 -14"><span class='ocrx_word' id='word_1_547' title='bbox 2184 2896 2290 2961; x_wconf 89' lang='lat' dir='ltr'>Qui</span> <span class='ocrx_word' id='word_1_548' title='bbox 2325 2895 2469 2951; x_wconf 92' lang='lat' dir='ltr'>nulli</span> <span class='ocrx_word' id='word_1_549' title='bbox 2503 2912 2744 2951; x_wconf 88' lang='lat' dir='ltr'>numero</span> <span class='ocrx_word' id='word_1_550' title='bbox 2777 2894 3027 2951; x_wconf 77' lang='lat' dir='ltr'>caelestis</span> <span class='ocrx_word' id='word_1_551' title='bbox 3060 2895 3319 2965; x_wconf 88' lang='lat' dir='ltr'>subjacet</span> <span class='ocrx_word' id='word_1_552' title='bbox 3350 2893 3511 2960; x_wconf 88' lang='lat' dir='ltr'>ordo,</span> 
     </span>
    </p>
   </div>
   <div class='ocr_carea' id='block_1_91' title="bbox 2260 2979 3528 3057">
    <p class='ocr_par' dir='ltr' id='par_1_91' title="bbox 2260 2979 3528 3057">
     <span class='ocr_line' id='line_1_91' title="bbox 2260 2979 3528 3057; baseline -0.002 -18"><span class='ocrx_word' id='word_1_553' title='bbox 2260 2986 2484 3040; x_wconf 88' lang='lat' dir='ltr'>Laudes</span> <span class='ocrx_word' id='word_1_554' title='bbox 2507 2989 2701 3041; x_wconf 88' lang='lat' dir='ltr'>mente</span> <span class='ocrx_word' id='word_1_555' title='bbox 2732 2985 2856 3057; x_wconf 88' lang='lat' dir='ltr'>pari</span> <span class='ocrx_word' id='word_1_556' title='bbox 2887 2984 3163 3049; x_wconf 88' lang='lat' dir='ltr'>concinit,</span> <span class='ocrx_word' id='word_1_557' title='bbox 3189 2984 3369 3056; x_wconf 88' lang='lat' dir='ltr'>Agne,</span> <span class='ocrx_word' id='word_1_558' title='bbox 3402 2979 3528 3037; x_wconf 89' lang='lat' dir='ltr'>tibi.</span> 
     </span>
    </p>
   </div>
   <div class='ocr_carea' id='block_1_92' title="bbox 2185 3065 3840 3146">
    <p class='ocr_par' dir='ltr' id='par_1_92' title="bbox 2185 3065 3840 3146">
     <span class='ocr_line' id='line_1_92' title="bbox 2185 3065 3840 3146; baseline -0.006 -17"><span class='ocrx_word' id='word_1_559' title='bbox 2185 3074 2369 3131; x_wconf 91' lang='lat' dir='ltr'>Voces</span> <span class='ocrx_word' id='word_1_560' title='bbox 2401 3073 2796 3146; x_wconf 88' lang='lat' dir='ltr'>multiplicant</span> <span class='ocrx_word' id='word_1_561' title='bbox 2823 3074 3037 3145; x_wconf 88' lang='lat' dir='ltr'>quibus</span> <span class='ocrx_word' id='word_1_562' title='bbox 3086 3072 3239 3128; x_wconf 86' lang='lat' dir='ltr'>atria</span> <span class='ocrx_word' id='word_1_563' title='bbox 3281 3086 3517 3127; x_wconf 90' lang='lat' dir='ltr'>summa</span> <span class='ocrx_word' id='word_1_564' title='bbox 3544 3065 3840 3124; x_wconf 85' lang='lat' dir='ltr'>resultant</span> 
     </span>
    </p>
   </div>
   <div class='ocr_carea' id='block_1_93' title="bbox 2269 3159 3465 3233">
    <p class='ocr_par' dir='ltr' id='par_1_93' title="bbox 2269 3159 3465 3233">
     <span class='ocr_line' id='line_1_93' title="bbox 2269 3159 3465 3233; baseline -0.008 -10"><span class='ocrx_word' id='word_1_565' title='bbox 2269 3169 2338 3223; x_wconf 90' lang='lat' dir='ltr'>Et</span> <span class='ocrx_word' id='word_1_566' title='bbox 2366 3167 2532 3223; x_wconf 90' lang='lat' dir='ltr'>labor</span> <span class='ocrx_word' id='word_1_567' title='bbox 2558 3163 2649 3218; x_wconf 91' lang='lat' dir='ltr'>hic</span> <span class='ocrx_word' id='word_1_568' title='bbox 2683 3162 2817 3219; x_wconf 82' lang='lat' dir='ltr'>felix</span> <span class='ocrx_word' id='word_1_569' title='bbox 2844 3162 3018 3218; x_wconf 79' lang='lat' dir='ltr'>taedia</span> <span class='ocrx_word' id='word_1_570' title='bbox 3048 3160 3211 3217; x_wconf 86' lang='lat' dir='ltr'>nulla</span> <span class='ocrx_word' id='word_1_571' title='bbox 3239 3159 3412 3233; x_wconf 89' lang='lat' dir='ltr'>capit.</span> <span class='ocrx_word' id='word_1_572' title='bbox 3450 3198 3465 3203; x_wconf 69' lang='grc' dir='ltr'><strong><em>Î¿</em></strong></span> 
     </span>
    </p>
   </div>
   <div class='ocr_carea' id='block_1_94' title="bbox 2105 3239 3558 3325">
    <p class='ocr_par' dir='ltr' id='par_1_94' title="bbox 2105 3239 3558 3325">
     <span class='ocr_line' id='line_1_94' title="bbox 2105 3239 3558 3325; baseline -0.01 -8"><span class='ocrx_word' id='word_1_573' title='bbox 2105 3239 2146 3305; x_wconf 76' lang='lat' dir='ltr'>C</span> <span class='ocrx_word' id='word_1_574' title='bbox 2187 3260 2403 3325; x_wconf 86' lang='lat' dir='ltr'>Gloria,</span> <span class='ocrx_word' id='word_1_575' title='bbox 2440 3254 2738 3325; x_wconf 87' lang='lat' dir='ltr'>majestas,</span> <span class='ocrx_word' id='word_1_576' title='bbox 2772 3252 2960 3307; x_wconf 86' lang='lat' dir='ltr'>honor</span> <span class='ocrx_word' id='word_1_577' title='bbox 2988 3254 3048 3306; x_wconf 90' lang='lat' dir='ltr'>et</span> <span class='ocrx_word' id='word_1_578' title='bbox 3078 3250 3277 3306; x_wconf 89' lang='lat' dir='ltr'>divina</span> <span class='ocrx_word' id='word_1_579' title='bbox 3300 3253 3558 3322; x_wconf 90' lang='lat' dir='ltr'>potestas</span> 
     </span>
    </p>
   </div>
   <div class='ocr_carea' id='block_1_95' title="bbox 2257 3337 3533 3412">
    <p class='ocr_par' dir='ltr' id='par_1_95' title="bbox 2257 3337 3533 3412">
     <span class='ocr_line' id='line_1_95' title="bbox 2257 3337 3533 3412; baseline -0.009 -8"><span class='ocrx_word' id='word_1_580' title='bbox 2257 3349 2550 3405; x_wconf 88' lang='lat' dir='ltr'>Debentur</span> <span class='ocrx_word' id='word_1_581' title='bbox 2580 3342 2824 3405; x_wconf 87' lang='lat' dir='ltr'>meritis,</span> <span class='ocrx_word' id='word_1_582' title='bbox 2855 3343 3014 3412; x_wconf 85' lang='lat' dir='ltr'>Agne</span> <span class='ocrx_word' id='word_1_583' title='bbox 3041 3342 3362 3412; x_wconf 73' lang='lat' dir='ltr'>perempta,</span> <span class='ocrx_word' id='word_1_584' title='bbox 3395 3337 3533 3393; x_wconf 91' lang='lat' dir='ltr'>tuis.</span> 
     </span>
    </p>
   </div>
   <div class='ocr_carea' id='block_1_96' title="bbox 2186 3427 3652 3511">
    <p class='ocr_par' dir='ltr' id='par_1_96' title="bbox 2186 3427 3652 3511">
     <span class='ocr_line' id='line_1_96' title="bbox 2186 3427 3652 3511; baseline -0.01 -16"><span class='ocrx_word' id='word_1_585' title='bbox 2186 3443 2368 3511; x_wconf 87' lang='lat' dir='ltr'>Agne,</span> <span class='ocrx_word' id='word_1_586' title='bbox 2393 3435 2495 3498; x_wconf 84' lang='lat' dir='ltr'>tibi</span> <span class='ocrx_word' id='word_1_587' title='bbox 2528 3431 2722 3498; x_wconf 89' lang='lat' dir='ltr'>tellus,</span> <span class='ocrx_word' id='word_1_588' title='bbox 2759 3430 2862 3486; x_wconf 91' lang='lat' dir='ltr'>tibi</span> <span class='ocrx_word' id='word_1_589' title='bbox 2895 3430 3132 3485; x_wconf 88' lang='lat' dir='ltr'>subdita</span> <span class='ocrx_word' id='word_1_590' title='bbox 3161 3427 3339 3484; x_wconf 89' lang='lat' dir='ltr'>servit</span> <span class='ocrx_word' id='word_1_591' title='bbox 3365 3427 3652 3499; x_wconf 79' lang='lat' dir='ltr'>abyssus;</span> 
     </span>
    </p>
   </div>
   <div class='ocr_carea' id='block_1_97' title="bbox 2259 3516 3600 3596">
    <p class='ocr_par' dir='ltr' id='par_1_97' title="bbox 2259 3516 3600 3596">
     <span class='ocr_line' id='line_1_97' title="bbox 2259 3516 3600 3596; baseline -0.009 -14"><span class='ocrx_word' id='word_1_592' title='bbox 2259 3530 2346 3583; x_wconf 92' lang='lat' dir='ltr'>Tu</span> <span class='ocrx_word' id='word_1_593' title='bbox 2379 3523 2553 3596; x_wconf 89' lang='lat' dir='ltr'>regis,</span> <span class='ocrx_word' id='word_1_594' title='bbox 2587 3523 2768 3592; x_wconf 89' lang='lat' dir='ltr'>Agne,</span> <span class='ocrx_word' id='word_1_595' title='bbox 2804 3519 2967 3591; x_wconf 90' lang='lat' dir='ltr'>polos</span> <span class='ocrx_word' id='word_1_596' title='bbox 2997 3518 3359 3589; x_wconf 73' lang='lat' dir='ltr'>interiusque</span> <span class='ocrx_word' id='word_1_597' title='bbox 3386 3516 3600 3582; x_wconf 83' lang='lat' dir='ltr'>chaos;</span> 
     </span>
    </p>
   </div>
   <div class='ocr_carea' id='block_1_98' title="bbox 2189 3602 3618 3687">
    <p class='ocr_par' dir='ltr' id='par_1_98' title="bbox 2189 3602 3618 3687">
     <span class='ocr_line' id='line_1_98' title="bbox 2189 3602 3618 3687; baseline -0.01 -15"><span class='ocrx_word' id='word_1_598' title='bbox 2189 3620 2368 3687; x_wconf 82' lang='lat' dir='ltr'>Agne,</span> <span class='ocrx_word' id='word_1_599' title='bbox 2399 3613 2485 3668; x_wconf 91' lang='lat' dir='ltr'>tui</span> <span class='ocrx_word' id='word_1_600' title='bbox 2508 3610 2663 3682; x_wconf 90' lang='lat' dir='ltr'>juris</span> <span class='ocrx_word' id='word_1_601' title='bbox 2694 3609 2816 3664; x_wconf 68' lang='lat' dir='ltr'>haec</span> <span class='ocrx_word' id='word_1_602' title='bbox 2842 3607 2961 3664; x_wconf 89' lang='lat' dir='ltr'>sint</span> <span class='ocrx_word' id='word_1_603' title='bbox 2985 3612 3044 3663; x_wconf 90' lang='lat' dir='ltr'>et</span> <span class='ocrx_word' id='word_1_604' title='bbox 3064 3606 3349 3679; x_wconf 89' lang='lat' dir='ltr'>quidquid</span> <span class='ocrx_word' id='word_1_605' title='bbox 3374 3606 3432 3660; x_wconf 91' lang='lat' dir='ltr'>in</span> <span class='ocrx_word' id='word_1_606' title='bbox 3465 3602 3579 3659; x_wconf 90' lang='lat' dir='ltr'>illis</span> <span class='ocrx_word' id='word_1_607' title='bbox 3604 3621 3618 3670; x_wconf 92' lang='lat'><strong>;</strong></span> 
     </span>
    </p>
   </div>
   <div class='ocr_carea' id='block_1_99' title="bbox 2260 3695 3408 3773">
    <p class='ocr_par' dir='ltr' id='par_1_99' title="bbox 2260 3695 3408 3773">
     <span class='ocr_line' id='line_1_99' title="bbox 2260 3695 3408 3773; baseline -0.008 -14"><span class='ocrx_word' id='word_1_608' title='bbox 2260 3703 2426 3759; x_wconf 87' lang='lat' dir='ltr'>Talia</span> <span class='ocrx_word' id='word_1_609' title='bbox 2455 3699 2718 3773; x_wconf 73' lang='lat' dir='ltr'>gratuita:</span> <span class='ocrx_word' id='word_1_610' title='bbox 2750 3697 2990 3769; x_wconf 74' lang='lat' dir='ltr'>praemia</span> <span class='ocrx_word' id='word_1_611' title='bbox 3015 3697 3220 3753; x_wconf 88' lang='lat' dir='ltr'>mortis</span> <span class='ocrx_word' id='word_1_612' title='bbox 3242 3695 3408 3751; x_wconf 90' lang='lat' dir='ltr'>habe.</span> 
     </span>
    </p>
   </div>
   <div class='ocr_carea' id='block_1_100' title="bbox 2189 3780 3664 3864">
    <p class='ocr_par' dir='ltr' id='par_1_100' title="bbox 2189 3780 3664 3864">
     <span class='ocr_line' id='line_1_100' title="bbox 2189 3780 3664 3864; baseline -0.009 -14"><span class='ocrx_word' id='word_1_613' title='bbox 2189 3792 2406 3864; x_wconf 87' lang='lat' dir='ltr'>Collige</span> <span class='ocrx_word' id='word_1_614' title='bbox 2437 3789 2578 3862; x_wconf 92' lang='lat' dir='ltr'>quid</span> <span class='ocrx_word' id='word_1_615' title='bbox 2599 3786 2800 3860; x_wconf 91' lang='lat' dir='ltr'>paucis</span> <span class='ocrx_word' id='word_1_616' title='bbox 2832 3788 2977 3841; x_wconf 89' lang='lat' dir='ltr'>ferat</span> <span class='ocrx_word' id='word_1_617' title='bbox 3005 3786 3121 3840; x_wconf 92' lang='lat' dir='ltr'>huc</span> <span class='ocrx_word' id='word_1_618' title='bbox 3153 3785 3444 3842; x_wconf 87' lang='lat' dir='ltr'>sententia</span> <span class='ocrx_word' id='word_1_619' title='bbox 3470 3780 3664 3838; x_wconf 86' lang='lat' dir='ltr'>verbis</span> 
     </span>
    </p>
   </div>
   <div class='ocr_carea' id='block_1_101' title="bbox 2260 3872 3434 3949">
    <p class='ocr_par' dir='ltr' id='par_1_101' title="bbox 2260 3872 3434 3949">
     <span class='ocr_line' id='line_1_101' title="bbox 2260 3872 3434 3949; baseline -0.009 -12"><span class='ocrx_word' id='word_1_620' title='bbox 2260 3883 2330 3936; x_wconf 90' lang='lat' dir='ltr'>Et</span> <span class='ocrx_word' id='word_1_621' title='bbox 2357 3878 2445 3935; x_wconf 88' lang='lat' dir='ltr'>vel</span> <span class='ocrx_word' id='word_1_622' title='bbox 2478 3894 2656 3942; x_wconf 86' lang='lat' dir='ltr'>nunc,</span> <span class='ocrx_word' id='word_1_623' title='bbox 2689 3892 2839 3949; x_wconf 88' lang='lat' dir='ltr'>agno</span> <span class='ocrx_word' id='word_1_624' title='bbox 2863 3875 3086 3946; x_wconf 89' lang='lat' dir='ltr'>judice,</span> <span class='ocrx_word' id='word_1_625' title='bbox 3119 3875 3258 3931; x_wconf 89' lang='lat' dir='ltr'>cede</span> <span class='ocrx_word' id='word_1_626' title='bbox 3280 3872 3434 3946; x_wconf 93' lang='lat' dir='ltr'>polo.</span> 
     </span>
    </p>
   </div>
   <div class='ocr_carea' id='block_1_102' title="bbox 2190 3961 3614 4043">
    <p class='ocr_par' dir='ltr' id='par_1_102' title="bbox 2190 3961 3614 4043">
     <span class='ocr_line' id='line_1_102' title="bbox 2190 3961 3614 4043; baseline -0.008 -16"><span class='ocrx_word' id='word_1_627' title='bbox 2190 3972 2247 4027; x_wconf 89' lang='lat' dir='ltr'>Si</span> <span class='ocrx_word' id='word_1_628' title='bbox 2282 3972 2506 4043; x_wconf 90' lang='lat' dir='ltr'>partem</span> <span class='ocrx_word' id='word_1_629' title='bbox 2542 3982 2736 4021; x_wconf 90' lang='lat' dir='ltr'>rerum</span> <span class='ocrx_word' id='word_1_630' title='bbox 2772 3981 3048 4020; x_wconf 89' lang='lat' dir='ltr'>numeras</span> <span class='ocrx_word' id='word_1_631' title='bbox 3081 3966 3139 4019; x_wconf 92' lang='lat' dir='ltr'>in</span> <span class='ocrx_word' id='word_1_632' title='bbox 3171 3968 3376 4020; x_wconf 65' lang='lat' dir='ltr'>caetera</span> <span class='ocrx_word' id='word_1_633' title='bbox 3404 3961 3614 4029; x_wconf 82' lang='lat' dir='ltr'>linum,</span> 
     </span>
    </p>
   </div>
   <div class='ocr_carea' id='block_1_103' title="bbox 2261 4052 3658 4132">
    <p class='ocr_par' dir='ltr' id='par_1_103' title="bbox 2261 4052 3658 4132">
     <span class='ocr_line' id='line_1_103' title="bbox 2261 4052 3658 4132; baseline -0.007 -18"><span class='ocrx_word' id='word_1_634' title='bbox 2261 4063 2423 4132; x_wconf 88' lang='lat' dir='ltr'>Agno</span> <span class='ocrx_word' id='word_1_635' title='bbox 2448 4057 2580 4127; x_wconf 90' lang='lat' dir='ltr'>jure</span> <span class='ocrx_word' id='word_1_636' title='bbox 2611 4054 2833 4122; x_wconf 88' lang='lat' dir='ltr'>subest,</span> <span class='ocrx_word' id='word_1_637' title='bbox 2863 4053 2963 4126; x_wconf 92' lang='lat' dir='ltr'>qui</span> <span class='ocrx_word' id='word_1_638' title='bbox 2996 4052 3131 4109; x_wconf 85' lang='lat' dir='ltr'>facit</span> <span class='ocrx_word' id='word_1_639' title='bbox 3161 4067 3332 4108; x_wconf 90' lang='lat' dir='ltr'>omne</span> <span class='ocrx_word' id='word_1_640' title='bbox 3362 4052 3518 4123; x_wconf 88' lang='lat' dir='ltr'>quod</span> <span class='ocrx_word' id='word_1_641' title='bbox 3549 4053 3658 4105; x_wconf 91' lang='lat' dir='ltr'>est.</span> 
     </span>
    </p>
   </div>
   <div class='ocr_carea' id='block_1_104' title="bbox 2189 4139 3478 4220">
    <p class='ocr_par' dir='ltr' id='par_1_104' title="bbox 2189 4139 3478 4220">
     <span class='ocr_line' id='line_1_104' title="bbox 2189 4139 3478 4220; baseline -0.006 -18"><span class='ocrx_word' id='word_1_642' title='bbox 2189 4148 2489 4220; x_wconf 66' lang='lat' dir='ltr'>Ambigua:</span> <span class='ocrx_word' id='word_1_643' title='bbox 2520 4144 2682 4200; x_wconf 88' lang='lat' dir='ltr'>vocis</span> <span class='ocrx_word' id='word_1_644' title='bbox 2713 4160 2784 4199; x_wconf 91' lang='lat' dir='ltr'>ne</span> <span class='ocrx_word' id='word_1_645' title='bbox 2815 4142 2947 4215; x_wconf 89' lang='lat' dir='ltr'>plus</span> <span class='ocrx_word' id='word_1_646' title='bbox 2979 4158 3172 4198; x_wconf 89' lang='lat' dir='ltr'>errore</span> <span class='ocrx_word' id='word_1_647' title='bbox 3202 4139 3478 4206; x_wconf 88' lang='lat' dir='ltr'>traharis,</span> 
     </span>
    </p>
   </div>
   <div class='ocr_carea' id='block_1_105' title="bbox 2267 4227 3626 4307">
    <p class='ocr_par' dir='ltr' id='par_1_105' title="bbox 2267 4227 3626 4307">
     <span class='ocr_line' id='line_1_105' title="bbox 2267 4227 3626 4307; baseline -0.007 -16"><span class='ocrx_word' id='word_1_648' title='bbox 2267 4236 2365 4291; x_wconf 92' lang='lat' dir='ltr'>llic</span> <span class='ocrx_word' id='word_1_649' title='bbox 2395 4251 2581 4307; x_wconf 80' lang='lat' dir='ltr'>agnus</span> <span class='ocrx_word' id='word_1_650' title='bbox 2613 4233 2767 4288; x_wconf 91' lang='lat' dir='ltr'>Deus</span> <span class='ocrx_word' id='word_1_651' title='bbox 2798 4235 2918 4297; x_wconf 88' lang='lat' dir='ltr'>est;</span> <span class='ocrx_word' id='word_1_652' title='bbox 2951 4231 3060 4287; x_wconf 89' lang='lat' dir='ltr'>hoc</span> <span class='ocrx_word' id='word_1_653' title='bbox 3087 4233 3245 4287; x_wconf 89' lang='lat' dir='ltr'>tenet</span> <span class='ocrx_word' id='word_1_654' title='bbox 3274 4227 3432 4284; x_wconf 88' lang='lat' dir='ltr'>alma</span> <span class='ocrx_word' id='word_1_655' title='bbox 3461 4227 3626 4283; x_wconf 79' lang='lat' dir='ltr'>fides.</span> 
     </span>
    </p>
   </div>
   <div class='ocr_carea' id='block_1_106' title="bbox 2192 4314 3850 4395">
    <p class='ocr_par' dir='ltr' id='par_1_106' title="bbox 2192 4314 3850 4395">
     <span class='ocr_line' id='line_1_106' title="bbox 2192 4314 3850 4395; baseline -0.007 -15"><span class='ocrx_word' id='word_1_656' title='bbox 2192 4326 2251 4381; x_wconf 91' lang='lat' dir='ltr'>Si</span> <span class='ocrx_word' id='word_1_657' title='bbox 2286 4325 2452 4395; x_wconf 89' lang='lat' dir='ltr'>cupis</span> <span class='ocrx_word' id='word_1_658' title='bbox 2484 4324 2554 4377; x_wconf 89' lang='lat' dir='ltr'>ad</span> <span class='ocrx_word' id='word_1_659' title='bbox 2586 4322 2836 4392; x_wconf 86' lang='lat' dir='ltr'>veniam,</span> <span class='ocrx_word' id='word_1_660' title='bbox 2871 4320 2975 4376; x_wconf 90' lang='lat' dir='ltr'>tibi</span> <span class='ocrx_word' id='word_1_661' title='bbox 2997 4321 3232 4376; x_wconf 89' lang='lat' dir='ltr'>duxero</span> <span class='ocrx_word' id='word_1_662' title='bbox 3258 4340 3273 4390; x_wconf 68' lang='grc' dir='ltr'>Ï‚</span> <span class='ocrx_word' id='word_1_663' title='bbox 3296 4322 3361 4373; x_wconf 87' lang='lat' dir='ltr'>tu</span> <span class='ocrx_word' id='word_1_664' title='bbox 3384 4314 3850 4386; x_wconf 86' lang='lat' dir='ltr'>modolinguam</span> 
     </span>
    </p>
   </div>
   <div class='ocr_carea' id='block_1_107' title="bbox 2264 4396 3424 4485">
    <p class='ocr_par' dir='ltr' id='par_1_107' title="bbox 2264 4396 3424 4485">
     <span class='ocr_line' id='line_1_107' title="bbox 2264 4396 3424 4485; baseline -0.005 -17"><span class='ocrx_word' id='word_1_665' title='bbox 2264 4410 2698 4485; x_wconf 88' lang='lat' dir='ltr'>Magniloquam</span> <span class='ocrx_word' id='word_1_666' title='bbox 2734 4427 2874 4465; x_wconf 89' lang='lat' dir='ltr'>sano</span> <span class='ocrx_word' id='word_1_667' title='bbox 2906 4396 3129 4483; x_wconf 84' lang='lat' dir='ltr'>corrige</span> <span class='ocrx_word' id='word_1_668' title='bbox 3158 4408 3424 4466; x_wconf 88' lang='lat' dir='ltr'>consilio.</span> 
     </span>
    </p>
   </div>
   <div class='ocr_carea' id='block_1_108' title="bbox 2195 4493 3628 4571">
    <p class='ocr_par' dir='ltr' id='par_1_108' title="bbox 2195 4493 3628 4571">
     <span class='ocr_line' id='line_1_108' title="bbox 2195 4493 3628 4571; baseline -0.007 -14"><span class='ocrx_word' id='word_1_669' title='bbox 2195 4503 2447 4559; x_wconf 90' lang='lat' dir='ltr'>Possunt</span> <span class='ocrx_word' id='word_1_670' title='bbox 2477 4504 2686 4556; x_wconf 88' lang='lat' dir='ltr'>cuncta</span> <span class='ocrx_word' id='word_1_671' title='bbox 2714 4499 2819 4553; x_wconf 87' lang='lat' dir='ltr'>tibi</span> <span class='ocrx_word' id='word_1_672' title='bbox 2849 4498 3131 4571; x_wconf 71' lang='lat' dir='ltr'>suffragia</span> <span class='ocrx_word' id='word_1_673' title='bbox 3159 4503 3360 4555; x_wconf 88' lang='lat' dir='ltr'>nostra</span> <span class='ocrx_word' id='word_1_674' title='bbox 3378 4493 3588 4552; x_wconf 88' lang='lat' dir='ltr'>mereri</span> <span class='ocrx_word' id='word_1_675' title='bbox 3613 4509 3628 4561; x_wconf 87' lang='lat'><strong>;</strong></span> 
     </span>
    </p>
   </div>
   <div class='ocr_carea' id='block_1_109' title="bbox 2122 4586 3577 4673">
    <p class='ocr_par' dir='ltr' id='par_1_109' title="bbox 2122 4586 3577 4673">
     <span class='ocr_line' id='line_1_109' title="bbox 2122 4586 3577 4673; baseline -0.008 -25"><span class='ocrx_word' id='word_1_676' title='bbox 2122 4610 2167 4673; x_wconf 82' lang='lat' dir='ltr'><strong>D</strong></span> <span class='ocrx_word' id='word_1_677' title='bbox 2271 4592 2432 4662; x_wconf 68' lang='lat' dir='ltr'>Saepe</span> <span class='ocrx_word' id='word_1_678' title='bbox 2454 4590 2637 4645; x_wconf 91' lang='lat' dir='ltr'>Deum</span> <span class='ocrx_word' id='word_1_679' title='bbox 2664 4587 2895 4643; x_wconf 89' lang='lat' dir='ltr'>miseris</span> <span class='ocrx_word' id='word_1_680' title='bbox 2926 4586 3258 4643; x_wconf 90' lang='lat' dir='ltr'>conciliavit</span> <span class='ocrx_word' id='word_1_681' title='bbox 3287 4586 3431 4642; x_wconf 89' lang='lat' dir='ltr'>ovis.</span> <span class='ocrx_word' id='word_1_682' title='bbox 3465 4613 3533 4623; x_wconf 90' lang='lat'>â€”</span> <span class='ocrx_word' id='word_1_683' title='bbox 3554 4614 3577 4621; x_wconf 84' lang='lat'><strong>-</strong></span> 
     </span>
    </p>
   </div>
   <div class='ocr_carea' id='block_1_110' title="bbox 2201 4671 3710 4750">
    <p class='ocr_par' dir='ltr' id='par_1_110' title="bbox 2201 4671 3710 4750">
     <span class='ocr_line' id='line_1_110' title="bbox 2201 4671 3710 4750; baseline -0.008 -15"><span class='ocrx_word' id='word_1_684' title='bbox 2201 4681 2305 4735; x_wconf 85' lang='lat' dir='ltr'>Hic</span> <span class='ocrx_word' id='word_1_685' title='bbox 2337 4678 2564 4750; x_wconf 90' lang='lat' dir='ltr'>stupuit</span> <span class='ocrx_word' id='word_1_686' title='bbox 2596 4675 2854 4749; x_wconf 90' lang='lat' dir='ltr'>primum</span> <span class='ocrx_word' id='word_1_687' title='bbox 2880 4676 3185 4749; x_wconf 89' lang='lat' dir='ltr'>tenuitque</span> <span class='ocrx_word' id='word_1_688' title='bbox 3217 4674 3450 4733; x_wconf 89' lang='lat' dir='ltr'>silentia</span> <span class='ocrx_word' id='word_1_689' title='bbox 3478 4671 3666 4726; x_wconf 90' lang='lat' dir='ltr'>linum</span> <span class='ocrx_word' id='word_1_690' title='bbox 3695 4685 3710 4735; x_wconf 86' lang='lat'><strong>;</strong></span> 
     </span>
    </p>
   </div>
   <div class='ocr_carea' id='block_1_111' title="bbox 2272 4764 3435 4823">
    <p class='ocr_par' dir='ltr' id='par_1_111' title="bbox 2272 4764 3435 4823">
     <span class='ocr_line' id='line_1_111' title="bbox 2272 4764 3435 4823; baseline -0.004 0"><span class='ocrx_word' id='word_1_691' title='bbox 2272 4768 2411 4823; x_wconf 90' lang='lat' dir='ltr'>Inde</span> <span class='ocrx_word' id='word_1_692' title='bbox 2439 4764 2742 4822; x_wconf 90' lang='lat' dir='ltr'>recollecto</span> <span class='ocrx_word' id='word_1_693' title='bbox 2768 4765 3036 4820; x_wconf 90' lang='lat' dir='ltr'>subdidit</span> <span class='ocrx_word' id='word_1_694' title='bbox 3064 4765 3186 4821; x_wconf 64' lang='lat' dir='ltr'>haec</span> <span class='ocrx_word' id='word_1_695' title='bbox 3217 4765 3435 4822; x_wconf 89' lang='lat' dir='ltr'>animo.</span> 
     </span>
    </p>
   </div>
   <div class='ocr_carea' id='block_1_112' title="bbox 2913 4871 3116 4911">
    <p class='ocr_par' dir='ltr' id='par_1_112' title="bbox 2913 4871 3116 4911">
     <span class='ocr_line' id='line_1_112' title="bbox 2913 4871 3116 4911; baseline 0.005 -2"><span class='ocrx_word' id='word_1_696' title='bbox 2913 4871 3116 4911; x_wconf 78' lang='lat' dir='ltr'>LlNUM.</span> 
     </span>
    </p>
   </div>
   <div class='ocr_carea' id='block_1_113' title="bbox 2195 4948 3646 5014">
    <p class='ocr_par' dir='ltr' id='par_1_113' title="bbox 2195 4948 3646 5014">
     <span class='ocr_line' id='line_1_113' title="bbox 2195 4948 3646 5014; baseline -0.006 -5"><span class='ocrx_word' id='word_1_697' title='bbox 2195 4958 2362 5010; x_wconf 88' lang='lat' dir='ltr'>Certa</span> <span class='ocrx_word' id='word_1_698' title='bbox 2392 4955 2536 5010; x_wconf 83' lang='lat' dir='ltr'>ï¬des</span> <span class='ocrx_word' id='word_1_699' title='bbox 2567 4953 2735 5009; x_wconf 88' lang='lat' dir='ltr'>nobis</span> <span class='ocrx_word' id='word_1_700' title='bbox 2764 4954 3312 5009; x_wconf 84' lang='lat' dir='ltr'>commendatdicta</span> <span class='ocrx_word' id='word_1_701' title='bbox 3339 4948 3646 5014; x_wconf 86' lang='lat' dir='ltr'>Johannis,</span> 
     </span>
    </p>
   </div>
   <div class='ocr_carea' id='block_1_114' title="bbox 2270 5041 3408 5114">
    <p class='ocr_par' dir='ltr' id='par_1_114' title="bbox 2270 5041 3408 5114">
     <span class='ocr_line' id='line_1_114' title="bbox 2270 5041 3408 5114; baseline -0.002 -15"><span class='ocrx_word' id='word_1_702' title='bbox 2270 5045 2387 5099; x_wconf 79' lang='lat' dir='ltr'>Prae</span> <span class='ocrx_word' id='word_1_703' title='bbox 2421 5043 2660 5114; x_wconf 81' lang='lat' dir='ltr'>reliquis</span> <span class='ocrx_word' id='word_1_704' title='bbox 2691 5060 2823 5099; x_wconf 87' lang='lat' dir='ltr'>caro</span> <span class='ocrx_word' id='word_1_705' title='bbox 2854 5043 3052 5098; x_wconf 89' lang='lat' dir='ltr'>debita</span> <span class='ocrx_word' id='word_1_706' title='bbox 3083 5041 3370 5114; x_wconf 89' lang='lat' dir='ltr'>discipulo</span> <span class='ocrx_word' id='word_1_707' title='bbox 3396 5060 3408 5109; x_wconf 90' lang='lat'><strong>;</strong></span> 
     </span>
    </p>
   </div>
   <div class='ocr_carea' id='block_1_115' title="bbox 2200 5120 3742 5203">
    <p class='ocr_par' dir='ltr' id='par_1_115' title="bbox 2200 5120 3742 5203">
     <span class='ocr_line' id='line_1_115' title="bbox 2200 5120 3742 5203; baseline -0.002 -15"><span class='ocrx_word' id='word_1_708' title='bbox 2200 5133 2422 5203; x_wconf 82' lang='lat' dir='ltr'>Desipit</span> <span class='ocrx_word' id='word_1_709' title='bbox 2443 5132 2540 5187; x_wconf 90' lang='lat' dir='ltr'>ille</span> <span class='ocrx_word' id='word_1_710' title='bbox 2571 5120 2763 5187; x_wconf 80' lang='lat' dir='ltr'>tamen</span> <span class='ocrx_word' id='word_1_711' title='bbox 2796 5148 2983 5202; x_wconf 88' lang='lat' dir='ltr'>neque</span> <span class='ocrx_word' id='word_1_712' title='bbox 3008 5131 3196 5202; x_wconf 86' lang='lat' dir='ltr'>tangit</span> <span class='ocrx_word' id='word_1_713' title='bbox 3216 5136 3407 5186; x_wconf 89' lang='lat' dir='ltr'>mente</span> <span class='ocrx_word' id='word_1_714' title='bbox 3431 5130 3572 5186; x_wconf 59' lang='lat' dir='ltr'>Joh:</span> <span class='ocrx_word' id='word_1_715' title='bbox 3585 5146 3742 5197; x_wconf 87' lang='lat' dir='ltr'>nem,</span> 
     </span>
    </p>
   </div>
   <div class='ocr_carea' id='block_1_116' title="bbox 2269 5218 3521 5292">
    <p class='ocr_par' dir='ltr' id='par_1_116' title="bbox 2269 5218 3521 5292">
     <span class='ocr_line' id='line_1_116' title="bbox 2269 5218 3521 5292; baseline -0.002 -17"><span class='ocrx_word' id='word_1_716' title='bbox 2269 5221 2492 5275; x_wconf 78' lang='lat' dir='ltr'>Festum</span> <span class='ocrx_word' id='word_1_717' title='bbox 2526 5221 2571 5275; x_wconf 89' lang='lat' dir='ltr'>si</span> <span class='ocrx_word' id='word_1_718' title='bbox 2598 5220 2732 5290; x_wconf 86' lang='lat' dir='ltr'>quis</span> <span class='ocrx_word' id='word_1_719' title='bbox 2763 5219 2887 5275; x_wconf 92' lang='lat' dir='ltr'>ovis</span> <span class='ocrx_word' id='word_1_720' title='bbox 2911 5219 3096 5275; x_wconf 90' lang='lat' dir='ltr'>credit</span> <span class='ocrx_word' id='word_1_721' title='bbox 3124 5219 3318 5275; x_wconf 88' lang='lat' dir='ltr'>inesse</span> <span class='ocrx_word' id='word_1_722' title='bbox 3351 5218 3521 5292; x_wconf 84' lang='lat' dir='ltr'>polis.</span> 
     </span>
    </p>
   </div>
   <div class='ocr_carea' id='block_1_117' title="bbox 2203 5308 3526 5382">
    <p class='ocr_par' dir='ltr' id='par_1_117' title="bbox 2203 5308 3526 5382">
     <span class='ocr_line' id='line_1_117' title="bbox 2203 5308 3526 5382; baseline -0.001 -18"><span class='ocrx_word' id='word_1_723' title='bbox 2203 5308 2537 5364; x_wconf 82' lang='lat' dir='ltr'>Ridiculum</span> <span class='ocrx_word' id='word_1_724' title='bbox 2568 5325 2696 5363; x_wconf 90' lang='lat' dir='ltr'>vere</span> <span class='ocrx_word' id='word_1_725' title='bbox 2729 5308 2775 5362; x_wconf 86' lang='lat' dir='ltr'>si</span> <span class='ocrx_word' id='word_1_726' title='bbox 2809 5308 2996 5363; x_wconf 89' lang='lat' dir='ltr'>sancti</span> <span class='ocrx_word' id='word_1_727' title='bbox 3028 5309 3205 5364; x_wconf 89' lang='lat' dir='ltr'>verba</span> <span class='ocrx_word' id='word_1_728' title='bbox 3232 5308 3526 5382; x_wconf 67' lang='lat' dir='ltr'>prophetae</span> 
     </span>
    </p>
   </div>
   <div class='ocr_carea' id='block_1_118' title="bbox 2275 5396 3563 5470">
    <p class='ocr_par' dir='ltr' id='par_1_118' title="bbox 2275 5396 3563 5470">
     <span class='ocr_line' id='line_1_118' title="bbox 2275 5396 3563 5470; baseline 0 -18"><span class='ocrx_word' id='word_1_729' title='bbox 2275 5397 2511 5470; x_wconf 87' lang='lat' dir='ltr'>Ingenio</span> <span class='ocrx_word' id='word_1_730' title='bbox 2544 5397 2604 5467; x_wconf 89' lang='grc' dir='ltr'>[Î¹.</span> <span class='ocrx_word' id='word_1_731' title='bbox 2639 5400 2696 5451; x_wconf 92' lang='lat' dir='ltr'>et</span> <span class='ocrx_word' id='word_1_732' title='bbox 2728 5397 2745 5467; x_wconf 94' lang='lat'>)</span> <span class='ocrx_word' id='word_1_733' title='bbox 2778 5396 2963 5451; x_wconf 90' lang='lat' dir='ltr'>teneri</span> <span class='ocrx_word' id='word_1_734' title='bbox 2998 5398 3169 5453; x_wconf 91' lang='lat' dir='ltr'>corde</span> <span class='ocrx_word' id='word_1_735' title='bbox 3197 5396 3357 5469; x_wconf 90' lang='lat' dir='ltr'>capis</span> <span class='ocrx_word' id='word_1_736' title='bbox 3380 5396 3563 5469; x_wconf 90' lang='lat' dir='ltr'>pueri.</span> 
     </span>
    </p>
   </div>
   <div class='ocr_carea' id='block_1_119' title="bbox 2202 5484 3639 5559">
    <p class='ocr_par' dir='ltr' id='par_1_119' title="bbox 2202 5484 3639 5559">
     <span class='ocr_line' id='line_1_119' title="bbox 2202 5484 3639 5559; baseline 0 -18"><span class='ocrx_word' id='word_1_737' title='bbox 2202 5484 2456 5541; x_wconf 88' lang='lat' dir='ltr'>Alitibus</span> <span class='ocrx_word' id='word_1_738' title='bbox 2488 5484 2759 5556; x_wconf 90' lang='lat' dir='ltr'>nunquid</span> <span class='ocrx_word' id='word_1_739' title='bbox 2792 5485 3103 5558; x_wconf 88' lang='lat' dir='ltr'>pecorique</span> <span class='ocrx_word' id='word_1_740' title='bbox 3129 5486 3384 5559; x_wconf 90' lang='lat' dir='ltr'>ferisque</span> <span class='ocrx_word' id='word_1_741' title='bbox 3415 5484 3639 5559; x_wconf 88' lang='lat' dir='ltr'>paravit</span> 
     </span>
    </p>
   </div>
   <div class='ocr_carea' id='block_1_120' title="bbox 2275 5554 3722 5650">
    <p class='ocr_par' dir='ltr' id='par_1_120' title="bbox 2275 5554 3722 5650">
     <span class='ocr_line' id='line_1_120' title="bbox 2275 5554 3722 5650; baseline 0.003 -20"><span class='ocrx_word' id='word_1_742' title='bbox 2275 5574 2476 5649; x_wconf 85' lang='lat' dir='ltr'>Regna</span> <span class='ocrx_word' id='word_1_743' title='bbox 2505 5554 2761 5648; x_wconf 78' lang='lat' dir='ltr'>superna</span> <span class='ocrx_word' id='word_1_744' title='bbox 2789 5554 2943 5632; x_wconf 88' lang='lat' dir='ltr'>Deus</span> <span class='ocrx_word' id='word_1_745' title='bbox 2974 5554 3441 5650; x_wconf 76' lang='lat' dir='ltr'>perpetuumque</span> <span class='ocrx_word' id='word_1_746' title='bbox 3471 5575 3650 5632; x_wconf 87' lang='lat' dir='ltr'>decus</span> <span class='ocrx_word' id='word_1_747' title='bbox 3683 5554 3722 5634; x_wconf 47' lang='grc' dir='ltr'>á¼µ.</span> 
     </span>
    </p>
   </div>
   <div class='ocr_carea' id='block_1_121' title="bbox 2209 5664 3357 5743">
    <p class='ocr_par' dir='ltr' id='par_1_121' title="bbox 2209 5664 3357 5743">
     <span class='ocr_line' id='line_1_121' title="bbox 2209 5664 3357 5743; baseline 0 -18"><span class='ocrx_word' id='word_1_748' title='bbox 2209 5664 2366 5725; x_wconf 91' lang='lat' dir='ltr'>Inter</span> <span class='ocrx_word' id='word_1_749' title='bbox 2394 5664 2651 5725; x_wconf 88' lang='lat' dir='ltr'>viventes</span> <span class='ocrx_word' id='word_1_750' title='bbox 2681 5664 2791 5725; x_wconf 85' lang='lat' dir='ltr'>soli</span> <span class='ocrx_word' id='word_1_751' title='bbox 2820 5665 3044 5726; x_wconf 87' lang='lat' dir='ltr'>ratione</span> <span class='ocrx_word' id='word_1_752' title='bbox 3072 5665 3357 5743; x_wconf 80' lang='lat' dir='ltr'>vigentes,</span> 
     </span>
    </p>
   </div>
  </div>
