4102 6174
293 297 407 358 457
769 302 832 362 s.
881 302 1031 363 LEO
1074 303 1151 362 Ix
1194 303 1422 389 PAPA.
1457 334 1534 350 —
1564 306 1892 366 PROLEG.
1926 339 2001 351 —
2031 307 2218 368 VITA
2263 311 2326 370 s.
2376 309 2680 372 LEONIS.
2712 345 2790 356 --
2819 313 3208 380 MONITUM.
3567 293 3698 387 458'

359 430 473 485 Has
505 430 674 486 sedes
700 432 936 498 adeunt,
970 433 1118 489 hanc
1151 435 1412 506 requiem
1443 436 1696 508 capiunt.
1957 441 2013 506 Α
2113 439 2338 495 Electos
2369 459 2571 497 omnes
2604 442 2809 499 liberat
2838 445 2949 501 ista
2979 448 3144 504 ﬁdes.

294 520 475 574 Plenas
506 535 536 574 e
568 518 711 574 coelo
741 521 1039 575 summisit
1067 522 1210 578 visio
1244 524 1429 590 Petro,
2041 527 2140 582 Ille
2171 529 2348 584 semel
2382 530 2547 586 fusus
2571 533 2891 589 redimendi
2916 538 3159 609 sanguis
3189 540 3261 596 ad
3294 558 3437 599 usus

361 610 506 662 [nter
536 607 825 664 caelicolas
857 609 962 666 has
994 611 1119 665 ideo
1149 619 1382 682 reputas
1398 614 1424 664 ‘I
2111 616 2394 672 Funditur
2427 619 2484 673 in
2518 626 2721 676 sancta
2751 624 2964 695 saepius
2989 607 3258 682 Ecclesia.

287 695 622 789 Estaliquid
652 713 822 789 porro
855 713 1048 789 curse
1079 699 1423 789 similaverit
1453 718 1622 772 agno,
2039 704 2222 772 Quod,
2256 706 2402 760 duce
2433 707 2697 776 perﬁdia,
2731 714 2869 766 tunc
2902 713 3059 768 natio
3093 714 3226 770 fecit
3253 715 3479 789 iniqua,

352 785 465 840 Nec
496 791 690 840 tamen
719 785 842 856 ipse
873 787 1009 842 tulit
1037 787 1253 843 vellera
1282 789 1468 844 factus
1499 789 1641 845 ovis.
2108 792 2214 846 Per
2247 793 2476 864 pietatis
2509 812 2656 866 opus
2690 800 2926 855 transiit
2960 801 3017 856 in
3051 803 3284 860 melius.

284 871 737 944 Signiﬁcativam
768 875 1021 945 speciem
1053 875 1268 931 vidisse
1300 877 1642 948 prophetam
2037 879 2248 935 Dividit
2280 881 2387 936 iste
2418 882 2567 937 calix
2601 883 2758 940 illius
2783 887 2935 942 dona
2965 886 3228 960 liquoris.

348 961 458 1052 Jus
489 967 633 1030 erat,
668 962 727 1052 id
757 963 962 1034 typicis
995 965 1262 1020 convenit
1291 965 1559 1036 eloquiis.
2108 970 2228 1033 Quo
2261 970 2496 1040 profusa
2526 972 2636 1027 fuit
2665 973 2863 1029 lancea
2895 993 3019 1047 quae
3052 980 3319 1052 pupugit.

279 1049 332 1104 Si
366 1049 614 1104 debetur
643 1050 729 1104 ovi
763 1067 865 1120 pro
899 1069 1141 1108 munere
1171 1053 1356 1124 gloria
1386 1054 1509 1120 tali,
2037 1057 2159 1121 Qua
2188 1057 2402 1127 pietate
2439 1061 2612 1114 Deum
2647 1061 2851 1117 celavit
2882 1081 3120 1136 corpore
3140 1049 3360 1135 totum,

346 1138 417 1192 Et
444 1143 684 1209 propter
713 1154 923 1195 nomen
944 1141 1158 1196 vermis
1190 1143 1427 1197 habebit
1456 1143 1638 1209 idem;
2105 1148 2223 1199 Hac
2253 1146 2395 1217 tegit
2427 1147 2701 1204 humanis
2733 1150 2852 1205 haec
2884 1169 3049 1208 sacra
3079 1171 3236 1209 nunc
3265 1155 3470 1211 oculis.

275 1227 423 1282 Tum
455 1243 687 1297 quoque
717 1230 1024 1300 serpentis,
1057 1237 1184 1284 tum
1216 1233 1450 1286 nomine
1483 1249 1632 1304 saepe
1662 1231 1847 1288 leonis
2036 1232 2378 1288 Exhorreret
2404 1235 2578 1290 homo
2610 1253 2814 1293 carnes
2846 1256 2978 1294 cum
3010 1242 3296 1313 sanguine
3327 1244 3506 1300 crudo

343 1315 764 1386 Signiﬁcamus
793 1333 948 1383 eum,
970 1317 1070 1372 sed
1103 1323 1298 1373 tamen
1330 1324 1419 1374 est
1449 1323 1744 1376 neutrum.
2109 1321 2174 1374 Et
2204 1323 2666 1394 consanguineos
2699 1325 2876 1381 nollet
2904 1327 3050 1382 inire
3081 1329 3242 1384 cibos

276 1402 380 1458 Sed
415 1401 510 1474 pia
541 1403 734 1458 divino
765 1421 877 1458 non
909 1405 1073 1460 deest
1103 1408 1422 1462 reverentia
1452 1407 1600 1474 lino;
2036 1409 2212 1463 Crede
2243 1414 2440 1466 tamen
2474 1412 2725 1481 penitus,
2760 1414 2942 1470 versis
2973 1415 3044 1470 ab
3075 1416 3297 1488 origine
3327 1417 3522 1486 rebus,

341 1493 531 1556 Quam
564 1508 659 1547 res
681 1509 815 1548 vera
847 1493 1001 1559 facit,
1036 1511 1150 1549 non
1181 1499 1345 1550 vetus
1378 1497 1588 1551 umbra
1619 1496 1787 1568 parit.
2109 1498 2245 1553 Esse
2278 1505 2574 1556 creaturas
2606 1501 2726 1556 haec
2758 1501 3045 1559 elementa
3070 1521 3280 1573 novas;

274 1584 453 1647 Hanc,
481 1581 596 1635 nisi
629 1581 784 1652 quad
819 1585 1081 1636 nostrum
1116 1584 1391 1656 mysteria
1420 1590 1581 1640 tanta
1613 1586 1856 1640 relatum
2035 1587 2102 1641 Ni
2135 1588 2281 1642 foret
2311 1588 2419 1643 hoc
2451 1588 2630 1655 aliud,
2668 1606 3042 1662 nequaquam
3074 1598 3334 1649 sumeret
3362 1593 3508 1648 illud

338 1669 819 1736 Transcendunt,
849 1671 1095 1726 breviter
1121 1688 1578 1729 commemorare
1609 1673 1813 1746 placet.
2104 1673 2205 1728 Vel
2241 1675 2433 1730 malus
2465 1677 2534 1731 ad
2571 1694 2820 1748 puznam,
2846 1679 2931 1733 vel
2965 1681 3156 1736 bonus
3186 1681 3258 1736 ad
3288 1680 3540 1738 veniam.

274 1758 499 1812 Interea
532 1757 690 1812 cordi
723 1764 784 1813 tu
819 1775 1085 1830 suggere,
1119 1760 1346 1817 Christe
1376 1761 1460 1816 vel
1494 1763 1578 1817 ori
1956 1801 2002 1863 Β
2035 1763 2158 1816 Non
2191 1763 2419 1818 animas
2449 1763 2648 1831 aleret,
2683 1766 2731 1820 si
2765 1765 2934 1836 panis
2964 1767 3224 1838 corporis
3254 1774 3430 1836 esset,

339 1845 432 1900 Illi
466 1846 569 1917 qui
601 1846 813 1918 sapiat,
847 1846 984 1903 huic
1015 1865 1248 1920 quoque
1275 1851 1416 1919 quid
1443 1851 1670 1905 referat.
1959 1845 2002 1863 ”
2103 1851 2218 1904 Nec
2250 1851 2406 1906 mala
2436 1859 2786 1922 compuncto
2818 1859 3067 1924 tergeret
3095 1871 3164 1910 ex
3195 1856 3410 1911 animo.

271 1933 418 1989 Vera
447 1933 565 1990 Deo
598 1934 750 1989 Patri
784 1935 936 1990 Deus
961 1935 1185 2003 hostia;
1225 1936 1404 1992 Filius
1434 1937 1520 1992 illi
2033 1938 2156 1992 Non
2188 1939 2340 1994 vires
2372 1938 2594 1993 homini
2626 1940 2820 2008 ferret,
2854 1958 2969 1994 non
3003 1940 3231 1996 tolleret
3257 1941 3434 2010 hosti,

332 2023 564 2077 Arbore
596 2022 871 2088 restituit,
904 2023 1109 2080 arbore
1140 2025 1295 2095 quod
1327 2026 1514 2097 periit.
2103 2026 2229 2081 Non
2263 2043 2495 2082 carnem
2529 2027 2741 2082 mentis
2773 2027 3051 2082 subderet
3074 2027 3359 2099 imperiis.

269 2117 415 2167 Ante
447 2113 781 2167 Creatorem
808 2115 1041 2183 gratum
1066 2113 1276 2168 direxit
1297 2115 1534 2169 odorem
2033 2115 2076 2170 Ο
2109 2132 2285 2186 quam
2316 2119 2451 2169 sunt
2482 2115 2616 2181 tuti,
2649 2132 2827 2186 quam
2858 2114 3050 2171 carnis
3081 2116 3207 2188 lege
3238 2116 3434 2184 soluti,

335 2201 567 2255 Fumus
599 2216 772 2272 quem
805 2199 940 2256 talis
969 2201 1179 2256 vicima
1210 2207 1416 2274 sponte
1445 2204 1620 2258 dedit.
2105 2205 2289 2266 Quam
2321 2203 2431 2258 sibi
2461 2203 2800 2268 dissimiles,
2835 2203 2928 2259 his
2957 2203 3146 2275 epulis
3177 2203 3475 2272 homines;

276 2290 485 2345 Hostia
512 2289 781 2344 Christus
813 2295 955 2358 erat,
986 2289 1252 2345 Christus
1283 2296 1476 2346 tamen
1525 2292 1650 2363 ipse
1683 2291 1920 2359 litabat;
2032 2291 2205 2345 Ebria
2235 2291 2408 2346 corda
2438 2291 2532 2362 pio
2559 2291 2711 2362 rapit
2739 2290 2811 2345 ad
2845 2291 3100 2346 cmlestia
3128 2295 3282 2363 voto,

331 2385 381 2431 Α
416 2378 668 2433 Domino
697 2378 939 2445 factum,
973 2379 1148 2433 corda
1178 2385 1417 2450 stupent
1449 2380 1775 2434 hominum.
2103 2380 2162 2434 Si
2196 2379 2366 2434 fuerit
2397 2384 2691 2450 sumptus,
2726 2383 2789 2433 ut
2818 2380 3002 2450 decet,
3038 2379 3146 2434 iste
3175 2378 3360 2435 cibus.

268 2467 364 2521 Hic
401 2465 589 2522 semel
621 2465 850 2521 oblatus
881 2465 1051 2521 solvit
1081 2483 1461 2538 quoscunque
1491 2472 1705 2533 reatus,
2031 2469 2176 2533 Quid
2205 2467 2438 2522 miraris
2470 2466 2682 2523 homo?
2712 2472 2869 2523 Deus
2898 2471 2986 2523 est
3016 2467 3073 2524 in
3106 2483 3346 2540 corpore
3370 2484 3538 2537 vero;

331 2554 537 2610 Traxit
565 2554 741 2610 homo
773 2555 1004 2626 proprio
1036 2570 1138 2610 seu
1171 2555 1400 2626 generis
1427 2555 1584 2612 vitio.
2102 2557 2264 2611 Unde
2297 2557 2460 2628 prius
2494 2555 2746 2622 redimit,
2780 2556 2916 2612 inde
2948 2556 3120 2612 modo
3152 2557 3358 2612 reﬁcit.

269 2648 504 2699 Hostem
538 2642 834 2709 delusum,
869 2659 1026 2698 mors
1057 2642 1176 2698 haec
1207 2643 1439 2699 eludere
1471 2645 1733 2699 nondum
2029 2646 2132 2700 llis
2165 2650 2359 2700 tamen
2385 2644 2444 2698 in
2476 2643 2665 2700 verbis
2698 2644 2848 2699 ridet
2881 2644 3170 2714 sapientia
3201 2644 3395 2699 carnis

333 2731 586 2794 Desinit,
621 2730 830 2785 ablatis
862 2731 1122 2801 quotidie
1153 2729 1375 2802 spoliis.
2101 2735 2170 2788 Et
2199 2733 2393 2788 divina
2424 2733 2546 2788 suis
2577 2733 2827 2788 subdere
2857 2731 2980 2787 vult
3011 2731 3227 2800 regulis
3252 2731 3393 2803 (sic).

274 2819 366 2873 Illa
400 2818 545 2873 facit
573 2818 760 2874 virtus
797 2819 969 2875 modo
1001 2835 1151 2890 saepe
1181 2833 1483 2890 resurgere
1511 2836 1737 2875 rursus.
2031 2820 2243 2875 Dicunt
2278 2839 2288 2875 :
2325 2821 2458 2883 Quze
2490 2819 2657 2884 ratio,
2691 2820 2820 2890 quis
2852 2820 2911 2873 in
2941 2818 3033 2873 his
3066 2818 3447 2890 deprenditur
3491 2818 3679 2875 ordo?

332 2907 626 2964 Mortibus
657 2908 959 2979 absorptat
989 2907 1316 2963 innumeris
1347 2907 1595 2964 animas.
2101 2909 2210 2964 Ore
2240 2909 2447 2964 nolunt
2477 2907 2761 2977 (volunt?)
2789 2906 2875 2960 illi
2903 2906 3172 2962 claudere
3194 2908 3334 2978 jura
3363 2907 3463 2962 Dei

270 3001 389 3052 Haec
423 2996 598 3067 quasi
632 2995 974 3067 prseteritas,
1000 2997 1124 3066 jam
1154 2995 1320 3051 tersit
1349 2995 1534 3066 gratia
1556 2995 1759 3068 culpas
2029 2998 2098 3052 Et
2127 2998 2291 3064 dum,
2316 3013 2490 3067 quem
2521 2998 2821 3066 nequeunt
2841 2999 3098 3052 montem
3121 2995 3679 3064 transcendere,tan-

337 3089 398 3141 ln
432 3085 700 3140 nondum
734 3085 888 3140 natis
918 3083 1186 3140 Ecclesiae
1219 3083 1472 3156 populis.
3383 3085 3554 3157 [gunt
3585 3100 3598 3116 ·

276 3176 425 3240 Quos
458 3174 688 3246 primus
718 3173 946 3238 habuit,
966 3189 1114 3244 quos
1144 3173 1380 3229 tandem
1413 3174 1671 3228 mundus
1689 3173 1925 3228 habebit
1955 3157 1996 3222 ί]
2107 3216 2118 3227 .
2201 3217 2210 3226 .
2295 3215 2305 3226 .
2391 3213 2402 3225 .
2487 3215 2496 3226 .
2577 3171 2805 3240 (Caetera
2837 3171 3072 3242 desunt.)

2393 3289 3668 3332 =====a

2181 3323 2385 3332 -α

1651 3429 1815 3476 ANNO
1858 3429 2071 3475 DOMINI
2115 3429 2287 3474 MLIV.

811 3588 2015 3790 SANCTUS
2174 3588 2431 3785 LI

1525 3588 2015 3790 TUS
2174 3584 2692 3785 [ΕΟ
2860 3584 3145 3782 ΙΧ

1557 3884 1844 3946 PONTIF
1851 3883 1955 3944 EX
1999 3881 2406 3944 ROMANUS.

1350 4132 2620 4270 PBOLEGOMENA.

679 4451 1567 4582 SANCTI
1704 4449 2592 4578 LEONIS
2717 4440 3295 4573 VITA

1329 4668 1743 4763 Auctore
1829 4665 2246 4759 Wiberto
2315 4663 2672 4785 aequa/li

968 4865 1156 4936 (Apud
1190 4863 1434 4928 Mabill.,
1464 4864 1594 4918 Acta
1625 4860 1720 4917 ss.
1751 4859 1867 4916 0rd.
1904 4859 1958 4916 s.
1993 4829 2212 4926 ma,
2243 4861 2380 4912 Saec.
2414 4855 2505 4922 vr,
2539 4843 2700 4926 parte
2731 4869 2793 4919 ιι,
2826 4868 2884 4924 p.
2919 4851 3032 4922 is.)

1161 4977 2202 5109 OBSERVATIONES
2274 5003 2834 5101 PREVIIE.

1785 5197 2209 5208 ————-—-——

355 5302 919 5356 1.Praeterauctores
937 5299 1422 5370 quisummorum
1438 5297 1783 5370 pontiﬁcum
1797 5301 1964 5369 gesta
1996 5299 2040 5362 1)
2071 5296 2143 5362 le,
2175 5297 2487 5363 antequam
2529 5291 2598 5344 ad
2637 5289 2835 5342 sedem
2878 5282 3255 5373 apostoli-cam
3287 5273 3705 5373 proveheretur

282 5387 954 5459 scripserunt,nonnulli
982 5389 1132 5443 beati
1169 5388 1370 5443 Leonis
1394 5387 1463 5441 I.\
1493 5386 1684 5440 Vitam
1709 5385 1954 5441 seorsim
2069 5377 2636 5457 gesserat,Romanis
2654 5375 3090 5444 relinquens,ut
3118 5367 3367 5438 ipsemet
3389 5359 3718 5459 in_prologo

286 5457 550 5530 edidere.
585 5476 908 5543 Wibertus,
943 5477 1073 5546 ejus
1106 5477 1159 5530 in
1195 5476 1533 5547 episcopatu
1575 5473 1833 5528 Tullensi
1866 5490 1958 5529 ar-
2072 5472 2424 5544 loquitur,ea
2449 5467 2678 5540 posteris
2707 5463 3074 5519 transmittere
3104 5470 3228 5528 qua:
3263 5457 3722 5547 papdﬂomamfs

286 5534 906 5638 ehidiaconus,primo
926 5534 1111 5622 unum
1134 5534 1352 5622 librum
1370 5534 1553 5621 edidit
1568 5563 1638 5619 de
1658 5561 1872 5636 iisquae
1894 5561 1961 5619 il-
2072 5534 2508 5632 egissetNerum
2541 5557 2742 5628 postea
2771 5553 2996 5608 mutata
3027 5543 3335 5614 sententia,
3367 5542 3586 5598 librum
3636 5534 3721 5593 al-

635 5692 900 5757 PATROL.
947 5692 1214 5756 CLXIII.
3329 5669 3402 5734 18
