4102 6174
285 309 414 376 459.

1659 302 1722 362 S.
1768 297 1918 362 LEO
1960 297 2041 361 IX
2089 294 2315 358 PAPA.

3568 285 3686 348 460

288 450 480 500 terum
509 441 700 516 primo
728 438 1018 512 adjunxit,
1049 439 1108 492 in
1159 454 1274 509 quo
1323 453 1390 491 ea
1435 451 1561 506 qua;
1611 434 1816 487 beatus
1856 431 1944 486 vir
1972 431 2025 496 Α
2053 427 2398 501 gruentibus
2446 424 2690 496 negotiis
2713 425 2848 480 data
2889 423 3192 480 occasione
3235 420 3438 491 edidit,
3469 420 3544 475 ad
3586 419 3694 474 Mi-

292 548 480 606 usque
509 531 580 588 ad
614 533 859 586 mortem
909 527 1153 600 peregit,
1188 525 1379 580 fusius
1429 521 1678 593 exponit.
1712 525 1930 574 Auctor

293 623 704 694 anonymus,et
725 618 848 689 ipse
872 617 1112 688 quidem
1141 613 1308 669 testis
1331 608 1932 676 oculatus,historiam

293 710 498 766 mortis
528 708 792 780 ejusdem
824 702 1257 775 conscripsit,in
1281 717 1399 771 qua
1428 703 1696 754 accurate
1726 702 1782 751 et
1814 713 1940 767 par-

292 797 581 856 ticulatim
595 800 792 855 narrat
809 811 923 865 quo
942 799 1106 864 pacto
1127 792 1334 845 beatus
1357 788 1611 857 pontifex
1629 786 1800 840 morti
1817 803 1941 856 pro-

293 888 488 943 ximus
512 901 642 941 sese
668 888 788 939 toto
814 882 1008 936 triduo
1040 881 1110 934 ad
1146 878 1334 949 ipsam
1366 876 1694 942 obeundam
1718 891 1940 944 praepa-

297 975 668 1041 raverit;tum
691 969 996 1040 subjungit
1012 967 1237 1038 aliquot
1258 965 1560 1028 miracula,
1593 980 1718 1033 quae
1743 963 1942 1018 statim

300 1068 432 1135 post
455 1061 583 1130 ejus
613 1059 839 1114 obitum
873 1057 1029 1110 edita
1058 1059 1217 1110 sunt.
1249 1057 1408 1108 Hanc
1440 1051 1740 1107 historiam
1763 1067 1833 1104 ex
1862 1067 1949 1104 ve-

298 1149 628 1206 tustissimo
676 1145 874 1201 codice
921 1143 1191 1198 Ecclesiae
1245 1143 1677 1204 Beneventanis,
1739 1137 1949 1192 litteris

303 1232 758 1308 Langobardicis
795 1229 1274 1303 exarato,publici
1299 1228 1453 1300 juris
1484 1228 1619 1282 fecit
1640 1226 1952 1282 Ferdinan-

303 1326 416 1381 dus
449 1320 730 1395 Ughellus
762 1320 821 1374 in
852 1318 1020 1374 Italia
1045 1323 1393 1387 sacra,tomo
1416 1314 1666 1382 VllI,ubi
1690 1319 1761 1369 de
1778 1315 1952 1368 Bene-

302 1411 569 1470 ventanis
598 1407 888 1480 episcopis
918 1406 1054 1478 agit.
1080 1405 1412 1460 Invenimus
1446 1408 1720 1475 praeterea
1751 1402 1808 1456 in
1840 1417 1951 1455 ms.

305 1500 504 1558 codice
534 1494 1038 1554 archimonasterii
1063 1493 1384 1565 Remigiani
1404 1492 1560 1562 apud
1585 1492 1793 1546 Remos
1816 1506 1954 1544 ano-

310 1587 470 1660 nymi
527 1586 837 1657 cujusdam
886 1582 1285 1638 collectionem
1336 1580 1774 1644 miraculorum,
1817 1578 1956 1631 Vitae

310 1677 464 1733 beati
496 1673 788 1747 pontiﬁcis
819 1690 852 1728 a
880 1671 1144 1726 Wiberto
1191 1674 1418 1741 scriptae
1470 1670 1869 1738 subjunctam,
1897 1667 1956 1720 in

2041 516 2299 573 chaelem
2319 513 2696 569 Caerularium
2715 509 3422 583 Constantinopolitanum
3452 508 3699 580 patriar-

2045 606 2214 660 eham
2244 621 2356 658 non
2389 602 2569 658 semel
2599 603 2855 673 scripsit,
2889 607 2954 656 ut
2993 617 3128 656 eum
3173 599 3251 654 ad
3298 613 3502 669 pacem
3548 597 3699 654 inter

2046 696 2276 750 Graecos
2297 697 2354 746 et
2370 691 2608 746 Latinos
2639 689 3068 746 conciliandam
3100 688 3699 752 adhortaretur;eum-

2049 799 2160 852 que
2191 780 2286 836 ille
2318 778 2603 834 noluisset
2633 795 2666 833 a
2707 777 3019 832 calumniis
3068 793 3215 848 quas
3264 774 3324 830 in
3374 775 3698 830 Romanam

2052 870 2366 925 Ecelesiam
2396 868 2696 923 evomebat
2725 867 3187 930 abstinere,eum
3218 864 3456 918 tandem
3488 879 3590 934 per
3619 863 3700 919 le-

2054 965 2219 1031 gates
2241 972 2555 1026 suos,quos
2575 972 2641 1009 ea
2657 955 2727 1009 de
2745 970 2921 1009 causa
2935 951 3496 1023 Constantinopolim
3518 951 3700 1019 misit,

2056 1066 2086 1104 e
2134 1048 2270 1102 sede
2319 1044 2673 1109 exturbavit;
2724 1043 2895 1112 cujus
2944 1041 3294 1096 sententiam
3344 1040 3700 1096 exsecutioni

2058 1134 2321 1190 mandari
2355 1131 2554 1197 voluit,
2588 1130 3029 1203 imperator,qui
3059 1131 3328 1185 eumdem
3361 1128 3701 1184 Michaelem

2060 1227 2117 1279 in
2149 1223 2420 1278 exsilium
2452 1221 2742 1292 deportari
2765 1219 2967 1288 jussit.
3001 1219 3126 1274 Non
3175 1218 3374 1273 minus
3423 1217 3706 1273 laboravit

2064 1313 2369 1384 piissimus
2397 1309 2651 1380 pontifex
2671 1308 2730 1362 in
2753 1307 3093 1362 simoniacis
3115 1311 3171 1362 et
3192 1307 3448 1362 uxoratis
3472 1308 3705 1378 presby-

2065 1401 2204 1455 teris
2236 1397 2903 1469 exstirpandis.lstorum
2928 1396 3228 1451 occasione
3245 1396 3543 1450 decretum
3565 1393 3707 1450 cele-

2064 1491 2166 1544 bre
2195 1488 2396 1552 edidit,
2429 1486 2584 1556 quod
2616 1502 2650 1540 a
2680 1485 2844 1540 Petro
2875 1484 3142 1538 Damiani
3174 1483 3446 1538 laudatur
3486 1484 3546 1538 in
3583 1485 3705 1556 epi-

2068 1577 2216 1633 stola
2245 1578 2312 1630 ad
2347 1575 2730 1629 Cunibertum
2761 1573 3102 1644 episcopum
3151 1572 3576 1628 Taurinensem
3619 1573 3705 1627 in-

2069 1672 2224 1721 serta
2241 1663 2520 1736 opusculo
2547 1665 2609 1716 18
2629 1663 2757 1732 ejus
2783 1661 3035 1733 Operum
3067 1677 3224 1716 nova:
3264 1661 3559 1728 editionis;
3591 1679 3709 1733 quo

311 1782 432 1836 qua
458 1762 742 1819 miracula
770 1759 1075 1830 complura
1106 1765 1570 1828 narrantur,quas
1601 1756 1672 1811 ad
1712 1757 1840 1826 ejus
1861 1759 1952 1809 tu-
1991 1793 2038 1856 Β
2073 1755 2294 1810 scilicet
2313 1759 2548 1807 cautum
2571 1757 2659 1806 est
2679 1756 2742 1805 ut
2763 1767 3096 1822 quaecunque
3121 1750 3460 1805 damnabile:
3486 1752 3713 1822 feminae

313 1853 543 1909 mulum
574 1850 749 1923 paulo
781 1853 914 1920 post
958 1846 1116 1902 illius
1163 1851 1409 1901 mortem
1451 1850 1678 1915 patrata
1707 1846 1954 1898 fuerant.

314 1942 572 2006 Quorum
605 1939 842 2010 quidem
890 1937 1142 1991 duorum
1175 1951 1601 2006 auonymorum
1650 1930 1952 2003 opuscula,

316 2047 450 2087 cum
483 2027 613 2085 aliis
643 2027 783 2084 item
815 2023 1116 2080 miraculis
1136 2040 1204 2078 ex
1225 2024 1401 2078 variis
1431 2023 1730 2077 codicibus
1752 2019 1962 2075 descri-

313 2118 498 2192 pta,in
520 2133 707 2172 unum
729 2113 1150 2170 consarcinavit
1171 2112 1517 2167 Godefridus
1538 2109 1961 2180 Henschenius,

317 2223 503 2278 eaque
533 2204 715 2260 edidit
743 2201 835 2258 die
867 2203 934 2257 l9
963 2199 1180 2272 Aprilis
1213 2199 1577 2254 Bollandiani
1626 2197 1802 2252 simul
1826 2213 1960 2252 cum

325 2296 453 2350 Vita
481 2311 516 2349 a
541 2293 805 2348 Wiberto
835 2288 1144 2360 descripta.
1169 2289 1255 2342 Ad
1281 2288 1400 2341 haec
1428 2287 1620 2341 Bruno
1641 2285 1964 2358 Signiensis

320 2382 632 2454 episcopus
655 2378 850 2432 Vitam
879 2376 1032 2431 beati
1062 2376 1268 2430 Leonis
1297 2375 1795 2446 conscripsit,quae
1815 2375 1967 2428 inter

321 2468 438 2525 alia
468 2467 731 2538 ejusdem
767 2464 1052 2521 Brunonis
1073 2463 1258 2534 Opera
1278 2463 1432 2534 typis
1456 2462 1690 2533 vulgata
1707 2467 1968 2516 estprae-

319 2561 498 2625 terea,
524 2559 589 2610 ut
616 2552 903 2626 plurimos
932 2556 1197 2607 auctores
1223 2550 1617 2621 omittam.qui
1649 2551 1718 2604 de
1746 2549 1970 2620 aliquot

322 2646 588 2718 ejusdem
608 2644 794 2698 sancti
807 2641 910 2696 viri
930 2640 1110 2712 gestis
1123 2641 1259 2696 data
1274 2639 1572 2694 occasione
1586 2639 1694 2694 scri
1701 2653 1802 2711 pse
1810 2656 1874 2692 ru
1885 2641 1965 2706 nt,

321 2731 638 2791 Anselmus
660 2729 986 2786 monachus
1004 2728 1190 2783 sancti
1213 2727 1458 2798 Remigii
1484 2727 1789 2782 Remensis
1809 2724 1970 2781 libel-

252 2881 266 2898 ο
323 2823 448 2879 lum
470 2820 655 2877 edidit
673 2819 782 2876 sub
807 2818 1041 2873 nomine
1063 2817 1346 2872 Itinerarii
1371 2833 1529 2886 papa:
1556 2816 1761 2871 Leonis
1785 2815 1876 2882 IX,
1910 2815 1970 2868 in

326 2927 442 2984 quo
469 2910 644 2966 refert
673 2925 741 2964 ea
771 2924 896 2979 quaa
928 2907 1132 2962 beatus
1163 2907 1417 2977 pontifex
1446 2922 1598 2960 anno
1632 2905 1768 2959 1049
1798 2903 1972 2958 variis

327 3001 388 3055 in
417 2996 741 3054 Germaniae
772 3001 829 3052 et
855 2993 1052 3050 Galliae
1096 2993 1242 3049 locis
1287 2994 1556 3066 patravit,
1601 2991 1972 3065 potissimum

329 3085 656 3157 Remis,ubi
677 3082 1179 3142 archimouasterii
1197 3081 1384 3139 sancti
1407 3081 1652 3153 Remigii
1670 3080 1974 3136 ecclesiam

2071 1846 2220 1898 intra
2246 1845 2485 1898 Romana
2515 1842 2716 1894 mania
2747 1841 3122 1910 reperirentur
3146 1839 3478 1910 presbyteris
3511 1841 3708 1911 prosti-

2070 1941 2218 1996 tutas,
2250 1937 2448 1988 extum:
2467 1935 2515 1985 et
2535 1930 2785 1999 deinceps
2817 1931 3175 1984 Laterum-nsi
3197 1929 3407 1999 palatio
3429 1929 3711 2000 adjudica-

2070 2027 2262 2080 rentur
2289 2021 2530 2076 ancillae.
2565 2021 2780 2074 Contra
2809 2021 3126 2088 utrumque
3173 2017 3378 2072 vitium
3419 2016 3620 2072 multis
3649 2017 3712 2073 in

2071 2110 2333 2169 conciliis
2363 2115 2557 2164 actum
2583 2112 2691 2172 est,
2723 2107 2834 2161 sub
2867 2107 3054 2161 Leone
3083 2107 3327 2176 ejusque
3357 2106 3713 2162 successori-

2073 2203 2204 2265 bus,
2236 2205 2301 2253 ut
2337 2198 2528 2252 videre
2575 2203 2664 2250 est
2708 2196 2766 2249 in
2826 2194 3203 2250 conciliorum
3251 2193 3712 2265 collectionibus,

2073 2291 2172 2344 ubi
2203 2289 2378 2343 etiam
2407 2285 2662 2356 epistolae
2695 2283 2846 2338 beati
2876 2283 3191 2355 pontiﬁcis,
3213 2299 3359 2354 quas
3391 2285 3562 2339 modo
3593 2282 3716 2339 lau-

2072 2379 2381 2443 dabamus,
2404 2375 2571 2429 editae
2594 2373 2898 2427 habentur.

2146 2469 2199 2521 3.
2236 2463 2648 2534 Bereugurium
2694 2460 3170 2516 archidiaconum
3216 2461 3714 2534 Andegavensem,

2077 2555 2175 2628 qui
2207 2559 2408 2609 contra
2439 2550 2649 2605 realem
2687 2550 3054 2621 praesentiam
3085 2549 3342 2622 corporis
3371 2551 3581 2607 Christi
3604 2556 3718 2607 Do-

2078 2644 2221 2699 mini
2253 2643 2311 2696 in
2340 2639 2694 2696 eucharistia
2724 2639 3296 2710 insurgebat,beatus
3319 2640 3434 2694 Deo
3454 2640 3526 2695 ab
3545 2640 3722 2696 eccle-

2078 2731 2311 2788 siastica
2347 2728 2757 2783 communione
2786 2727 3048 2782 removit.
3075 2727 3169 2782 Hae
3200 2728 3600 2783 controversias
3630 2743 3722 2784 oc-

2080 2820 2372 2876 casionem
2406 2819 2780 2888 praebuerunt
2815 2814 3004 2870 varias
3048 2816 3302 2887 synodos
3333 2816 3720 2889 congregandi

2082 2927 2148 2964 ac
2176 2907 2384 2963 edendi
2419 2904 2795 2976 professionis
2822 2904 2954 2959 ﬁdei
2987 2903 3288 2970 formulas,
3322 2905 3538 2976 quibus
3587 2905 3723 2960 ﬁdei

2083 2995 2377 3052 catholicae
2418 2993 2721 3064 integritas
2770 2997 3083 3048 sartatecta
3127 2999 3487 3059 servaretur;
3522 2996 3620 3050 sed
3651 2996 3725 3051 de

2083 3085 2178 3142 his
2202 3083 2478 3140 alias.Hic
2506 3098 2638 3136 vero
2669 3083 3007 3136 observasse
3037 3081 3291 3136 sufﬁciat
3315 3087 3534 3154 quanta
3555 3082 3726 3139 fuerit

330 3151 640 3242 dedicavit,
673 3191 738 3229 ac
767 3174 827 3229 in
857 3190 926 3228 ea
955 3171 1268 3228 concilium
1300 3170 1506 3226 habuit
1544 3151 1830 3242 generale.
1865 3169 1971 3224 De-
2004 3151 2047 3219 C
2088 3171 2376 3246 pontiﬁcis
2407 3170 2590 3226 nostri
2620 3168 2921 3241 vigilantia
2949 3169 3008 3224 in
3037 3169 3110 3225 iis
3139 3173 3266 3225 tum
3292 3151 3418 3243 qua:
3448 3172 3519 3227 ad
3551 3172 3722 3228 eccle-

333 3265 512 3337 nique
544 3262 876 3319 Desiderius
904 3261 1238 3317 Casinensis
1268 3260 1468 3325 abbas,
1501 3259 1601 3330 qui
1632 3265 1834 3330 postea
1862 3256 1971 3312 sub

332 3353 581 3408 Victoris
615 3352 690 3407 III
719 3350 955 3405 nomine
985 3366 1257 3404 summus
1287 3348 1542 3418 pontifex
1573 3347 1701 3414 fuit,
1735 3347 1884 3401 libro
1914 3362 1977 3401 III

333 3439 710 3512 Dialogorum
742 3436 1026 3492 nonnulla
1054 3437 1319 3506 ejusdem
1351 3434 1537 3490 sancti
1569 3435 1673 3488 viri
1706 3441 1872 3507 gesta
1922 3438 1979 3489 et

335 3525 620 3584 miracula
648 3525 926 3581 narravit.
960 3524 1176 3579 Verum
1207 3540 1276 3578 ex
1304 3523 1376 3578 iis
1406 3523 1681 3578 omnibus
1729 3521 1978 3577 auctori-

335 3617 448 3673 bus
477 3615 745 3671 sufﬁcere
775 3612 944 3668 nobis
973 3611 1162 3667 visum
1193 3617 1300 3678 est,
1337 3611 1505 3666 binos
1535 3610 1777 3666 Wiberti
1799 3610 1980 3665 libros

336 3704 431 3761 hic
459 3704 651 3774 edere,
684 3719 818 3758 cum
851 3699 1126 3773 anonymi
1159 3699 1625 3771 opusculo,quod
1656 3715 1724 3753 ex
1755 3697 1980 3770 Ughelli

336 3793 504 3851 Italia
543 3809 712 3850 sacra
755 3791 927 3848 modo
973 3788 1362 3846 laudavimus.
1395 3789 1611 3844 Caetera
1653 3787 1754 3859 qui
1798 3787 1978 3858 cupit,

334 3885 505 3941 adeat
533 3882 879 3939 Bollandum
911 3880 979 3935 ad
1015 3879 1170 3934 diem
1204 3879 1269 3933 19
1297 3877 1600 3950 Aprilis.Si
1630 3894 1757 3948 quae
1788 3881 1982 3931 tamen

336 3973 395 4027 in
426 3972 560 4028 aliis
591 3970 929 4027 auctoribus
959 3969 1357 4024 observatione
1410 3968 1586 4039 digna
1625 3965 1984 4020 occurrerint

337 4079 466 4134 qua:
514 4060 586 4115 ad
636 4059 789 4115 beati
820 4057 1114 4130 pontiﬁcis
1171 4062 1300 4112 acta
1347 4055 1694 4112 illustranda
1723 4056 1985 4111 conferre

335 4149 658 4215 valeant,ea
687 4164 790 4220 pro
821 4146 1254 4219 Opportunitate
1276 4146 1334 4201 in
1360 4145 1576 4201 notulis
1597 4145 1667 4199 ad
1694 4145 1834 4201 Vitae
1862 4148 1982 4199 tex-

337 4241 602 4306 tum,aut
633 4237 691 4291 in
723 4235 814 4290 his
843 4235 1348 4291 observationibus
1378 4234 1603 4306 praeviis
1634 4236 1845 4289 referre
1870 4249 1982 4288 non

335 4325 695 4382 omittemus.

404 4414 697 4479 2.Quanta
725 4411 1118 4469 sollicitudine
1148 4411 1463 4488 Ecclesium
1496 4411 1605 4466 sibi
1631 4431 1664 4465 a
1685 4410 1798 4466 Deo
1831 4427 1983 4466 com-

2085 3262 2382 3318 siasticam
2437 3258 2807 3329 disciplinam
2856 3258 3286 3321 stabiliendam.
3319 3265 3445 3315 tum
3493 3278 3620 3332 quae
3651 3262 3722 3316 ad

2084 3351 2361 3407 tuendam
2412 3354 2627 3403 rectam
2677 3347 2850 3401 ﬁdem
2893 3346 3280 3418 pertinebant.
3315 3348 3476 3404 Unde
3505 3351 3722 3405 mirum

2087 3456 2201 3494 non
2237 3443 2326 3493 est
2355 3437 2403 3492 si
2426 3436 2621 3491 Victor
2653 3435 2726 3489 IIl
2759 3434 2818 3489 in
2836 3435 2963 3506 ejus
2987 3434 3225 3491 laudem
3248 3440 3650 3496 asserueritab
3673 3458 3742 3498 eo

2087 3527 2285 3583 omnia
2315 3523 2707 3581 ecclesiastica
2737 3529 3011 3579 renovata
3040 3523 3242 3593 fuisse,
3277 3543 3600 3600 novamque
3644 3530 3734 3586 lu-

2089 3631 2235 3680 cem,
2269 3631 2338 3668 ex
2389 3629 2503 3683 quo
2554 3611 2958 3683 pontiﬁcatum
3005 3615 3349 3686 assumpsit,
3380 3617 3565 3673 visam
3608 3635 3736 3675 esse

2089 3703 2310 3758 mundo
2340 3702 2586 3769 exoriri;
2621 3702 2721 3756 sed
2771 3699 3062 3756 illustrius
3109 3707 3199 3758 est
3249 3706 3397 3760 tanti
3444 3707 3739 3777 pontiﬁcis

2089 3789 2490 3848 testimonium
2523 3806 2700 3861 quam
2736 3793 2801 3844 ut
2825 3789 3021 3861 ipsum
3052 3791 3148 3846 hic
3179 3791 3471 3865 integrum
3504 3811 3618 3851 non
3651 3812 3740 3852 re-

2095 3882 2370 3936 feramus.
2404 3879 2532 3934 Ilaec
2565 3878 2764 3949 itaque
2794 3883 2932 3934 sunt
2960 3882 3090 3950 ejus
3118 3882 3313 3948 verba,
3333 3900 3460 3954 quae
3491 3885 3738 3955 quibus.

2092 3971 2227 4024 dam
2260 3966 2556 4023 miraculis
2588 3985 2621 4022 a
2652 3968 2820 4022 beato
2852 3967 3040 4024 Leone
3069 3971 3313 4040 patratis
3347 3973 3645 4042 praemittit
3673 3973 3734 4030 in

2092 4059 2238 4113 libro
2271 4056 2439 4112 tertio
2472 4055 2847 4128 Dialogorum
2883 4075 2896 4112 :
2930 4080 2958 4107 ‹‹
2991 4057 3124 4126 Leo,
3155 4059 3227 4114 de
3271 4075 3387 4130 quo
3435 4061 3605 4116 nobis
3651 4066 3742 4119 est

2093 4162 2284 4202 sermo
2316 4161 2430 4217 prae
2461 4145 2757 4210 manibus,
2789 4145 2877 4200 vir
2907 4161 3008 4217 per
3036 4147 3235 4202 omnia
3265 4149 3640 4219 apostolicus,
3658 4167 3745 4206 re-

2093 4235 2207 4306 gali
2237 4250 2448 4307 genere
2473 4234 2952 4306 ortus,sapientia
2980 4235 3277 4306 praeditus,
3295 4237 3572 4310 religione
3601 4255 3745 4296 con-

2093 4326 2356 4396 spicuus,
2399 4323 2678 4394 omnique
2721 4321 3114 4379 ecclesiastica
3161 4325 3428 4382 doctrina
3479 4329 3743 4400 apprime

2093 4413 2451 4479 eruditus,ae
2481 4411 3108 4483 qui,quemadmodum
3131 4414 3418 4485 scriptum
3449 4416 3745 4490 est,cmpit

335 4504 581 4561 missam
606 4504 812 4559 beatus
841 4499 1096 4573 pontifex
1123 4499 1808 4572 gubernaverit,probant
1836 4516 1980 4570 prae-
2015 4520 2060 4583 Ι)
2093 4501 2356 4556 invocare
2387 4517 2599 4555 nomen
2627 4500 2887 4555 Domini:
2912 4517 3206 4573 quemque
3230 4503 3409 4558 etiam
3442 4504 3741 4576 vidi,ejus-

332 4598 423 4650 ter
449 4591 712 4648 libellum
747 4606 918 4662 quem
942 4589 1013 4644 ab
1039 4605 1105 4645 eo
1133 4594 1330 4644 contra
1356 4589 1582 4644 Graecos
1614 4589 1836 4644 editum
1859 4587 1979 4642 lau-

333 4682 434 4736 dat
478 4681 800 4746 Wibertus,
841 4677 1171 4749 complures
1221 4676 1423 4732 litterae
1472 4694 1620 4748 quas
1667 4678 1740 4731 ad
1789 4676 1978 4731 varios

332 4769 490 4824 orbis
533 4768 843 4824 Christiani
888 4767 1192 4838 episcopos
1222 4765 1586 4837 conscripsit.
1619 4766 1694 4819 Ex
1721 4765 1792 4819 iis
1822 4781 1975 4836 quae-

331 4858 469 4912 dam
501 4856 792 4911 habentur
820 4857 890 4910 ad
924 4857 1230 4911 Africanos
1252 4855 1324 4908 ad
1348 4855 1776 4911 sublevandum
1808 4853 1978 4908 istius

332 4949 450 4999 tam
482 4943 726 4998 celebris
751 4943 890 4999 olim
921 4944 1186 4999 Ecclesia:
1217 4948 1591 5014 statum,quaa
1623 4944 1731 4996 sub
1763 4943 1975 4997 Barba-

331 5049 531 5088 rorum
554 5031 861 5105 tyrannide
889 5033 1156 5102 gemebat
1177 5031 1320 5098 ;aliae
1342 5033 1414 5087 ad
1437 5031 1978 5096 Gallos,Germanos

333 5127 391 5178 et
421 5121 594 5178 Italos
625 5121 768 5175 data:
808 5123 947 5174 sunt
993 5121 1064 5175 ad
1113 5119 1480 5190 disciplinam
1522 5120 1975 5175 ecclesiasticam

332 5209 786 5276 restituendam;
821 5206 1114 5264 nonnulla»,
1159 5209 1230 5262 ad
1268 5209 1694 5263 Antiochenum
1727 5208 1973 5280 patriar-

331 5297 598 5364 cham,ut
625 5314 760 5353 eum
792 5296 851 5351 in
885 5295 1212 5369 apostolica:
1244 5297 1400 5352 sedis
1422 5297 1751 5353 obedientia
1771 5297 1975 5352 conﬁr-

333 5390 546 5454 maret;
580 5386 706 5442 alia
747 5387 818 5440 ad
852 5385 1260 5460 imperatorem
1293 5387 1739 5442 Constantinum
1774 5386 1971 5442 Mono-

333 5474 630 5541 macbum,
663 5476 790 5546 eius
822 5475 1005 5532 animi
1037 5477 1096 5532 in
1128 5481 1283 5533 recta
1309 5476 1421 5531 ﬁde
1455 5474 1721 5531 ﬁrmandi
1745 5475 1968 5548 gratia:

331 5561 583 5638 denique
613 5566 679 5622 ut
708 5567 944 5625 crateras
991 5565 1280 5637 omittam,
1315 5580 1460 5638 quas
1510 5579 1613 5640 pro
1659 5563 1833 5624 variis
1882 5564 1971 5622 in-

2089 4605 2202 4661 que
2233 4588 2688 4644 familiaritatem
2712 4588 2923 4643 habere
2945 4590 3168 4657 merui;
3202 4607 3355 4663 saepe
3385 4593 3558 4648 etiam
3582 4609 3647 4648 eo
3679 4593 3740 4648 in

2086 4677 2332 4734 ecclesia
2360 4677 2572 4732 missas
2603 4675 3092 4740 celebrante,cum
3125 4678 3226 4734 illo
3263 4680 3335 4734 ad
3363 4679 3628 4735 divinum
3660 4678 3740 4735 al-

2085 4773 2208 4822 tare
2224 4765 2406 4821 sacris
2431 4764 2672 4819 indutus
2703 4765 2963 4819 vestibus
2996 4765 3328 4838 steti,eique
3358 4767 3738 4839 Evangelium

2085 4855 2215 4929 legi.
2253 4860 2297 4909 A
2331 4871 2446 4927 quo
2477 4853 2673 4909 omnia
2705 4852 3098 4909 ecclesiastica
3129 4855 3324 4910 studia
3367 4861 3643 4912 renovata
3673 4873 3738 4912 ac

2087 4951 2714 5014 restaurata,novaque
2745 4942 2843 4998 lux
2873 4944 3092 4998 mundo
3121 4944 3246 5000 visa
3276 4949 3366 5001 est
3395 4945 3738 5000 exoriri.Hic

2085 5051 2236 5104 saepe
2268 5032 2622 5088 sacerdotale
2675 5032 2987 5087 concilium
3037 5034 3347 5101 advocans,
3381 5035 3734 5102 sacerdotes,

2085 5123 2360 5177 diaconos
2389 5125 2445 5176 et
2475 5121 2733 5192 reliquos
2753 5121 2995 5178 clericos
3012 5137 3124 5177 non
3146 5120 3491 5194 regulariter
3510 5123 3737 5178 ordina-

2084 5215 2174 5266 tos
2205 5208 2530 5274 removit,et
2560 5210 2618 5263 in
2647 5225 2849 5265 eorum
2881 5210 3023 5266 locis
3054 5210 3126 5267 ad
3156 5211 3278 5267 veri
3309 5214 3366 5267 et
3386 5211 3604 5267 summi
3632 5211 3733 5268 Dei

2083 5299 2328 5366 cultum,
2379 5296 2479 5369 qui
2511 5297 2684 5369 digne
2733 5297 3066 5355 ministrare
3109 5303 3368 5371 possent,
3401 5299 3730 5355 constituit.

2083 5387 2348 5451 Quotidie
2377 5402 2610 5457 quoque
2643 5402 2745 5457 per
2774 5404 2836 5442 se
2866 5403 3122 5459 suosque
3152 5387 3472 5460 discipulos
3512 5387 3732 5460 ubique

2082 5475 2296 5532 missos
2328 5473 2561 5547 populis
2588 5474 2741 5529 viam
2764 5474 3018 5545 Domini,
3043 5475 3252 5533 litteris
3281 5484 3336 5533 et
3363 5476 3555 5534 verbis
3585 5492 3728 5551 pra-

2081 5563 2306 5636 dicans,
2332 5561 2805 5640 ostendebat,qui
2835 5579 2940 5641 per
2969 5565 3346 5643 apostolicam
3367 5565 3546 5627 vitam
3578 5579 3729 5628 sem.
