4102 6174
312 249 429 311 461

1197 249 1524 312 recuso.
1562 280 1638 294 —
1666 248 1848 308 VITA
1900 199 1964 308 s.
2013 246 2317 307 LEONIS.
2351 277 2426 288 --
2457 243 2849 307 MONITUM.

3600 248 3721 313 462

313 399 416 456 per
442 381 746 455 gradiens,
778 382 1125 454 apostolicos
1157 382 1330 438 etiam
1363 383 1518 436 viros
1567 381 1627 435 in
1664 380 1964 436 miraculis
1992 384 2038 448 Α
2078 380 2188 435 bus
2219 378 2466 450 aliisque
2485 378 2726 449 majoris
2758 379 3037 433 momenti
3054 379 3299 449 negotiis
3327 381 3598 452 gerendis
3615 384 3718 438 ad-

312 475 401 528 est
424 471 709 526 imitatus.
738 471 819 526 De
849 488 964 543 quo
995 471 1230 543 quidem
1256 470 1433 541 plura
1465 470 1669 526 audire
1704 486 1792 524 me
1825 485 1960 523 con-

311 561 463 633 tigit,
489 583 516 609 »
550 565 661 616 etc.
696 561 799 616 His
831 561 1031 633 paucis
1063 560 1254 615 verbis
1285 559 1481 613 Victor
1509 558 1755 613 absolvit
1801 575 1961 612 sum-

311 667 471 705 mam
493 648 669 721 elogii
703 647 858 704 beati
893 647 1225 719 Leonis,qui
1251 647 1523 703 similiter
1543 649 1707 701 totam
1731 645 1968 700 Galliam

311 740 664 792 illumirzasse
693 737 908 792 dicitur
935 736 996 791 in
1024 740 1373 791 testamento
1397 734 1646 790 Odalrici
1672 734 1966 806 praepositi

309 826 582 882 Ecclesiae
623 825 949 893 Remensis,
998 825 1098 880 ubi
1138 828 1300 880 tanta
1346 841 1480 880 cum
1531 823 1872 895 eloquentia:
1913 823 1965 877 vi

309 920 517 972 contra
547 932 755 988 pravos
787 915 1315 970 ecclesiasticorum
1370 930 1562 969 mores
1605 913 1665 967 in
1723 910 1965 968 concilio

308 1005 583 1061 Remensi
616 1004 967 1060 disseruisse
999 1008 1379 1072 memoratur,
1413 1005 1477 1057 ut
1503 1002 1674 1057 multi
1693 1002 1822 1072 ejus
1840 1017 1966 1056 ver-

305 1095 399 1150 bis
431 1093 721 1166 perterriti
773 1094 1078 1159 beneficia,
1130 1093 1305 1148 etiam
1360 1090 1767 1163 quzelegitime
1817 1090 1964 1144 obti-

309 1188 582 1251 nuerant,
617 1183 913 1238 dimittere
945 1181 1345 1254 cogitaverint.
1402 1182 1481 1234 Ex
1530 1180 1622 1235 his
1672 1196 1733 1235 se
1785 1179 1967 1234 fuisse

309 1273 530 1327 fatetur
587 1271 915 1339 Oldaricus,
970 1271 1068 1343 qui
1130 1271 1317 1326 eidem
1363 1269 1606 1324 concilio
1667 1269 1962 1323 intererat.

308 1361 500 1417 Testis
530 1365 619 1416 est
639 1361 750 1416 Leo
772 1361 1137 1416 Marsicanus
1156 1359 1306 1414 libro
1329 1377 1367 1413 11
1395 1358 1663 1413 Chronici
1687 1358 1960 1412 Casinen-

308 1451 392 1506 sis
423 1467 552 1522 cap.
577 1451 669 1520 88,
705 1450 976 1505 eumdem
1020 1450 1256 1504 beatum
1308 1447 1662 1520 pontificem,
1704 1445 1963 1517 quandiu

309 1540 507 1596 Romae
538 1543 802 1594 moratus
821 1552 930 1603 est,
948 1537 1187 1594 solitum
1205 1536 1383 1592 fuisse
1402 1535 1591 1591 tribus
1610 1534 1819 1590 diebus
1861 1550 1966 1607 per

309 1628 766 1696 hebdomadam,
799 1643 829 1682 e
862 1625 1236 1682 Lateranensi
1260 1623 1503 1680 ecclesia
1529 1639 1713 1695 usque
1739 1624 1809 1679 ad
1833 1640 1962 1678 san-

315 1723 479 1774 ctum
502 1716 985 1787 Petrum,privato
1010 1714 1213 1770 habitu
1239 1731 1303 1768 ac
1326 1714 1500 1768 nudis
1524 1713 1792 1785 pedibus,
1825 1730 1958 1768 cum

309 1807 542 1862 duobus
559 1805 863 1861 auttribus
881 1801 1639 1875 clericis,noctu,psallendo
1653 1803 1960 1871 etorando,

305 1911 570 1968 pergere.
603 1893 919 1950 Historiam
944 1890 1409 1949 sanctimonialis
1441 1892 1772 1962 cujusdam,
1807 1891 1962 1947 beati

308 1984 522 2040 Leonis
552 1983 900 2055 amitaa,quae
926 1983 1092 2053 signo
1125 1981 1315 2036 crucis
1329 1979 1626 2035 diabolum
1643 1979 1960 2051 fugaverat,

303 2073 487 2130 refert
515 2073 723 2128 Petrus
745 2071 1010 2127 Damiani
1048 2071 1104 2125 in
1139 2068 1422 2142 opusculo
1456 2070 1544 2136 47,
1576 2084 1702 2140 cap.
1736 2069 1769 2121 3
1812 2071 1869 2123 et
1907 2069 1960 2133 4,

305 2179 489 2234 quam
518 2179 591 2218 ea:
619 2177 712 2216 ore
759 2161 902 2215 beati
919 2161 1114 2216 Leonis
1141 2161 1208 2214 IX
1230 2172 1392 2230 papa:
1423 2157 1493 2212 ab
1523 2156 1839 2212 Adhelaide
1859 2174 1961 2212 au-

308 2257 488 2324 gusta
514 2250 780 2306 auditam
814 2249 991 2304 fuisse
1021 2252 1290 2303 testatur.
1324 2247 1434 2302 Sed
1467 2248 1538 2302 de
1561 2246 1655 2301 his
1685 2246 1849 2301 satis.

381 2341 432 2395 4.
467 2339 756 2395 Dubitant
786 2336 1051 2393 nonnulli
1083 2353 1156 2390 an
1188 2351 1447 2407 unquam
1472 2335 1677 2390 beatus
1693 2335 1801 2388 Leo
1827 2350 1959 2404 pro-

304 2427 629 2484 fessionem
661 2426 1046 2484 monasticam
1080 2423 1378 2480 emiserit:
1415 2427 1567 2478 certe
1590 2422 1745 2477 hunc
1769 2421 1958 2476 ordini

301 2521 508 2572 nostro
531 2516 1059 2587 ascribuntprazter
1075 2511 1479 2568 Benedictinos
1500 2511 1812 2583 scriptores
1836 2510 1958 2582 ple-

301 2606 471 2676 rique
491 2605 670 2660 etiam
686 2604 861 2659 exteri
891 2630 904 2670 ;
927 2603 985 2658 id
1007 2603 1203 2676 ipsum
1225 2602 1440 2657 diserte
1463 2601 1719 2656 affirmat
1732 2600 1954 2655 Trithe-

301 2695 461 2750 mius
495 2694 554 2748 in
588 2693 875 2748 Chronico
901 2690 1303 2764 Hirsaugiensi
1335 2691 1404 2745 ad
1442 2707 1664 2745 annum
1692 2689 1954 2758 1048,ubi

300 2783 392 2838 sic
423 2783 603 2838 habet
629 2800 640 2837 :
663 2806 689 2831 «
715 2782 908 2836 Bruno
922 2780 1233 2853 episcopus
1251 2777 1621 2844 Tullensis...
1651 2781 1774 2834 erat
1800 2777 1955 2834 filius

296 2871 535 2928 comitis
566 2872 640 2926 de
672 2870 958 2943 Elingem,
990 2875 1048 2924 et
1077 2867 1401 2924 monachus
1433 2867 1655 2923 ordinis
1685 2866 1889 2922 nostri.
1924 2890 1950 2918 ››

296 2960 672 3016 Bollandiani
707 2963 927 3029 tamen,
957 2957 1055 3030 qui
1088 2974 1149 3014 se
1181 2961 1380 3028 optare
1397 2957 1565 3012 aiunt
1594 2955 1653 3010 in
1685 2956 1954 3011 observa-

293 3049 455 3104 tione
488 3048 702 3120 przevia
733 3051 798 3102 ut
831 3051 1029 3102 tantus
1052 3045 1312 3118 pontifex
1341 3045 1494 3101 inter
1524 3045 1746 3100 ordinis
1779 3046 1952 3100 Bene-

2077 468 2384 534 liibuit,vel
2403 485 2550 539 quos
2571 469 2640 522 ad
2655 467 3013 540 episcopales
3036 468 3203 522 sedes
3223 468 3439 537 evexit;
3463 471 3718 543 denique

2077 573 2210 611 cum
2241 561 2392 612 esset
2425 556 2597 612 morti
2631 556 2951 628 proximus,
2981 555 3319 611 Richerium
3343 555 3721 617 Casinensem

2080 647 2352 701 abbatem
2382 645 2776 712 accersivit,ut
2806 646 3046 700 Romam
3074 645 3368 702 redeundo
3389 663 3523 702 eum
3544 647 3722 704 habe-

2077 740 2164 790 ret
2201 734 2427 789 itineris
2459 735 2703 789 socium.
2756 734 2866 789 Sed
2912 733 3050 806 quid
3085 735 3212 805 ejus
3261 735 3344 789 rei
3376 740 3725 808 argumenta

2077 823 2313 879 aliunde
2344 822 2687 894 quaerimus,
2721 839 2854 877 cum
2880 822 3002 894 ipse
3022 822 3230 878 beatus
3259 823 3518 894 pontifex
3546 824 3724 881 morti

2078 912 2382 984 proximus
2415 928 2474 966 se
2507 910 2859 966 monachum
2894 910 3074 966 fuisse
3122 912 3358 968 disertis
3388 912 3581 970 verbis
3636 913 3725 968 di-

2075 1001 2268 1057 xerit?
2299 1000 2532 1066 Ccllam,
2568 1000 2782 1071 inquit,
2806 1017 2971 1071 quam
2997 1001 3295 1056 monachus
3327 1003 3555 1070 incolui,
3587 1006 3722 1060 etc..

2077 1091 2232 1162 apud
2253 1106 2610 1162 anonymum
2637 1089 2694 1143 in
2717 1089 2994 1144 relatione
3010 1092 3136 1160 ejus
3161 1091 3573 1162 mortis,quam
3591 1095 3726 1164 post

2078 1179 2409 1249 ejusVitam
2430 1177 3245 1244 exhibebimus,num.4.Hinc
3261 1181 3476 1235 mirum
3495 1198 3611 1237 non
3635 1185 3725 1237 est

2079 1267 2128 1322 si
2160 1267 2404 1340 injurias
2438 1267 2742 1322 monachis
2773 1267 3057 1339 irrogatas
3090 1267 3199 1323 sibi
3222 1269 3332 1340 ipsi
3365 1270 3546 1325 factas
3567 1270 3722 1326 dice-

2079 1363 2180 1424 ret,
2217 1362 2280 1411 ut
2308 1357 2432 1426 ipse
2466 1357 2544 1412 ait
2574 1357 2632 1410 in
2666 1355 2911 1428 epistola
2929 1358 2998 1411 ad
3023 1358 3386 1430 Stephanum
3414 1360 3723 1416 dominum

2075 1446 2506 1512 Castelli-Novi,
2542 1463 2717 1518 quam
2751 1462 2883 1500 cum
2917 1446 3108 1501 adhuc
3151 1452 3308 1503 esset
3355 1446 3725 1504 Tullensium

2072 1536 2384 1608 episcopus
2419 1535 2674 1606 scripsit.
2707 1536 2966 1591 Habetur
2996 1537 3150 1607 apud
3183 1536 3503 1593 Perardum
3533 1536 3595 1593 in
3615 1536 3727 1594 col-

2073 1624 2318 1680 lectione
2331 1624 2600 1679 chartaru
2613 1641 2668 1679 m
2683 1624 3187 1696 Burgundicarum
3211 1644 3224 1693 ;
3256 1630 3313 1680 at
3328 1626 3387 1680 in
3405 1625 3610 1683 charta
3621 1643 3726 1699 pro

2070 1713 2217 1770 odia
2249 1713 3052 1782 Bertiniacae-curtisibidem,
3076 1714 3158 1770 sic
3185 1714 3482 1786 loquitur:
3519 1740 3546 1768 ‹‹
3580 1717 3726 1774 Cum

2073 1803 2332 1874 primum
2361 1802 2557 1857 divina
2588 1801 2906 1858 clementia
2929 1819 3022 1857 me
3056 1803 3126 1857 ad
3148 1805 3527 1874 pontificatus
3549 1806 3728 1863 hono-

2074 1909 2193 1947 rem
2218 1891 2498 1963 provexit,
2516 1908 2649 1945 mox
2676 1890 2948 1946 anhelare
2970 1891 3113 1962 ccepi
3135 1892 3204 1946 ad
3236 1895 3724 1951 restaurationem

2072 1998 2212 2036 meae
2239 1980 2533 2048 Ecclesia},
2578 1996 2644 2035 ac
2668 1979 2978 2034 monastici
3010 1979 3232 2036 ordinis
3251 1981 3724 2053 religionem,aut

2075 2069 2171 2124 ubi
2198 2073 2340 2136 erat,
2373 2073 2776 2140 augmentare,
2808 2071 2909 2124 aut
2940 2068 3039 2124 ubi
3071 2069 3342 2142 perierat,
3389 2087 3493 2142 pro
3548 2086 3721 2144 posse

2071 2175 2200 2214 meo
2231 2175 2591 2230 recuperare.
2609 2182 2636 2206 ))

2139 2249 2192 2302 5.
2225 2246 2351 2302 Jam
2381 2264 2514 2303 vero
2551 2247 2597 2302 si
2631 2247 2699 2302 de
2751 2247 3051 2303 beneficiis
3104 2247 3320 2319 quibus
3365 2250 3722 2308 monasteria

2073 2338 2271 2390 nostra
2301 2336 2507 2391 beatus
2538 2336 2797 2407 pontifex
2827 2335 3171 2404 cumulavit,
3201 2336 3364 2410 loqui
3399 2337 3598 2408 libeat,
3628 2339 3722 2396 in-

2071 2441 2316 2480 numera
2328 2426 2749 2496 propemodum
2775 2426 3030 2482 fuerunt.
3053 2425 3356 2483 Casinensi
3374 2428 3570 2485 abbati
3584 2446 3720 2486 san-

2069 2513 2379 2579 daliorum,
2415 2514 2738 2570 dalmaticae
2753 2518 2809 2570 et
2829 2515 3297 2572 chirothecarum
3312 2534 3486 2574 usum
3500 2518 3721 2590 permi-

2070 2602 2594 2672 sit;monasterium
2613 2605 2984 2660 Saxonanum
3003 2605 3157 2660 intra
3175 2606 3498 2661 Romanam
3512 2606 3718 2662 urbem

2068 2693 2292 2747 eisdem
2324 2691 2743 2748 Casinensibus
2775 2692 3255 2765 subjecit,eisque
3302 2694 3720 2751 Terracinense

2069 2780 2489 2836 monasterium
2541 2782 2907 2836 confirmavit
2973 2798 3039 2836 ac
3091 2798 3297 2837 navem
3347 2782 3407 2837 in
3456 2783 3716 2839 Romano

2064 2875 2236 2941 portu
2270 2869 2512 2925 liberam
2535 2870 2823 2926 concessit
2853 2874 3028 2942 atque
3058 2869 3171 2926 alia
3202 2871 3393 2927 multa
3414 2871 3470 2926 in
3511 2889 3716 2929 eorum

2065 2957 2311 3030 gratiam
2346 2959 2636 3030 praestitit,
2668 2976 2794 3030 quae
2827 2960 2982 3031 apud
3019 2960 3270 3016 Leonem
3321 2961 3716 3020 Marsicanum

2064 3045 2210 3101 libro
2243 3047 2496 3102 secundo
2529 3047 3240 3104 referuntur.Sublacense
3264 3052 3714 3125 monasterium,

298 3138 501 3192 dictini
535 3136 809 3192 alumnos
843 3133 1130 3190 recenseri
1165 3134 1371 3206 possit,
1399 3138 1601 3205 postea
1626 3133 1685 3188 in
1716 3133 1864 3190 notis
1884 3134 1954 3188 ad
1987 3119 2030 3186 C
2071 3136 2141 3190 ab
2175 3135 2437 3190 invasere
2470 3136 2584 3190 fere
2611 3137 2996 3206 destructum,
3029 3137 3087 3192 in
3122 3137 3437 3208 pristinum
3494 3119 3714 3196 statum

298 3228 536 3297 caput5
563 3225 706 3280 Vitze
740 3242 842 3296 per
869 3224 1204 3280 Wibertum
1239 3224 1485 3295 scriptae,
1537 3224 1740 3277 dicunt
1778 3222 1957 3278 videri

303 3313 424 3368 sibi
457 3331 529 3368 ex
553 3312 797 3369 Wiberti
831 3312 1021 3368 verbis
1055 3310 1249 3383 colligi
1291 3311 1458 3366 facile
1505 3327 1676 3382 posse
1709 3312 1958 3367 Leonem

316 3401 711 3458 Benedictinis
753 3417 1126 3474 nequaquam
1141 3417 1268 3456 esse
1287 3400 1859 3467 ascribendum,cum
1875 3401 1960 3456 sic

314 3491 626 3561 loquatur:
652 3514 678 3541 «
730 3490 906 3546 Porro
937 3489 1242 3561 sequentia
1271 3488 1476 3544 lecturi
1525 3489 1792 3544 desinent
1823 3506 1956 3561 pro-

316 3579 465 3636 fecto
497 3580 696 3635 mirari
729 3579 887 3635 hunc
919 3579 1113 3652 potius
1147 3595 1247 3649 per
1277 3583 1542 3633 sanctum
1583 3579 1959 3633 Benedictum

310 3686 488 3741 quam
523 3685 628 3742 per
659 3669 840 3725 alium
873 3667 1194 3739 quemlibet
1217 3667 1858 3739 sanctorum,sospitate
1881 3684 1964 3723 re-

308 3759 622 3827 stitutum,
655 3758 756 3814 ubi
779 3757 1041 3813 volvente
1091 3756 1381 3812 sermonis
1431 3760 1560 3811 rota
1605 3757 1964 3828 perpendere

306 3851 593 3920 poterunt
622 3864 691 3902 ex
719 3845 922 3919 paucis
942 3849 1162 3916 quanto
1194 3843 1314 3899 zelo
1340 3843 1417 3916 pii
1441 3845 1658 3900 amoris
1679 3861 1817 3917 erga
1837 3861 1964 3900 mo-

310 3936 640 3992 nachorum
673 3935 1104 3990 institutionem
1140 3937 1198 3988 et
1226 3934 1643 3990 correctionem
1689 3933 1965 4006 ﬂagrave-

309 4026 406 4081 rit.
446 4048 474 4074 ››
507 4025 727 4081 Verum
759 4023 881 4079 haec
906 4024 1086 4080 verba
1115 4022 1267 4079 beati
1299 4022 1405 4078 viri
1455 4024 1792 4078 monasticae
1833 4040 1964 4095 pro-

311 4114 558 4171 fessioni
576 4131 687 4170 non
703 4114 1107 4178 adversantur,
1132 4130 1258 4185 quae
1281 4111 1499 4183 optime
1517 4129 1652 4168 cum
1666 4112 1762 4168 illo
1782 4111 1967 4169 sancti

313 4197 615 4275 pontificis
633 4203 689 4258 in
715 4220 839 4258 rem
863 4202 1249 4258 monasticam
1275 4201 1470 4256 studio
1497 4201 1968 4258 coaluerit.Certe

312 4298 657 4348 nostrorum
689 4309 879 4348 causa:
912 4291 1106 4347 favent
1135 4289 1412 4362 pleraque
1443 4289 1632 4346 sancti
1678 4290 1971 4362 pontiﬁcis

312 4386 502 4452 gesta.
536 4381 764 4437 Etenim
793 4380 886 4436 vix
915 4383 1075 4436 extra
1104 4381 1301 4434 nostra
1333 4379 1683 4435 monasteria
1712 4379 1771 4435 in
1803 4380 1969 4437 itine-

2071 3225 2342 3280 restituit.
2364 3225 2425 3278 ln
2441 3222 2626 3279 Gallia
2639 3224 3025 3296 Corbeiensis,
3050 3227 3376 3299 Remigiani
3409 3228 3714 3286 Remensis

2068 3313 2486 3377 Cluniacensis,
2529 3313 2715 3368 sancti
2775 3314 3001 3369 Arnulfi
3063 3316 3359 3384 Metensis,
3407 3318 3562 3373 Casae
3610 3317 3715 3374 Dei

2069 3404 2441 3474 aliorumque
2474 3404 2921 3459 monasteriorm
2953 3405 3366 3477 praerogativae
3396 3407 3710 3465 confirma-

2069 3494 2151 3551 vit
2181 3498 2238 3549 et
2267 3509 2467 3548 eorum
2501 3493 2900 3563 possessiones
2921 3495 3190 3550 asseruit.
3221 3495 3573 3554 Monasteria
3589 3516 3708 3556 sua;

2069 3584 2407 3648 dimceseos,
2440 3582 2715 3636 advocato
2746 3583 2914 3638 beato
2960 3583 3255 3640 Willelmo
3306 3587 3516 3643 abbate
3571 3593 3710 3646 tunc

2072 3670 2384 3737 celebri,ad
2403 3670 2611 3741 regulae
2630 3670 3019 3726 Benedictinae
3033 3673 3255 3743 praxim
3269 3678 3604 3730 accuratam
3617 3693 3716 3732 re-

2072 3759 2315 3815 vocavit.
2331 3757 2603 3813 Nullaest
2625 3759 2804 3813 ferme
2824 3759 2881 3813 in
2902 3761 3039 3814 orbe
3066 3761 3394 3816 Christiano
3417 3763 3718 3833 provincia

2073 3849 2134 3904 in
2170 3865 2286 3920 qua
2316 3847 2620 3902 ecclesiam
2654 3847 3167 3919 aliquamordinis
3190 3849 3373 3906 nostri
3405 3868 3520 3906 non
3552 3851 3721 3908 dedi-

2075 3937 2290 3992 caverit
2320 3939 2376 3990 et
2405 3934 2722 4007 privilegiis
2755 3936 3055 3992 munierit.
3075 3937 3138 3992 In
3164 3937 3567 4012 Hirsaugiensi
3592 3957 3719 3998 mo-

2077 4024 2352 4094 nasterio,
2398 4024 2552 4096 quod
2598 4025 2669 4080 ab
2700 4024 2870 4080 annis
2920 4026 3310 4099 quadraginta
3339 4033 3396 4084 et
3439 4032 3566 4087 octo
3615 4031 3714 4087 de-

2076 4119 2367 4170 structum
2396 4113 2602 4180 fuerat,
2636 4114 2747 4169 sub
2787 4114 3178 4171 anathematis
3222 4117 3446 4188 judicio
3506 4137 3720 4178 mona-

2077 4204 2219 4258 chos
2234 4201 2459 4257 restitui
2475 4202 2804 4274 imperavit,
2825 4209 2890 4260 ut
2903 4205 3094 4261 fusius
3112 4208 3346 4278 exponit
3360 4208 3723 4267 Trithemius

2078 4291 2137 4345 in
2170 4291 2435 4363 ejusdem
2468 4291 2578 4346 loci
2627 4291 2932 4348 Chronico.
2980 4294 3060 4349 De
3115 4296 3318 4351 eadem
3377 4313 3438 4353 re
3496 4299 3734 4372 scripsit

2082 4380 2565 4452 chronographus
2599 4381 3143 4455 Magdeburgensis,
3186 4401 3360 4456 quem
3389 4401 3568 4458 penes
3626 4404 3733 4443 nos

316 4470 647 4559 ribus,quaa
681 4486 821 4526 sane
853 4470 924 4525 ab
957 4485 1023 4559 eo
1055 4469 1389 4559 frequenter
1421 4469 1573 4524 facta
1597 4469 1972 4559 fuerunt,ho-
2003 4495 2050 4559 D
2083 4470 2511 4535 ms.habemus,
2547 4471 2616 4525 ad
2651 4488 2872 4526 annum
2907 4473 3065 4541 4058,
3089 4472 3187 4528 ubi
3220 4472 3418 4543 etiam,
3444 4475 3598 4530 inter
3621 4474 3738 4532 alia

315 4558 658 4630 spitabatur
685 4577 697 4627 ;
731 4563 940 4614 etcum
963 4558 1020 4612 in
1041 4557 1410 4612 monasteriis
1426 4558 1786 4623 versabatur,
1797 4560 1973 4630 potis-

314 4647 541 4703 simum
575 4648 632 4702 in
662 4646 992 4720 praecipuis,
1013 4645 1267 4718 capitulo
1300 4645 1577 4702 intererat
1598 4650 1653 4702 et
1683 4648 1984 4707 refectorio

329 4753 471 4790 cum
503 4737 728 4792 caeteris
761 4735 1184 4792 monachis.Sic
1218 4735 1413 4791 Remis
1447 4741 1676 4806 peracta
1729 4738 1986 4796 basilicae

322 4824 836 4881 archimonasterii
870 4823 1194 4896 Remigiani
1246 4823 1631 4894 dedicatione,
1684 4843 1749 4881 ac
1796 4827 1985 4885 soluto

322 4912 603 4980 concilio,
632 4916 692 4969 in
720 4914 1026 4986 capitulum
1058 4915 1202 4968 venit
1218 4916 1380 4983 atque
1404 4930 1436 4967 α
1463 4914 1737 4984 fratribus
1758 4919 1982 4973 societa-

325 5011 439 5056 lcm
466 5005 629 5073 petiit
664 5009 713 5058 ct
742 5005 973 5075 accepit.
997 5004 1054 5057 In
1079 5007 1273 5058 monte
1297 5002 1503 5058 Casino
1536 5020 1665 5058 cum
1691 5005 1815 5061 dies
1837 5012 1992 5063 esset

321 5091 880 5155 Sabbati,mandato
897 5092 1140 5146 fratrum
1154 5091 1222 5146 ad
1236 5090 1334 5145 fuit
1348 5092 1582 5163 ,pedesq
1595 5109 1662 5147 ue
1677 5094 1982 5151 duodecim

325 5179 642 5236 monachis
669 5180 832 5249 lavit,
857 5199 889 5236 a
909 5181 1125 5253 quibus
1153 5179 1413 5236 vicissim
1445 5183 1502 5235 et
1533 5181 1660 5252 ipse
1691 5182 1848 5239 lotus
1875 5190 1982 5241 est:

319 5271 534 5339 postea
558 5268 620 5323 in
641 5269 858 5324 refecto
868 5269 1020 5324 rium
1037 5284 1268 5340 quoque
1281 5267 1591 5340 ingressus
1609 5287 1986 5330 communem

315 5371 463 5412 cum
497 5354 630 5412 aliis
667 5359 1044 5414 refectionem
1078 5357 1323 5428 accepit,
1357 5363 1422 5412 ut
1452 5362 1652 5414 narrat
1682 5358 1790 5416 Leo
1811 5361 1990 5418 Chro-

330 5443 452 5500 nici
485 5445 825 5503 Casinensis
856 5446 1311 5518 libron,cap.85.
1331 5443 1549 5503 Omitto
1567 5449 1790 5505 ordinis
1807 5453 1991 5507 nostri

335 5533 693 5605 monachos,
728 5552 875 5610 quos
900 5554 930 5593 e
953 5534 1325 5593 monasteriis
1348 5535 1588 5595 eductos
1609 5536 1667 5594 in
1686 5536 1994 5614 legationi-

2084 4558 2290 4614 Leonis
2320 4563 2798 4630 gesta.memorat
2827 4559 3207 4616 elevationem
3231 4578 3261 4615 e
3283 4562 3512 4619 tumulo
3534 4579 3738 4636 corpo-

2097 4648 2178 4704 ris
2210 4653 2422 4704 sanctce
2457 4648 2762 4704 Richardis
2796 4648 3182 4720 imperatricis
3205 4650 3264 4706 in
3285 4651 3545 4710 ccenobio
3565 4652 3742 4727 virgi-
3805 4669 3808 4672 ’

2096 4755 2237 4792 num
2273 4737 2426 4809 apud
2451 4737 2781 4792 Andelaum
2805 4737 2864 4792 in
2883 4737 3290 4810 Alsatia,quod
3313 4741 3443 4815 ipsa
3464 4742 3738 4801 fundave-

2099 4831 2207 4882 rat.
2243 4827 2397 4881 ldem
2432 4825 2687 4897 pontifex
2716 4827 3052 4883 Eduardum
3084 4845 3279 4903 regem
3329 4830 3654 4906 Anglorum
3708 4849 3744 4889 a

2100 4919 2226 4970 voto
2259 4915 2503 4969 Romam
2536 4915 2768 4985 petendi
2793 4915 3065 4987 absolvit,
3088 4919 3259 4976 modo
3283 4922 3744 4996 pecunias,quas

2099 5003 2386 5058 initinere
2417 5002 2806 5075 expendisset,
2840 5006 3127 5063 conferret
3185 5010 3255 5064 ad
3317 5011 3740 5067 monasterium

2093 5094 2347 5164 aliquod,
2370 5094 2458 5147 vel
2483 5094 2550 5148 de
2574 5111 2719 5150 novo
2745 5096 3235 5166 excitandum,vel
3264 5099 3737 5156 restaurandum.

2098 5182 2260 5237 lllius
2287 5197 2353 5238 ea
2385 5181 2454 5236 de
2486 5197 2546 5236 re
2578 5183 2827 5253 epistola
2873 5189 3062 5241 exstat
3117 5187 3269 5257 apud
3319 5188 3741 5258 Spelmannum

2099 5275 2257 5326 tomo
2292 5273 2311 5324 l
2342 5269 2731 5326 Coneiliorum
2763 5273 3002 5346 Angliaa,
3035 5274 3256 5345 etapud
3275 5275 3743 5332 Labheumtomo

2103 5360 2173 5415 ΙΧ
2198 5358 2589 5415 Conci‘liorum
2623 5363 3004 5432 generalium.

2175 5450 2227 5502 (3.
2263 5447 2418 5502 Nihil
2451 5466 2582 5504 vero
2616 5449 2831 5505 mirum
2860 5457 2947 5506 est
2974 5450 3024 5505 si
3058 5453 3217 5506 tanta
3247 5451 3748 5529 lueritbeatipon-

2131 5537 2280 5595 ificis
2310 5537 2370 5594 in
2397 5537 2662 5599 ordinem
2679 5543 2942 5597 nostrum
2966 5539 3451 5614 propensio,cum
3465 5560 3592 5600 eam
3610 5547 3746 5618 jure
