4102 6174
337 292 484 395 aea

1637 335 1648 343 ‘
1738 326 1803 385 S.
1851 323 2000 386 LEO
2042 321 2124 388 IX
2169 324 2400 385 PAPA.

3647 318 3765 381 464

369 463 539 539 quasi
567 445 932 521 haereditario
964 477 996 516 a
1027 459 1366 534 parentibus
1425 459 1549 514 suis
1609 457 1912 529 acceperit.
1966 456 2006 511 li
2037 459 2092 526 Α
2123 458 2282 513 Idcm
2315 455 2687 523 auctor,libro
2721 474 2796 524 1v,
2830 473 2956 529 cap.
2989 453 3305 528 21,0misso
3336 430 3607 510 Lutrensi
3641 469 3763 510 mo-

370 556 526 612 enim
559 571 674 610 nou
724 552 914 610 solum
968 567 1096 618 sua,
1157 550 1258 605 sed
1313 554 1369 604 et
1420 548 1579 619 ipsos
1638 548 1748 603 sub
1806 547 2010 602 habitu

372 642 695 702 monastico
725 640 1059 698 servicndos
1089 639 1203 694 Deo
1235 653 1661 693 consecravere.
1690 641 2014 707 Utrumque

370 716 605 790 disertis
630 731 819 787 verbis
839 730 1014 784 habet
1033 727 1487 797 Wibertus,cap.
1515 724 1703 791 t,licet
1719 725 1934 795 quibus
1955 723 2011 778 id

371 823 431 879 in
462 822 606 878 locis
637 821 855 876 factum
887 817 1063 872 fuerit
1095 832 1208 870 non
1238 813 1684 886 expresserit.At
1715 813 1774 868 in
1825 813 2011 868 Altor-

373 910 542 968 ﬁensi
568 907 848 974 coenobio,
884 905 1038 977 quod
1058 921 1092 960 a
1123 903 1273 959 beati
1293 903 1501 958 Leonis
1523 903 1864 973 parentibus
1878 918 2014 957 con-

375 1001 565 1057 ditum
612 997 792 1053 fuisse
832 995 986 1050 idem
1043 996 1246 1050 auctor
1274 992 1550 1057 affirmat,
1598 990 1807 1046 visitur
1853 995 2017 1046 vetus

347 1086 698 1145 oratorium
741 1085 906 1140 beato
939 1081 1212 1154 Gregorio
1263 1098 1520 1148 sacrum,
1577 1080 1634 1134 in
1687 1095 1800 1150 quo
1839 1080 2017 1134 iidem

377 1179 645 1250 parentes
675 1171 830 1229 beati
858 1171 1173 1244 pontificis,
1230 1169 1341 1225 loci
1389 1168 1608 1225 scilicet
1656 1169 2015 1235 fundatores,

377 1263 593 1338 sepulti
624 1266 1066 1328 memorantur;
1100 1259 1160 1313 in
1217 1257 1552 1330 Nccrologio
1608 1262 1803 1313 autem
1863 1258 2019 1329 quod

377 1353 596 1409 ibidem
623 1350 880 1406 vidimus
911 1349 1030 1404 haec
1060 1348 1348 1404 habentur
1401 1347 1493 1401 die
1549 1347 1581 1400 4
1627 1346 2017 1418 Septembris:

379 1467 406 1491 ‹‹
432 1441 535 1497 Ob.
569 1438 980 1495 Heberhardus
1001 1436 1322 1506 comes,qui
1356 1435 1752 1505 requiescitin
1786 1452 2018 1490 summo

379 1530 594 1598 choro;
627 1527 791 1592 item,
823 1525 1063 1582 domina
1091 1524 1303 1580 Bertha
1335 1523 1636 1579 comitissa
1667 1525 1796 1594 ejus
1855 1541 2020 1591 uxor,

380 1617 539 1684 item,
575 1615 738 1687 llugo
770 1629 966 1668 comes
997 1616 1054 1669 et
1083 1612 1405 1668 monachus
1436 1611 1614 1682 hujus
1644 1611 1777 1680 loci,
1800 1612 1899 1684 qui
1935 1630 2022 1668 re-

382 1704 632 1778 quiescit
681 1709 816 1760 ante
874 1702 1056 1758 altare
1107 1701 1292 1758 sancti
1354 1701 1615 1773 Gregorii
1645 1700 1702 1755 in
1761 1700 2020 1772 capella;

382 1794 542 1860 item,
567 1793 732 1864 Hugo
774 1807 968 1846 comes
997 1790 1174 1844 frater
1206 1788 1462 1860 praedicti
1491 1789 1771 1861 llugonis,
1804 1789 1904 1860 qui
1936 1806 2026 1846 re-

383 1880 632 1954 quiescit
660 1880 720 1934 in
752 1878 861 1934 hoc
893 1878 1268 1934 monasterio.
1305 1877 1369 1932 Ili
1405 1879 1639 1933 fuerunt
1687 1879 2025 1935 fundatores

382 1969 745 2027 monasterii.
766 1990 794 2019 ››
825 1968 1052 2023 Habent
1079 1967 1344 2038 ejusdem
1367 1966 1475 2021 loci
1505 1966 1776 2022 monachi
1803 1967 2024 2022 bullam

384 2061 554 2132 cujus
583 2057 988 2130 apographum
1026 2055 1302 2122 vidimus,
1362 2073 1479 2128 qua
1511 2056 1714 2110 beatus
1770 2057 2027 2128 pontifex

386 2148 584 2205 omnia
613 2148 766 2202 bona
798 2162 832 2199 a
863 2144 988 2200 suis
1021 2144 1366 2216 parentibus
1424 2143 1614 2198 eidem
1674 2145 2026 2201 monasterio

386 2235 595 2294 collata
626 2235 936 2290 confirmat
964 2249 1034 2287 ea
1063 2231 1188 2304 lege
1221 2238 1282 2287 ut
1315 2233 1424 2287 sub
1452 2233 1654 2304 regula
1711 2235 1865 2288 beati
1924 2235 2025 2290 Be-

386 2324 601 2380 nedicti
633 2324 1046 2394 perseveraret.
1079 2322 1156 2376 De
1202 2319 1438 2376 Helvide
1495 2338 1626 2376 vero
1658 2324 1784 2392 ejus
1843 2327 2027 2378 matre

387 2412 591 2468 scribit
617 2411 872 2466 Joannes
900 2410 970 2464 de
998 2409 1190 2481 Bayon
1223 2408 1280 2462 in
1331 2409 1585 2465 Historia
1632 2410 2027 2467 Medianensis

389 2498 728 2563 monasterii
760 2498 937 2569 quod,
971 2514 1104 2552 cum
1139 2497 1355 2552 bellum
1391 2498 1543 2553 inter
1571 2499 1882 2554 Henricum
1907 2502 2027 2556 Cae-

387 2605 580 2646 sarem
609 2592 665 2644 et
693 2586 1118 2643 Theodoricum
1149 2587 1467 2642 Metensem
1499 2587 1838 2659 episcopum
1866 2606 2029 2644 exar-

387 2675 711 2746 sisset,illa,
744 2675 992 2730 ﬁrmatis
1025 2675 1232 2730 castris
1264 2693 1390 2747 quae
1422 2677 1493 2732 ad
1516 2693 1642 2731 eam
1664 2677 2032 2748 pertinebant

382 2765 691 2825 secesserit
735 2765 793 2818 iu
835 2764 1258 2820 monasterium
1310 2765 1705 2836 Medianense,
1761 2767 1858 2821 ubi
1917 2766 2031 2838 piis

385 2854 664 2928 operibus
694 2869 929 2920 vacans,
961 2869 1203 2924 corpora
1234 2859 1569 2909 sanctorum
1627 2855 1828 2910 Lazari
1879 2854 2032 2928 regis

388 2946 597 3020 etAzae
624 2943 752 3013 ejus
786 2941 939 3009 filiis,
972 2958 1099 3014 quae
1139 2946 1273 2998 ante
1327 2961 1508 2999 annos
1581 2945 1925 3016 monaginta
1977 2949 2034 3000 et

390 3033 652 3106 quinque
671 3031 731 3087 in
762 3029 1015 3086 maceria
1043 3030 1296 3086 basilicae
1330 3032 1515 3087 sancti
1549 3033 1702 3088 Petri
1759 3033 1822 3089 ob
1881 3039 2031 3088 Pan-

387 3123 644 3179 nonicam
679 3128 888 3192 gentem
921 3120 1126 3176 Gallias
1158 3122 1472 3192 pulsantem
1521 3122 1863 3178 abscondita
1911 3121 2032 3178 fue-

2123 547 2399 612 nasterio,
2414 547 2523 601 tria
2537 546 2649 601 alia
2662 564 2695 601 a
2722 545 2874 601 beati
2897 545 3105 601 Leonis
3127 561 3288 617 papa
3307 546 3469 616 patre
3485 541 3768 598 aediﬁcata

2124 642 2182 691 et
2212 637 2409 691 dotata
2436 636 2617 691 fuisse
2647 634 2868 690 scribit.
2901 637 2972 690 Et
3004 635 3243 706 quidem
3303 634 3584 688 Lutrense
3639 649 3767 688 mo-

2124 724 2447 780 nasterium
2480 728 2611 778 ante
2644 741 2830 778 annos
2863 723 2977 778 fere
3022 723 3478 795 quadringentos
3510 738 3545 776 a
3602 722 3769 777 beato

2121 812 2350 868 Deicolo
2367 816 2768 867 constructum
2791 811 3217 879 fuerat,saeculo
3234 812 3486 883 septimo
3509 811 3765 867 ineunte.

2125 907 2200 956 At
2231 899 2382 956 beati
2413 900 2707 972 pontificis
2739 905 3006 972 parentes
3030 904 3086 956 et
3109 901 3237 970 ejus
3267 899 3379 967 avi,
3414 907 3478 954 ut
3508 900 3772 971 loquitur

2126 989 2451 1056 Wibertus,
2487 990 2559 1044 ad
2597 989 2792 1061 ipsum
2825 989 3276 1044 restaurandum
3309 987 3575 1044 nonnihil
3633 1005 3770 1045 con-

2128 1078 2276 1133 ferre
2302 1081 2636 1150 potuerunt,
2670 1076 2896 1132 decimo
2927 1076 3144 1133 saeculo
3177 1076 3428 1143 labente,
3461 1093 3574 1149 quo
3622 1082 3772 1134 tem-

2129 1184 2286 1238 pore,
2320 1170 2384 1220 ut
2413 1167 2588 1221 refert
2617 1171 2822 1221 auctor
2853 1167 3288 1237 Vitae,ejusdem
3321 1166 3506 1221 sancti
3529 1166 3768 1236 Deicoli,

2130 1257 2408 1310 Lutrense
2420 1255 2933 1326 coenobium,quod
2953 1255 3320 1312 devastatum
3337 1256 3773 1322 fuerat,restau-

2130 1349 2326 1399 ratum
2373 1348 2461 1398 est
2491 1344 2562 1398 ab
2619 1344 2860 1416 Hugone
2911 1343 3140 1410 comite,
3204 1351 3403 1414 postea
3464 1345 3772 1412 monacho,

2131 1437 2190 1487 et
2219 1432 2347 1503 ejus
2378 1431 2532 1486 ﬁliis.
2567 1431 2642 1484 Ea
2670 1431 2741 1487 de
2768 1447 2827 1486 re
2877 1430 3105 1486 Ottonis
3168 1430 3362 1511 Magni
3420 1438 3773 1504 praeceptum

2132 1526 2320 1576 exstat
2353 1521 2411 1574 in
2471 1521 2721 1574 favorem
2747 1518 3103 1587 Baldramni,
3164 1519 3267 1591 qui
3320 1520 3537 1576 ibidem
3596 1522 3776 1578 abbas

2133 1610 2436 1665 institutus
2460 1610 2585 1663 fuit.
2608 1609 2888 1664 Subsistit
2908 1608 3194 1680 hodieque
3216 1610 3636 1666 monasterium
3663 1612 3777 1666 Lu-

2139 1705 2353 1768 trense,
2387 1697 2559 1770 vulgo
2593 1703 2734 1754 Lare
2760 1698 3010 1769 dictum,
3043 1697 3102 1752 in
3161 1699 3396 1755 dioecesi
3447 1700 3774 1770 Bisuntina,

2136 1789 2290 1860 quod
2316 1788 2551 1843 unicum
2571 1804 2704 1842 cum
2729 1787 3098 1842 Murbacensi
3130 1789 3484 1844 monasterio
3506 1789 3778 1847 abbatem

2136 1877 2331 1943 habet,
2361 1877 2442 1931 ita
2484 1880 2672 1930 tamen
2708 1880 2771 1930 ut
2801 1874 2896 1930 ille
2925 1876 3108 1930 abbas
3138 1875 3195 1930 in
3243 1877 3494 1933 comitiis
3544 1877 3781 1951 imperii

2136 1966 2289 2020 inter
2319 1965 2614 2036 principes
2646 1964 2877 2020 duobus
2909 1963 3204 2038 suffragiis
3229 1965 3617 2036 gaudeat;sed
3633 1984 3781 2038 pace

2138 2054 2290 2108 inter
2321 2054 2634 2124 imperium
2663 2056 2719 2106 et
2748 2051 2998 2108 Galliam
3049 2069 3201 2108 anno
3238 2053 3372 2110 1697
3412 2056 3656 2124 sancita,
3710 2073 3783 2115 ea

2137 2142 2335 2197 omnia
2365 2160 2490 2214 quae
2523 2143 2666 2197 citra
2699 2141 2966 2197 Rhenum
3000 2141 3113 2198 sita
3142 2149 3279 2197 sunt
3319 2143 3391 2198 ad
3423 2143 3779 2202 Francorum

2138 2231 2448 2303 imperium
2482 2229 2769 2302 pertinere
2799 2230 3032 2296 debent,
3062 2247 3128 2286 ac
3157 2231 3242 2286 sic
3274 2237 3589 2304 utrumque
3634 2234 3780 2290 illud

2138 2323 2562 2376 monasterium
2597 2319 2765 2374 hodie
2796 2320 2906 2375 sub
2937 2319 3156 2375 Gallica
3206 2320 3427 2376 ditione
3459 2322 3637 2379 situm
3669 2327 3778 2380 est.

2139 2410 2311 2466 Hissa
2358 2409 2533 2464 etiam
2568 2426 2720 2463 nunc
2754 2409 3012 2480 priscum
3047 2425 3259 2464 nomen
3318 2410 3550 2478 retinet,
3606 2412 3781 2484 vulgo

2138 2501 2317 2561 Hasse,
2352 2515 2466 2553 una
2492 2497 2721 2553 circiter
2750 2497 2917 2554 leuca
2946 2498 3172 2554 distans
3223 2516 3256 2554 a
3286 2499 3581 2572 Sarburgo
3627 2503 3782 2569 (Sar-

2141 2587 2356 2658 bourg),
2392 2586 2782 2658 Lotharingia:
2809 2587 3020 2659 oppido
3043 2587 3114 2642 ad
3133 2588 3358 2644 radices
3384 2589 3597 2662 Vosagi
3619 2607 3786 2647 mon-

2139 2679 2235 2732 tis.
2273 2677 2370 2730 llic
2408 2676 2566 2729 locus
2599 2676 2655 2729 in
2688 2674 3032 2746 prioratum,
3059 2676 3144 2732 uti
3176 2681 3404 2748 vocant,
3454 2677 3784 2750 simplicem

2142 2767 2411 2821 redactus
2468 2765 2713 2818 abbatiae
2761 2763 3064 2819 Altaasilvze
3124 2766 3498 2838 (Hautesez'lle)
3560 2769 3784 2826 ordinis

2141 2852 2542 2910 Cisterciensis
2576 2854 2775 2908 uuitus
2833 2858 2940 2909 est.
2994 2853 3321 2910 Altorfcnse
3377 2857 3594 2928 (Alteri)
3651 2875 3787 2915 mo-

2142 2942 2488 3008 nasterium,
2519 2942 2672 3012 quod
2704 2942 2897 2996 b‘ancti
2927 2942 3147 3014 Cyriaci
3177 2943 3434 3016 appellat
3462 2945 3785 3018 Wibertus,

2143 3032 2431 3102 hodieque
2478 3030 2752 3086 subsistit
2809 3031 2996 3086 ordini
3043 3032 3416 3088 Benedictino
3460 3034 3784 3108 addictum,

2144 3121 2301 3175 haud
2337 3118 2536 3192 procul
2568 3137 2602 3175 a
2631 3119 2972 3175 Molshemio
2986 3119 3219 3176 Alsatiae
3246 3122 3388 3178 urbe
3410 3139 3526 3178 non
3541 3123 3786 3196 ignobili

390 3215 544 3280 rant,
576 3210 809 3268 detexit.
838 3209 1012 3266 Plura
1039 3209 1194 3265 idem
1225 3216 1426 3266 auctor
1479 3211 1654 3266 habet
1702 3211 1772 3266 de
1830 3215 2029 3266 sancto
2062 3194 2105 3262 C
2144 3210 2348 3265 situm.
2381 3209 2458 3264 De
2490 3225 2556 3264 eo
2587 3207 2896 3264 Bucelinus
2929 3209 2989 3263 in
3037 3209 3347 3265 Germania
3402 3194 3588 3267 sacra.
3649 3211 3790 3268 Wo-

391 3302 600 3372 Leone,
632 3317 759 3371 quae
792 3299 918 3355 suis
940 3299 1081 3355 locis
1103 3315 1206 3370 pro
1221 3300 1654 3371 Opportunitate
1676 3316 2030 3356 commemo-

389 3389 671 3443 rabimus.
704 3387 844 3458 Ejus
874 3404 1006 3442 vero
1051 3388 1352 3458 scriptoris
1414 3389 1706 3453 notitiam,
1767 3404 2030 3444 reveren-

387 3475 633 3531 dissimo
665 3475 818 3530 Patri
849 3476 1062 3530 domno
1109 3475 1433 3547 Hyacinthe
1491 3476 1668 3532 Alliot
1696 3477 2031 3532 Medianen-

385 3564 468 3621 sis
501 3564 839 3620 monasterii
871 3563 1067 3620 abbati
1100 3579 1128 3618 e
1150 3563 1595 3635 congregatione
1627 3564 1812 3619 sancti
1835 3565 2029 3620 Vitoni

382 3653 688 3721 debemus,
722 3653 824 3724 qui
859 3669 974 3708 non
1006 3651 1200 3709 solum
1232 3652 1413 3722 hujus
1445 3653 1704 3708 auctoris
1761 3653 2026 3709 Historiae

383 3743 678 3815 exemplar
707 3743 779 3799 ad
813 3759 918 3798 nos
949 3740 1300 3807 transmisit,
1340 3741 1495 3796 sicut
1525 3746 1581 3796 et
1618 3740 1733 3796 alia
1783 3758 2027 3814 quaeque

381 3837 577 3890 vetera
605 3831 1001 3889 instrumenta
1017 3835 1073 3885 et
1094 3831 1310 3900 scripta
1340 3847 1466 3901 quae
1495 3830 1553 3885 in
1579 3829 1954 3902 Lotharingia
1973 3835 2028 3886 et

379 3920 602 3977 Alsatia
630 3925 688 3976 et
716 3921 776 3976 in
809 3920 1015 3976 vicinis
1043 3919 1367 3975 Germaniae
1398 3918 1768 3975 monasteriis
1791 3936 1916 3974 com
1927 3936 2024 3990 pa-

372 4014 510 4064 rare
541 4009 753 4080 potuit,
787 4010 888 4064 sed
920 4025 1024 4064 nec
1056 4008 1213 4064 curis
1244 4013 1343 4063 aut
1365 4007 1686 4078 laboribus,
1711 4009 1828 4064 sive
1849 4009 2024 4064 etiam

381 4096 717 4168 sumptibus
748 4096 952 4168 parcit,
988 4099 1052 4152 ut
1087 4096 1233 4151 actis
1289 4101 1629 4152 sanctorum
1689 4101 2022 4152 nostrorum

381 4183 744 4250 illustrandis
763 4183 1188 4240 autannalibus
1205 4185 1592 4240 Benedictinis
1605 4185 2025 4242 concinnandis

381 4265 683 4346 suppetias
706 4273 961 4330 ferat.Ex
983 4289 1049 4328 eo
1082 4271 1367 4327 nonnulla
1379 4290 1608 4344 quoque
1623 4275 1938 4331 didicimus
1953 4276 2023 4332 de

379 4361 751 4419 monasteriis
780 4379 906 4434 quae
951 4379 984 4418 a
1034 4361 1184 4416 beati
1229 4362 1432 4417 Leonis
1490 4363 1830 4432 parentibus
1887 4381 2021 4418 con-

378 4455 604 4508 structa
632 4468 665 4506 a
694 4451 952 4508 Wiberto
984 4450 1278 4506 dicuntur.
1331 4451 1590 4515 Quatuor
1646 4453 2020 4524 potissimum

2143 3298 2548 3354 senheimense
2569 3298 2822 3369 denique
2847 3299 3175 3354 ccenobium
3207 3303 3338 3370 post
3368 3300 3558 3355 varias
3597 3302 3788 3357 fortu-

2142 3405 2248 3444 nas
2295 3387 2354 3442 in
2386 3387 2589 3442 cellam
2623 3385 2945 3451 redactum,
2981 3403 3046 3442 ac
3073 3403 3219 3458 pene
3248 3389 3488 3444 omnino
3519 3389 3787 3446 dirutum

2134 3477 2311 3548 jacet.
2345 3478 2486 3547 Ejus
2517 3475 2641 3532 sola
2671 3480 2990 3548 supersunt
3018 3477 3250 3544 rudera,
3302 3479 3472 3549 cujus
3525 3478 3787 3536 66016818

2141 3567 2508 3636 aliorumque
2537 3565 2916 3620 aedificiorum
2949 3565 3102 3621 muri
3133 3566 3356 3639 absque
3405 3567 3574 3623 tectis
3603 3567 3785 3624 etiam

2138 3670 2295 3709 nunc
2324 3654 2599 3708 visuntur
2629 3653 2787 3708 haud
2817 3653 3020 3725 procul
3052 3653 3124 3708 ab
3177 3654 3511 3726 Egarsemio
3541 3655 3782 3728 oppido.

2138 3745 2184 3798 A
2213 3759 2328 3814 quo
2359 3759 2474 3796 uno
2506 3741 2733 3797 circiter
2762 3741 3034 3798 milliario
3065 3741 3610 3800 Wosenheimensis
3649 3761 3786 3816 par-

2138 3830 2352 3886 thenon
2375 3830 2653 3897 distabat,
2686 3834 2940 3901 quatuor
2969 3847 3099 3886 vero
3131 3835 3233 3886 aut
3272 3831 3533 3902 quinque
3587 3848 3623 3886 a
3675 3831 3785 3888 Co-

2137 3918 2427 3974 lumbaria
2456 3919 2740 3989 (Culmar),
2775 3919 3036 3990 supremi
3063 3918 3295 3974 Alsatiae
3329 3925 3566 3976 senatus
3623 3921 3782 3976 sede.

2137 4010 2417 4064 Caeterum
2444 4007 2589 4062 illud
2621 4012 2710 4063 est
2739 4007 2936 4080 ipsum
2969 4006 3318 4064 ancillarum
3348 4008 3450 4064 Dei
3483 4013 3782 4065 monaste-

2135 4098 2287 4154 rium
2310 4098 2535 4153 Sanctae
2553 4096 2775 4166 Crucis,
2790 4096 2860 4152 de
2873 4098 3042 4168 cujus
3064 4097 3782 4169 advocatiadisceptabant

2134 4187 2299 4258 Hugo
2335 4190 2392 4242 et
2420 4187 2734 4253 Gerardus,
2767 4185 2920 4241 beati
2955 4186 3162 4240 Leonis
3211 4191 3471 4256 nepotes,
3517 4191 3784 4258 tempore

2135 4275 2395 4348 Gregorii
2423 4275 2544 4344 νυ,
2580 4280 2644 4329 ut
2673 4279 2830 4347 patet
2860 4291 2927 4330 ex
2957 4275 3084 4345 ejus
3114 4274 3363 4345 epistola
3391 4275 3460 4331 44
3482 4274 3612 4332 libri
3634 4275 3779 4344 11,ad

2134 4364 2521 4420 Guarnerium
2539 4363 2892 4435 Argentinen
2902 4381 3025 4419 sem
3040 4368 3096 4418 et
3110 4363 3515 4421 Burchardum
3555 4363 3779 4420 Basilo-

2132 4470 2332 4510 ensem
2363 4454 2689 4525 episcopos,
2724 4452 2824 4508 ubi
2854 4453 3008 4508 idem
3040 4453 3299 4525 pontifex
3330 4458 3577 4510 testatur
3617 4453 3779 4509 istud

376 4546 774 4607 recensentur,
810 4539 997 4608 Hissa,
1032 4540 1218 4596 sancti
1253 4541 1497 4612 Cyriaci,
1529 4540 1706 4596 Lutra
1754 4546 1810 4596 et
1857 4542 2018 4597 Wof-
2053 4563 2097 4625 D
2134 4567 2162 4595 «
2195 4543 2618 4598 monasterium
2649 4544 2872 4598 Sancta:
2895 4542 3115 4610 Crucis,
3149 4542 3210 4597 in
3239 4546 3394 4598 terra
3422 4540 3780 4598 haareditatis

375 4630 652 4699 fenheim.
687 4632 823 4696 Quae
848 4629 1024 4686 etiam
1083 4629 1385 4684 Richerius
1441 4629 1592 4684 libro
1652 4647 1690 4684 ιι
1749 4630 2016 4686 Cbronici

375 4718 773 4786 Senoniensis,
807 4719 995 4790 capite
1025 4719 1110 4784 14,
1171 4723 1590 4773 commemorat
1646 4717 1737 4774 his
1791 4719 2014 4789 verbis;

376 4811 616 4873 «Anno,
651 4807 860 4876 inquit,
884 4807 1046 4874 4002,
1079 4807 1352 4862 nativitas
1385 4808 1534 4862 beati
1564 4806 2013 4864 Brunonis.......

374 4894 544 4962 cujus
575 4898 843 4963 parentes
875 4895 1116 4950 Hessam
1147 4896 1566 4951 monasterium
1599 4897 2016 4952 sanctimonia-

373 4979 520 5035 lium
554 4997 732 5052 penes
764 4982 1086 5037 Sareborch
1110 4985 1560 5039 aediﬁcaverunt.
1586 4985 1757 5039 Aliud
1782 5003 2015 5057 quoque

375 5069 797 5125 monasterium
845 5075 1316 5138 construxerunt,
1346 5074 1498 5144 quod
1554 5073 2011 5142 Aldorfdicitur,

363 5158 593 5215 ordinis
622 5159 808 5214 sancti
871 5158 1184 5226 Benedicti,
1237 5161 1393 5231 quod
1451 5161 1509 5215 in
1561 5161 1781 5217 Alsatia
1835 5163 2014 5218 situm

363 5251 492 5316 est;
553 5247 791 5304 tertium
851 5248 1049 5316 etiam,
1109 5249 1262 5319 quod
1325 5254 1636 5306 Lustrcnse
1667 5251 1917 5319 dicitur;
1959 5257 2015 5307 et

368 5343 643 5409 quartum
677 5336 1212 5393 sanctimonialium
1249 5338 1302 5392 in
1338 5338 1780 5395 houorcsanctm
1799 5325 2009 5409 crucis;

370 5425 531 5493 item,
564 5424 623 5480 in
666 5426 909 5493 Alsatia,
953 5427 1108 5498 quod
1168 5428 1553 5484 Wofeinbeim
1613 5433 2007 5500 nuncupatur.

369 5515 502 5579 Quae
536 5515 893 5572 monasteria
923 5516 1095 5571 bonis
1123 5517 1374 5589 propriis
1431 5517 1512 5571 ita
1563 5517 1912 5584 ditaverunt,
1945 5520 2010 5572 ut

369 5603 633 5681 ipsorum
661 5609 978 5663 conventus
1009 5604 1340 5680 largissime
1369 5603 1598 5662 valeant
1653 5609 2004 5664 sustentare.

2129 4650 2247 4688 suae
2281 4651 2312 4688 a
2343 4632 2522 4688 beata:
2580 4632 2871 4687 memoria:
2917 4631 3105 4687 Leone
3144 4649 3295 4703 papa
3345 4632 3674 4699 fundatum,
3707 4631 3787 4687 ad

2130 4722 2379 4795 pr0priis
2401 4721 2611 4793 opibus
2641 4722 2768 4792 ejus
2800 4724 3228 4788 constructum,
3253 4726 3469 4778 sancta:
3501 4721 3777 4777 Romana

2129 4810 2412 4877 Ecclesiae,
2445 4810 2538 4865 cui
2570 4809 2659 4882 pie
2681 4814 2738 4866 et
2763 4813 2962 4867 sancte
2994 4809 3362 4882 praesidebat,
3382 4809 3441 4864 in
3469 4809 3779 4882 proprium

2123 4901 2221 4970 jus
2252 4901 2323 4954 ab
2355 4917 2420 4954 eo
2453 4899 2634 4955 fuisse
2663 4899 2967 4957 traditum.
3001 4919 3028 4949 »
3063 4898 3210 4953 Data
3251 4904 3340 4953 est
3365 4915 3460 4953 xxv
3502 4897 3622 4952 Kal.
3665 4896 3777 4952 No-

2127 4991 2379 5052 vembris,
2412 4988 2708 5044 indictione
2736 5006 2858 5043 xm.
2893 4992 3107 5041 Praeter
3127 4986 3249 5042 haec
3275 4987 3596 5042 Ludovicus
3622 4985 3779 5042 beati

2126 5077 2419 5148 pontiﬁcis
2449 5094 2614 5147 avus,
2648 5077 2696 5131 si
2727 5076 2934 5132 Joanni
2966 5076 3037 5130 de
3070 5076 3263 5147 Bayon
3294 5076 3612 5145 credimus,
3634 5074 3781 5131 dici-

2124 5170 2221 5219 tur
2251 5163 2455 5219 cellam
2487 5164 2806 5220 aediticasse
2837 5163 3141 5219 monachis
3185 5163 3371 5219 Mauri
3431 5163 3777 5221 monasterii

2121 5254 2564 5323 (Maurmunster)
2597 5253 2655 5305 in
2687 5251 2964 5307 honorem
2991 5251 3176 5306 sancti
3202 5251 3614 5322 Quirini,haud
3635 5267 3776 5325 pro-

2123 5340 2214 5396 cul
2247 5359 2281 5396 a
2312 5341 2614 5412 Dasburgo
2645 5345 2834 5396 castro
2860 5359 2873 5408 ;
2909 5341 3059 5412 quod
3087 5341 3324 5413 quidem
3349 5347 3608 5400 castrum
3633 5357 3779 5414 pra-

2119 5431 2352 5501 cipuam
2387 5429 2649 5501 Hugonis
2680 5430 2834 5484 beati
2866 5429 3073 5485 Leonis
3104 5430 3290 5502 patris
3331 5432 3529 5487 sedem
3587 5432 3778 5488 fuisse

2120 5519 2302 5573 aiunt.
2338 5517 2485 5582 Quin
2518 5523 2576 5572 et
2607 5517 2722 5573 alia
2751 5517 2895 5574 cella
2921 5518 3109 5574 eidem
3160 5519 3352 5575 vicina
3379 5520 3628 5576 habetur
3655 5520 3775 5577 sub

2116 5607 2286 5666 titulo
2317 5606 2503 5666 sancti
2535 5607 2765 5677 Leonis,
2798 5607 2968 5684 cujus
3003 5609 3218 5668 rudera
3247 5614 3568 5684 supersunt
3597 5610 3655 5668 in
3677 5625 3775 5668 ve-
