4102 6174
289 304 408 394 iss

1148 329 1480 396 PROLEG.
1517 366 1591 380 -—
1621 330 1804 396 Vl'l‘A
1848 332 1912 397 S.
1961 331 2269 397 LEONIS.
2301 367 2381 381 --
2408 333 2845 404 PROLOGUS.

3582 338 3700 407 466
3722 394 3727 405 .

288 467 396 524 teri
428 471 640 534 castro,
672 465 828 539 quod
860 463 1014 524 sicut
1061 467 1118 524 et
1162 473 1476 524 comitatus
1528 469 1649 540 ipse
1682 468 1932 523 Ducbur-
1963 479 2018 544 Α
2049 469 2133 524 sio
2157 469 2866 542 abbateexaratnmest,et
2892 470 3149 548 primum
3166 491 3235 532 ex
3254 476 3699 553 Capuanis,qus3
3733 524 3740 530 .

289 556 488 631 gensis
519 555 579 611 in
611 555 892 612 comitum
919 555 1337 630 Linangiorum
1383 555 1724 612 Lutheranae
1775 560 1941 612 sectae

289 644 722 720 possessionem
755 645 1136 710 devenit.0ua
1163 663 1296 701 vero
1328 646 1549 702 ratione
1574 645 1667 701 hic
1701 645 1940 701 comita-

286 739 384 792 tus
414 751 444 791 e
483 735 638 792 beati
687 733 893 791 Leonis
951 735 1173 790 familia
1218 735 1517 790 transierit
1567 736 1634 790 ad
1694 739 1938 801 exteros,

287 824 528 898 exponit
555 823 860 880 Richerius
891 823 949 878 in
979 823 1262 879 Chronico
1291 824 1659 892 Senoniensi,
1683 824 1831 879 libro
1863 843 1939 891 Iv,

286 931 416 988 cap.
465 916 556 970 21.
606 914 876 969 Castrum
926 912 1092 979 illud,
1128 913 1284 984 quod
1323 912 1754 968 validissimum
1796 918 1938 977 erat,

285 1003 581 1075 hodieque
611 1001 927 1074 pristinum
957 1017 1168 1057 nomen
1212 1001 1443 1067 retinet,
1478 1002 1777 1074 Dasbourg,
1814 1017 1940 1069 seu,

287 1097 352 1148 ut
375 1092 590 1166 vulgus
618 1090 898 1163 loquitur,
929 1091 1076 1146 Dabo
1105 1090 1541 1155 dictum,situm
1572 1091 1628 1144 in
1659 1106 1801 1161 rupe
1830 1089 1941 1144 Vo-

286 1183 412 1256 sagi
446 1181 667 1237 montis
697 1197 903 1236 versus
932 1179 1238 1245 Alsatiam,
1271 1179 1340 1234 ad
1369 1195 1548 1250 quam
1579 1179 1942 1248 altinet,cum

285 1273 554 1344 subjecto
585 1269 694 1326 sibi
727 1269 1006 1342 oppidulo
1034 1272 1092 1325 et
1118 1267 1306 1324 vicino
1335 1271 1545 1329 tractu.
1579 1269 1943 1323 destructum

285 1360 417 1430 fuit,
442 1360 694 1431 jubente
725 1359 1082 1413 Francorum
1117 1372 1270 1430 rege,
1303 1373 1456 1412 anno
1495 1358 1656 1422 I678;
1690 1357 1790 1412 sed
1816 1357 1942 1427 jam

287 1452 360 1507 ab
393 1449 633 1505 beatum
669 1448 920 1503 Leonem
953 1446 1285 1503 redeamus.

359 1541 416 1594 7.
451 1539 530 1594 De
576 1536 784 1593 Leonis
831 1539 1091 1592 extremo
1140 1551 1292 1590 anno
1338 1534 1502 1590 nulla
1542 1534 1772 1590 videtur
1817 1550 1945 1590 esse

289 1627 608 1685 difﬁcultas
626 1645 639 1692 ;
660 1643 796 1681 eum
817 1625 1032 1698 quippe
1048 1641 1200 1680 anno
1219 1625 1354 1680 1054
1376 1625 1448 1680 ad
1471 1639 1714 1695 superos
1730 1623 1946 1679 abiisse

290 1715 667 1774 consentiunt
695 1731 920 1781 omnes,
951 1717 1157 1786 praeter
1203 1712 1394 1769 solum
1444 1712 1798 1777 Wibertum,
1844 1712 1944 1784 qui

289 1823 517 1864 annum
549 1809 890 1877 sequentem
921 1801 1262 1876 assignavit.
1289 1802 1350 1858 Id
1378 1819 1445 1858 ex
1468 1801 1839 1858 librariorum
1861 1801 1943 1856 vi-

283 1895 369 1951 tio
408 1895 469 1949 in
499 1891 745 1949 Wiberti
793 1895 1011 1946 textum
1061 1891 1368 1963 irrepsisse
1419 1895 1661 1947 censent
1708 1890 1944 1947 Bollan-

284 1983 481 2050 diani;
512 1985 571 2039 et
600 1981 841 2053 quidem
883 1981 1174 2036 versimile
1205 1985 1294 2036 est
1323 1981 1478 2036 hunc
1509 1997 1764 2036 errorem
1814 1996 1944 2052 pro-

282 2073 518 2130 venisse
551 2070 857 2126 occasione
886 2070 1186 2126 electionis
1217 2070 1466 2127 Victoris
1516 2071 1584 2140 Il,
1629 2071 1758 2140 ejus
1811 2086 1944 2124 sue-

283 2161 698 2233 cessoris,qu:e
720 2159 951 2215 nonnisi
981 2177 1135 2215 anno
1168 2160 1286 2216 fere
1317 2160 1544 2232 integro
1574 2162 1706 2230 post
1736 2158 1944 2214 Leonis

286 2251 517 2308 obitum
571 2250 722 2304 facta
774 2247 902 2302 fuit.
936 2248 1030 2304 Sic
1078 2252 1276 2302 tamen
1328 2247 1544 2302 habent
1591 2264 1705 2302 non
1751 2245 1944 2301 solum

285 2340 452 2406 editi,
484 2339 586 2394 sed
618 2342 676 2392 et
707 2337 936 2392 codices
962 2339 998 2389 2
1029 2353 1172 2392 mss.
1193 2335 1558 2392 Bibliothecae
1591 2334 1945 2406 Remigianae

287 2428 444 2500 apud
482 2428 872 2498 Remos,quos
901 2425 1342 2492 consuluimus;
1377 2425 1476 2480 sed
1501 2427 1564 2479 ut
1589 2428 1652 2479 ut
1673 2423 1948 2489 sit,unico

284 2516 540 2573 Wiberti
568 2514 903 2571 testimonio
926 2515 1346 2587 praeferendum
1370 2529 1679 2569 censemus
1701 2513 1948 2568 aliorum

286 2606 560 2664 omnium
595 2604 968 2675 scriptorum,
1002 2603 1174 2659 etiam
1210 2603 1546 2676 aequalium,
1572 2618 1944 2659 consensum.

285 2695 580 2751 Ceterum
619 2696 726 2747 Leo
757 2692 954 2747 statim
989 2697 1120 2764 post
1152 2698 1397 2748 mortem
1445 2691 1554 2747 coli
1606 2691 1800 2763 coepit,
1834 2708 1948 2746 non

287 2782 490 2839 solum
527 2782 722 2836 Romze
755 2779 852 2834 ubi
885 2796 1117 2835 sacrum
1152 2780 1281 2850 ejus
1331 2797 1542 2851 corpus
1593 2779 1950 2851 quotitlianis

288 2869 606 2928 miraculis
636 2869 1003 2934 coruscabat,
1034 2885 1236 2924 verum
1274 2869 1447 2924 etiam
1483 2868 1812 2934 Beneventi,
1850 2868 1950 2923 ubi

287 2959 579 3016 mdiﬁcata
613 2957 722 3012 fuit
751 2956 807 3011 in
841 2958 968 3029 ejus
1008 2957 1289 3013 honorem
1339 2957 1583 3013 ecclesia
1633 2962 1690 3012 et
1737 2958 1949 3012 festum

288 3048 483 3121 ipsius
515 3046 891 3102 celebratum.
928 3047 1084 3101 Idem
1135 3047 1206 3101 de
1254 3063 1362 3102 sua
1393 3045 1684 3119 Signicnsi
1711 3045 1955 3101 ecclesia

297 3140 559 3194 testatur
588 3137 800 3190 Bruno.
824 3135 1044 3190 Nomen
1077 3137 1205 3206 ejus
1237 3135 1512 3190 exhibent
1541 3135 1954 3190 Kalendarium

2050 574 2083 613 a
2106 557 2386 615 Michaelc
2418 561 2702 618 monacho
2733 561 2791 618 in
2815 563 3155 620 Sanctuario
3172 564 3699 635 reieruntur.Quod
3739 572 3742 574 ⁷

2050 651 2108 704 et
2136 647 2193 703 in
2223 647 2350 704 aliis
2385 650 2602 722 passim
2637 668 2939 709 occurrere
2970 671 3085 709 non
3117 653 3543 724 dubitamus,in
3576 657 3703 728 qui-

2051 736 2162 793 bus
2193 738 2345 794 sicut
2373 742 2429 793 et
2459 737 2515 794 in
2551 739 2960 814 Martyrologio
2985 743 3366 815 Romano,die
3396 745 3463 800 19
3489 744 3702 817 Aprilis

2052 823 2395 880 celebratur.
2429 827 2552 882 Non
2586 829 2739 883 enim
2776 830 2968 885 Romae
3002 831 3194 887 solum
3235 836 3335 888 aut
3360 837 3418 889 et
3447 832 3505 889 in
3540 833 3706 890 Italia

2053 913 2263 968 festum
2297 915 2424 986 ejus
2457 917 2749 985 recolitur,
2779 919 2877 974 sed
2907 923 2964 975 et
2993 919 3051 974 in
3083 921 3214 977 aliis
3246 939 3476 995 quoque
3515 924 3704 997 regio-
3740 921 3742 923 ’

2053 1002 2226 1058 nibus
2254 1004 2535 1060 memoria
2579 1006 2704 1076 ejus
2763 1006 3007 1063 celebris
3055 1013 3178 1077 est;
3237 1011 3611 1082 potissimum
3643 1013 3702 1068 in

2051 1091 2310 1147 Tullensi
2346 1093 2601 1161 diceeesi,
2626 1095 2725 1149 ubi
2758 1096 2868 1150 sub
2900 1096 3012 1152 ritu
3051 1098 3267 1170 duplici
3299 1098 3705 1168 celebratur,et

2052 1181 2204 1250 apud
2241 1185 2472 1236 nostros
2504 1182 2877 1256 Remigianos
2907 1185 3295 1258 semiduplici.
3332 1188 3488 1243 Idem
3533 1189 3599 1244 fit
3641 1190 3701 1243 in

2053 1268 2284 1325 dioecesi
2319 1270 2656 1339 Basileensi,
2690 1289 2757 1327 ex
2786 1273 3030 1329 Joannis
3061 1292 3094 1328 a
3121 1275 3409 1332 Schonaw
3446 1277 3702 1351 episcopi

2054 1359 2348 1414 mandato.
2384 1361 2499 1415 Nec
2529 1361 2776 1415 dubium
2808 1364 2897 1417 est
2926 1362 3068 1433 quin
3097 1362 3252 1418 idem
3300 1368 3608 1435 prastetur
3643 1366 3703 1422 in

2051 1446 2228 1502 variis
2257 1447 2799 1516 Galliae,Germaniae
2831 1453 2888 1506 et
2916 1450 3156 1524 Belgica:
3181 1450 3347 1518 locis,
3379 1470 3528 1525 quis,
3561 1455 3703 1510 dum

2052 1535 2287 1604 viveret,
2321 1536 2590 1594 lustravit
2638 1555 2701 1594 ac
2755 1556 2863 1594 sua
2910 1540 3241 1612 praesentia,
3281 1543 3340 1598 et
3387 1542 3706 1614 pontificali

2054 1623 2454 1688 benedictione
2513 1644 2579 1682 ac
2636 1629 2814 1683 variis
2871 1629 3192 1702 privilegiis
3230 1631 3589 1688 consecravit
3640 1649 3706 1688 ac

2055 1714 2455 1769 communivit.
2507 1715 2814 1782 Caeterum,
2848 1717 2897 1771 si
2953 1718 3025 1773 ob
3074 1717 3203 1773 vitae
3258 1720 3706 1778 sanctimoniam

2056 1800 2344 1858 caelitibus
2374 1803 2664 1875 ascriptus
2704 1808 2812 1870 est,
2847 1805 2918 1860 ob
2949 1805 3275 1862 rlocirinam
3326 1808 3478 1865 inter
3523 1810 3706 1866 eccle-

2056 1890 2323 1947 siasticos
2353 1892 2666 1964 scriptores
2690 1892 2883 1949 locum
2917 1894 3187 1950 obtinuit.
3219 1895 3298 1952 De
3329 1897 3457 1968 ejus
3505 1897 3706 1969 Operi-

2055 1979 2166 2034 bus
2201 1979 2341 2035 nihil
2375 1982 2697 2036 notandum
2725 1983 2975 2038 occurrit
2996 1999 3175 2054 quam
3198 1985 3354 2056 quod
3375 1985 3565 2041 caeteri
3582 1987 3707 2052 jam

2055 2067 2454 2125 observarunt.
2483 2069 2841 2144 Sigebertus,
2873 2072 3177 2128 recensitis
3223 2073 3352 2144 ejus
3400 2074 3706 2148 Operibus,

2056 2171 2191 2212 eum
2223 2158 2296 2213 ob
2326 2175 2393 2214 ea
2423 2176 2549 2231 qua:
2582 2159 2639 2215 in
2673 2163 3010 2218 sanctorum
3041 2162 3323 2218 honorem
3356 2164 3706 2237 composuit,

2057 2248 2334 2319 Gregorio
2365 2248 2575 2321 Magno
2607 2253 3060 2322 comparat,cap.
3088 2252 3294 2307 1119.De
3327 2251 3709 2325 scriptoribus

2057 2335 2487 2394 ecclesiasticis.
2535 2337 2824 2392 Aubertus
2872 2338 3104 2394 Miraeus
3145 2356 3279 2396 vero
3325 2340 3384 2395 in
3435 2340 3590 2398 notis
3638 2343 3710 2398 ad

2058 2425 2215 2481 hunc
2246 2424 2531 2496 Sigeberti
2565 2425 2777 2492 locum,
2812 2425 3014 2498 adjicit
3044 2431 3251 2499 praeter
3277 2428 3556 2501 epistolas
3585 2431 3714 2503 ejus

2057 2515 2268 2580 varias,
2302 2531 2428 2586 quae
2461 2515 2516 2569 in
2551 2513 2940 2570 Conciliorum
2980 2516 3336 2573 editionibus
3377 2521 3436 2574 et
3481 2519 3712 2575 Baronii

2059 2603 2388 2659 Annalibus
2417 2603 2729 2668 habentur,
2759 2605 3024 2674 ejusdem
3058 2605 3243 2660 sancti
3275 2605 3567 2676 pontificis
3609 2607 3710 2662 ho-

2059 2691 2252 2748 milias
2285 2697 2342 2747 et
2372 2709 2671 2747 sermones
2701 2693 2937 2748 Lovanii
2995 2709 3147 2748 anno
3181 2693 3318 2747 1565
3365 2699 3416 2747 et
3463 2692 3742 2751 Colonia.

2063 2782 2222 2846 1618,
2259 2782 2567 2853 prodiisse,
2599 2781 2753 2853 quod
2788 2781 2939 2836 idem
2963 2779 3183 2835 notavit
3231 2779 3549 2836 cardinalis
3579 2781 3713 2837 Bel-

2059 2869 2639 2940 larminus.Denique
2661 2885 2955 2924 summam
2980 2869 3108 2940 ejus
3130 2869 3188 2923 in
3209 2867 3433 2925 litteras
3463 2887 3712 2943 propen-

2063 2957 2286 3013 sionem
2320 2957 2547 3028 prcbat,
2579 2957 2756 3029 idque
2783 2955 2959 3012 veluti
2992 2956 3258 3012 mirabile
3287 2958 3560 3032 proponit
3586 2959 3713 3015 Wi-

2063 3047 2260 3101 bertus
2290 3046 2438 3101 libro
2473 3064 2532 3114 ιι,
2566 3063 2690 3118 cap.
2729 3047 2816 3116 Μ,
2841 3046 2994 3117 quod
3030 3063 3240 3118 nempe
3269 3047 3420 3102 ultra
3447 3049 3716 3121 quinqua-

2064 3137 2323 3205 genarius
2349 3138 2500 3191 tanta
2528 3139 2758 3206 ferveret
2783 3135 3051 3203 studio,ut
3079 3135 3399 3191 divinarum
3430 3137 3715 3193 lectionem

291 3225 570 3283 breviarii
602 3241 710 3280 ms.
729 3225 1598 3296 Casinensismonasterii,quod
1625 3226 1736 3280 sub
1757 3224 1954 3280 Oderi-
1984 3210 2027 3274 C
2063 3226 2478 3297 Scripturarum
2507 3225 2690 3281 Grzcco
2721 3224 3018 3280 addisceret
3046 3225 3283 3298 eloquio.

1674 3417 2346 3505 PROLOGUS.

372 3560 535 3615 Viam
591 3561 870 3616 universa
920 3560 1113 3616 carnis
1163 3561 1427 3634 ingresso
1477 3561 1750 3633 pontifice
1793 3560 1952 3615 Heri-

295 3667 514 3706 manno
546 3649 905 3720 (i),sucessit
933 3649 1284 3705 venerabilis
1319 3651 1526 3715 Bruno,
1551 3649 1639 3703 vir
1669 3649 1955 3704 natalium

292 3739 682 3812 preregativa
727 3743 904 3810 atque
961 3755 1194 3793 morum
1253 3738 1545 3810 elegantia
1609 3738 1960 3792 mirabiliter

294 3829 553 3883 donatus
586 3844 619 3882 a
649 3828 912 3883 Domino.
948 3827 1055 3892 Qui
1087 3827 1221 3882 licet
1247 3827 1367 3896 jam
1404 3827 1572 3897 quasi
1625 3831 1958 3897 postremus

295 3919 578 3989 appareat
599 3915 656 3969 in
679 3914 1030 3987 pontificalis
1052 3914 1409 3971 decessionis
1440 3913 1958 3987 catalogo,primus

299 4010 496 4061 tamen
530 4004 742 4059 enituit
770 4021 833 4060 ex
867 4003 1084 4058 summi
1117 4004 1494 4075 pontificatus
1523 4003 1820 4074 privilegio
1857 4021 1868 4057 :
1905 4007 1959 4056 et

297 4093 458 4149 velut
486 4093 712 4148 Lucifer
740 4092 868 4148 cozli
901 4093 1152 4148 statione
1177 4093 1661 4159 novissimus,sed
1696 4091 1800 4146 soli
1834 4108 1960 4162 pro-

299 4181 583 4253 pinquior
609 4181 766 4247 exiit,
798 4181 941 4235 dum
992 4186 1122 4253 post
1167 4180 1400 4253 longam
1451 4182 1822 4236 decessorum
1870 4195 1960 4235 se-

299 4270 474 4334 riem,
528 4287 634 4324 suo
683 4270 1009 4326 sacerdotio
1062 4270 1312 4326 Leucam
1361 4269 1591 4332 urbem,
1624 4270 1739 4324 imo
1773 4274 1960 4324 totum

297 4357 773 4414 Christianorum
804 4360 1002 4414 orbem
1052 4358 1383 4425 illustravit,
1432 4363 1489 4412 et
1537 4374 1735 4412 verum
1768 4357 1960 4413 Solem

298 4447 415 4502 sibi
452 4447 999 4514 vicinum,errorum
1034 4447 1290 4520 fuganda
1323 4446 1962 4520 caliginem,vivacitate

298 4535 396 4592 sui
449 4534 658 4590 nitoris
705 4536 979 4590 ostendit.
1013 4535 1127 4590 Nec
1172 4534 1578 4606 praejudicium
1613 4535 1857 4589 incurrit
1896 4552 1962 4590 ex

2071 3559 2300 3631 negotio
2331 3559 2517 3632 stylus
2548 3560 2845 3625 reddatur,
2880 3565 2944 3616 ut
2990 3562 3060 3617 de
3111 3566 3272 3619 tanto
3321 3562 3565 3634 praesule
3606 3580 3723 3620 non

2069 3652 2190 3703 tam
2223 3647 2442 3718 audita,
2475 3665 2652 3719 quam
2685 3650 2810 3703 visa
2838 3651 2906 3704 ad
2941 3650 3384 3706 aedificationem
3436 3651 3723 3722 plurimo-

2072 3753 2203 3790 rum
2236 3737 2728 3791 transcribantur.
2762 3737 2826 3790 Et
2876 3738 3113 3808 quidem
3162 3738 3496 3810 benignitas
3532 3739 3720 3810 ipsius

2073 3825 2311 3896 dignata
2342 3842 2530 3880 meam
2566 3826 2906 3896 parvitatem
2946 3825 3297 3881 familiarius
3347 3825 3459 3882 sibi
3499 3826 3725 3900 jugiter

2074 3913 2368 3980 assistere,
2401 3931 2516 3968 non
2548 3929 2654 3968 suo
2687 3913 2880 3968 studio
2902 3913 3182 3978 eil‘ecit,ut
3212 3914 3380 3986 plura
3409 3915 3482 3970 de
3510 3931 3576 3970 eo
3599 3914 3729 3970 imi-

2072 4003 2252 4058 tanda
2279 4001 2594 4056 valuissem
2648 4017 2751 4073 per
2785 4005 3001 4056 memet
3047 4001 3406 4075 dignoscere,
3447 4003 3735 4060 nonnulla

2073 4107 2307 4163 quoque
2341 4091 2633 4145 veracium
2664 4094 2721 4145 et
2752 4090 3016 4162 gravium
3061 4090 3360 4159 relatione,
3395 4093 3466 4149 de
3512 4093 3731 4167 quibus

2074 4180 2342 4250 quaedam
2366 4180 2457 4234 vix
2480 4185 2891 4236 summotenus
2907 4180 3528 4255 perstringo,quaedam
3551 4183 3727 4238 etiam

2075 4269 2266 4324 sciens
2296 4275 2594 4340 praetereo,
2626 4287 2696 4324 ne
2725 4273 2826 4324 aut
2857 4269 2965 4324 sim
3000 4270 3212 4342 longus
3245 4271 3377 4343 plus
3406 4272 3592 4343 justo,
3624 4288 3726 4327 seu

2077 4357 2397 4413 adulaturis
2429 4363 2592 4412 noter
2613 4357 2798 4429 elogio
2826 4377 2838 4425 ;
2873 4363 2995 4426 aut,
3029 4360 3168 4431 quia
3199 4359 3391 4415 adhuc
3438 4364 3728 4432 superest,

2074 4445 2390 4517 impugner
2421 4445 2518 4499 illo
2549 4447 2882 4502 Salomonis
2916 4447 3216 4518 Proverbio
3250 4463 3262 4500 :
3295 4449 3370 4502 Ne
3415 4447 3605 4502 laudes
3630 4447 3728 4502 ho-

2073 4537 2279 4589 minem
2310 4537 2370 4589 iu
2403 4537 2516 4590 vita
2541 4552 2641 4590 sua
2672 4537 2860 4604 (Eccti.
2894 4553 2972 4589 x1.
3009 4536 3098 4605 30)
3154 4535 3222 4589 Et
3269 4534 3547 4605 quoniam
3597 4551 3731 4606 pro-

299 4623 649 4698 posteritate
679 4623 780 4696 qui
809 4629 944 4681 ante
974 4623 1186 4680 saecula
1216 4623 1498 4678 divinitus
1530 4625 1762 4695 praeﬁxo
1788 4625 1964 4679 desti-
1999 4636 2042 4699 ῃ
2077 4623 2332 4693 positum
2366 4624 2652 4678 habemus
2679 4625 2831 4678 dona
2861 4623 2960 4678 Dei
2996 4623 3229 4678 laudare
3262 4622 3319 4677 in
3342 4639 3408 4678 eo
3433 4639 3564 4695 quae
3593 4628 3736 4678 sunt

296 4720 486 4769 natus
515 4716 608 4769 est
637 4717 916 4785 tempore.
954 4711 1347 4769 Immutabilis
1379 4713 1533 4767 enim
1568 4711 1965 4780 divinitas,rni

298 4805 521 4858 cuncta
551 4801 839 4857 assistunt
870 4806 996 4857 acta
1025 4805 1078 4856 et
1112 4801 1336 4873 agenda
1367 4800 1566 4866 simul,
1595 4799 1679 4855 sic
1710 4800 1969 4872 disponit

299 4889 732 4946 alternationes
777 4888 1173 4956 mutabilium,
1209 4893 1274 4944 ut
1321 4906 1436 4944 non
1485 4889 1598 4944 sibi
1643 4890 1965 4960 quidquam

297 4994 508 5036 serum
541 4983 643 5033 aut
673 4983 1094 5050 praeposterum
1127 4979 1340 5033 sentiat
1394 4978 1450 5031 in
1503 4978 1706 5032 ordine
1747 4995 1964 5034 rerum.

297 5071 553 5139 Nempe,
587 5071 652 5121 ut
682 5068 753 5122 de
787 5066 1031 5138 reliquis
1061 5067 1293 5122 interim
1327 5071 1607 5134 taceatur,
1642 5066 1966 5138 redemptio

296 5155 505 5230 generi
536 5155 800 5211 humano
851 5157 1102 5211 maxime
1149 5156 1502 5220 necessaria,
1538 5156 1593 5208 in
1639 5157 1754 5210 ﬁne
1787 5172 1966 5209 saecu-

297 5245 500 5303 lorum
533 5243 795 5300 exhibita
825 5245 1268 5316 comprobatur;
1302 5249 1356 5298 ct
1387 5244 1486 5315 qui
1521 5243 1652 5315 plus
1692 5243 1967 5299 omnibus

295 5331 594 5388 laboravit
624 5331 866 5398 Paulus,
885 5338 1021 5404 post
1043 5332 1338 5404 apostolos
1369 5348 1573 5387 omnes
1605 5331 1674 5386 de
1706 5331 1848 5387 coelo
1869 5350 1966 5388 vo-

297 5425 498 5488 catur,
531 5421 687 5476 unde
717 5421 895 5476 etiam
932 5421 1260 5476 abortivum
1285 5424 1469 5476 semet
1490 5436 1862 5492 nuncupasse
1887 5421 1969 5476 in-

297 5508 557 5566 venitur.
594 5508 814 5564 Verum
847 5525 919 5565 ne
949 5509 1175 5565 diutius
1216 5508 1310 5564 hic
1358 5509 1666 5577 haereatur,
1698 5514 1968 5582 suscepto

2079 4710 2374 4767 laudanda
2405 4713 2462 4766 in
2494 4729 2742 4784 pagano,
2776 4729 2888 4766 non
2925 4711 3223 4767 hominem
3264 4711 3602 4780 laudamus,
3631 4714 3730 4770 sed

2079 4800 2246 4855 illum
2279 4818 2310 4856 a
2343 4818 2456 4872 quo
2486 4806 2543 4856 et
2573 4818 2676 4872 per
2706 4817 2880 4872 quem
2923 4802 3115 4856 omnis
3157 4800 3332 4858 homo
3377 4801 3620 4859 veniens
3673 4804 3732 4859 in

2077 4889 2233 4944 hunc
2275 4890 2562 4943 mundum
2596 4889 2986 4959 illuminatur,
3039 4894 3102 4943 ut
3149 4894 3250 4945 aut
3297 4891 3453 4946 bona
3498 4891 3733 4966 cogitet,

2078 4978 2236 5033 dicat
2262 4978 2347 5032 vel
2381 4979 2952 5050 operetur.Nunquid
2986 4996 3120 5035 vero
3149 4982 3380 5036 tantum
3427 4974 3762 5054 praesulem'

2078 5072 2477 5138 protestamur
2499 5067 2555 5120 in
2589 5067 2697 5121 hac
2731 5066 2947 5122 misera
2971 5067 3244 5139 vita,qua2
3264 5067 3466 5138 utique
3496 5073 3587 5122 est
3618 5073 3738 5122 tota

2078 5154 2344 5220 tentatio,
2379 5155 2505 5210 sine
2540 5160 2772 5226 peccato
2804 5155 3120 5228 aliquando
3145 5156 3358 5211 vixisse
3389 5159 3490 5210 aut
3525 5155 3737 5220 vivere,

2079 5243 2232 5315 quod
2269 5260 2374 5298 nec
2410 5243 2584 5298 unius
2615 5244 2728 5299 diei
2765 5244 2973 5300 infanti
3005 5245 3154 5300 valet
3181 5241 3448 5300 evenire?
3476 5243 3584 5297 Sed
3613 5243 3742 5316 qui-

2077 5333 2192 5388 bus
2219 5337 2309 5387 est
2340 5333 2519 5388 studii
2554 5333 2783 5389 divinas
2810 5335 3047 5388 virtutes
3069 5334 3126 5388 in
3151 5331 3345 5402 aliquo
3373 5329 3612 5387 homine
3635 5331 3740 5388 im-

2080 5439 2314 5494 pressas
2357 5424 2426 5477 ad
2481 5422 2790 5477 utilitatem
2840 5422 3083 5477 aliorum
3133 5419 3467 5493 praedicare,
3500 5425 3738 5493 peccata

2079 5510 2335 5565 hominis
2357 5527 2483 5579 quae
2509 5509 2634 5578 jam
2658 5525 2691 5562 a
2708 5509 2823 5563 Deo
2839 5513 2994 5564 tecta
3009 5507 3363 5579 sunt,nolint
3380 5509 3451 5566 ad
3467 5500 3734 5582 eju‘sdem

379 5615 459 5687 (1)
493 5615 881 5672 Hirimannus
910 5617 1224 5690 episcopus
1248 5615 1542 5671 Tullensis
1576 5633 1646 5670 ex
1685 5615 1794 5671 hac
1825 5617 1941 5673 vita
1978 5615 2252 5688 migravit
2282 5631 2435 5671 anno
2467 5615 2621 5670 1026.
