4102 6174
372 354 498 423 469

1324 364 1657 427 PROLEG.
1692 400 1769 413 —
1799 364 1982 427 VITA
2031 366 2094 427 S.
2146 365 2447 427 LEONIS.
2483 400 2558 413 -—
2587 368 2737 430 LIB.
2783 364 2834 430 Ι.

3668 352 3788 436 4το

375 493 642 554 carnales
672 512 851 571 supra
880 498 1120 557 modum
1157 496 1548 558 intumescere
1579 516 1826 572 moxque
1855 501 2025 556 detu-
2054 499 2108 566 Α
2139 497 2234 572 pia
2263 498 2622 572 dispensatio
2655 505 2955 561 consuevit
2979 500 3149 560 donis
3173 501 3298 561 suis
3320 504 3548 577 ﬂagella
3577 509 3636 564 et
3664 509 3791 562 ten-

381 601 660 642 mescere.
693 587 831 644 Erat
860 588 1078 662 quippe
1115 589 1367 646 affabilis
1406 589 1701 657 omnibus,
1735 589 1912 645 etiam
1943 589 2031 643 in-

369 674 554 741 ﬁmis,
571 682 812 748 aspectu
832 682 889 733 et
910 678 1086 734 affatu
1111 696 1342 752 quoque
1365 679 1591 746 hilaris,
1618 677 2033 734 obedientissi-

369 780 505 820 mus
537 782 653 820 non
685 770 917 822 tantum
951 768 1275 840 majoribus
1307 774 1364 823 et
1384 767 1801 840 cozequalibus,
1829 783 2030 822 verum

367 860 429 908 et
457 854 582 910 suis
607 855 956 912 minoribus.
983 858 1124 928 Ejus
1145 858 1382 928 quidem
1409 856 1946 928 collegae,quamvis
1967 872 2031 911 eo

371 943 688 1013 majusculi
717 945 1087 1010 exstiterunt,
1111 947 1227 1001 duo
1256 945 1651 1002 Adalberones
1675 943 2033 1001 contribules

361 1031 480 1098 sui,
505 1048 575 1086 ex
595 1033 814 1104 quibus
834 1034 994 1105 prior
1013 1034 1330 1090 immaturo
1353 1040 1442 1090 est
1467 1035 1604 1090 hinc
1627 1038 1832 1105 raptus
1852 1033 2028 1109 exitu,

360 1119 533 1175 ducis
590 1120 858 1178 videlicet
913 1122 1262 1179 Theodorici
1315 1123 1474 1178 filius
1505 1123 1606 1194 (6),
1641 1123 1785 1178 alter
1835 1127 2032 1176 autem

359 1207 660 1265 Hezilonis
680 1211 847 1266 ducis
873 1228 1217 1284 germanus,
1235 1230 1301 1268 ac
1326 1211 1624 1268 Frederiei’
1645 1211 1838 1266 eximii
1872 1210 2031 1282 prin-

365 1296 515 1368 cipis
550 1303 747 1366 natus,
781 1301 890 1355 sub
921 1301 1255 1357 scholarum
1289 1302 1594 1374 magistro,
1625 1301 1902 1372 magister
1931 1315 2030 1353 ne-

358 1386 547 1457 potuli
570 1389 662 1442 sui
685 1389 975 1444 Brunonis
996 1391 1389 1458 constitutus,
1419 1391 1556 1461 quia
1586 1394 1727 1444 tunc
1758 1405 1860 1461 pro
1881 1393 2031 1442 tem-

361 1491 502 1546 pore
531 1475 862 1532 habebatur
899 1479 1135 1534 sciolus.
1171 1480 1279 1544 Qui
1312 1484 1513 1550 postea
1552 1480 1623 1535 ad
1663 1479 2026 1534 antistitium

366 1563 823 1622 Mediomatricaa
847 1567 1012 1623 urbis
1030 1573 1160 1623 voto
1179 1567 1316 1624 cleri
1340 1573 1396 1623 et
1416 1568 1625 1639 plebis,
1643 1567 1831 1640 magis
1849 1584 2027 1638 quam

370 1669 482 1708 suo
530 1657 1001 1728 assumptus,vir
1048 1657 1184 1712 huic
1234 1662 1436 1713 nostro
1493 1656 1744 1729 tempori
1801 1657 2029 1711 refulsit

373 1743 632 1814 apprime
680 1745 1106 1815 przedicandus.
1141 1746 1289 1801 Nam
1336 1764 1370 1801 a
1418 1745 1713 1818 primaevo,
1749 1745 1856 1800 soli
1911 1744 2025 1800 Deo

365 1829 632 1901 placendi
669 1832 946 1904 cupidus,
981 1851 1161 1905 supra
1188 1839 1414 1890 aetatem
1451 1851 1620 1890 suam
1650 1839 1707 1890 et
1733 1833 2022 1889 valetudi-

357 1936 518 1984 nem,
539 1937 776 1977 carnem
825 1940 996 1978 suam
1030 1940 1164 1978 cum
1196 1924 1356 1980 vitiis
1387 1923 1726 1995 crucifigere
1775 1925 2019 1978 conatus

355 2013 474 2074 est;
511 2009 656 2064 adeo
684 2010 912 2067 fervens
942 2011 1076 2084 igne
1106 2011 1450 2079 divinitatis,
1472 2017 1536 2067 ut
1575 2012 1647 2067 ab
1678 2012 1824 2084 ipsis
1854 2009 2019 2066 Chri-

351 2096 538 2152 stiani
554 2099 823 2170 tyrocinii
843 2100 1192 2156 rudimentis
1209 2105 1511 2172 putaretur
1531 2099 2015 2172 perfectissimus.

352 2185 622 2258 Denique
651 2191 717 2242 ut
743 2187 803 2242 in
833 2189 1142 2260 praesentia
1173 2190 1243 2245 de
1274 2188 1526 2260 plurimo
1563 2191 1692 2258 ejus
1724 2187 2017 2254 ccalibatu,

357 2273 430 2330 de
462 2274 804 2331 columbina
833 2277 1185 2344 innocentia,
1209 2277 1281 2333 de
1313 2277 1652 2348 serpentina
1682 2275 2017 2346 prudentia,

350 2363 429 2419 de
458 2363 716 2419 discreta
763 2366 1105 2433 acrimonia,
1141 2367 1327 2438 deque
1358 2370 1588 2420 matura
1627 2365 1926 2435 gravitate,
1959 2365 2017 2419 in

354 2458 564 2507 tenera
593 2452 788 2509 indole
820 2459 1100 2522 taceatur,
1127 2455 1184 2510 in
1217 2459 1448 2510 tantum
1479 2458 1664 2509 semet
1687 2453 1933 2523 jejuniis
1965 2459 2022 2509 et

347 2540 572 2614 vigiliis
600 2543 815 2608 affecit,
838 2549 904 2598 ut
934 2543 1079 2599 illud
1111 2545 1260 2599 beati
1292 2545 1403 2599 Job
1430 2543 1604 2598 etiam
1638 2541 2021 2598 historialiter

357 2630 477 2685 dici
511 2631 698 2702 possit
731 2649 744 2686 :
776 2633 923 2688 Pelli
957 2648 1098 2690 meae
1136 2633 1469 2704 consumptis
1499 2631 1759 2686 carnibus
1788 2630 2020 2685 adhesit

357 2735 423 2774 os
450 2735 638 2775 meum
665 2721 801 2792 (Job.
836 2738 952 2788 xxx,
985 2721 1098 2792 20).

429 2806 525 2862 ιν.
549 2809 733 2863 Simul
764 2824 887 2863 cum
911 2825 970 2864 eo
1002 2811 1185 2865 Bruno
1213 2809 1412 2864 studiis
1435 2811 1686 2864 vacat.—
1713 2807 1854 2862 Hinc
1883 2823 2018 2877 ergo

345 2895 459 2950 tali
495 2895 731 2967 collegae
763 2897 1199 2953 indivisibiliter
1218 2898 1451 2968 gemino
1473 2914 1765 2952 connexus
1788 2897 2016 2962 affectu,

361 2984 711 3056 spectabilis
733 3003 877 3057 puer
897 2991 1089 3041 Bruno
1110 2987 1416 3041 insistebat
1436 2985 1760 3040 litterarum
1784 3001 2020 3056 gymna-

363 3073 477 3139 sio,
495 3073 683 3145 deque
706 3074 1054 3130 liberalitate
1071 3091 1180 3130 sua
1198 3075 1306 3130 sibi
1329 3075 1771 3145 congaudebant
1793 3077 2018 3127 mutuo.

348 3162 580 3227 Quibus
609 3163 717 3216 etsi
750 3163 1124 3218 adhaerebant
1155 3161 1374 3218 nobilia
1397 3163 1662 3218 examina
1678 3177 2016 3233 puerorum,

2141 587 2392 645 tationes
2419 592 2788 660 permiscere,
2809 593 3305 664 quemadmodum
3330 595 3600 650 novimus
3622 595 3792 651 beato

2138 678 2267 744 Job,
2302 686 2474 751 atque
2515 680 2776 752 apostolo
2820 680 3021 748 Paulo,
3055 687 3112 738 et
3141 699 3288 754 pene
3319 682 3545 738 cunctis
3594 681 3792 738 electis

2141 769 2476 839 contigisse,
2501 769 2810 825 dicendum
2835 772 3067 826 videtur
3096 772 3349 842 qualiter
3377 772 3437 827 in
3469 770 3657 843 ipsius
3689 787 3792 842 pu-

2141 855 2381 911 bertatis
2412 858 2679 929 ingressu
2730 861 2906 916 fuerit
2956 854 3316 931 periclitatus
3348 864 3425 928 et,
3459 877 3594 916 mox
3624 875 3790 917 acce-

2141 945 2312 1000 dente
2345 947 2562 1002 coelesti
2595 949 2904 1012 medicina,
2935 949 3213 1006 salvatus.

2212 1033 2278 1086 V.
2319 1035 2354 1088 A
2391 1037 2588 1107 bii/one
2616 1040 2916 1092 sauciatur.
2951 1041 3032 1093 Ex
3060 1055 3164 1109 quo
3200 1041 3444 1107 graviter
3475 1040 3729 1096 laborans
3753 1057 3790 1096 a

2141 1121 2196 1177 S.
2232 1124 2516 1180 Benedicto
2543 1132 2792 1180 sanatur.
2823 1158 2888 1167 ——
2915 1127 3060 1182 Cum
3094 1129 3220 1198 jam
3252 1126 3422 1183 solito
3452 1127 3785 1184 liberiorem

2141 1227 2174 1264 a
2206 1210 2452 1266 scholari
2477 1214 2622 1285 jugo
2654 1215 2900 1287 adeptus
2931 1215 3136 1271 fuisset
3159 1217 3461 1283 cervicem,
3484 1216 3787 1273 multoties

2140 1306 2447 1370 parentum
2482 1319 2723 1358 suorum
2755 1304 3044 1360 invisebat
3064 1305 3786 1372 mansionem,delectatus

2140 1404 2253 1442 non
2287 1394 2516 1444 tantum
2549 1392 2803 1463 genuina
2847 1393 3148 1448 affectione
3181 1397 3468 1464 quantum
3514 1393 3788 1466 religiosa

2137 1492 2338 1532 eorum
2371 1481 2806 1535 conversatione
2831 1487 2888 1536 et
2908 1480 3206 1537 liberrima
3226 1482 3439 1537 domus
3461 1498 3578 1537 sua:
3600 1480 3658 1535 in
3679 1481 3787 1536 mi-

2134 1563 2339 1620 litibus
2371 1572 2428 1622 et
2459 1569 2679 1624 familia
2713 1568 3112 1642 dispositione.
3138 1571 3287 1643 Ergo
3309 1571 3564 1642 quodam
3587 1567 3784 1626 aestivo

2134 1657 2454 1724 tempore,d
2469 1674 2564 1711 um
2587 1673 2654 1711 ex
2674 1674 2831 1712 more
2849 1675 2981 1714 cum
3004 1660 3089 1714 eis
3106 1660 3258 1731 apud
3285 1659 3477 1715 nobile
3497 1663 3782 1726 castrum,

2134 1742 2494 1814 Eginisheim
2527 1753 2927 1817 nuncupatum
2940 1788 2952 1811 ,
2979 1754 3322 1813 moraretur,
3339 1765 3405 1802 su
3415 1747 3782 1819 perveniente

2133 1832 2439 1899 cujusdam
2481 1839 2649 1888 nocte
2681 1835 2935 1899 Sabbati,
2971 1835 3028 1888 in
3070 1835 3471 1890 ainmnissimo
3511 1833 3782 1890 cubiculo

2130 1921 2647 1991 soporatur.Cujus
2667 1923 2928 1977 dextram
2955 1923 3160 1978 faciem
3181 1939 3474 1978 venenosa
3494 1922 3595 1977 illa
3616 1938 3779 1989 rana,

2129 2025 2255 2080 quae
2287 2009 2422 2065 bufo
2449 2011 2977 2082 nuncupatur,sive
3007 2013 3232 2078 rubeta,
3257 2011 3596 2068 conscendit
3615 2010 3785 2083 eique

2128 2113 2196 2152 ex
2227 2099 2614 2155 anterioribus
2638 2100 2885 2171 pedibus
2916 2117 3102 2156 unum
3124 2101 3182 2154 in
3207 2099 3396 2173 genis,
3415 2099 3663 2155 alterum
3687 2115 3784 2154 au-

2127 2191 2244 2241 tem
2268 2188 2377 2242 sub
2409 2187 2582 2253 labio,
2610 2194 2666 2244 et
2697 2205 2765 2243 ex
2797 2189 3219 2262 posterioribus
3249 2188 3501 2260 priorem
3523 2190 3654 2260 post
3682 2203 3782 2242 au-

2130 2275 2528 2344 rem,alterum
2544 2293 2675 2332 vero
2694 2269 2802 2334 Sub
2822 2283 3017 2333 mento
3035 2279 3516 2351 afﬁgens,sugere
3533 2293 3597 2332 ac
3611 2275 3780 2332 strin-

2129 2379 2262 2434 gere
2285 2365 2619 2420 immaniter
2640 2367 2960 2438 ccnpit.Quo
2974 2367 3171 2423 dolore
3187 2364 3782 2438 expergefactus,hor-

2129 2451 2318 2507 ribilis
2348 2453 2620 2509 animalis
2649 2455 3028 2526 deprehendit
3072 2455 3238 2512 faciei
3280 2472 3402 2511 suae
3439 2453 3780 2509 incumbere

2129 2539 2521 2610 perniciosum
2551 2543 3003 2612 pondus.’l‘anto
3024 2544 3223 2615 itaque
3242 2548 3484 2614 tamque
3514 2558 3663 2597 novo
3687 2558 3781 2613 pe-

2129 2627 2313 2682 riculo
2336 2630 2638 2695 attonitus,
2655 2649 2688 2685 a
2710 2635 2891 2687 strato
2919 2649 2980 2687 se
3001 2633 3165 2688 ocius
3187 2631 3470 2702 corripuit
3489 2635 3546 2684 et
3564 2630 3778 2683 immo-

2128 2716 2323 2770 dicum
2356 2735 2470 2771 non
2517 2720 2812 2788 perferens
2861 2719 3207 2784 cruciatum,
3239 2718 3358 2772 ictu
3408 2716 3614 2788 palmae
3647 2720 3780 2786 post

2129 2820 2328 2859 aurem
2361 2805 2580 2860 librata
2611 2807 2868 2862 virosum
2893 2806 3061 2861 illum
3109 2806 3167 2860 in
3219 2805 3492 2861 eumdem
3523 2807 3775 2860 stratum

2129 2907 2302 2946 suum
2317 2892 2814 2957 decussit,timens
2835 2892 2984 2958 ne,si
3004 2909 3176 2948 manu
3197 2891 3456 2947 medium
3477 2891 3774 2960 arreptum

2128 2980 2426 3034 extrahere
2454 2986 2757 3044 tentasset,
2782 2980 2974 3035 acrius
3005 2981 3302 3052 irreperet.
3327 2982 3490 3036 Tunc
3521 2993 3773 3050 nequam

2126 3067 2242 3137 ille,
2271 3067 2404 3123 licet
2434 3069 2498 3122 in'
2525 3086 2630 3123 suo
2655 3085 2831 3140 super
2857 3069 3072 3124 lectum
3100 3086 3238 3124 casu
3268 3068 3480 3123 elisum
3512 3067 3772 3122 sonitum

2127 3155 2460 3220 reddiderit,
2493 3161 2690 3210 tamen
2734 3156 3041 3228 capitalem
3075 3155 3382 3228 pulvillum
3413 3155 3604 3210 denuo
3636 3169 3772 3207 con-

347 3250 470 3322 ipsi
499 3254 693 3305 tamen
723 3252 838 3306 duo
870 3251 1145 3307 omnibus
1167 3251 1292 3306 suis
1314 3250 1722 3306 consodalibus
1744 3249 2006 3321 praeemi-
2039 3235 2081 3301 C
2122 3245 2414 3312 scendere,
2439 3244 2564 3315 ipso
2587 3246 2991 3316 perspiciente,
3015 3263 3131 3301 non
3164 3245 3422 3312 distulit;
3447 3261 3584 3300 nam
3607 3243 3773 3300 luna-

353 3345 623 3393 nuerunt
649 3344 764 3394 tam
786 3341 1105 3412 capacitate
1124 3339 1450 3395 liberalium
1476 3339 1801 3394 studiorum
1828 3356 2004 3410 quam

360 3425 741 3482 honestorum
767 3427 1108 3483 excellentia
1129 3444 1389 3494 morum;
1423 3444 1649 3499 nempe,
1668 3431 1731 3482 ut
1749 3428 2001 3498 primum

363 3514 642 3584 competit
671 3516 937 3581 rudibus,
955 3517 1199 3571 decurso
1221 3516 1436 3570 artium
1461 3515 1648 3583 trivio,
1674 3533 1787 3571 non
1815 3515 2006 3570 solum

360 3601 699 3658 claruerunt
721 3622 894 3675 prosa
915 3611 972 3660 et
992 3609 1196 3672 metro,
1211 3621 1411 3660 verum
1435 3609 1490 3659 et
1511 3605 1771 3660 forenses
1788 3611 2011 3660 contro-

353 3691 583 3747 versias
626 3699 795 3748 acuto
826 3699 882 3748 et
910 3695 1091 3748 vivaci
1143 3694 1310 3749 oculo
1360 3695 1570 3771 mentis
1617 3694 2010 3765 deprehensas

350 3781 767 3852 expediebant,
792 3800 892 3838 seu
928 3783 1301 3838 removebant
1329 3782 1552 3837 sedulo.
1579 3784 1836 3852 Denique
1870 3800 2012 3853 qua-

351 3868 634 3923 druvium
671 3869 923 3925 naturali
971 3871 1204 3943 ingenio
1235 3869 1588 3941 vestigantes
1628 3871 2017 3941 degustarunt

353 3961 536 4029 atque
556 3975 672 4013 non
701 3959 1014 4015 minimum
1035 3959 1094 4015 in
1119 3959 1246 4030 ipso
1273 3975 1505 4030 quoque
1525 3957 1834 4013 valuerunt
1865 3959 2018 4013 sicut

353 4048 673 4117 sequentia
701 4064 771 4103 ex
803 4054 968 4120 parte
998 4048 1363 4104 indicabunt.
1397 4047 1605 4119 Igitur,
1635 4064 1767 4102 cum
1800 4049 2017 4103 ibidem

355 4134 584 4207 pariter
599 4137 990 4193 educarentur
1011 4136 1270 4210 praedicti
1294 4136 1707 4207 pueri,domini
1732 4137 2024 4193 Brunonis

357 4224 616 4296 genitrix
645 4227 876 4282 somnio
905 4225 1247 4297 hujusmodi
1278 4226 1552 4280 edocetur
1581 4226 1651 4280 de
1676 4226 1870 4280 futura
1899 4244 2027 4299 pro-

359 4313 623 4369 motione
654 4315 756 4369 filii
781 4316 895 4370 sui.
919 4315 1065 4370 Nam
1085 4314 1318 4369 videbat
1339 4314 1504 4385 quasi
1531 4314 1787 4386 seipsam
1812 4335 1844 4370 ιι
1867 4319 2032 4387 parte

362 4402 724 4473 pontificalis
755 4420 1000 4459 camerae
1030 4403 1424 4459 venerandam
1459 4401 1762 4458 basilicam
1797 4404 1872 4474 (7)
1903 4405 2031 4458 bea-

361 4489 583 4546 tissimi
615 4493 1062 4566 protomartyris
1093 4491 1372 4563 Stephani
1416 4491 1664 4563 ingredi,
1701 4498 2033 4563 sanctasque

365 4579 664 4634 memoria;
698 4580 1002 4653 praesulem
1026 4581 1375 4644 Gerardum,
1401 4579 1458 4634 in
1485 4579 1601 4634 vita
1629 4585 1686 4634 et
1717 4585 1848 4651 post
1880 4598 2032 4635 mor-
2067 4605 2110 4667 Ι)

365 4670 490 4722 tem
523 4666 906 4724 clarificatum
939 4667 1259 4736 miraculis,
1295 4684 1598 4724 occurrere
1644 4667 1778 4732 sibi,
1805 4685 1869 4722 ac
1913 4671 2029 4722 sni-

363 4759 599 4810 ventem
624 4773 652 4811 a
677 4757 914 4829 propria
943 4757 1162 4812 cervice
1192 4755 1470 4819 orarium,
1491 4756 1643 4827 quod
1678 4755 1852 4828 vulgo
1883 4757 2032 4812 stola

367 4844 610 4909 dicitur,
635 4847 826 4902 eidem
857 4846 1192 4918 reposuisse
1234 4846 1292 4898 in
1333 4845 1583 4899 manica.
1609 4845 1769 4909 Quod
1805 4846 2027 4917 utique,

361 4949 472 4988 ceu
511 4934 720 5005 conjici
761 4938 976 5006 potest,
1009 4934 1154 4989 illud
1205 4933 1586 5005 portendebat
1635 4936 1789 5004 Quod
1843 4934 2027 4990 filium

365 5020 560 5094 ipsius
591 5039 705 5078 non
739 5028 860 5078 tam
893 5022 1052 5079 sedis
1074 5040 1192 5077 suze
1224 5038 1400 5093 quam
1425 5021 1560 5076 boni
1595 5023 1774 5076 studii
1808 5041 2031 5080 succes-

364 5126 565 5165 sorem
610 5110 840 5167 coalitus
889 5111 1310 5186 praastituebat.
1349 5110 1489 5164 Nam
1541 5127 1674 5165 cum
1726 5113 1966 5183 quintus
1999 5133 2032 5168 a

367 5199 615 5254 domino
638 5201 714 5273 (Β)
743 5200 998 5255 Gerardo
1032 5201 1382 5254 reverendus
1414 5199 1608 5252 Bruno
1639 5206 2027 5272 computetur,

367 5288 443 5343 ab
477 5287 608 5360 ipso
656 5294 910 5357 tantum,
943 5294 1001 5344 et
1038 5305 1154 5344 non
1189 5287 1258 5342 ab
1290 5285 1485 5358 aliquo
1529 5289 1869 5359 sequacium
1903 5293 2028 5361 ejus

365 5376 608 5431 videtur
646 5377 1009 5449 praelectus,
1046 5375 1347 5448 quoniam,
1389 5375 1504 5430 Deo
1548 5383 1859 5445 annuente,
1893 5395 2024 5435 eum

367 5481 492 5537 pra
523 5463 640 5518 illis
694 5470 784 5520 est
829 5463 1264 5530 imitatus.Sed,
1298 5461 1436 5532 quia
1484 5463 1901 5534 omnipotentis
1931 5467 2028 5521 Dei

445 5591 530 5661 (6)
546 5589 832 5646 Adalhero
851 5587 1138 5661 Frederici
1160 5586 1315 5641 filius
1337 5587 1532 5661 sedem
1554 5587 1868 5644 Metensem
1894 5607 2028 5646 con-

371 5659 613 5718 s’céndit
643 5679 796 5718 anno
827 5663 995 5730 40-17;
1029 5660 1172 5717 obiit
1201 5674 1351 5714 anno
1387 5659 1540 5730 107,2.

449 5732 532 5807 (7)
564 5732 887 5793 Ecclesiam
917 5728 1308 5794 cathedralem
1338 5728 1495 5789 Tulli
1525 5731 1582 5786 S.
1617 5731 1908 5804 Stephano
1937 5751 2031 5792 sa-

2114 3332 2277 3386 ribus
2305 3333 2485 3387 radiis
2508 3337 2645 3388 tunc
2675 3332 3083 3392 illustrabatur
3103 3354 3274 3394 omne
3304 3337 3566 3411 penetral
3595 3339 3758 3395 cubi-

2115 3419 2206 3475 lis.
2225 3421 2338 3475 Nec
2357 3437 2548 3487 mora;
2572 3423 2923 3479 famulorum
2941 3425 3116 3481 turba
3136 3428 3438 3498 repentino
3454 3428 3650 3484 dilecti
3668 3429 3764 3484 do-

2118 3511 2260 3566 mini
2294 3511 2384 3565 sui
2417 3510 2667 3566 clamore
2707 3513 2890 3568 accita
2929 3516 3200 3584 accurrit,
3231 3516 3529 3574 lucernam
3563 3534 3764 3575 secum

2119 3599 2400 3668 exhibuit,
2417 3601 2515 3655 sed
2542 3602 2882 3672 pestiferum
2901 3603 3041 3659 illud
3061 3605 3278 3660 animal
3302 3607 3411 3661 sub
3433 3605 3665 3662 illorum
3685 3608 3768 3662 in-

2120 3705 2323 3761 gressu
2349 3706 2640 3760 nusquam
2665 3693 3011 3762 comparuit.
3039 3693 3364 3762 Inquiritur
3389 3696 3611 3765 passim
3635 3695 3770 3750 dili-

2121 3779 2469 3850 gentissima
2493 3779 2872 3850 vestigatione
2892 3780 3359 3847 vernaculorum,
3375 3783 3474 3837 sed
3498 3783 3657 3838 omni
3680 3800 3772 3837 su-

2125 3866 2394 3938 pellectili
2421 3867 2630 3921 cubilis
2661 3885 2860 3922 eversa
2889 3885 2955 3923 ac
2986 3874 3367 3940 perscrutata,
3392 3871 3635 3927 minime
3664 3871 3776 3927 fuit

2125 3961 2443 4027 repertum.
2483 3956 2590 4010 Sed
2634 3956 2753 4011 sive
2790 3955 2934 4010 illud
2988 3973 3191 4014 verum
3246 3963 3347 4015 aut
3396 3960 3774 4017 fantasticum

2132 4044 2328 4109 fuerit,
2373 4043 2574 4115 plagas
2615 4049 2811 4099 tamen
2860 4062 3026 4102 veras
3076 4053 3133 4104 et
3181 4049 3411 4105 dolores
3437 4065 3604 4106 veros
3653 4049 3781 4106 reli-

2134 4134 2280 4204 quit.

2207 4221 2430 4286 Quibus
2451 4221 2624 4276 etiam
2651 4227 2838 4278 totum
2863 4226 3106 4291 vultum,
3131 4229 3337 4298 guttur
3367 4244 3433 4282 ac
3464 4230 3665 4299 pectus
3686 4231 3786 4284 tu-

2139 4311 2423 4366 mefactus
2445 4327 2529 4364 us
2543 4327 2632 4382 [ue
2655 4313 2723 4366 ad
2745 4314 3209 4384 desperationem
3231 4315 3603 4388 aliquatenus
3630 4333 3789 4373 recu-

2143 4400 2409 4472 peranda:
2434 4400 2736 4470 srspitatis
2766 4408 2854 4455 est
2883 4402 3507 4474 infirmatus.Uterque
3527 4405 3656 4475 ejus
3687 4421 3788 4476 pa-

2143 4505 2276 4542 rens
2305 4503 2630 4559 omnisque
2661 4490 2748 4543 sui
2784 4506 2960 4562 super
2979 4490 3088 4544 hoc
3119 4490 3532 4546 miserabiliter
3560 4493 3792 4547 duobus

2146 4576 2452 4632 mensibus
2482 4575 2670 4648 plenis
2692 4579 3233 4646 consternabantur,
3248 4579 3438 4634 solum
3468 4580 3644 4634 funus
3664 4581 3792 4650 jam

2141 4666 2329 4721 efferri
2374 4667 2762 4736 suspicantes,
2815 4665 3122 4735 lugubrem
3173 4665 3335 4721 illam
3380 4667 3794 4740 exsequiarum

2144 4771 2418 4826 pompam
2454 4754 2750 4808 continuis
2791 4753 3063 4824 suspiriis
3115 4758 3172 4808 et
3226 4752 3500 4828 lacrymis
3557 4761 3797 4830 praesto-

2143 4842 2434 4898 labantur.
2481 4842 2691 4897 Verum
2744 4842 3033 4913 benignus
3092 4842 3285 4913 Jesus,
3336 4845 3659 4917 desperatis
3712 4863 3800 4902 re-

2142 4933 2254 4988 bus
2305 4947 2645 4986 succurrere
2691 4929 2920 5000 solifus,
2957 4949 3135 5004 super
3181 4932 3444 5005 plenaria
3497 4936 3628 5007 ejus
3672 4952 3804 4992 sos-

2143 5022 2323 5092 pitate
2391 5018 2583 5074 subito
2653 5025 2922 5089 parentes
2995 5021 3125 5092 ejus
3189 5028 3280 5078 est
3356 5024 3688 5080 consolatus
3753 5041 3810 5096 et

2144 5108 2412 5164 Ecclesiae
2447 5125 2563 5161 suae
2596 5125 2698 5180 per
2737 5107 2891 5163 hunc
2925 5110 3247 5167 relevandae
3294 5113 3619 5168 secundum
3675 5109 3807 5183 pro-

2143 5198 2399 5270 positum
2465 5213 2637 5250 suum
2701 5199 3058 5255 recordatus.
3101 5201 3245 5256 Nam
3296 5216 3427 5254 cum
3479 5201 3606 5269 jam
3664 5199 3810 5256 duo-

2144 5287 2256 5342 bus
2319 5286 2625 5340 mensibus
2683 5303 2717 5339 a
2770 5285 2918 5342 lecto
2978 5306 3081 5360 per
3138 5304 3198 5343 se
3267 5287 3510 5341 minime
3577 5303 3814 5360 surgere

2147 5375 2466 5446 potuisset,
2528 5375 2809 5446 jamque,
2861 5379 3263 5430 ιοηυτεεοθιιῑθ
3316 5374 3672 5433 inﬁrmitatis
3728 5376 3813 5430 ni-

2144 5464 2406 5530 mietate,
2458 5462 2583 5518 sine
2643 5463 2873 5534 loquela
2921 5467 3048 5518 octo
3095 5462 3301 5518 diebus
3374 5465 3816 5534 permansisset,

2150 5606 2178 5644 Ο
2193 5608 2342 5645 ram.

2174 5733 2186 5745 .
2218 5663 2297 5734 (8)
2332 5661 2412 5717 De
2451 5660 2559 5717 hoc
2589 5661 2825 5733 egimus
2872 5662 2930 5714 in
2990 5660 3310 5733 appendice
3352 5659 3822 5732 seaculisupcrio-

2141 5751 2244 5790 r18.
