4102 6174
375 334 493 404 ω

1746 331 1811 395 S.
1855 331 2006 395 LEO
2050 330 2131 393 IX
2176 330 2401 394 PAPA.

3552 336 3553 339 “
3666 331 3787 396 472

376 473 616 531 tandem
647 471 904 547 quadam
928 471 1021 528 die
1049 472 1263 545 apertis
1293 469 1825 543 oculis,supino,ut
1859 482 2017 521 recu-
2056 468 2112 533 Α
2141 463 2391 538 glorioso
2440 466 2777 539 imperatori
2824 466 3087 526 Conrado
3136 463 3452 524 contributi
3498 481 3629 534 suo,
3659 468 3788 540 ejus

382 561 579 634 habet,
609 561 797 646 vultu,
828 561 1079 634 vigilans
1126 562 1425 636 conspexit
1454 560 1622 632 quasi
1674 557 2035 646 luminosam

383 651 606 710 scalam
628 643 702 708 ab
724 652 850 725 ipso
876 669 982 708 suo
1004 652 1245 724 grabato
1268 667 1369 724 per
1392 667 1453 707 se
1474 650 1661 721 ipsam
1686 646 1853 718 erigi,
1876 647 1933 700 et
1959 643 2040 735 te:

382 745 581 799 uestra
601 742 673 798 ad
694 741 871 814 pedes
887 742 1015 813 ejus
1033 740 1281 796 transita
1298 755 1484 811 usque
1507 738 1565 793 in
1584 736 1793 792 coelum
1820 731 2043 807 porrigi

350 834 555 904 ,atque
584 848 688 904 per
715 848 844 888 eam
870 832 1187 904 quemdam
1219 830 1412 885 nimiis
1445 825 1729 884 claritatis
1772 837 2044 879 reveren-

379 922 582 995 dasque
614 921 846 977 canitiei
881 937 1081 978 senem
1111 920 1566 976 descendentem
1594 916 1647 969 in
1677 912 1881 969 habitu
1924 928 2045 967 mo-

379 1011 636 1077 naohali,
653 1012 823 1084 cujus
854 1011 1092 1066 dextera
1121 1008 1389 1082 gestabat
1404 1022 1637 1062 crucem
1657 1001 2043 1074 conspicuam

375 1100 438 1158 in
454 1099 628 1173 longo
647 1098 988 1163 hastili.Qui
1006 1098 1078 1154 ad
1100 1100 1380 1169 aegrotum
1402 1098 1467 1151 ut
1485 1092 1765 1166 pervenit,
1799 1090 2039 1148 sinistra

375 1204 559 1248 manu
581 1188 799 1246 scalam
824 1186 1088 1256 retinuit,
1116 1186 1317 1241 dextra
1346 1201 1477 1240 vero
1510 1184 1775 1239 eamdem
1810 1196 2042 1237 crucem

381 1277 645 1352 primum
679 1276 765 1331 ori
796 1276 924 1347 ejus
957 1274 1253 1347 apposuit,
1285 1272 1493 1328 deinde
1536 1271 1663 1327 loca
1694 1269 1945 1326 tumoris
1977 1284 2046 1323 ex

380 1364 514 1438 ipsa
543 1363 797 1437 signavit
816 1367 873 1418 et
902 1362 1081 1417 to‘ius
1109 1360 1315 1416 veneni
1347 1359 1634 1415 incoctam
1665 1358 2039 1431 putredinem

384 1455 519 1526 post
564 1465 767 1507 aurem
797 1449 1076 1517 extraxit;
1127 1447 1448 1520 statimque
1477 1447 1590 1518 via,
1624 1464 1741 1519 qua
1780 1448 2043 1519 venerat,

384 1538 916 1612 reversus,dimisit
933 1538 1235 1593 infirmum
1257 1536 1570 1593 habentem
1594 1553 1656 1592 se
1679 1535 1911 1592 melius.
1931 1535 2046 1590 Nec

386 1645 585 1699 mora;
618 1626 869 1700 denique
897 1626 1324 1683 Adalberonem
1358 1641 1531 1681 suum
1568 1624 1868 1691 clericum,
1905 1630 2044 1680 tunc

385 1717 796 1777 tantummodo
829 1717 956 1786 ejus
978 1715 1332 1771 assidentem
1367 1713 1580 1769 lectulo
1603 1712 1916 1780 allocutus,
1941 1730 2048 1787 per

387 1822 524 1865 eum
554 1809 753 1879 optato
786 1803 991 1860 nuntio
1039 1807 1340 1875 paternam
1374 1803 1616 1858 domum
1648 1806 1919 1859 cunctam
1952 1820 2040 1859 re-
2072 1830 2120 1895 B

384 1892 601 1967 pressit
629 1908 663 1946 a
700 1889 943 1946 diutinis
991 1889 1367 1944 clamoribus.
1404 1893 1539 1944 Post
1568 1888 1792 1962 aliquot
1838 1894 2035 1946 autem

387 1982 535 2051 dies,
558 1979 718 2036 omni
754 1995 974 2034 veneno
1006 1976 1255 2051 pustulae
1308 1976 1466 2033 illius
1515 1983 1688 2050 rupta
1734 1982 1864 2035 cute
1907 1985 2041 2052 post

356 2086 592 2131 .aurem
624 2070 891 2125 dextram
941 2068 1145 2139 ejecto,
1177 2083 1381 2139 sospes
1411 2072 1469 2122 et
1500 2066 1810 2124 incolumis
1860 2068 2043 2124 evasit

388 2159 502 2218 sub
550 2156 805 2213 maximo
853 2160 1197 2212 cunctorum
1244 2155 1525 2211 miraculo
1574 2160 1747 2228 atque
1803 2157 2037 2230 gaudio.

391 2247 690 2316 Qui,sicut
710 2262 865 2300 nunc
886 2261 1070 2317 usque
1102 2246 1253 2300 inter
1277 2245 1723 2301 commonitoria
1751 2246 2043 2318 colloquia

391 2340 515 2393 tam
548 2335 871 2391 evidentem
893 2333 993 2388 Dei
1027 2332 1461 2389 miserationem
1484 2351 1661 2406 super
1691 2351 1752 2389 se
1783 2335 2040 2406 agnitam

394 2423 638 2481 recitare
693 2421 817 2478 suis
872 2420 1349 2478 familiarissimis
1409 2426 1498 2477 est
1544 2422 1772 2491 solitus,
1805 2424 2040 2495 proﬁte-

304 2552 307 2553 ν
392 2515 492 2570 tur
518 2526 582 2568 se
613 2510 672 2567 in
703 2510 943 2583 praefata
970 2510 1185 2565 cxstasi
1216 2510 1623 2566 beatissimum
1656 2511 1884 2567 Patrem
1920 2529 2041 2567 mo-

282 2580 298 2599 χ
393 2580 737 2667 nachorum,
779 2598 1178 2666 Benedictum,
1224 2598 1378 2655 illico
1428 2599 1557 2656 luce
1604 2600 1817 2655 clarius
1866 2616 2043 2673 agno-

391 2688 548 2747 visse
578 2703 646 2744 ex
676 2686 957 2760 qualitate
988 2687 1184 2743 vultus
1227 2691 1283 2743 et
1330 2687 1586 2744 habitus.
1621 2688 1801 2759 Cujus
1843 2705 2044 2761 corpo-

391 2777 478 2835 ris
507 2774 924 2834 accidentalem
953 2776 1415 2849 dignoscentiam
1466 2776 1522 2831 in
1574 2776 1857 2833 hactenus
1886 2793 2045 2832 com-

395 2869 686 2923 memorat
730 2865 899 2938 quasi
930 2882 1048 2936 prie
1096 2864 1281 2921 oculis
1329 2865 1521 2921 carnis
1566 2866 1757 2921 adhuc
1813 2865 2043 2922 habeat.

395 2955 574 3012 Porro
610 2954 915 3027 sequentia
960 2953 1162 3010 lecturi
1212 2954 1482 3011 desinent
1540 2955 1796 3026 profecto
1847 2955 2046 3011 mirari

398 3042 558 3100 hunc
588 3042 784 3116 potius
831 3059 931 3116 per
975 3047 1243 3099 sanctum
1292 3043 1666 3099 Benedictum
1718 3060 1896 3116 quam
1948 3060 2050 3117 per

398 3131 579 3191 alium
617 3131 939 3205 quemlibet
985 3136 1322 3189 sanctorum
1371 3135 1707 3189 restitutum
1758 3132 2046 3205 sospitati,

2151 556 2218 611 ed
2230 555 2490 612 ucandus
2512 555 2570 611 in
2588 556 2724 613 aula
2736 562 2909 630 atque
2925 556 3316 614 excubaturus
3338 556 3398 611 in
3415 555 3790 615 basilica.Ubi

2152 645 2410 702 nondum
2436 644 2637 702 multis
2658 647 2920 702 decursis
2941 647 3167 713 diebus,
3183 645 3446 702 omnium
3471 644 3790 704 aulicorum

2152 733 2611 790 benevolentiam
2661 736 2911 807 perfecte
2958 739 3049 792 est
3086 735 3354 807 adeptus,
3388 738 3590 807 utpote
3620 753 3793 809 quem

2152 824 2475 896 gratiosum
2507 823 2815 880 exhibebat
2843 841 3026 897 praeco
3069 825 3197 895 ejus
3244 824 3702 880 conversationis
3731 842 3795 881 ac

2154 914 2496 986 prudentiae,
2529 913 2759 987 generis
2790 930 2856 969 ac
2888 914 3083 969 formae
3122 913 3320 968 decus.
3354 912 3519 969 Unde
3557 930 3693 970 cum
3723 915 3796 972 ab

2153 1001 2239 1058 eis
2267 1002 2484 1058 ibidem
2514 1003 2815 1058 Brunones
2838 1016 2999 1074 azque
3022 1003 3365 1056 vocarentur
3394 999 3682 1068 nonnulli,
3706 1001 3799 1057 hic

2153 1093 2381 1146 tantum
2405 1092 2598 1147 Bonus
2618 1091 2812 1147 Bruno
2841 1089 3052 1145 meruit
3073 1088 3374 1162 appellari.
3393 1091 3577 1156 Quam
3595 1107 3803 1163 praero-

2153 1179 2405 1251 gativam
2436 1180 2518 1235 ita
2550 1181 2605 1236 in
2639 1180 2761 1237 dies
2792 1180 3224 1253 augmentando
3244 1177 3369 1234 sine
3393 1178 3682 1235 sodalium
3713 1180 3803 1235 in-

2153 1268 2308 1325 vidia
2322 1268 2654 1325 vindicabat
2672 1269 2906 1326 sibimet
2920 1272 3052 1325 utet
3068 1267 3394 1324 minoribus
3407 1284 3535 1324 sese
3548 1269 3801 1342 quadam

2155 1357 2485 1414 rationabili
2508 1359 2999 1414 condescensione
3024 1360 3249 1430 aptaret
3270 1356 3709 1430 majoribusque
3737 1357 3805 1414 li-

2154 1446 2334 1503 berali
2385 1447 2669 1519 dignitate
2720 1463 2822 1520 per
2866 1446 3063 1502 omnia
3110 1451 3475 1518 congrueret.
3527 1446 3805 1504 Praeterea

2156 1534 2328 1591 unico
2349 1538 2407 1591 et
2426 1536 2613 1608 patrio
2634 1537 2841 1592 ali‘ectu
2865 1536 2935 1591 ab
2966 1538 3229 1608 Augusto
3252 1538 3633 1608 Angustaque
3661 1537 3802 1594 adeo

2155 1628 2243 1681 est
2261 1624 2528 1693 dilectus,
2555 1628 2618 1680 ut
2648 1625 2822 1681 etiam
2854 1625 2914 1679 in
2946 1622 3357 1680 sacratissimis
3387 1640 3590 1680 eorum
3612 1625 3804 1682 consi—

2155 1713 2252 1771 liis
2282 1718 2579 1788 gratanter
2626 1715 3047 1779 admitteretur,
3070 1717 3128 1769 et
3157 1713 3448 1769 sententia
3493 1713 3683 1787 ipsius
3713 1731 3800 1770 re-

2155 1807 2418 1860 verenter
2447 1803 2808 1875 dulciterque
2858 1805 3291 1874 exspectaretur
3319 1818 3384 1857 ac
3433 1803 3806 1876 promulgata

2152 1893 2556 1949 indubitanter
2587 1892 3002 1965 susciperetur.
3030 1893 3213 1958 Quem
3246 1907 3381 1946 cum
3412 1891 3671 1964 quotidie
3699 1892 3800 1948 de-

2150 1981 2467 2038 liberarent
2508 1981 2984 2053 incessanterque
3024 1979 3317 2036 ambirent
3347 1979 3664 2036 sublimare
3691 1980 3801 2037 ho-

2150 2087 2289 2127 nore
2318 2088 2496 2143 quam
2529 2069 2805 2138 maximo,
2839 2074 2916 2138 et,
2953 2073 3015 2124 ut
3042 2072 3310 2141 patenter
3339 2069 3553 2137 dicam,
3583 2069 3805 2126 donare

2151 2160 2448 2233 pontificio
2480 2157 2902 2232 temporalibus
2930 2158 3117 2231 copiis
3158 2174 3341 2231 supra
3370 2157 3611 2213 modum
3640 2157 3801 2215 locu-

2151 2248 2388 2322 pletato,
2418 2249 2561 2321 ipse,
2587 2249 2715 2319 jam
2743 2246 3123 2321 praemonitus
3144 2246 3345 2302 domni
3368 2246 3626 2320 Gregorii
3656 2247 3804 2303 irre-

2152 2337 2533 2409 prehensibili
2564 2342 2621 2393 et
2664 2354 2838 2393 aureo
2888 2335 3054 2409 stylo,
3088 2336 3263 2409 ccepit
3310 2335 3420 2392 hoc
3459 2341 3801 2409 suspectum

2151 2426 2365 2482 habere
2421 2426 2692 2491 omnino,
2749 2443 2820 2481 ne
2875 2425 2987 2481 sibi
3045 2424 3327 2481 divinitus
3382 2423 3799 2497 imputaretur,

2153 2515 2324 2586 quasi
2355 2532 2570 2570 munus
2602 2514 2673 2570 ab
2704 2513 3008 2586 obsequio,
3040 2530 3075 2568 a
3103 2529 3218 2585 quo
3251 2511 3564 2568 nonnullos
3593 2529 3803 2569 conso-

2154 2603 2377 2659 ciorum
2434 2620 2711 2670 suorum,
2777 2603 2851 2659 ob
2915 2601 3299 2674 aliquantulm
3364 2601 3806 2659 sublimationis

2154 2709 2340 2765 spem,
2381 2691 2545 2747 nulla
2594 2691 2855 2762 corporis
2914 2694 3139 2762 poterat
3194 2706 3460 2745 revocare
3517 2690 3803 2763 fatigatio.

2156 2778 2317 2834 nulla
2345 2778 2425 2835 rei
2464 2776 2772 2833 familiaris
2821 2776 3142 2833 annulatio.
3172 2775 3356 2844 Unde,
3388 2776 3527 2849 quia
3573 2793 3680 2834 nec
3727 2779 3807 2835 ab

2154 2866 2443 2939 imperiali
2497 2866 2675 2922 latere
2722 2866 2988 2921 recedere
3039 2864 3149 2920 sibi
3193 2863 3424 2936 licebat,
3457 2883 3563 2923 nec
3609 2866 3812 2924 taliter

2156 2955 2400 3026 obsequi
2432 2954 2670 3021 libebat,
2704 2955 2761 3008 in
2796 2952 2992 3009 animo
3021 2969 3129 3009 suo
3156 2956 3386 3009 tantum
3423 2954 3538 3010 Deo
3566 2955 3805 3012 conscio

2157 3048 2214 3100 et
2242 3047 2390 3101 teste
2438 3043 2817 3116 proponebat,
2853 3046 2915 3097 ut
2962 3042 3009 3098 si
3059 3058 3190 3097 cum
3268 3041 3627 3115 beneplacito
3675 3045 3809 3117 ejus

2158 3134 2231 3190 ad
2263 3132 2693 3207 quantumlibet
2717 3130 3101 3204 pauperrimis
3153 3128 3417 3186 Ecclesia:
3461 3131 3813 3190 invitaretur

400 3221 534 3292 ubi,
582 3221 842 3278 volvente
900 3222 1191 3278 sermonis
1249 3225 1404 3289 rota,
1464 3222 1817 3295 perpendere
1876 3226 2040 3294 pote-
2078 3198 2121 3265 (ἶ
2160 3223 2441 3294 regimen,
2474 3220 2721 3278 alacrior
2768 3220 2839 3275 ad
2881 3219 2938 3273 id
2969 3219 3270 3274 accederet
3323 3235 3501 3291 quam
3560 3220 3611 3275 si
3668 3237 3810 3277 eum

398 3312 539 3366 runt
566 3325 635 3364 ex
675 3308 879 3380 paucis
910 3314 1129 3381 quanto
1176 3309 1296 3365 zelo
1345 3310 1421 3381 pii
1469 3310 1685 3365 amoris
1733 3327 1869 3383 erga
1920 3328 2040 3367 mo-

396 3396 718 3453 nachorum
774 3396 1202 3452 institutionem
1253 3402 1309 3453 et
1358 3398 1773 3454 correctionem
1833 3400 2040 3472 ﬂagra-

393 3483 562 3540 verit.

464 3572 559 3629 VI.
592 3556 912 3629 Hermaimo
940 3574 1183 3644 episcopo
1206 3573 1447 3629 Tullensi
1464 3580 1649 3644 paret.
1675 3575 1911 3646 Afﬂictis
1933 3593 2043 3633 mo-

388 3661 581 3719 nachis
607 3661 798 3718 Sancti
825 3661 960 3734 Apri
987 3664 1333 3733 compatitur.
1368 3663 1522 3731 chil
1550 3663 1610 3717 in
1638 3664 1772 3719 aula
1802 3666 2039 3736 impera-

388 3753 542 3809 toris.
592 3752 898 3824 Pauperem
938 3754 1305 3822 episcopatum
1340 3752 1727 3823 pinguioribus
1770 3757 2042 3825 prm/crre

383 3841 829 3899 διακαῆ-Ηώς)
849 3841 1042 3913 itaque
1063 3842 1376 3897 decedente
1394 3841 1631 3896 domino
1645 3842 1913 3899 Bertoldo
1932 3862 2038 3900 suo

385 3929 694 3999 nutritore,
710 3930 1043 3986 succedenti
1069 3930 1548 3986 llerimannonon
1569 3932 1857 3987 recusavit
1879 3950 2042 4006 aeque

384 4033 613 4090 parere,
645 4017 816 4090 quasi
847 4018 994 4074 illud
1026 4019 1179 4075 beati
1210 4036 1371 4092 papae
1399 4019 1656 4091 Gregorii
1698 4021 1915 4077 dictum
1940 4022 2039 4093 ju-

384 4104 536 4177 giter
565 4122 679 4177 prae
702 4104 888 4161 oculis
921 4108 1134 4161 mentis
1167 4107 1460 4163 videretur
1489 4107 1703 4164 habere
1728 4127 1775 4164 τα
1810 4110 2042 4166 Primus

384 4207 513 4249 esse
547 4210 661 4249 non
694 4193 906 4249 audeat
937 4194 1037 4266 qui
1065 4195 1309 4251 subesse
1340 4213 1453 4251 non
1486 4196 1777 4268 didicerit,
1806 4215 1877 4252 ne
1908 4200 2047 4256 obe-

382 4280 666 4339 dientiam
714 4282 999 4354 subjectis
1029 4284 1273 4356 imperet
1304 4301 1479 4356 quam
1509 4284 1761 4357 praelatis
1790 4304 1904 4342 non
1936 4306 2041 4345 no-

382 4371 467 4427 vit
496 4370 788 4428 exhibere.
815 4394 843 4421 »
873 4372 1348 4445 Compatiebatur
1394 4374 1669 4446 equidem
1709 4378 1847 4431 tunc
1893 4380 2040 4432 tem-

282 4488 293 4493 ι
379 4460 539 4534 poris
563 4462 809 4518 adversa
840 4462 1055 4535 passis,
1077 4461 1399 4535 praesertim
1428 4463 1858 4520 venerabilibus
1880 4483 2044 4526 vene-

2155 3313 2432 3383 majestas
2479 3310 2641 3383 regia
2671 3309 2742 3364 ad
2775 3324 3062 3381 supremis
3094 3306 3398 3379 potestatis
3445 3312 3503 3363 et
3547 3307 3810 3382 locuple-

2153 3399 2389 3456 tationis
2420 3398 2763 3472 dignitatem
2809 3396 3005 3468 aliquo
3052 3395 3273 3451 carnali
3304 3395 3512 3453 all'ectu
3540 3396 3811 3470 impelle-

2152 3493 2257 3545 ret.
2282 3488 2442 3555 Quod
2473 3486 2707 3560 quidem
2731 3490 2890 3541 tanto
2914 3484 3322 3541 admirabilius
3350 3490 3441 3541 est
3465 3485 3812 3545 habendum

2151 3578 2212 3634 in
2242 3578 2471 3634 levitate
2482 3575 2727 3649 juvenili
2761 3579 2981 3647 quanto
3026 3573 3214 3630 rarius
3260 3574 3716 3646 deprehenditur
3748 3583 3811 3634 et

2152 3668 2212 3723 in
2243 3666 2523 3740 gravitate
2553 3663 2740 3720 senili.
2766 3664 2875 3720 Sed
2903 3664 3028 3735 jam
3064 3662 3375 3719 dicendum
3406 3663 3635 3720 videtur
3660 3682 3807 3737 qua-

2152 3755 2285 3812 liter
2313 3754 2422 3811 iste
2457 3751 2756 3810 humiliari
2790 3769 2893 3825 pro
2943 3752 3058 3808 Deo
3103 3751 3372 3825 cupidus,
3409 3752 3697 3824 paulatim
3731 3755 3806 3810 ab

2151 3845 2279 3918 ipso
2337 3843 2508 3900 fuerit
2558 3841 2905 3898 mirabiliter
2954 3839 3264 3908 exaltatus,
3323 3840 3475 3897 sicut
3533 3841 3592 3896 in
3648 3841 3808 3901 libro

2152 3934 2375 4007 Regum
2403 3950 2506 4006 per
2548 3930 2888 4004 prophetam
2939 3933 3187 3986 testatur
3219 3948 3232 3985 :
3267 3929 3669 4001 Gloriﬁcaniem
3719 3949 3809 3989 me

2150 4022 2498 4093 gloriﬁcabo;
2525 4022 2621 4093 qui
2639 4024 2821 4075 autem
2843 4023 3191 4075 contemnunt
3219 4035 3326 4086 me,
3343 4022 3503 4074 erunt
3530 4021 3806 4090 ignobiles

2154 4112 2202 4183 (I
2228 4113 2351 4183 Reg.
2388 4128 2450 4179 ιι,
2478 4111 2589 4183 30).

2221 4200 2341 4255 VII.
2374 4201 2438 4255 In
2486 4198 2922 4271 Longobardiam
2949 4197 3155 4253 milites
3183 4197 3351 4252 ducit.
3380 4228 3445 4238 —
3475 4199 3641 4254 Anno
3688 4199 3805 4273 igi-

2149 4294 2249 4347 tur
2276 4289 2461 4346 zetatis
2492 4288 2769 4362 vigesimo
2798 4287 2989 4353 tertio,
3012 4303 3146 4342 cum
3166 4287 3294 4357 jam
3325 4285 3566 4342 alteram
3598 4286 3804 4344 adole-

2151 4379 2381 4437 scentis:
2414 4377 2841 4434 hebdomadam
2894 4376 3100 4432 fuisset
3127 4374 3450 4448 ingressus,
3481 4379 3539 4431 et
3580 4376 3651 4432 ab
3708 4376 3805 4433 in-

2149 4471 2385 4528 carnato
2416 4468 2515 4525 Dei
2568 4466 2754 4523 Patris
2784 4466 2971 4522 Verbo
3012 4466 3168 4532 1025,
3200 4468 3530 4521 excurreret
3577 4481 3801 4536 annus,

376 4550 579 4607 rabilis
609 4551 716 4607 viri
763 4551 898 4624 Apri
945 4551 1267 4620 ccenobitis,
1301 4552 1361 4606 in
1392 4568 1540 4624 quos
1596 4553 2018 4625 procacissimis
2048 4565 2096 4631 1)
2128 4561 2251 4616 vice
2281 4557 2373 4614 sui
2405 4555 2699 4629 pontiﬁcis
2723 4554 3061 4610 Herimanni
3089 4554 3149 4608 in
3170 4553 3535 4626 expeditione
3564 4555 3801 4626 praefati

375 4640 745 4697 adulatorum
777 4644 834 4696 et
865 4640 1193 4697 invidorum
1221 4639 1433 4714 linguae
1455 4657 1634 4714 supra
1659 4643 1899 4698 modum
1931 4643 2017 4698 in-

374 4728 673 4800 stigabant
703 4730 965 4785 animum
1015 4731 1239 4802 praefati
1288 4730 1587 4787 antistitis.
1612 4732 1777 4787 Nunc
1807 4749 1910 4804 pro
1942 4733 2023 4788 eis

374 4832 611 4872 murum
641 4823 844 4887 semet,
888 4825 1175 4892 quantum
1209 4825 1451 4893 poterat,
1485 4823 1831 4893 opponebat,
1868 4839 2022 4878 nunc

374 4905 530 4978 quod
553 4904 742 4961 solum
765 4912 1009 4979 poterat,
1024 4925 1159 4965 cum
1177 4910 1451 4966 ﬂentibus
1475 4910 1666 4965 ﬂebat.
1682 4911 1819 4981 Ejus
1844 4910 2017 4967 etiam

373 4993 672 5051 adnitente
691 4995 1035 5052 auctoritate
1059 5001 1116 5052 et
1135 4997 1442 5067 industria,
1470 4999 1526 5053 in
1550 5003 1729 5067 statu,
1750 5016 1922 5072 quem
1946 5002 2019 5057 ab

371 5083 599 5141 idoneis
629 5088 686 5140 et
714 5083 1006 5156 prioribus
1035 5086 1386 5158 praesulibus
1423 5092 1741 5158 acceperat,
1776 5089 2016 5161 integer-

371 5173 519 5230 rime
547 5175 874 5246 permansit
904 5176 1015 5229 sub
1068 5176 1419 5231 llerimanuo
1470 5177 1757 5232 institutio
1790 5184 1845 5232 et
1874 5197 2015 5251 prse-

370 5262 563 5318 benda
583 5263 883 5331 canonica,
900 5264 1055 5319 intra
1075 5263 1397 5320 beatissimi
1416 5264 1600 5321 levitas
1623 5270 1676 5321 et
1698 5271 2021 5338 protomar«

369 5350 515 5421 tyris
545 5351 823 5424 Stephani
877 5351 1154 5409 claustra.
1183 5352 1398 5408 Verum
1448 5355 1727 5426 quoniam
1761 5378 1788 5406 ‹‹
1821 5356 2016 5412 omnia

369 5441 603 5509 tempus
624 5438 897 5512 habent,»
919 5442 1241 5497 secundum
1275 5443 1428 5514 quod
1461 5443 1763 5515 dispensat
1792 5447 2014 5516 tempo-

370 5524 454 5581 ris
506 5524 802 5596 Conditor,
842 5530 1121 5601 temporis
1171 5546 1396 5603 expers,
1448 5531 1547 5602 qui
1597 5547 1699 5602 per
1745 5533 2012 5603 quaedam

368 5612 559 5671 aliena
587 5630 729 5671 suos
758 5616 1025 5687 perducit
1055 5620 1123 5674 ad
1149 5635 1275 5686 sua,
1301 5617 1509 5673 accidit
1531 5622 1593 5674 ut
1613 5618 1859 5676 eximius
1882 5622 2013 5677 ado-

366 5702 592 5762 lescens
614 5721 648 5762 a
680 5706 1021 5777 parentibus
1051 5711 1106 5763 et
1135 5706 1585 5779 consanguineis
1617 5708 2015 5780 assignaretur

2133 4647 2381 4705 Conradi
2414 4643 2803 4718 imperatoris,
2830 4642 3298 4716 Longobardiam
3321 4646 3377 4698 et
3407 4642 3658 4698 maxime
3692 4659 3802 4700 su-

2134 4755 2238 4811 per
2261 4733 2654 4792 Mediolanum
2680 4737 2817 4788 tunc
2845 4730 3116 4788 rebellem
3145 4730 3459 4804 praeclarus
3481 4731 3678 4788 Bruno
3702 4738 3802 4790 est

2134 4826 2447 4899 profectus,
2487 4821 2712 4879 levitico
2761 4820 2952 4877 ofﬁcio
3001 4820 3340 4894 insignitus.
3374 4820 3637 4892 Namque
3689 4821 3798 4878 illo

2133 4933 2240 4971 suo
2258 4913 2517 4970 antistite
2534 4912 2704 4968 annis
2730 4911 3066 4982 morbisque
3088 4915 3464 4983 praegravata,
3484 4910 3612 4982 ipse
3628 4912 3799 4966 auxi-

2133 5004 2308 5060 liares
2328 5002 2585 5059 militum
2608 5000 2807 5073 cepias
2834 5000 3172 5073 imperatori
3202 4998 3502 5056 venientes
3523 5015 3558 5055 a
3587 4998 3795 5068 Tullo,

2132 5094 2429 5149 ducendas
2478 5095 2536 5145 et
2582 5090 2973 5161 disponendae
3022 5088 3281 5160 suscepit
3335 5092 3457 5144 tam
3512 5088 3792 5158 ejusdem

2127 5183 2384 5254 episcopi
2416 5195 2591 5250 quam
2637 5179 2886 5247 Augusti
2937 5176 3169 5249 placito,
3223 5176 3382 5233 salvo
3433 5180 3628 5232 tamen
3677 5193 3796 5248 per

2126 5270 2326 5327 omnia
2354 5266 2570 5340 proprii
2605 5265 2824 5337 gradus
2869 5269 3257 5321 sacramento.
3292 5266 3356 5322 In
3389 5263 3550 5321 illius
3580 5263 3792 5337 itaque

2127 5355 2423 5414 saecularis
2476 5353 2695 5409 militiae
2743 5352 3141 5425 dispositione,
3179 5354 3263 5410 sic
3312 5357 3550 5427 repente
3596 5369 3791 5426 sagax

2124 5444 2397 5518 apparuit
2426 5448 2481 5498 et
2508 5441 2784 5513 providus
2814 5441 2979 5514 quasi
3005 5441 3345 5514 hujusmodi
3371 5442 3622 5515 negotiis
3650 5445 3791 5499 tan-

2127 5538 2248 5590 tum
2285 5534 2308 5588 Γ
2308 5533 2488 5589 uisset
2514 5530 2799 5585 hactenus
2828 5531 3193 5589 exercitatus.
3224 5532 3553 5588 Metabatur
3581 5534 3789 5587 castra

2123 5622 2268 5692 suis,
2300 5620 2647 5694 disponebat
2676 5619 2956 5677 stationes
2988 5637 3122 5677 cum
3151 5620 3387 5694 vigiliis,
3408 5624 3685 5692 sumptus
3717 5626 3789 5677 et

2121 5711 2414 5785 stipendia
2427 5709 2771 5783 opportunis
2794 5708 3244 5770 administrabat
3265 5710 3326 5768 in
3348 5708 3492 5768 locis
3513 5711 3570 5766 et
3589 5705 3779 5795 heris,
