4102 6174
497 345 618 417 475

1826 351 1914 418 Β.
1961 350 2110 418 LEO
2153 352 2236 416 IX
2279 352 2509 422 PAPA.

3691 331 3695 334 ⁴
3781 348 3898 422 me

501 486 780 545 canonico
811 483 1121 561 suseeptis,
1154 481 1254 559 qui
1285 488 1400 560 pris
1431 482 1524 545 sui
1554 484 1868 544 comitibus
1916 486 2144 545 itineris
2172 489 2228 554 Α
2257 489 2484 563 Moyses
2512 457 2584 548 ad
2619 488 3010 566 principatum
3026 487 3556 549 divinitusvoeatus
3577 496 3896 557 excusat,et

500 577 720 634 alacres
749 582 806 634 et
834 576 1072 652 impigri
1102 581 1469 634 exsecutores
1489 580 1658 634 tanta
1688 575 1939 650 talisque
1954 595 2140 634 caussa

503 667 734 723 fuerant
761 667 1051 740 designati
1084 666 1286 723 aclero
1307 669 1364 722 et
1393 666 1624 739 populis
1648 684 1661 734 ;
1689 666 1939 738 plurimo
1956 667 2139 722 vario-

501 772 615 828 que
647 774 922 813 curarum
945 761 1086 813 zestu
1121 761 1367 828 uterque
1397 754 1776 823 afficiebatur,
1827 755 2143 828 imperator

500 845 724 902 scilicet
756 864 822 901 ac
853 847 1131 902 dominus
1163 847 1357 900 Bruno
1408 845 1598 899 eidem
1630 845 2036 900 charissimus.
2073 846 2141 901 Et

501 933 822 1005 imperator
847 934 1107 1005 quidem,
1137 933 1402 1004 quamvis
1439 933 1717 1004 gauderet
1745 932 2136 1002 dilectionem,

502 1038 681 1092 quam
702 1023 1044 1091 ergaipsum
1065 1021 1451 1076 venerabilem
1475 1022 1806 1076 Brunonem
1838 1038 2059 1078 meram
2083 1027 2141 1078 et

494 1125 834 1181 germanam
867 1109 1062 1164 debito
1091 1109 1391 1165 affinitatis
1410 1109 2140 1182 considerationequestre-

492 1196 734 1252 nuitatis
765 1198 893 1267 ejus
927 1198 1284 1269 possidebat,
1336 1199 1655 1254 multorum
1717 1197 1992 1254 laudibus
2048 1199 2135 1254 vel

489 1285 826 1341 testimonio
859 1287 1256 1342 commendari
1274 1293 1330 1343 et
1347 1288 1677 1360 approbari,
1699 1305 1812 1342 non
1829 1288 2134 1344 mediocri-

489 1375 582 1430 ter
608 1378 803 1430 tamen
839 1376 1316 1444 contristabatur,
1353 1377 1493 1447 quia
1523 1376 1665 1430 illud
1699 1393 1872 1432 suum
1906 1375 2133 1431 deside-

487 1463 786 1536 rium,quo
804 1466 1114 1537 appetebat
1131 1465 1290 1521 illius
1305 1465 1706 1537 temporaliter
1727 1464 2131 1521 sublimiorem

491 1552 862 1625 dignitatem,
891 1553 1179 1609 sentiebat
1208 1555 1536 1626 praepediri.
1556 1555 1825 1610 'l‘imebat
1844 1571 1916 1610 ne
1947 1554 2130 1610 Deum

489 1641 826 1709 offenderet,
852 1642 901 1698 si
933 1642 1202 1699 Ecclesiae
1234 1645 1362 1714 ejus
1386 1648 1503 1699 tam
1527 1643 1790 1699 unanimi
1807 1648 1935 1699 voto
1957 1660 2131 1716 repu-

488 1735 696 1804 gnaret
727 1749 739 1799 ;
772 1731 1026 1799 dolebat,
1060 1731 1107 1787 si
1133 1736 1307 1787 tantae
1340 1746 1600 1804 personae
1633 1749 1734 1804 pro
1766 1733 1992 1788 meritis
2014 1749 2130 1788 non

489 1820 884 1890 responderet.
909 1821 1056 1883 Quid
1090 1820 1184 1875 hic
1216 1820 1419 1876 multis
1434 1821 1663 1877 haereo?
1693 1821 1751 1876 in
1773 1825 1936 1876 tanta
1966 1839 2128 1876 men-

487 1908 564 1964 tis
597 1909 978 1965 ﬂuctuatione
1010 1910 1432 1981 deprehensus,
1466 1927 1569 1982 per
1598 1909 1822 1982 legatos
1863 1928 1896 1964 a
1952 1909 2130 1966 latere

485 2014 594 2054 suo
627 1998 900 2064 directos,
934 1999 1210 2054 omnibus
1241 1999 1492 2071 ingeniis
1523 1999 1657 2054 inde
1679 1999 1804 2069 jam
1839 1999 2127 2070 saepedicti

486 2087 711 2143 domini
745 2087 1036 2143 Brunonis
1059 2087 1438 2143 intentionem
1463 2105 1740 2144 revocare
1754 2092 1842 2143 est
1865 2093 2128 2153 conatus,

485 2177 659 2232 modo
691 2176 1154 2232 conﬂictationes
1184 2176 1566 2232 creberrimas
1597 2181 1771 2247 atque
1813 2175 2128 2249 depopula-

483 2265 677 2322 tiones
705 2264 868 2320 illius
896 2264 1164 2320 Ecclesiae
1196 2265 1729 2334 commemorando,
1752 2271 1806 2320 et
1827 2269 2132 2337 pauperta-

483 2357 601 2410 tem
632 2371 812 2425 supra
832 2355 1072 2410 modum
1097 2355 1530 2426 exaggerando;
1565 2355 1737 2410 modo
1761 2354 1915 2426 quod
1947 2355 2005 2408 in
2033 2370 2129 2409 ex-

484 2443 692 2499 tremis
721 2443 950 2516 imperii
984 2442 1075 2498 sui
1107 2442 1323 2500 finibus
1345 2443 1486 2498 urbs
1507 2442 1607 2498 illa
1630 2443 1835 2514 posita,
1861 2447 1962 2497 aut
1983 2459 2128 2497 nun-

485 2548 687 2604 quam,
711 2537 812 2588 aut
839 2531 1138 2587 rarissime
1161 2531 1548 2586 aestimaretur
1579 2532 1757 2604 digna
1813 2531 2127 2602 imperato-

484 2636 614 2675 rum
645 2620 1166 2686 diversorio;modo
1184 2620 1336 2691 quod
1358 2620 1631 2675 eumdem
1651 2624 1920 2691 nepotem
1950 2635 2124 2674 suum

484 2708 597 2764 sibi
623 2726 724 2781 per
745 2708 942 2764 omnia
964 2708 1381 2764 cbarissimum
1403 2708 1671 2779 nequiret.
1687 2708 1940 2780 perferre
1963 2723 2127 2778 aequo

484 2796 679 2852 animo
710 2797 1034 2870 disgregari
1065 2815 1099 2853 a
1129 2814 1191 2853 se
1219 2801 1384 2852 tanto
1423 2801 1710 2854 terrarum
1743 2796 1950 2868 spatio.
1989 2800 2127 2850 Par-

484 2902 612 2942 cere
668 2885 849 2958 igitur
878 2885 1252 2958 sibimetipsi,
1277 2890 1336 2942 et
1365 2889 1484 2940 tam
1516 2903 1634 2941 sua:
1664 2884 2126 2940 utilitaticonsu-

487 2974 630 3029 leret
655 2981 827 3046 atque
858 2974 1061 3046 quieti,
1103 2991 1279 3046 quam
1317 2974 1658 3030 medullitus
1709 2991 1842 3029 eum
1875 2971 2127 3030 amantis

485 3062 860 3136 imperatoris
889 3063 1174 3120 voluntati
1205 3068 1262 3119 et
1290 3063 1712 3136 perturbationi
1736 3081 1748 3118 :
1781 3062 1975 3134 potius
1997 3078 2126 3116 sur-

481 3151 556 3207 da
585 3169 725 3207 aure
745 3151 878 3208 illos
911 3154 1246 3225 praeteriret,
1281 3152 1377 3225 qui
1401 3169 1570 3209 suam
1597 3153 1860 3225 ipsorum
1879 3150 2127 3206 necessi-

2251 593 2314 635 se
2333 579 2655 652 postposito
2687 581 2869 637 alium
2902 581 3182 654 postulat,
3214 580 3456 636 dicendo
3482 596 3494 635 :
3530 579 3885 646 0bsecro,Do-

2249 670 2418 735 mine,
2449 671 2606 725 mitte
2632 686 2787 742 quem
2818 673 3082 726 missurus
3111 687 3167 727 es
3206 670 3395 742 (Exod.
3449 688 3528 733 Iv,
3561 670 3660 737 13;
3719 675 3893 740 atque

2250 757 2432 812 Isaias
2443 758 2510 812 ad
2533 757 2815 815 nuditatis
2848 759 3231 832 ignominiam
3251 758 3750 830 multiplicemque
3764 775 3894 830 pas-

2246 845 2490 911 sionem,
2525 863 2630 902 nec
2661 847 3005 903 nominatim
3036 849 3398 921 designatus,
3423 845 3575 902 ultro
3597 846 3891 918 seingerit

2247 935 2696 1007 proclamando:
2756 937 2886 991 Ecce
2913 952 3006 1007 ego
3033 940 3188 992 mitte
3238 952 3326 992 me
3380 936 3488 1007 (lsa
3543 952 3620 1000 vr,
3652 937 3728 1005 8).
3785 935 3888 992 His

2245 1039 2380 1095 ergo
2411 1028 2468 1080 et
2497 1024 2629 1081 aliis
2671 1025 2958 1082 virtutum
2995 1025 3390 1082 incitamentis
3440 1039 3779 1089 succensus,
3831 1027 3888 1079 et

2243 1112 2367 1168 oleo
2399 1113 2604 1168 divinae
2635 1113 2834 1187 gratiae
2854 1113 3132 1187 repletus,
3157 1119 3329 1171 rectae
3351 1113 3692 1170 intentionis
3717 1113 3884 1168 ﬂam-

2245 1217 2402 1257 mam
2435 1206 2594 1257 tanto
2625 1203 2938 1275 spargebat
2965 1203 3236 1272 alacrius,
3264 1207 3480 1275 quanto
3502 1203 3739 1259 ﬂatibus
3759 1219 3882 1258 car-

2243 1289 2466 1346 nalium
2501 1291 2871 1348 atl‘ectionum
2902 1291 3315 1364 impellebatur
3333 1292 3547 1348 acrius.
3567 1291 3883 1362 Fiebatque

2243 1383 2308 1435 ut
2335 1379 2433 1434 illa
2464 1379 2823 1437 dissuasorie
2851 1398 2994 1436 aura
3023 1399 3057 1436 a
3083 1380 3308 1438 Cessare
3355 1383 3597 1436 veniens
3647 1384 3705 1436 et
3753 1381 3883 1451 ejus

2241 1468 2377 1524 aula
2406 1469 2593 1542 magis
2623 1475 3028 1542 augmentaret
3045 1475 3103 1526 et
3121 1471 3655 1542 confoveret,quam
3679 1485 3883 1525 conso-

2239 1557 2389 1630 piret
2417 1564 2519 1614 aut
2542 1559 2936 1631 exstingueret
2953 1560 3148 1633 ignem
3175 1560 3355 1615 divini
3381 1559 3648 1615 sacrificii
3667 1560 3881 1615 devotis

2239 1647 2455 1703 mentis
2483 1647 2545 1703 in
2577 1665 2695 1704 ara.
2730 1648 2928 1720 Itaque
2948 1647 3109 1704 illam
3162 1649 3315 1704 beati
3345 1649 3497 1704 Petri
3530 1647 3880 1704 sententiam

2239 1753 2355 1808 qua
2387 1736 2564 1792 dicit:
2598 1739 2991 1794 Humiliamini
3043 1739 3140 1794 sub
3193 1741 3403 1810 potenti
3449 1755 3622 1793 manu
3651 1738 3770 1805 Dei,
3820 1741 3882 1792 ut

2236 1842 2328 1882 vos
2359 1827 2562 1882 exultet
2619 1828 2680 1882 in
2731 1830 2969 1898 tempore
3022 1827 3361 1883 uisitationis
3414 1827 3458 1898 (l
3501 1828 3647 1882 Patr.
3696 1843 3750 1892 v,
3782 1825 3882 1897 6);

2240 1919 2553 1988 graganter
2607 1915 2928 1986 amplexus,
2983 1915 3268 1987 disruptis
3314 1919 3531 1970 cunctae
3576 1913 3883 1970 dilationis

2239 2003 2504 2071 nexibus,
2531 2003 2869 2075 imperatori
2891 2003 3084 2059 adhuc
3105 2003 3466 2059 dissuadenti
3480 2001 3681 2058 obtulit
3703 2001 3884 2074 sylla-

2238 2093 2344 2148 bas
2376 2091 2588 2147 missas
2621 2091 2730 2146 sibi
2765 2109 2799 2146 a
2828 2091 2979 2147 clero
3005 2109 3034 2148 e
3067 2091 3359 2164 plebibus,
3383 2091 3636 2164 ingenua
3653 2095 3878 2159 tamen,

2241 2185 2306 2236 ut
2335 2181 2415 2236 ita
2435 2181 2625 2235 dicam
2654 2180 2912 2252 virgineo
2943 2181 3162 2252 pudore
3191 2197 3292 2236 ora
3313 2181 3594 2237 suffusus.
3627 2179 3876 2250 Apicum

2239 2273 2434 2325 autem
2465 2273 2664 2324 tenore
2695 2268 3029 2324 clarisimus
3059 2269 3329 2341 princeps
3358 2269 3622 2338 edoctus,
3675 2268 3746 2322 ad
3794 2266 3878 2322 la-

2239 2374 2468 2430 crymas
2491 2361 2584 2413 est
2613 2361 2937 2428 permotus,
2969 2361 3028 2412 et
3087 2357 3400 2413 uberrimis
3445 2357 3680 2413 ﬂetibus
3720 2360 3878 2411 atte-

2238 2445 2553 2514 stantibus,
2586 2445 2945 2502 extrinsecus
2966 2445 3158 2517 palam
3177 2445 3309 2502 fecit
3331 2446 3533 2518 quanti
3550 2461 3682 2500 eum
3707 2443 3881 2500 hahe-

2237 2539 2326 2590 ret
2346 2535 2973 2596 intrinsecus,Demum
2989 2533 3290 2606 aliquanto
3307 2534 3609 2606 interjecto
3622 2533 3877 2600 silentio,

2236 2621 2499 2695 linguam
2533 2622 2748 2678 famine
2778 2622 3022 2679 solvitin
3048 2623 3162 2680 isto
3193 2643 3206 2680 :
3241 2648 3267 2673 «
3303 2625 3493 2680 Meam
3524 2621 3879 2678 sententiam

2238 2727 2415 2783 super
2441 2711 2662 2767 honore
2691 2716 2813 2779 tuo,
2845 2711 3185 2768 dulcissime
3231 2712 3313 2768 mi
3343 2729 3545 2785 nepos,
3591 2712 3720 2782 jam
3774 2709 3880 2764 diu

2239 2799 2642 2865 deliberatam,
2691 2816 2948 2872 superna
2974 2801 3141 2856 video
3174 2801 3464 2856 sententia
3518 2797 3881 2871 impugnari,
3939 2831 3950 2838 -

2237 2884 2354 2941 imo
2377 2886 2726 2958 expugnari;
2749 2885 2844 2942 cui
2865 2903 3040 2959 cogor
3059 2903 3272 2942 manus
3288 2887 3502 2954 dando,
3525 2887 3675 2943 sicut
3695 2886 3880 2942 debeo

2237 2975 2566 3047 suffragari,
2593 2975 2872 3047 quoniam
2904 2993 3020 3031 non
3042 2976 3167 3032 sine
3188 2977 3442 3049 pernicie
3464 2981 3728 3032 nostrum
3752 2991 3878 3030 am-

2236 3063 2447 3118 borum
2476 3067 2532 3119 et
2560 3063 2879 3120 multorum
2910 3081 3151 3136 possum
3175 3065 3393 3121 diutius
3416 3064 3714 3136 refragari.
3752 3063 3878 3119 Pie-

2236 3155 2328 3206 tas
2359 3151 2785 3224 Omnipotentis
2798 3153 2924 3223 jam
2955 3169 3112 3209 nunc
3143 3154 3250 3210 tibi
3281 3154 3339 3209 in
3371 3154 3480 3209 hoc
3511 3153 3684 3220 adsit,
3746 3169 3878 3223 quas

483 3243 664 3297 tatem
697 3259 795 3297 seu
830 3223 1314 3311 consolationem,
1332 3258 1509 3312 quam
1533 3223 1659 3311 ejus
1680 3241 1929 3296 salutem
1953 3244 2010 3295 et
2027 3238 2124 3292 bo-
2154 3223 2197 3289 Ο
2236 3239 2375 3312 quid
2426 3223 2696 3296 ambolus
2727 3240 2895 3297 nobis
2939 3245 2995 3297 et
3023 3243 3299 3298 omnibus
3357 3242 3624 3314 expediat
3683 3241 3878 3313 magis

481 3347 683 3386 norem
707 3330 896 3402 pluris
928 3332 1248 3402 penderent
1273 3349 1284 3397 ;
1312 3330 1562 3384 maxime
1591 3330 1685 3384 cui
1744 3331 1868 3400 ipse
1923 3325 2120 3383 condi-

481 3435 656 3492 gnam
688 3437 795 3476 suo
822 3419 1018 3491 generi
1052 3435 1117 3474 ac
1177 3418 1382 3473 merito
1435 3417 1782 3487 dignitatem
1838 3417 2124 3472 instanter

481 3508 837 3580 praevideret.
877 3508 1069 3562 Verum
1099 3509 1228 3578 quia
1257 3505 1430 3560 multa
1457 3506 1689 3560 consilia
1719 3507 1780 3560 in
1809 3505 1964 3560 corde
1991 3504 2118 3569 viri,

477 3597 730 3652 voluntas
754 3603 935 3649 autem
969 3594 1196 3648 Domini
1223 3593 1333 3661 ﬁet.
1367 3592 1549 3661 (Prov.
1582 3609 1698 3659 XIX,
1731 3592 1916 3661 21,)ut
1957 3589 2118 3646 Salo-

479 3669 626 3740 mon.
650 3685 749 3752 ait,
803 3683 971 3755 longe
1029 3680 1196 3736 aliter
1251 3679 1583 3734 afﬁciebant
1641 3679 1944 3735 subditum
2002 3681 2118 3734 Deo

481 3775 747 3830 animum
780 3770 1074 3826 reverendi
1102 3766 1388 3823 Brunonis
1421 3767 1724 3823 destinatae
1753 3767 1839 3823 illi
1884 3768 2121 3841 syllaba

480 3864 552 3917 ab
572 3858 834 3916 Ecclesiae
855 3857 1084 3929 populis
1108 3874 1121 3913 :
1139 3873 1387 3929 quorum
1405 3856 1668 3912 unanimi
1684 3857 1960 3912 ethumili
1980 3858 2122 3912 invi-

477 3948 696 4002 tatione
728 3946 1016 4001 sentiebat
1045 3961 1108 4002 se
1138 3947 1209 4001 ad
1231 3944 1477 4000 humilia
1502 3945 1732 4000 invitari
1757 3947 1828 4001 ab
1854 3947 1978 4018 ipso
1997 3963 2120 4002 ma-

478 4034 659 4106 gistro
689 4033 1064 4103 humilitatis,
1084 4035 1186 4106 qui
1208 4035 1325 4090 Rex
1347 4033 1653 4089 hominum
1667 4035 1788 4090 ﬁeri
1813 4037 2044 4108 refugit,
2067 4041 2124 4092 et

477 4121 629 4178 ultro
661 4122 730 4178 ad
764 4139 996 4178 crucem
1027 4123 1206 4188 venit,
1234 4139 1339 4176 nec
1372 4122 1684 4176 immemor
1716 4123 1872 4178 illius
1911 4125 1988 4195 (9)
2029 4125 2121 4180 sui

479 4211 691 4284 prioris
729 4212 1029 4283 propositi,
1063 4229 1179 4283 quo
1197 4209 1689 4282 malebatjugiter
1707 4212 1866 4266 omni
1891 4211 2122 4268 humili-

477 4299 849 4366 tate,vilitate
877 4307 934 4356 et
962 4300 1326 4355 extremitate
1349 4303 1654 4354 contentus
1674 4299 1901 4356 Christo
1933 4303 2121 4358 famu-

477 4387 606 4456 lari,
639 4403 815 4458 quam
850 4386 1249 4458 temporaliter
1276 4403 1410 4441 cum
1443 4383 1638 4458 aliqua
1659 4388 1990 4460 corruptela
2032 4391 2121 4445 in-

475 4481 650 4550 tegrae
678 4477 947 4532 conscien
959 4476 1130 4542 tiae,id
1147 4481 1235 4531 est
1248 4474 1452 4547 quavis
1466 4474 1773 4531 venalitate
1790 4477 2120 4549 sublimari,

2230 3331 2405 3386 novit.
2436 3331 2577 3386 Mihi
2606 3347 2742 3403 ergo
2759 3332 2885 3401 jam
2918 3330 3078 3400 libet,
3112 3334 3267 3405 quod
3325 3334 3540 3389 evitare
3568 3349 3685 3388 non
3717 3332 3873 3387 licet.

2230 3418 2315 3473 Tu
2349 3423 2543 3474 tamen
2575 3419 2764 3491 gratia
2793 3420 2894 3476 Dei
2915 3425 3245 3488 contentus,
3298 3439 3414 3494 qua
3469 3421 3590 3477 sola
3617 3420 3875 3476 crederis

2229 3508 2300 3564 ad
2331 3506 2489 3562 illius
2512 3506 2780 3563 Ecclesiae
2811 3508 3066 3580 regimen
3100 3509 3441 3580 prmelectus
3471 3508 3629 3564 nullo
3657 3507 3877 3564 venali-

2225 3594 2364 3650 tatis
2397 3595 2590 3660 modo,
2623 3611 2727 3651 nec
2757 3595 2948 3667 ipsius
2963 3597 3232 3670 conjugis
3255 3615 3413 3664 mea,
3462 3614 3566 3653 nec
3614 3596 3880 3666 cuiusvis

2230 3682 2564 3738 mortalium
2596 3687 2708 3737 tua:
2741 3683 2891 3755 parti
2924 3685 3198 3741 concilies
3229 3687 3491 3754 affectus,
3526 3703 3598 3742 ne
3629 3685 3768 3740 hinc
3810 3702 3882 3740 ex

2227 3775 2286 3826 te
2309 3789 2410 3843 per
2438 3788 2641 3828 omnes
2670 3771 2775 3827 tibi
2807 3774 3128 3829 credendas
3161 3791 3296 3830 oves
3327 3779 3522 3847 serpat
3563 3775 3741 3846 hujus
3802 3774 3880 3829 si-

2231 3859 2509 3914 moniacis
2543 3859 2725 3931 pestis
2781 3877 3002 3917 naevus.
3066 3862 3271 3918 Procul
3330 3863 3510 3918 dubio
3559 3863 3715 3918 enim
3779 3861 3883 3934 qui

2229 3949 2403 4020 cmpit
2431 3947 2491 4002 in
2521 3952 2577 4004 te
2607 3948 2828 4004 bonum
2861 3967 3030 4022 opus,
3063 3951 3322 4022 perficiet
3351 3951 3739 4023 'quantocius.
3820 3953 3884 4006 In

2231 4036 2422 4109 ipsius
2452 4037 2706 4109 gratuita
2763 4039 2976 4109 pietate
3022 4044 3190 4094 tuum
3216 4041 3377 4110 jacta
3421 4041 3743 4114 cogitatum
3782 4082 3797 4107 ,
3832 4047 3890 4095 et

2229 4125 2356 4197 ipse
2385 4129 2439 4180 te
2465 4125 2736 4194 enutriet,
2793 4127 3119 4183 secundum
3149 4129 3473 4185 veridicum
3521 4146 3641 4185 sua:
3671 4128 3887 4184 divinae

2230 4213 2530 4270 sententiae
2561 4214 2939 4286 promissum.
2974 4217 3055 4272 De
3082 4218 3266 4273 nostri
3298 4224 3491 4274 autem
3537 4216 3768 4274 Consilii
3830 4220 3892 4272 et

2222 4301 2547 4374 juvaminis
2577 4303 2804 4370 solatio,
2833 4305 3266 4375 quantumlibet
3295 4305 3433 4363 illuc
3483 4308 3579 4373 sit,
3637 4321 3710 4362 ne
3772 4307 3887 4361 tias

2230 4389 2350 4446 ullo
2377 4391 2551 4447 modo
2572 4391 2787 4448 dubius
2812 4409 2826 4461 ;
2860 4392 2999 4466 quia
3027 4411 3207 4466 super
3222 4412 3426 4452 omnes
3447 4396 3529 4451 tui
3553 4396 3886 4463 ordinis,de

2230 4483 2334 4534 tua
2364 4495 2424 4534 re
2462 4480 2859 4552 prosperanda
2910 4499 3142 4554 semper
3183 4501 3279 4540 ero
3338 4483 3644 4552 sollicitus,
3699 4500 3886 4556 quem

476 4581 654 4654 quam
685 4564 1001 4620 trimodam
1033 4567 1395 4654 compererat
1422 4562 1598 4654 dictis
1628 4563 1784 4620 beati
1836 4565 2118 4639 Gregorii,
2155 4590 2198 4654 D
2230 4567 2400 4624 nobis
2424 4569 2798 4624 commendat
2827 4574 2884 4624 et
2911 4570 3244 4628 indefessus
3273 4572 3438 4630 labor
3493 4573 3682 4628 fidelis
3739 4588 3888 4646 erga

476 4653 700 4709 scilicet
730 4670 764 4708 a
796 4670 997 4721 manu,
1031 4654 1102 4708 ab
1135 4652 1476 4726 obsequio,a
1505 4651 1716 4708 favore.
1774 4655 1870 4710 His
1920 4657 2121 4727 utique
2155 4651 2187 4654 “
2232 4673 2340 4713 nos
2370 4656 2725 4723 serviminis,
2747 4661 2805 4714 et
2834 4661 3308 4732 consanguineus
3337 4662 3582 4718 invicem
3631 4661 3890 4718 affectus

474 4743 666 4796 tribus
680 4741 1049 4813 pedissequis
1062 4758 1156 4797 am
1165 4741 1384 4796 bitiosae
1397 4741 1727 4797 venalitatis
1751 4743 2120 4800 animadver-

473 4834 605 4884 tens
623 4828 1051 4886 ecclesiasticas
1063 4831 1378 4901 dignitates
1395 4829 1572 4885 nimis
1591 4831 1867 4885 confundi
1892 4849 1958 4887 ac
1980 4837 2119 4888 sub-

476 4917 590 4983 rui,
624 4932 728 4971 nec
758 4916 924 4972 facile
943 4917 1199 4990 aliquem
1217 4919 1288 4972 ab
1303 4916 1764 4990 aliquaistarum
1793 4919 2118 4979 immunem

478 5004 891 5078 reperiri,nihil
908 5006 1016 5061 sibi
1039 5007 1222 5063 tutius
1236 5007 1355 5062 fore
1374 5006 1824 5079 credidit,quam
1851 5010 2117 5081 populari

478 5093 745 5150 electioni
768 5094 840 5150 ad
868 5094 1118 5152 humilia
1147 5113 1210 5152 se
1239 5095 1328 5151 vel
1341 5095 1904 5152 adversaattrahenti
1927 5115 2123 5155 assen-

476 5182 594 5248 tiri,
629 5186 687 5238 et
709 5183 998 5254 imperiali
1020 5183 1380 5256 suggestioni
1405 5183 1475 5238 ad
1502 5201 1714 5255 magna
1735 5185 1821 5241 vel
1845 5203 2123 5260 prospera

475 5271 742 5327 incitanti
759 5271 1322 5344 reluctari.Denique
1339 5271 1637 5328 laudabile
1650 5278 1738 5329 est
1761 5291 2120 5349 quamquam

479 5377 584 5432 pro
617 5366 727 5416 Deo
759 5378 1040 5434 prospera
1067 5361 1357 5416 declinare
1384 5378 1396 5415 :
1432 5362 1534 5416 sed
1559 5361 1742 5416 multo
1765 5361 2123 5422 laudabilius

479 5455 704 5503 constat
734 5451 994 5506 adversis
1027 5468 1088 5506 se
1132 5456 1338 5522 sponte
1395 5449 1772 5506 offerre.Hiuc
1829 5457 1919 5508 est
1967 5456 2121 5527 quod

2230 4746 2395 4802 avius
2427 4746 2903 4818 propinquitatis.
2935 4749 3189 4805 Tantum
3221 4755 3420 4825 satage
3478 4751 3890 4824 ()mnipotenti

2229 4833 2481 4890 fideliter
2508 4834 2817 4905 deservire,
2863 4841 2922 4891 et
2971 4836 3261 4895 bonorum
3309 4857 3540 4897 morum
3595 4839 3894 4905 indolem,

2230 4941 2357 4996 quis
2387 4923 2446 4978 in
2473 4927 2528 4979 te
2559 4940 2594 4979 a
2622 4924 2932 4982 cunabulis
2963 4933 3072 4996 est,
3116 4931 3358 4987 studeas
3416 4934 3830 5003 augmentare.
3862 4952 3884 4978 ι

2229 5012 2332 5068 His
2361 5011 2608 5082 aliisque
2647 5013 2841 5070 verbis
2872 5031 2906 5070 a
2963 5017 3143 5090 regali
3201 5018 3510 5075 dulcedine
3561 5019 3896 5075 roboratus

2228 5099 2580 5157 venerabilis
2609 5099 2824 5167 Bruno,
2879 5110 3086 5176 sponte
3132 5106 3421 5164 laborioso
3479 5124 3541 5164 se
3597 5107 3902 5164 submisit

2230 5188 2391 5244 oneri
2420 5187 2481 5242 in
2511 5187 2634 5244 solo
2661 5189 2806 5247 fisus
2831 5191 3097 5264 Domino,
3133 5196 3350 5270 quippe
3390 5195 3490 5268 qui
3523 5201 3766 5252 noverat
3831 5211 3903 5252 se

2233 5295 2346 5333 non
2375 5277 2567 5334 vocari
2590 5278 2662 5334 ad
2693 5281 3096 5354 prosperitatis
3119 5285 3352 5356 gaudia,
3384 5285 3485 5342 sed
3509 5285 3580 5341 ad
3609 5284 3899 5357 gravium

2231 5366 2499 5423 laborum
2532 5369 2910 5440 perpetienda
2940 5371 3222 5442 pericula.

2303 5455 2369 5510 X.
2404 5460 2488 5511 Ea:
2516 5458 2678 5513 Italia
2707 5458 2962 5515 discedit.
2984 5461 3461 5533 Langobardorum
3487 5462 3725 5519 insidias
3751 5479 3905 5518 θυα-

550 5553 735 5635 (9),Εχ
758 5558 959 5641 verbis.
992 5561 1398 5630 sequentibus,
1428 5572 1458 5610 e
1487 5556 1698 5628 regula:
1729 5559 2115 5619 Benedictinae
2155 5564 2343 5639 capite
2369 5564 2426 5632 7,
2460 5564 2811 5638 desumptis,
2851 5566 3148 5641 designari
3181 5570 3409 5628 videtur
3445 5569 3785 5627 monastica
3832 5572 3905 5627 S.

478 5626 687 5682 Leonis
716 5628 1020 5698 professio.
