  <div class='ocr_page' id='page_1' title='image "/cluster/home/n/w/nwhite01/storage/ocr_20150623/143/hvd.32044054760038/248.png"; bbox 0 0 4102 6174; ppageno 0'>
   <div class='ocr_carea' id='block_1_1' title="bbox 262 307 377 370">
    <p class='ocr_par' dir='ltr' id='par_1_1' title="bbox 262 307 377 370">
     <span class='ocr_line' id='line_1_1' title="bbox 262 307 377 370; baseline -0.009 0"><span class='ocrx_word' id='word_1_1' title='bbox 262 307 377 370; x_wconf 73' lang='grc'><strong>481</strong></span> 
     </span>
    </p>
   </div>
   <div class='ocr_carea' id='block_1_2' title="bbox 1221 309 2715 381">
    <p class='ocr_par' dir='ltr' id='par_1_2' title="bbox 1221 309 2715 381">
     <span class='ocr_line' id='line_1_2' title="bbox 1221 309 2715 381; baseline 0.003 -6"><span class='ocrx_word' id='word_1_2' title='bbox 1221 311 1554 378; x_wconf 82' lang='lat' dir='ltr'><strong>PROLEG.</strong></span> <span class='ocrx_word' id='word_1_3' title='bbox 1584 313 1664 362; x_wconf 72' lang='grc' dir='ltr'><strong>-ἒ-</strong></span> <span class='ocrx_word' id='word_1_4' title='bbox 1691 309 1871 378; x_wconf 75' lang='grc' dir='ltr'><strong>νιΤΑ</strong></span> <span class='ocrx_word' id='word_1_5' title='bbox 1913 314 1980 377; x_wconf 89' lang='lat' dir='ltr'><strong>S.</strong></span> <span class='ocrx_word' id='word_1_6' title='bbox 2026 313 2332 378; x_wconf 86' lang='lat' dir='ltr'><strong>LEONIS.</strong></span> <span class='ocrx_word' id='word_1_7' title='bbox 2367 348 2444 364; x_wconf 91' lang='lat'>—</span> <span class='ocrx_word' id='word_1_8' title='bbox 2470 317 2619 380; x_wconf 89' lang='lat' dir='ltr'><strong>LIB.</strong></span> <span class='ocrx_word' id='word_1_9' title='bbox 2669 314 2715 381; x_wconf 91' lang='grc' dir='ltr'><strong>Ι.</strong></span> 
     </span>
    </p>
   </div>
   <div class='ocr_carea' id='block_1_3' title="bbox 3549 293 3671 400">
    <p class='ocr_par' dir='ltr' id='par_1_3' title="bbox 3549 293 3671 400">
     <span class='ocr_line' id='line_1_3' title="bbox 3549 293 3671 400; baseline 0.016 -2"><span class='ocrx_word' id='word_1_10' title='bbox 3549 293 3671 400; x_wconf 62' lang='lat' dir='ltr'><strong>ise</strong></span> 
     </span>
    </p>
   </div>
   <div class='ocr_carea' id='block_1_4' title="bbox 263 443 3668 540">
    <p class='ocr_par' dir='ltr' id='par_1_4' title="bbox 263 443 3668 540">
     <span class='ocr_line' id='line_1_4' title="bbox 263 443 3668 540; baseline 0.008 -42"><span class='ocrx_word' id='word_1_11' title='bbox 263 443 534 498; x_wconf 80' lang='lat' dir='ltr'><strong>devotam</strong></span> <span class='ocrx_word' id='word_1_12' title='bbox 556 443 1076 503; x_wconf 77' lang='lat' dir='ltr'><strong>sanctimonalium</strong></span> <span class='ocrx_word' id='word_1_13' title='bbox 1091 447 1399 504; x_wconf 82' lang='lat' dir='ltr'><strong>constituit</strong></span> <span class='ocrx_word' id='word_1_14' title='bbox 1411 446 1916 520; x_wconf 79' lang='lat' dir='ltr'><strong>congregationem</strong></span> <span class='ocrx_word' id='word_1_15' title='bbox 1949 448 2002 516; x_wconf 82' lang='grc' dir='ltr'>Α</span> <span class='ocrx_word' id='word_1_16' title='bbox 2034 448 2162 516; x_wconf 80' lang='lat' dir='ltr'><strong>ejus</strong></span> <span class='ocrx_word' id='word_1_17' title='bbox 2188 448 2289 520; x_wconf 67' lang='lat' dir='ltr'><strong>pia?</strong></span> <span class='ocrx_word' id='word_1_18' title='bbox 2314 449 2574 522; x_wconf 85' lang='lat' dir='ltr'><strong>religioni</strong></span> <span class='ocrx_word' id='word_1_19' title='bbox 2600 453 2791 509; x_wconf 90' lang='lat' dir='ltr'><strong>modis</strong></span> <span class='ocrx_word' id='word_1_20' title='bbox 2813 455 3090 514; x_wconf 92' lang='lat' dir='ltr'><strong>omnibus</strong></span> <span class='ocrx_word' id='word_1_21' title='bbox 3120 464 3403 521; x_wconf 81' lang='lat' dir='ltr'><strong>contraire</strong></span> <span class='ocrx_word' id='word_1_22' title='bbox 3421 468 3627 525; x_wconf 83' lang='lat' dir='ltr'><strong>nititur</strong></span> <span class='ocrx_word' id='word_1_23' title='bbox 3655 491 3668 540; x_wconf 89' lang='lat'><strong>;</strong></span> 
     </span>
    </p>
   </div>
   <div class='ocr_carea' id='block_1_5' title="bbox 265 529 1916 607">
    <p class='ocr_par' dir='ltr' id='par_1_5' title="bbox 265 529 1916 607">
     <span class='ocr_line' id='line_1_5' title="bbox 265 529 1916 607; baseline 0.002 -22"><span class='ocrx_word' id='word_1_24' title='bbox 265 535 443 602; x_wconf 91' lang='lat' dir='ltr'><strong>atque</strong></span> <span class='ocrx_word' id='word_1_25' title='bbox 465 529 680 586; x_wconf 87' lang='lat' dir='ltr'><strong>nobilis</strong></span> <span class='ocrx_word' id='word_1_26' title='bbox 701 533 938 604; x_wconf 81' lang='lat' dir='ltr'><strong>generis</strong></span> <span class='ocrx_word' id='word_1_27' title='bbox 957 535 1203 607; x_wconf 70' lang='lat' dir='ltr'><strong>vitaeque</strong></span> <span class='ocrx_word' id='word_1_28' title='bbox 1241 535 1554 591; x_wconf 80' lang='lat' dir='ltr'><strong>laudabilis</strong></span> <span class='ocrx_word' id='word_1_29' title='bbox 1578 535 1916 607; x_wconf 83' lang='lat' dir='ltr'><strong>quamdam,</strong></span> 
     </span>
    </p>
   </div>
   <div class='ocr_carea' id='block_1_6' title="bbox 262 619 1919 692">
    <p class='ocr_par' dir='ltr' id='par_1_6' title="bbox 262 619 1919 692">
     <span class='ocr_line' id='line_1_6' title="bbox 262 619 1919 692; baseline 0.002 -18"><span class='ocrx_word' id='word_1_30' title='bbox 262 619 504 675; x_wconf 86' lang='lat' dir='ltr'><strong>nomine</strong></span> <span class='ocrx_word' id='word_1_31' title='bbox 526 619 879 676; x_wconf 90' lang='lat' dir='ltr'><strong>Berrennam</strong></span> <span class='ocrx_word' id='word_1_32' title='bbox 900 623 1032 692; x_wconf 81' lang='lat'><strong>(20),</strong></span> <span class='ocrx_word' id='word_1_33' title='bbox 1054 623 1166 692; x_wconf 86' lang='lat' dir='ltr'><strong>ipsi</strong></span> <span class='ocrx_word' id='word_1_34' title='bbox 1207 624 1377 680; x_wconf 84' lang='lat' dir='ltr'><strong>ccetui</strong></span> <span class='ocrx_word' id='word_1_35' title='bbox 1408 630 1653 680; x_wconf 84' lang='lat' dir='ltr'><strong>matrem</strong></span> <span class='ocrx_word' id='word_1_36' title='bbox 1685 623 1919 679; x_wconf 89' lang='lat' dir='ltr'><strong>ordina-</strong></span> 
     </span>
    </p>
   </div>
   <div class='ocr_carea' id='block_1_7' title="bbox 259 707 1918 780">
    <p class='ocr_par' dir='ltr' id='par_1_7' title="bbox 259 707 1918 780">
     <span class='ocr_line' id='line_1_7' title="bbox 259 707 1918 780; baseline 0.004 -19"><span class='ocrx_word' id='word_1_37' title='bbox 259 708 382 773; x_wconf 85' lang='lat' dir='ltr'><strong>vit;</strong></span> <span class='ocrx_word' id='word_1_38' title='bbox 419 709 588 780; x_wconf 88' lang='lat' dir='ltr'><strong>cujus</strong></span> <span class='ocrx_word' id='word_1_39' title='bbox 619 707 862 765; x_wconf 85' lang='lat' dir='ltr'><strong>instanti</strong></span> <span class='ocrx_word' id='word_1_40' title='bbox 894 710 1286 768; x_wconf 88' lang='lat' dir='ltr'><strong>sollicitudine</strong></span> <span class='ocrx_word' id='word_1_41' title='bbox 1333 713 1513 768; x_wconf 88' lang='lat' dir='ltr'><strong>divini</strong></span> <span class='ocrx_word' id='word_1_42' title='bbox 1562 713 1752 768; x_wconf 81' lang='lat' dir='ltr'><strong>fervor</strong></span> <span class='ocrx_word' id='word_1_43' title='bbox 1793 729 1918 768; x_wconf 88' lang='lat' dir='ltr'><strong>ser-</strong></span> 
     </span>
    </p>
   </div>
   <div class='ocr_carea' id='block_1_8' title="bbox 257 796 1919 874">
    <p class='ocr_par' dir='ltr' id='par_1_8' title="bbox 257 796 1919 874">
     <span class='ocr_line' id='line_1_8' title="bbox 257 796 1919 874; baseline 0.003 -24"><span class='ocrx_word' id='word_1_44' title='bbox 257 797 386 851; x_wconf 91' lang='lat' dir='ltr'><strong>vitii</strong></span> <span class='ocrx_word' id='word_1_45' title='bbox 421 796 638 853; x_wconf 87' lang='lat' dir='ltr'><strong>ibidem</strong></span> <span class='ocrx_word' id='word_1_46' title='bbox 669 799 1029 856; x_wconf 79' lang='lat' dir='ltr'><strong>ﬂorescendo</strong></span> <span class='ocrx_word' id='word_1_47' title='bbox 1049 801 1247 869; x_wconf 87' lang='lat' dir='ltr'><strong>crevit,</strong></span> <span class='ocrx_word' id='word_1_48' title='bbox 1271 806 1346 870; x_wconf 92' lang='lat' dir='ltr'><strong>et,</strong></span> <span class='ocrx_word' id='word_1_49' title='bbox 1371 800 1566 857; x_wconf 91' lang='lat' dir='ltr'><strong>divina</strong></span> <span class='ocrx_word' id='word_1_50' title='bbox 1592 799 1919 874; x_wconf 81' lang='lat' dir='ltr'><strong>opitulante</strong></span> 
     </span>
    </p>
   </div>
   <div class='ocr_carea' id='block_1_9' title="bbox 257 883 1916 960">
    <p class='ocr_par' dir='ltr' id='par_1_9' title="bbox 257 883 1916 960">
     <span class='ocr_line' id='line_1_9' title="bbox 257 883 1916 960; baseline 0.003 -20"><span class='ocrx_word' id='word_1_51' title='bbox 257 885 474 957; x_wconf 88' lang='lat' dir='ltr'><strong>gratia,</strong></span> <span class='ocrx_word' id='word_1_52' title='bbox 501 883 560 939; x_wconf 92' lang='lat' dir='ltr'><strong>in</strong></span> <span class='ocrx_word' id='word_1_53' title='bbox 583 885 789 958; x_wconf 89' lang='lat' dir='ltr'><strong>longas</strong></span> <span class='ocrx_word' id='word_1_54' title='bbox 813 891 943 958; x_wconf 88' lang='lat' dir='ltr'><strong>post</strong></span> <span class='ocrx_word' id='word_1_55' title='bbox 971 889 1378 960; x_wconf 84' lang='lat' dir='ltr'><strong>generationes</strong></span> <span class='ocrx_word' id='word_1_56' title='bbox 1407 889 1719 946; x_wconf 90' lang='lat' dir='ltr'><strong>crescendo</strong></span> <span class='ocrx_word' id='word_1_57' title='bbox 1751 889 1916 945; x_wconf 84' lang='lat' dir='ltr'><strong>flore-</strong></span> 
     </span>
    </p>
   </div>
   <div class='ocr_carea' id='block_1_10' title="bbox 258 973 1916 1046">
    <p class='ocr_par' dir='ltr' id='par_1_10' title="bbox 258 973 1916 1046">
     <span class='ocr_line' id='line_1_10' title="bbox 258 973 1916 1046; baseline 0.005 -18"><span class='ocrx_word' id='word_1_58' title='bbox 258 973 365 1028; x_wconf 89' lang='lat' dir='ltr'><strong>bit.</strong></span> <span class='ocrx_word' id='word_1_59' title='bbox 400 975 592 1030; x_wconf 90' lang='lat' dir='ltr'><strong>Inerat</strong></span> <span class='ocrx_word' id='word_1_60' title='bbox 622 990 856 1046; x_wconf 84' lang='lat' dir='ltr'><strong>quoque</strong></span> <span class='ocrx_word' id='word_1_61' title='bbox 883 975 935 1031; x_wconf 91' lang='lat' dir='ltr'><strong>ei</strong></span> <span class='ocrx_word' id='word_1_62' title='bbox 967 976 1254 1034; x_wconf 86' lang='lat' dir='ltr'><strong>mirabilis</strong></span> <span class='ocrx_word' id='word_1_63' title='bbox 1291 982 1347 1034; x_wconf 90' lang='lat' dir='ltr'><strong>et</strong></span> <span class='ocrx_word' id='word_1_64' title='bbox 1393 977 1639 1035; x_wconf 89' lang='lat' dir='ltr'><strong>honesta</strong></span> <span class='ocrx_word' id='word_1_65' title='bbox 1684 996 1916 1038; x_wconf 88' lang='lat' dir='ltr'><strong>morum</strong></span> 
     </span>
    </p>
   </div>
   <div class='ocr_carea' id='block_1_11' title="bbox 258 1061 1913 1140">
    <p class='ocr_par' dir='ltr' id='par_1_11' title="bbox 258 1061 1913 1140">
     <span class='ocr_line' id='line_1_11' title="bbox 258 1061 1913 1140; baseline 0.006 -23"><span class='ocrx_word' id='word_1_66' title='bbox 258 1061 556 1135; x_wconf 81' lang='lat' dir='ltr'><strong>elegantia</strong></span> <span class='ocrx_word' id='word_1_67' title='bbox 585 1063 728 1119; x_wconf 87' lang='lat' dir='ltr'><strong>adeo</strong></span> <span class='ocrx_word' id='word_1_68' title='bbox 759 1068 823 1118; x_wconf 91' lang='lat' dir='ltr'><strong>ut</strong></span> <span class='ocrx_word' id='word_1_69' title='bbox 851 1080 986 1120; x_wconf 90' lang='lat' dir='ltr'><strong>cum</strong></span> <span class='ocrx_word' id='word_1_70' title='bbox 1026 1065 1333 1136; x_wconf 91' lang='lat' dir='ltr'><strong>splendide</strong></span> <span class='ocrx_word' id='word_1_71' title='bbox 1382 1069 1643 1140; x_wconf 90' lang='lat' dir='ltr'><strong>corporis</strong></span> <span class='ocrx_word' id='word_1_72' title='bbox 1690 1071 1913 1139; x_wconf 86' lang='lat' dir='ltr'><strong>decere,</strong></span> 
     </span>
    </p>
   </div>
   <div class='ocr_carea' id='block_1_12' title="bbox 261 1149 1915 1228">
    <p class='ocr_par' dir='ltr' id='par_1_12' title="bbox 261 1149 1915 1228">
     <span class='ocr_line' id='line_1_12' title="bbox 261 1149 1915 1228; baseline 0.006 -22"><span class='ocrx_word' id='word_1_73' title='bbox 261 1166 438 1221; x_wconf 87' lang='lat' dir='ltr'><strong>quem</strong></span> <span class='ocrx_word' id='word_1_74' title='bbox 462 1149 547 1206; x_wconf 90' lang='lat' dir='ltr'><strong>illi</strong></span> <span class='ocrx_word' id='word_1_75' title='bbox 572 1167 751 1223; x_wconf 85' lang='lat' dir='ltr'><strong>super</strong></span> <span class='ocrx_word' id='word_1_76' title='bbox 771 1158 1015 1209; x_wconf 88' lang='lat' dir='ltr'><strong>cunctos</strong></span> <span class='ocrx_word' id='word_1_77' title='bbox 1035 1152 1195 1210; x_wconf 91' lang='lat' dir='ltr'><strong>illius</strong></span> <span class='ocrx_word' id='word_1_78' title='bbox 1216 1155 1498 1228; x_wconf 90' lang='lat' dir='ltr'><strong>temporis</strong></span> <span class='ocrx_word' id='word_1_79' title='bbox 1515 1157 1761 1214; x_wconf 87' lang='lat' dir='ltr'><strong>contulit</strong></span> <span class='ocrx_word' id='word_1_80' title='bbox 1781 1159 1915 1215; x_wconf 87' lang='lat' dir='ltr'><strong>0m-</strong></span> 
     </span>
    </p>
   </div>
   <div class='ocr_carea' id='block_1_13' title="bbox 260 1239 1917 1317">
    <p class='ocr_par' dir='ltr' id='par_1_13' title="bbox 260 1239 1917 1317">
     <span class='ocr_line' id='line_1_13' title="bbox 260 1239 1917 1317; baseline 0.006 -24"><span class='ocrx_word' id='word_1_81' title='bbox 260 1239 587 1310; x_wconf 88' lang='lat' dir='ltr'><strong>nipetentis</strong></span> <span class='ocrx_word' id='word_1_82' title='bbox 605 1239 1324 1314; x_wconf 84' lang='lat' dir='ltr'><strong>muniﬁcentia,quidquid</strong></span> <span class='ocrx_word' id='word_1_83' title='bbox 1343 1245 1548 1317; x_wconf 85' lang='lat' dir='ltr'><strong>agebat</strong></span> <span class='ocrx_word' id='word_1_84' title='bbox 1570 1251 1917 1304; x_wconf 89' lang='lat' dir='ltr'><strong>cunctorum</strong></span> 
     </span>
    </p>
   </div>
   <div class='ocr_carea' id='block_1_14' title="bbox 261 1327 1918 1402">
    <p class='ocr_par' dir='ltr' id='par_1_14' title="bbox 261 1327 1918 1402">
     <span class='ocr_line' id='line_1_14' title="bbox 261 1327 1918 1402; baseline 0.005 -20"><span class='ocrx_word' id='word_1_85' title='bbox 261 1327 480 1383; x_wconf 89' lang='lat' dir='ltr'><strong>animis</strong></span> <span class='ocrx_word' id='word_1_86' title='bbox 493 1327 1194 1402; x_wconf 83' lang='lat' dir='ltr'><strong>complaceret,quidquid</strong></span> <span class='ocrx_word' id='word_1_87' title='bbox 1209 1332 1726 1400; x_wconf 90' lang='lat' dir='ltr'><strong>dicebat,omnium</strong></span> <span class='ocrx_word' id='word_1_88' title='bbox 1743 1337 1918 1391; x_wconf 91' lang='lat' dir='ltr'><strong>corda</strong></span> 
     </span>
    </p>
   </div>
   <div class='ocr_carea' id='block_1_15' title="bbox 259 1415 1920 1495">
    <p class='ocr_par' dir='ltr' id='par_1_15' title="bbox 259 1415 1920 1495">
     <span class='ocr_line' id='line_1_15' title="bbox 259 1415 1920 1495; baseline 0.005 -25"><span class='ocrx_word' id='word_1_89' title='bbox 259 1415 469 1474; x_wconf 88' lang='lat' dir='ltr'><strong>intimo</strong></span> <span class='ocrx_word' id='word_1_90' title='bbox 499 1418 720 1472; x_wconf 89' lang='lat' dir='ltr'><strong>amoris</strong></span> <span class='ocrx_word' id='word_1_91' title='bbox 751 1418 959 1474; x_wconf 78' lang='lat' dir='ltr'><strong>effectu</strong></span> <span class='ocrx_word' id='word_1_92' title='bbox 1012 1417 1338 1476; x_wconf 79' lang='lat' dir='ltr'><strong>delectaret.</strong></span> <span class='ocrx_word' id='word_1_93' title='bbox 1389 1421 1534 1477; x_wconf 89' lang='lat' dir='ltr'><strong>Cum</strong></span> <span class='ocrx_word' id='word_1_94' title='bbox 1579 1425 1920 1495; x_wconf 89' lang='lat' dir='ltr'><strong>serpentina</strong></span> 
     </span>
    </p>
   </div>
   <div class='ocr_carea' id='block_1_16' title="bbox 259 1505 1918 1584">
    <p class='ocr_par' dir='ltr' id='par_1_16' title="bbox 259 1505 1918 1584">
     <span class='ocr_line' id='line_1_16' title="bbox 259 1505 1918 1584; baseline 0.006 -25"><span class='ocrx_word' id='word_1_95' title='bbox 259 1506 724 1561; x_wconf 85' lang='lat' dir='ltr'><strong>astutiatantum</strong></span> <span class='ocrx_word' id='word_1_96' title='bbox 745 1505 1072 1576; x_wconf 90' lang='lat' dir='ltr'><strong>pollebatin</strong></span> <span class='ocrx_word' id='word_1_97' title='bbox 1089 1525 1155 1565; x_wconf 92' lang='lat' dir='ltr'><strong>eo</strong></span> <span class='ocrx_word' id='word_1_98' title='bbox 1185 1507 1523 1566; x_wconf 87' lang='lat' dir='ltr'><strong>columbina</strong></span> <span class='ocrx_word' id='word_1_99' title='bbox 1547 1511 1918 1584; x_wconf 88' lang='lat' dir='ltr'><strong>simplicitas,</strong></span> 
     </span>
    </p>
   </div>
   <div class='ocr_carea' id='block_1_17' title="bbox 261 1593 1919 1666">
    <p class='ocr_par' dir='ltr' id='par_1_17' title="bbox 261 1593 1919 1666">
     <span class='ocr_line' id='line_1_17' title="bbox 261 1593 1919 1666; baseline 0.004 -17"><span class='ocrx_word' id='word_1_100' title='bbox 261 1599 330 1649; x_wconf 88' lang='lat' dir='ltr'><strong>ut</strong></span> <span class='ocrx_word' id='word_1_101' title='bbox 360 1595 435 1648; x_wconf 87' lang='lat' dir='ltr'><strong>ab</strong></span> <span class='ocrx_word' id='word_1_102' title='bbox 463 1594 644 1664; x_wconf 86' lang='lat' dir='ltr'><strong>hujus</strong></span> <span class='ocrx_word' id='word_1_103' title='bbox 678 1593 876 1649; x_wconf 68' lang='lat' dir='ltr'><strong>sazculi</strong></span> <span class='ocrx_word' id='word_1_104' title='bbox 906 1595 1297 1666; x_wconf 89' lang='lat' dir='ltr'><strong>prudentibus</strong></span> <span class='ocrx_word' id='word_1_105' title='bbox 1328 1599 1592 1654; x_wconf 90' lang='lat' dir='ltr'><strong>omnium</strong></span> <span class='ocrx_word' id='word_1_106' title='bbox 1625 1599 1919 1656; x_wconf 83' lang='lat' dir='ltr'><strong>videretur</strong></span> 
     </span>
    </p>
   </div>
   <div class='ocr_carea' id='block_1_18' title="bbox 264 1682 1920 1759">
    <p class='ocr_par' dir='ltr' id='par_1_18' title="bbox 264 1682 1920 1759">
     <span class='ocr_line' id='line_1_18' title="bbox 264 1682 1920 1759; baseline 0.002 -19"><span class='ocrx_word' id='word_1_107' title='bbox 264 1683 542 1755; x_wconf 84' lang='lat' dir='ltr'><strong>superior</strong></span> <span class='ocrx_word' id='word_1_108' title='bbox 561 1682 615 1738; x_wconf 91' lang='lat' dir='ltr'><strong>in</strong></span> <span class='ocrx_word' id='word_1_109' title='bbox 639 1683 973 1755; x_wconf 85' lang='lat' dir='ltr'><strong>prudentia,</strong></span> <span class='ocrx_word' id='word_1_110' title='bbox 997 1689 1055 1739; x_wconf 90' lang='lat' dir='ltr'><strong>et</strong></span> <span class='ocrx_word' id='word_1_111' title='bbox 1088 1701 1122 1740; x_wconf 90' lang='lat' dir='ltr'><strong>a</strong></span> <span class='ocrx_word' id='word_1_112' title='bbox 1143 1685 1340 1740; x_wconf 90' lang='lat' dir='ltr'><strong>divina</strong></span> <span class='ocrx_word' id='word_1_113' title='bbox 1379 1687 1741 1759; x_wconf 87' lang='lat' dir='ltr'><strong>sapientibus</strong></span> <span class='ocrx_word' id='word_1_114' title='bbox 1775 1690 1920 1746; x_wconf 89' lang='lat' dir='ltr'><strong>mire</strong></span> 
     </span>
    </p>
   </div>
   <div class='ocr_carea' id='block_1_19' title="bbox 266 1772 2000 1875">
    <p class='ocr_par' dir='ltr' id='par_1_19' title="bbox 266 1772 2000 1875">
     <span class='ocr_line' id='line_1_19' title="bbox 266 1772 2000 1875; baseline 0.002 -47"><span class='ocrx_word' id='word_1_115' title='bbox 266 1772 556 1828; x_wconf 86' lang='lat' dir='ltr'><strong>coleretur</strong></span> <span class='ocrx_word' id='word_1_116' title='bbox 586 1789 690 1844; x_wconf 85' lang='lat' dir='ltr'><strong>pro</strong></span> <span class='ocrx_word' id='word_1_117' title='bbox 729 1789 886 1843; x_wconf 66' lang='lat' dir='ltr'><strong>purae</strong></span> <span class='ocrx_word' id='word_1_118' title='bbox 909 1773 1123 1829; x_wconf 89' lang='lat' dir='ltr'><strong>mentis</strong></span> <span class='ocrx_word' id='word_1_119' title='bbox 1156 1773 1508 1832; x_wconf 87' lang='lat' dir='ltr'><strong>innocentia.</strong></span> <span class='ocrx_word' id='word_1_120' title='bbox 1528 1777 1713 1832; x_wconf 86' lang='lat' dir='ltr'><strong>Tanta</strong></span> <span class='ocrx_word' id='word_1_121' title='bbox 1742 1778 1915 1850; x_wconf 87' lang='lat' dir='ltr'><strong>largi-</strong></span> <span class='ocrx_word' id='word_1_122' title='bbox 1953 1810 2000 1875; x_wconf 81' lang='grc' dir='ltr'><strong>Β</strong></span> 
     </span>
    </p>
   </div>
   <div class='ocr_carea' id='block_1_20' title="bbox 259 1860 1920 1936">
    <p class='ocr_par' dir='ltr' id='par_1_20' title="bbox 259 1860 1920 1936">
     <span class='ocr_line' id='line_1_20' title="bbox 259 1860 1920 1936; baseline 0.005 -20"><span class='ocrx_word' id='word_1_123' title='bbox 259 1860 400 1916; x_wconf 86' lang='lat' dir='ltr'><strong>tatis</strong></span> <span class='ocrx_word' id='word_1_124' title='bbox 412 1860 755 1916; x_wconf 89' lang='lat' dir='ltr'><strong>abundabat</strong></span> <span class='ocrx_word' id='word_1_125' title='bbox 775 1861 1151 1930; x_wconf 87' lang='lat' dir='ltr'><strong>charitate,ut</strong></span> <span class='ocrx_word' id='word_1_126' title='bbox 1170 1878 1317 1936; x_wconf 90' lang='lat' dir='ltr'><strong>pene</strong></span> <span class='ocrx_word' id='word_1_127' title='bbox 1341 1865 1920 1924; x_wconf 89' lang='lat' dir='ltr'><strong>cunctadistribuens</strong></span> 
     </span>
    </p>
   </div>
   <div class='ocr_carea' id='block_1_21' title="bbox 261 1949 1922 2024">
    <p class='ocr_par' dir='ltr' id='par_1_21' title="bbox 261 1949 1922 2024">
     <span class='ocr_line' id='line_1_21' title="bbox 261 1949 1922 2024; baseline 0.005 -19"><span class='ocrx_word' id='word_1_128' title='bbox 261 1949 580 2006; x_wconf 89' lang='lat' dir='ltr'><strong>indiscrete</strong></span> <span class='ocrx_word' id='word_1_129' title='bbox 609 1950 668 2005; x_wconf 91' lang='lat' dir='ltr'><strong>in</strong></span> <span class='ocrx_word' id='word_1_130' title='bbox 709 1949 957 2006; x_wconf 89' lang='lat' dir='ltr'><strong>aliorum</strong></span> <span class='ocrx_word' id='word_1_131' title='bbox 1003 1951 1323 2023; x_wconf 87' lang='lat' dir='ltr'><strong>opulentia,</strong></span> <span class='ocrx_word' id='word_1_132' title='bbox 1374 1953 1569 2024; x_wconf 90' lang='lat' dir='ltr'><strong>ipsum</strong></span> <span class='ocrx_word' id='word_1_133' title='bbox 1620 1955 1922 2013; x_wconf 88' lang='lat' dir='ltr'><strong>multoties</strong></span> 
     </span>
    </p>
   </div>
   <div class='ocr_carea' id='block_1_22' title="bbox 261 2037 1922 2113">
    <p class='ocr_par' dir='ltr' id='par_1_22' title="bbox 261 2037 1922 2113">
     <span class='ocr_line' id='line_1_22' title="bbox 261 2037 1922 2113; baseline 0.005 -21"><span class='ocrx_word' id='word_1_134' title='bbox 261 2037 627 2111; x_wconf 86' lang='lat' dir='ltr'><strong>contingeret</strong></span> <span class='ocrx_word' id='word_1_135' title='bbox 671 2038 952 2110; x_wconf 87' lang='lat' dir='ltr'><strong>indigere.</strong></span> <span class='ocrx_word' id='word_1_136' title='bbox 986 2038 1502 2113; x_wconf 82' lang='lat' dir='ltr'><strong>Eleemosynarum</strong></span> <span class='ocrx_word' id='word_1_137' title='bbox 1539 2041 1742 2098; x_wconf 85' lang='lat' dir='ltr'><strong>virtuti</strong></span> <span class='ocrx_word' id='word_1_138' title='bbox 1789 2051 1922 2100; x_wconf 86' lang='lat' dir='ltr'><strong>ante</strong></span> 
     </span>
    </p>
   </div>
   <div class='ocr_carea' id='block_1_23' title="bbox 261 2127 1923 2201">
    <p class='ocr_par' dir='ltr' id='par_1_23' title="bbox 261 2127 1923 2201">
     <span class='ocr_line' id='line_1_23' title="bbox 261 2127 1923 2201; baseline 0.005 -19"><span class='ocrx_word' id='word_1_139' title='bbox 261 2127 459 2182; x_wconf 87' lang='lat' dir='ltr'><strong>omnia</strong></span> <span class='ocrx_word' id='word_1_140' title='bbox 475 2131 536 2182; x_wconf 89' lang='lat' dir='ltr'><strong>et</strong></span> <span class='ocrx_word' id='word_1_141' title='bbox 558 2143 740 2200; x_wconf 87' lang='lat' dir='ltr'><strong>super</strong></span> <span class='ocrx_word' id='word_1_142' title='bbox 755 2127 954 2183; x_wconf 88' lang='lat' dir='ltr'><strong>omnia</strong></span> <span class='ocrx_word' id='word_1_143' title='bbox 973 2128 1310 2197; x_wconf 89' lang='lat' dir='ltr'><strong>insudabat,</strong></span> <span class='ocrx_word' id='word_1_144' title='bbox 1337 2146 1440 2186; x_wconf 90' lang='lat' dir='ltr'><strong>nec</strong></span> <span class='ocrx_word' id='word_1_145' title='bbox 1465 2148 1567 2201; x_wconf 89' lang='lat' dir='ltr'><strong>pro</strong></span> <span class='ocrx_word' id='word_1_146' title='bbox 1607 2131 1723 2188; x_wconf 91' lang='lat' dir='ltr'><strong>ullo</strong></span> <span class='ocrx_word' id='word_1_147' title='bbox 1747 2150 1923 2190; x_wconf 70' lang='lat' dir='ltr'><strong>saecu-</strong></span> 
     </span>
    </p>
   </div>
   <div class='ocr_carea' id='block_1_24' title="bbox 262 2215 1921 2292">
    <p class='ocr_par' dir='ltr' id='par_1_24' title="bbox 262 2215 1921 2292">
     <span class='ocr_line' id='line_1_24' title="bbox 262 2215 1921 2292; baseline 0.004 -23"><span class='ocrx_word' id='word_1_148' title='bbox 262 2215 369 2270; x_wconf 88' lang='lat' dir='ltr'><strong>lari</strong></span> <span class='ocrx_word' id='word_1_149' title='bbox 398 2215 833 2288; x_wconf 89' lang='lat' dir='ltr'><strong>impedimento</strong></span> <span class='ocrx_word' id='word_1_150' title='bbox 859 2233 1218 2290; x_wconf 88' lang='lat' dir='ltr'><strong>quemquam</strong></span> <span class='ocrx_word' id='word_1_151' title='bbox 1250 2218 1403 2274; x_wconf 91' lang='lat' dir='ltr'><strong>diem</strong></span> <span class='ocrx_word' id='word_1_152' title='bbox 1437 2220 1744 2276; x_wconf 87' lang='lat' dir='ltr'><strong>omittebat</strong></span> <span class='ocrx_word' id='word_1_153' title='bbox 1779 2221 1921 2292; x_wconf 89' lang='lat' dir='ltr'><strong>quin</strong></span> 
     </span>
    </p>
   </div>
   <div class='ocr_carea' id='block_1_25' title="bbox 265 2304 1920 2378">
    <p class='ocr_par' dir='ltr' id='par_1_25' title="bbox 265 2304 1920 2378">
     <span class='ocr_line' id='line_1_25' title="bbox 265 2304 1920 2378; baseline 0.004 -20"><span class='ocrx_word' id='word_1_154' title='bbox 265 2304 424 2358; x_wconf 90' lang='lat' dir='ltr'><strong>omni</strong></span> <span class='ocrx_word' id='word_1_155' title='bbox 461 2320 643 2360; x_wconf 90' lang='lat' dir='ltr'><strong>mane</strong></span> <span class='ocrx_word' id='word_1_156' title='bbox 670 2305 796 2376; x_wconf 91' lang='lat' dir='ltr'><strong>ipse</strong></span> <span class='ocrx_word' id='word_1_157' title='bbox 827 2321 932 2376; x_wconf 90' lang='lat' dir='ltr'><strong>per</strong></span> <span class='ocrx_word' id='word_1_158' title='bbox 961 2323 1022 2361; x_wconf 92' lang='lat' dir='ltr'><strong>se</strong></span> <span class='ocrx_word' id='word_1_159' title='bbox 1041 2322 1363 2378; x_wconf 87' lang='lat' dir='ltr'><strong>pauperum</strong></span> <span class='ocrx_word' id='word_1_160' title='bbox 1379 2308 1560 2362; x_wconf 77' lang='lat' dir='ltr'><strong>turbae</strong></span> <span class='ocrx_word' id='word_1_161' title='bbox 1584 2309 1920 2376; x_wconf 89' lang='lat' dir='ltr'><strong>deserviret,</strong></span> 
     </span>
    </p>
   </div>
   <div class='ocr_carea' id='block_1_26' title="bbox 261 2393 1924 2469">
    <p class='ocr_par' dir='ltr' id='par_1_26' title="bbox 261 2393 1924 2469">
     <span class='ocr_line' id='line_1_26' title="bbox 261 2393 1924 2469; baseline 0.004 -21"><span class='ocrx_word' id='word_1_162' title='bbox 261 2410 328 2448; x_wconf 87' lang='lat' dir='ltr'><strong>ac</strong></span> <span class='ocrx_word' id='word_1_163' title='bbox 359 2393 673 2449; x_wconf 91' lang='lat' dir='ltr'><strong>Dominico</strong></span> <span class='ocrx_word' id='word_1_164' title='bbox 705 2393 968 2466; x_wconf 86' lang='lat' dir='ltr'><strong>exemplo</strong></span> <span class='ocrx_word' id='word_1_165' title='bbox 999 2411 1200 2451; x_wconf 92' lang='lat' dir='ltr'><strong>eorum</strong></span> <span class='ocrx_word' id='word_1_166' title='bbox 1230 2397 1472 2469; x_wconf 90' lang='lat' dir='ltr'><strong>vestigia</strong></span> <span class='ocrx_word' id='word_1_167' title='bbox 1506 2397 1798 2454; x_wconf 88' lang='lat' dir='ltr'><strong>abluendo</strong></span> <span class='ocrx_word' id='word_1_168' title='bbox 1845 2399 1924 2454; x_wconf 91' lang='lat' dir='ltr'><strong>vi-</strong></span> 
     </span>
    </p>
   </div>
   <div class='ocr_carea' id='block_1_27' title="bbox 261 2481 1920 2545">
    <p class='ocr_par' dir='ltr' id='par_1_27' title="bbox 261 2481 1920 2545">
     <span class='ocr_line' id='line_1_27' title="bbox 261 2481 1920 2545; baseline 0.003 -7"><span class='ocrx_word' id='word_1_169' title='bbox 261 2488 422 2538; x_wconf 91' lang='lat' dir='ltr'><strong>ctum</strong></span> <span class='ocrx_word' id='word_1_170' title='bbox 445 2481 840 2538; x_wconf 86' lang='lat' dir='ltr'><strong>sufﬁcientem</strong></span> <span class='ocrx_word' id='word_1_171' title='bbox 865 2484 1166 2539; x_wconf 87' lang='lat' dir='ltr'><strong>tribueret.</strong></span> <span class='ocrx_word' id='word_1_172' title='bbox 1190 2484 1498 2540; x_wconf 90' lang='lat' dir='ltr'><strong>Devotione</strong></span> <span class='ocrx_word' id='word_1_173' title='bbox 1536 2488 1768 2542; x_wconf 91' lang='lat' dir='ltr'><strong>contriti</strong></span> <span class='ocrx_word' id='word_1_174' title='bbox 1797 2505 1920 2545; x_wconf 93' lang='lat' dir='ltr'><strong>cor-</strong></span> 
     </span>
    </p>
   </div>
   <div class='ocr_carea' id='block_1_28' title="bbox 261 2571 1923 2646">
    <p class='ocr_par' dir='ltr' id='par_1_28' title="bbox 261 2571 1923 2646">
     <span class='ocr_line' id='line_1_28' title="bbox 261 2571 1923 2646; baseline 0.004 -20"><span class='ocrx_word' id='word_1_175' title='bbox 261 2571 355 2626; x_wconf 88' lang='lat' dir='ltr'><strong>dis</strong></span> <span class='ocrx_word' id='word_1_176' title='bbox 371 2577 430 2626; x_wconf 90' lang='lat' dir='ltr'><strong>et</strong></span> <span class='ocrx_word' id='word_1_177' title='bbox 452 2571 906 2642; x_wconf 91' lang='lat' dir='ltr'><strong>compunctione</strong></span> <span class='ocrx_word' id='word_1_178' title='bbox 928 2571 1387 2644; x_wconf 85' lang='lat' dir='ltr'><strong>lacrymosorum</strong></span> <span class='ocrx_word' id='word_1_179' title='bbox 1403 2575 1727 2646; x_wconf 90' lang='lat' dir='ltr'><strong>gemituum</strong></span> <span class='ocrx_word' id='word_1_180' title='bbox 1757 2577 1923 2634; x_wconf 81' lang='lat' dir='ltr'><strong>inun-</strong></span> 
     </span>
    </p>
   </div>
   <div class='ocr_carea' id='block_1_29' title="bbox 268 2659 1921 2732">
    <p class='ocr_par' dir='ltr' id='par_1_29' title="bbox 268 2659 1921 2732">
     <span class='ocr_line' id='line_1_29' title="bbox 268 2659 1921 2732; baseline 0.005 -18"><span class='ocrx_word' id='word_1_181' title='bbox 268 2659 449 2714; x_wconf 85' lang='lat' dir='ltr'><strong>dabat</strong></span> <span class='ocrx_word' id='word_1_182' title='bbox 475 2659 826 2714; x_wconf 87' lang='lat' dir='ltr'><strong>mirabiliter</strong></span> <span class='ocrx_word' id='word_1_183' title='bbox 845 2660 987 2716; x_wconf 90' lang='lat' dir='ltr'><strong>adeo</strong></span> <span class='ocrx_word' id='word_1_184' title='bbox 1009 2665 1073 2715; x_wconf 91' lang='lat' dir='ltr'><strong>ut</strong></span> <span class='ocrx_word' id='word_1_185' title='bbox 1089 2660 1232 2716; x_wconf 90' lang='lat' dir='ltr'><strong>nihil</strong></span> <span class='ocrx_word' id='word_1_186' title='bbox 1257 2678 1431 2717; x_wconf 70' lang='lat' dir='ltr'><strong>sacrae</strong></span> <span class='ocrx_word' id='word_1_187' title='bbox 1455 2663 1755 2732; x_wconf 87' lang='lat' dir='ltr'><strong>orationis,</strong></span> <span class='ocrx_word' id='word_1_188' title='bbox 1790 2665 1921 2722; x_wconf 89' lang='lat' dir='ltr'><strong>nul-</strong></span> 
     </span>
    </p>
   </div>
   <div class='ocr_carea' id='block_1_30' title="bbox 259 2747 1923 2826">
    <p class='ocr_par' dir='ltr' id='par_1_30' title="bbox 259 2747 1923 2826">
     <span class='ocr_line' id='line_1_30' title="bbox 259 2747 1923 2826; baseline 0.004 -23"><span class='ocrx_word' id='word_1_189' title='bbox 259 2748 386 2804; x_wconf 92' lang='lat' dir='ltr'><strong>lum</strong></span> <span class='ocrx_word' id='word_1_190' title='bbox 407 2747 593 2803; x_wconf 84' lang='lat' dir='ltr'><strong>divini</strong></span> <span class='ocrx_word' id='word_1_191' title='bbox 618 2748 973 2804; x_wconf 89' lang='lat' dir='ltr'><strong>sacriﬁcium</strong></span> <span class='ocrx_word' id='word_1_192' title='bbox 997 2749 1172 2804; x_wconf 78' lang='lat' dir='ltr'><strong>olﬁcii</strong></span> <span class='ocrx_word' id='word_1_193' title='bbox 1195 2767 1447 2822; x_wconf 90' lang='lat' dir='ltr'><strong>superno</strong></span> <span class='ocrx_word' id='word_1_194' title='bbox 1470 2750 1656 2808; x_wconf 89' lang='lat' dir='ltr'><strong>vultui</strong></span> <span class='ocrx_word' id='word_1_195' title='bbox 1680 2771 1923 2826; x_wconf 69' lang='lat' dir='ltr'><strong>praesen-</strong></span> 
     </span>
    </p>
   </div>
   <div class='ocr_carea' id='block_1_31' title="bbox 260 2836 1923 2911">
    <p class='ocr_par' dir='ltr' id='par_1_31' title="bbox 260 2836 1923 2911">
     <span class='ocr_line' id='line_1_31' title="bbox 260 2836 1923 2911; baseline 0.005 -20"><span class='ocrx_word' id='word_1_196' title='bbox 260 2842 416 2893; x_wconf 87' lang='lat' dir='ltr'><strong>taret</strong></span> <span class='ocrx_word' id='word_1_197' title='bbox 445 2837 593 2908; x_wconf 91' lang='lat' dir='ltr'><strong>quin</strong></span> <span class='ocrx_word' id='word_1_198' title='bbox 628 2836 904 2893; x_wconf 90' lang='lat' dir='ltr'><strong>continuo</strong></span> <span class='ocrx_word' id='word_1_199' title='bbox 937 2837 1328 2911; x_wconf 82' lang='lat' dir='ltr'><strong>lacrymarum</strong></span> <span class='ocrx_word' id='word_1_200' title='bbox 1362 2839 1602 2897; x_wconf 87' lang='lat' dir='ltr'><strong>ﬂumine</strong></span> <span class='ocrx_word' id='word_1_201' title='bbox 1626 2841 1832 2899; x_wconf 88' lang='lat' dir='ltr'><strong>faciem</strong></span> <span class='ocrx_word' id='word_1_202' title='bbox 1864 2849 1923 2902; x_wconf 87' lang='lat' dir='ltr'><strong>et</strong></span> 
     </span>
    </p>
   </div>
   <div class='ocr_carea' id='block_1_32' title="bbox 262 2925 1921 3002">
    <p class='ocr_par' dir='ltr' id='par_1_32' title="bbox 262 2925 1921 3002">
     <span class='ocr_line' id='line_1_32' title="bbox 262 2925 1921 3002; baseline 0.004 -20"><span class='ocrx_word' id='word_1_203' title='bbox 262 2932 471 2999; x_wconf 88' lang='lat' dir='ltr'><strong>pectus</strong></span> <span class='ocrx_word' id='word_1_204' title='bbox 505 2925 796 2998; x_wconf 87' lang='lat' dir='ltr'><strong>irrigaret.</strong></span> <span class='ocrx_word' id='word_1_205' title='bbox 821 2926 945 2981; x_wconf 87' lang='lat' dir='ltr'><strong>Tali</strong></span> <span class='ocrx_word' id='word_1_206' title='bbox 970 2943 1031 2982; x_wconf 90' lang='lat' dir='ltr'><strong>se</strong></span> <span class='ocrx_word' id='word_1_207' title='bbox 1053 2926 1392 2984; x_wconf 81' lang='lat' dir='ltr'><strong>holocausta</strong></span> <span class='ocrx_word' id='word_1_208' title='bbox 1415 2929 1470 2984; x_wconf 93' lang='lat' dir='ltr'><strong>in</strong></span> <span class='ocrx_word' id='word_1_209' title='bbox 1494 2936 1808 3002; x_wconf 89' lang='lat' dir='ltr'><strong>conspectu</strong></span> <span class='ocrx_word' id='word_1_210' title='bbox 1833 2932 1921 2987; x_wconf 91' lang='lat' dir='ltr'><strong>di-</strong></span> 
     </span>
    </p>
   </div>
   <div class='ocr_carea' id='block_1_33' title="bbox 257 3016 1920 3087">
    <p class='ocr_par' dir='ltr' id='par_1_33' title="bbox 257 3016 1920 3087">
     <span class='ocr_line' id='line_1_33' title="bbox 257 3016 1920 3087; baseline 0.004 -17"><span class='ocrx_word' id='word_1_211' title='bbox 257 3016 410 3071; x_wconf 74' lang='lat' dir='ltr'><strong>vina:</strong></span> <span class='ocrx_word' id='word_1_212' title='bbox 434 3016 770 3087; x_wconf 84' lang='lat' dir='ltr'><strong>majestatis</strong></span> <span class='ocrx_word' id='word_1_213' title='bbox 789 3017 1084 3072; x_wconf 87' lang='lat' dir='ltr'><strong>mactabat</strong></span> <span class='ocrx_word' id='word_1_214' title='bbox 1101 3017 1360 3084; x_wconf 88' lang='lat' dir='ltr'><strong>assidue,</strong></span> <span class='ocrx_word' id='word_1_215' title='bbox 1388 3019 1580 3075; x_wconf 89' lang='lat' dir='ltr'><strong>sciens</strong></span> <span class='ocrx_word' id='word_1_216' title='bbox 1597 3021 1920 3077; x_wconf 88' lang='lat' dir='ltr'><strong>certissime</strong></span> 
     </span>
    </p>
   </div>
   <div class='ocr_carea' id='block_1_34' title="bbox 265 3103 1919 3178">
    <p class='ocr_par' dir='ltr' id='par_1_34' title="bbox 265 3103 1919 3178">
     <span class='ocr_line' id='line_1_34' title="bbox 265 3103 1919 3178; baseline 0.002 -23"><span class='ocrx_word' id='word_1_217' title='bbox 265 3128 294 3155; x_wconf 70' lang='grc' dir='ltr'><strong>α</strong></span> <span class='ocrx_word' id='word_1_218' title='bbox 316 3103 676 3160; x_wconf 84' lang='lat' dir='ltr'><strong>sacriﬁcium</strong></span> <span class='ocrx_word' id='word_1_219' title='bbox 699 3109 935 3176; x_wconf 90' lang='lat' dir='ltr'><strong>gratum</strong></span> <span class='ocrx_word' id='word_1_220' title='bbox 959 3105 1074 3160; x_wconf 90' lang='lat' dir='ltr'><strong>Deo</strong></span> <span class='ocrx_word' id='word_1_221' title='bbox 1097 3105 1370 3178; x_wconf 88' lang='lat' dir='ltr'><strong>spiritum</strong></span> <span class='ocrx_word' id='word_1_222' title='bbox 1395 3107 1854 3164; x_wconf 89' lang='lat' dir='ltr'><strong>contribulatum</strong></span> <span class='ocrx_word' id='word_1_223' title='bbox 1891 3132 1919 3159; x_wconf 82' lang='grc'><strong>››</strong></span> 
     </span>
    </p>
   </div>
   <div class='ocr_carea' id='block_1_35' title="bbox 2028 536 3673 618">
    <p class='ocr_par' dir='ltr' id='par_1_35' title="bbox 2028 536 3673 618">
     <span class='ocr_line' id='line_1_35' title="bbox 2028 536 3673 618; baseline 0.017 -29"><span class='ocrx_word' id='word_1_224' title='bbox 2028 543 2085 590; x_wconf 88' lang='lat' dir='ltr'><strong>et</strong></span> <span class='ocrx_word' id='word_1_225' title='bbox 2115 536 2243 592; x_wconf 88' lang='lat' dir='ltr'><strong>licet</strong></span> <span class='ocrx_word' id='word_1_226' title='bbox 2273 554 2384 592; x_wconf 87' lang='lat' dir='ltr'><strong>non</strong></span> <span class='ocrx_word' id='word_1_227' title='bbox 2408 539 2592 610; x_wconf 90' lang='lat' dir='ltr'><strong>possit</strong></span> <span class='ocrx_word' id='word_1_228' title='bbox 2613 559 2744 597; x_wconf 91' lang='lat' dir='ltr'><strong>eum</strong></span> <span class='ocrx_word' id='word_1_229' title='bbox 2763 559 3188 618; x_wconf 88' lang='lat' dir='ltr'><strong>usquequaque</strong></span> <span class='ocrx_word' id='word_1_230' title='bbox 3211 568 3244 605; x_wconf 90' lang='lat' dir='ltr'><strong>a</strong></span> <span class='ocrx_word' id='word_1_231' title='bbox 3265 560 3416 610; x_wconf 91' lang='lat' dir='ltr'><strong>recte</strong></span> <span class='ocrx_word' id='word_1_232' title='bbox 3448 536 3673 616; x_wconf 83' lang='lat' dir='ltr'><strong>deviare</strong></span> 
     </span>
    </p>
   </div>
   <div class='ocr_carea' id='block_1_36' title="bbox 2027 625 3670 706">
    <p class='ocr_par' dir='ltr' id='par_1_36' title="bbox 2027 625 3670 706">
     <span class='ocr_line' id='line_1_36' title="bbox 2027 625 3670 706; baseline 0.016 -29"><span class='ocrx_word' id='word_1_233' title='bbox 2027 625 2481 690; x_wconf 88' lang='lat' dir='ltr'><strong>tramite,tamen</strong></span> <span class='ocrx_word' id='word_1_234' title='bbox 2498 645 2599 698; x_wconf 89' lang='lat' dir='ltr'><strong>per</strong></span> <span class='ocrx_word' id='word_1_235' title='bbox 2611 646 2748 684; x_wconf 85' lang='lat' dir='ltr'><strong>suos</strong></span> <span class='ocrx_word' id='word_1_236' title='bbox 2762 634 3271 706; x_wconf 86' lang='lat' dir='ltr'><strong>satagitsatellites</strong></span> <span class='ocrx_word' id='word_1_237' title='bbox 3284 645 3670 704; x_wconf 88' lang='lat' dir='ltr'><strong>tentationum</strong></span> 
     </span>
    </p>
   </div>
   <div class='ocr_carea' id='block_1_37' title="bbox 2027 714 3671 796">
    <p class='ocr_par' dir='ltr' id='par_1_37' title="bbox 2027 714 3671 796">
     <span class='ocr_line' id='line_1_37' title="bbox 2027 714 3671 796; baseline 0.016 -30"><span class='ocrx_word' id='word_1_238' title='bbox 2027 717 2083 767; x_wconf 88' lang='lat' dir='ltr'><strong>et</strong></span> <span class='ocrx_word' id='word_1_239' title='bbox 2104 714 2520 770; x_wconf 89' lang='lat' dir='ltr'><strong>adversitatum</strong></span> <span class='ocrx_word' id='word_1_240' title='bbox 2539 717 2778 787; x_wconf 90' lang='lat' dir='ltr'><strong>spiculis</strong></span> <span class='ocrx_word' id='word_1_241' title='bbox 2793 736 2824 773; x_wconf 89' lang='lat' dir='ltr'><strong>a</strong></span> <span class='ocrx_word' id='word_1_242' title='bbox 2839 729 3039 778; x_wconf 89' lang='lat' dir='ltr'><strong>saneto</strong></span> <span class='ocrx_word' id='word_1_243' title='bbox 3057 729 3350 796; x_wconf 90' lang='lat' dir='ltr'><strong>proposito</strong></span> <span class='ocrx_word' id='word_1_244' title='bbox 3365 732 3671 792; x_wconf 88' lang='lat' dir='ltr'><strong>deterrere.</strong></span> 
     </span>
    </p>
   </div>
   <div class='ocr_carea' id='block_1_38' title="bbox 2026 801 3673 894">
    <p class='ocr_par' dir='ltr' id='par_1_38' title="bbox 2026 801 3673 894">
     <span class='ocr_line' id='line_1_38' title="bbox 2026 801 3673 894; baseline 0.016 -39"><span class='ocrx_word' id='word_1_245' title='bbox 2026 801 2173 856; x_wconf 90' lang='lat' dir='ltr'><strong>Nam</strong></span> <span class='ocrx_word' id='word_1_246' title='bbox 2204 803 2444 874; x_wconf 90' lang='lat' dir='ltr'><strong>quidam</strong></span> <span class='ocrx_word' id='word_1_247' title='bbox 2476 804 2652 874; x_wconf 87' lang='lat' dir='ltr'><strong>hujus</strong></span> <span class='ocrx_word' id='word_1_248' title='bbox 2675 808 2960 878; x_wconf 90' lang='lat' dir='ltr'><strong>primores</strong></span> <span class='ocrx_word' id='word_1_249' title='bbox 2983 815 3185 882; x_wconf 85' lang='lat' dir='ltr'><strong>patriae</strong></span> <span class='ocrx_word' id='word_1_250' title='bbox 3216 832 3348 874; x_wconf 89' lang='lat' dir='ltr'><strong>eum</strong></span> <span class='ocrx_word' id='word_1_251' title='bbox 3378 821 3673 894; x_wconf 65' lang='lat' dir='ltr'><strong>sapientia:</strong></span> 
     </span>
    </p>
   </div>
   <div class='ocr_carea' id='block_1_39' title="bbox 2025 889 3678 978">
    <p class='ocr_par' dir='ltr' id='par_1_39' title="bbox 2025 889 3678 978">
     <span class='ocr_line' id='line_1_39' title="bbox 2025 889 3678 978; baseline 0.015 -34"><span class='ocrx_word' id='word_1_252' title='bbox 2025 889 2154 946; x_wconf 89' lang='lat' dir='ltr'><strong>luce</strong></span> <span class='ocrx_word' id='word_1_253' title='bbox 2180 889 2398 961; x_wconf 78' lang='lat' dir='ltr'><strong>fulgere</strong></span> <span class='ocrx_word' id='word_1_254' title='bbox 2420 898 2721 948; x_wconf 88' lang='lat' dir='ltr'><strong>cernentes</strong></span> <span class='ocrx_word' id='word_1_255' title='bbox 2740 899 2795 949; x_wconf 88' lang='lat' dir='ltr'><strong>et</strong></span> <span class='ocrx_word' id='word_1_256' title='bbox 2815 895 2870 949; x_wconf 91' lang='lat' dir='ltr'><strong>in</strong></span> <span class='ocrx_word' id='word_1_257' title='bbox 2896 898 3278 969; x_wconf 85' lang='lat' dir='ltr'><strong>disponendis</strong></span> <span class='ocrx_word' id='word_1_258' title='bbox 3300 889 3462 978; x_wconf 80' lang='lat' dir='ltr'><strong>regni</strong></span> <span class='ocrx_word' id='word_1_259' title='bbox 3488 912 3678 968; x_wconf 88' lang='lat' dir='ltr'><strong>consi-</strong></span> 
     </span>
    </p>
   </div>
   <div class='ocr_carea' id='block_1_40' title="bbox 2025 977 3675 1072">
    <p class='ocr_par' dir='ltr' id='par_1_40' title="bbox 2025 977 3675 1072">
     <span class='ocr_line' id='line_1_40' title="bbox 2025 977 3675 1072; baseline 0.016 -41"><span class='ocrx_word' id='word_1_260' title='bbox 2025 977 2123 1072; x_wconf 77' lang='lat' dir='ltr'><strong>liis</strong></span> <span class='ocrx_word' id='word_1_261' title='bbox 2150 979 2686 1072; x_wconf 71' lang='lat' dir='ltr'><strong>apudimperialem</strong></span> <span class='ocrx_word' id='word_1_262' title='bbox 2712 984 3068 1052; x_wconf 73' lang='lat' dir='ltr'><strong>majestatem</strong></span> <span class='ocrx_word' id='word_1_263' title='bbox 3099 977 3527 1062; x_wconf 82' lang='lat' dir='ltr'><strong>supereunctos</strong></span> <span class='ocrx_word' id='word_1_264' title='bbox 3548 1000 3675 1072; x_wconf 92' lang='lat' dir='ltr'><strong>pol-</strong></span> 
     </span>
    </p>
   </div>
   <div class='ocr_carea' id='block_1_41' title="bbox 2025 1065 3672 1150">
    <p class='ocr_par' dir='ltr' id='par_1_41' title="bbox 2025 1065 3672 1150">
     <span class='ocr_line' id='line_1_41' title="bbox 2025 1065 3672 1150; baseline 0.009 -30"><span class='ocrx_word' id='word_1_265' title='bbox 2025 1065 2140 1120; x_wconf 88' lang='lat' dir='ltr'><strong>lere</strong></span> <span class='ocrx_word' id='word_1_266' title='bbox 2170 1066 2673 1133; x_wconf 87' lang='lat' dir='ltr'><strong>invidentes,dum</strong></span> <span class='ocrx_word' id='word_1_267' title='bbox 2704 1073 2854 1141; x_wconf 88' lang='lat' dir='ltr'><strong>apud</strong></span> <span class='ocrx_word' id='word_1_268' title='bbox 2892 1073 3135 1146; x_wconf 86' lang='lat' dir='ltr'><strong>aulicos,</strong></span> <span class='ocrx_word' id='word_1_269' title='bbox 3158 1095 3305 1150; x_wconf 89' lang='lat' dir='ltr'><strong>quos</strong></span> <span class='ocrx_word' id='word_1_270' title='bbox 3327 1099 3529 1141; x_wconf 83' lang='lat' dir='ltr'><strong>omnes</strong></span> <span class='ocrx_word' id='word_1_271' title='bbox 3548 1065 3672 1144; x_wconf 43' lang='lat' dir='ltr'><strong>&#39;sibi</strong></span> 
     </span>
    </p>
   </div>
   <div class='ocr_carea' id='block_1_42' title="bbox 2027 1154 3672 1243">
    <p class='ocr_par' dir='ltr' id='par_1_42' title="bbox 2027 1154 3672 1243">
     <span class='ocr_line' id='line_1_42' title="bbox 2027 1154 3672 1243; baseline 0.015 -36"><span class='ocrx_word' id='word_1_272' title='bbox 2027 1154 2207 1209; x_wconf 89' lang='lat' dir='ltr'><strong>nimio</strong></span> <span class='ocrx_word' id='word_1_273' title='bbox 2229 1172 2425 1211; x_wconf 91' lang='lat' dir='ltr'><strong>amore</strong></span> <span class='ocrx_word' id='word_1_274' title='bbox 2447 1157 3161 1231; x_wconf 83' lang='lat' dir='ltr'><strong>devinxerat.nequeuntei</strong></span> <span class='ocrx_word' id='word_1_275' title='bbox 3190 1169 3378 1224; x_wconf 90' lang='lat' dir='ltr'><strong>moliri</strong></span> <span class='ocrx_word' id='word_1_276' title='bbox 3405 1173 3672 1243; x_wconf 89' lang='lat' dir='ltr'><strong>insidias,</strong></span> 
     </span>
    </p>
   </div>
   <div class='ocr_carea' id='block_1_43' title="bbox 2028 1244 3677 1320">
    <p class='ocr_par' dir='ltr' id='par_1_43' title="bbox 2028 1244 3677 1320">
     <span class='ocr_line' id='line_1_43' title="bbox 2028 1244 3677 1320; baseline 0.013 -22"><span class='ocrx_word' id='word_1_277' title='bbox 2028 1244 2179 1314; x_wconf 89' lang='lat' dir='ltr'><strong>apud</strong></span> <span class='ocrx_word' id='word_1_278' title='bbox 2215 1247 2440 1299; x_wconf 86' lang='lat' dir='ltr'><strong>exteros</strong></span> <span class='ocrx_word' id='word_1_279' title='bbox 2471 1249 2668 1299; x_wconf 87' lang='lat' dir='ltr'><strong>contra</strong></span> <span class='ocrx_word' id='word_1_280' title='bbox 2694 1264 2826 1301; x_wconf 90' lang='lat' dir='ltr'><strong>eum</strong></span> <span class='ocrx_word' id='word_1_281' title='bbox 2864 1255 3114 1307; x_wconf 77' lang='lat' dir='ltr'><strong>tractant</strong></span> <span class='ocrx_word' id='word_1_282' title='bbox 3143 1257 3489 1316; x_wconf 79' lang='lat' dir='ltr'><strong>artiﬁciosae</strong></span> <span class='ocrx_word' id='word_1_283' title='bbox 3519 1263 3677 1320; x_wconf 89' lang='lat' dir='ltr'><strong>calli-</strong></span> 
     </span>
    </p>
   </div>
   <div class='ocr_carea' id='block_1_44' title="bbox 2027 1330 3676 1411">
    <p class='ocr_par' dir='ltr' id='par_1_44' title="bbox 2027 1330 3676 1411">
     <span class='ocr_line' id='line_1_44' title="bbox 2027 1330 3676 1411; baseline 0.015 -28"><span class='ocrx_word' id='word_1_284' title='bbox 2027 1330 2275 1384; x_wconf 86' lang='lat' dir='ltr'><strong>ditatum</strong></span> <span class='ocrx_word' id='word_1_285' title='bbox 2305 1331 2628 1388; x_wconf 88' lang='lat' dir='ltr'><strong>machinas.</strong></span> <span class='ocrx_word' id='word_1_286' title='bbox 2654 1334 2856 1405; x_wconf 81' lang='lat' dir='ltr'><strong>Itaque</strong></span> <span class='ocrx_word' id='word_1_287' title='bbox 2880 1337 3133 1394; x_wconf 73' lang='lat' dir='ltr'><strong>Orionem</strong></span> <span class='ocrx_word' id='word_1_288' title='bbox 3160 1343 3274 1411; x_wconf 81' lang='lat'>(22)</span> <span class='ocrx_word' id='word_1_289' title='bbox 3293 1346 3490 1402; x_wconf 70' lang='lat' dir='ltr'><strong>vicina:</strong></span> <span class='ocrx_word' id='word_1_290' title='bbox 3523 1367 3676 1407; x_wconf 84' lang='lat' dir='ltr'><strong>com-</strong></span> 
     </span>
    </p>
   </div>
   <div class='ocr_carea' id='block_1_45' title="bbox 2009 1419 3674 1505">
    <p class='ocr_par' dir='ltr' id='par_1_45' title="bbox 2009 1419 3674 1505">
     <span class='ocr_line' id='line_1_45' title="bbox 2009 1419 3674 1505; baseline 0.014 -34"><span class='ocrx_word' id='word_1_291' title='bbox 2009 1419 2298 1502; x_wconf 27' lang='lat' dir='ltr'><strong>omarchize</strong></span> <span class='ocrx_word' id='word_1_292' title='bbox 2320 1420 2670 1476; x_wconf 79' lang='lat' dir='ltr'><strong>Francorum</strong></span> <span class='ocrx_word' id='word_1_293' title='bbox 2695 1424 2989 1491; x_wconf 86' lang='lat' dir='ltr'><strong>comitem,</strong></span> <span class='ocrx_word' id='word_1_294' title='bbox 3017 1428 3071 1480; x_wconf 88' lang='lat' dir='ltr'><strong>in</strong></span> <span class='ocrx_word' id='word_1_295' title='bbox 3098 1429 3332 1488; x_wconf 86' lang='lat' dir='ltr'><strong>beatum</strong></span> <span class='ocrx_word' id='word_1_296' title='bbox 3363 1438 3674 1505; x_wconf 66' lang='lat' dir='ltr'><strong>praesulem</strong></span> 
     </span>
    </p>
   </div>
   <div class='ocr_carea' id='block_1_46' title="bbox 2026 1507 3676 1583">
    <p class='ocr_par' dir='ltr' id='par_1_46' title="bbox 2026 1507 3676 1583">
     <span class='ocr_line' id='line_1_46' title="bbox 2026 1507 3676 1583; baseline 0.013 -22"><span class='ocrx_word' id='word_1_297' title='bbox 2026 1507 2598 1580; x_wconf 88' lang='lat' dir='ltr'><strong>coneitant,eumque</strong></span> <span class='ocrx_word' id='word_1_298' title='bbox 2619 1511 2920 1582; x_wconf 84' lang='lat' dir='ltr'><strong>multiplici</strong></span> <span class='ocrx_word' id='word_1_299' title='bbox 2940 1516 3352 1576; x_wconf 78' lang='lat' dir='ltr'><strong>adversitatum</strong></span> <span class='ocrx_word' id='word_1_300' title='bbox 3374 1524 3676 1583; x_wconf 89' lang='lat' dir='ltr'><strong>molimine</strong></span> 
     </span>
    </p>
   </div>
   <div class='ocr_carea' id='block_1_47' title="bbox 2027 1594 3679 1673">
    <p class='ocr_par' dir='ltr' id='par_1_47' title="bbox 2027 1594 3679 1673">
     <span class='ocr_line' id='line_1_47' title="bbox 2027 1594 3679 1673; baseline 0.015 -26"><span class='ocrx_word' id='word_1_301' title='bbox 2027 1594 2100 1648; x_wconf 89' lang='lat' dir='ltr'><strong>ab</strong></span> <span class='ocrx_word' id='word_1_302' title='bbox 2124 1595 2445 1666; x_wconf 74' lang='lat' dir='ltr'><strong>imperfalis</strong></span> <span class='ocrx_word' id='word_1_303' title='bbox 2470 1598 2598 1651; x_wconf 88' lang='lat' dir='ltr'><strong>ﬁdei</strong></span> <span class='ocrx_word' id='word_1_304' title='bbox 2626 1600 2942 1654; x_wconf 80' lang='lat' dir='ltr'><strong>stabilitate</strong></span> <span class='ocrx_word' id='word_1_305' title='bbox 2958 1603 3679 1673; x_wconf 80' lang='lat' dir='ltr'><strong>dejicerelaborant.Vide-</strong></span> 
     </span>
    </p>
   </div>
   <div class='ocr_carea' id='block_1_48' title="bbox 2027 1683 3675 1760">
    <p class='ocr_par' dir='ltr' id='par_1_48' title="bbox 2027 1683 3675 1760">
     <span class='ocr_line' id='line_1_48' title="bbox 2027 1683 3675 1760; baseline 0.015 -24"><span class='ocrx_word' id='word_1_306' title='bbox 2027 1698 2119 1738; x_wconf 88' lang='lat' dir='ltr'><strong>res</strong></span> <span class='ocrx_word' id='word_1_307' title='bbox 2150 1683 2322 1738; x_wconf 84' lang='lat' dir='ltr'><strong>ﬁdem</strong></span> <span class='ocrx_word' id='word_1_308' title='bbox 2358 1685 2413 1738; x_wconf 91' lang='lat' dir='ltr'><strong>in</strong></span> <span class='ocrx_word' id='word_1_309' title='bbox 2451 1703 2563 1739; x_wconf 72' lang='lat' dir='ltr'><strong>uno</strong></span> <span class='ocrx_word' id='word_1_310' title='bbox 2588 1687 2854 1742; x_wconf 85' lang='lat' dir='ltr'><strong>Brunone</strong></span> <span class='ocrx_word' id='word_1_311' title='bbox 2877 1697 3077 1746; x_wconf 83' lang='lat' dir='ltr'><strong>contra</strong></span> <span class='ocrx_word' id='word_1_312' title='bbox 3097 1696 3416 1755; x_wconf 87' lang='lat' dir='ltr'><strong>multorum</strong></span> <span class='ocrx_word' id='word_1_313' title='bbox 3441 1702 3675 1760; x_wconf 82' lang='lat' dir='ltr'><strong>fraudes</strong></span> 
     </span>
    </p>
   </div>
   <div class='ocr_carea' id='block_1_49' title="bbox 2027 1771 3676 1851">
    <p class='ocr_par' dir='ltr' id='par_1_49' title="bbox 2027 1771 3676 1851">
     <span class='ocr_line' id='line_1_49' title="bbox 2027 1771 3676 1851; baseline 0.016 -27"><span class='ocrx_word' id='word_1_314' title='bbox 2027 1771 2272 1826; x_wconf 89' lang='lat' dir='ltr'><strong>viriliter</strong></span> <span class='ocrx_word' id='word_1_315' title='bbox 2301 1774 2717 1841; x_wconf 83' lang='lat' dir='ltr'><strong>decertantem,</strong></span> <span class='ocrx_word' id='word_1_316' title='bbox 2747 1779 3011 1832; x_wconf 81' lang='lat' dir='ltr'><strong>miranda</strong></span> <span class='ocrx_word' id='word_1_317' title='bbox 3043 1784 3321 1851; x_wconf 89' lang='lat' dir='ltr'><strong>patientia</strong></span> <span class='ocrx_word' id='word_1_318' title='bbox 3355 1791 3676 1850; x_wconf 89' lang='lat' dir='ltr'><strong>multorum</strong></span> 
     </span>
    </p>
   </div>
   <div class='ocr_carea' id='block_1_50' title="bbox 2031 1859 3678 1949">
    <p class='ocr_par' dir='ltr' id='par_1_50' title="bbox 2031 1859 3678 1949">
     <span class='ocr_line' id='line_1_50' title="bbox 2031 1859 3678 1949; baseline 0.014 -35"><span class='ocrx_word' id='word_1_319' title='bbox 2031 1859 2258 1931; x_wconf 88' lang='lat' dir='ltr'><strong>spicula</strong></span> <span class='ocrx_word' id='word_1_320' title='bbox 2287 1859 2542 1915; x_wconf 89' lang='lat' dir='ltr'><strong>hostium</strong></span> <span class='ocrx_word' id='word_1_321' title='bbox 2575 1865 2977 1933; x_wconf 76' lang='lat' dir='ltr'><strong>aequanimiter</strong></span> <span class='ocrx_word' id='word_1_322' title='bbox 3011 1872 3413 1942; x_wconf 81' lang='lat' dir='ltr'><strong>perferentem,</strong></span> <span class='ocrx_word' id='word_1_323' title='bbox 3437 1894 3678 1949; x_wconf 64' lang='lat' dir='ltr'><strong>praecor-</strong></span> 
     </span>
    </p>
   </div>
   <div class='ocr_carea' id='block_1_51' title="bbox 2031 1947 3678 2031">
    <p class='ocr_par' dir='ltr' id='par_1_51' title="bbox 2031 1947 3678 2031">
     <span class='ocr_line' id='line_1_51' title="bbox 2031 1947 3678 2031; baseline 0.013 -29"><span class='ocrx_word' id='word_1_324' title='bbox 2031 1947 2166 2002; x_wconf 90' lang='lat' dir='ltr'><strong>diali</strong></span> <span class='ocrx_word' id='word_1_325' title='bbox 2189 1949 2591 2020; x_wconf 88' lang='lat' dir='ltr'><strong>cempassione</strong></span> <span class='ocrx_word' id='word_1_326' title='bbox 2614 1952 2985 2008; x_wconf 86' lang='lat' dir='ltr'><strong>subditorum</strong></span> <span class='ocrx_word' id='word_1_327' title='bbox 3018 1955 3126 2012; x_wconf 90' lang='lat' dir='ltr'><strong>sibi</strong></span> <span class='ocrx_word' id='word_1_328' title='bbox 3155 1947 3460 2031; x_wconf 79' lang='lat' dir='ltr'><strong>dispendia</strong></span> <span class='ocrx_word' id='word_1_329' title='bbox 3481 1967 3678 2023; x_wconf 91' lang='lat' dir='ltr'><strong>dolen-</strong></span> 
     </span>
    </p>
   </div>
   <div class='ocr_carea' id='block_1_52' title="bbox 2029 2036 3676 2122">
    <p class='ocr_par' dir='ltr' id='par_1_52' title="bbox 2029 2036 3676 2122">
     <span class='ocr_line' id='line_1_52' title="bbox 2029 2036 3676 2122; baseline 0.014 -33"><span class='ocrx_word' id='word_1_330' title='bbox 2029 2041 2170 2106; x_wconf 90' lang='lat' dir='ltr'><strong>tem,</strong></span> <span class='ocrx_word' id='word_1_331' title='bbox 2203 2037 2347 2110; x_wconf 88' lang='lat' dir='ltr'><strong>ipsis</strong></span> <span class='ocrx_word' id='word_1_332' title='bbox 2380 2036 2635 2092; x_wconf 88' lang='lat' dir='ltr'><strong>inimicis</strong></span> <span class='ocrx_word' id='word_1_333' title='bbox 2665 2040 2979 2098; x_wconf 76' lang='lat' dir='ltr'><strong>affectuose</strong></span> <span class='ocrx_word' id='word_1_334' title='bbox 3011 2044 3290 2104; x_wconf 87' lang='lat' dir='ltr'><strong>charitate</strong></span> <span class='ocrx_word' id='word_1_335' title='bbox 3320 2066 3497 2122; x_wconf 89' lang='lat' dir='ltr'><strong>quam</strong></span> <span class='ocrx_word' id='word_1_336' title='bbox 3517 2055 3676 2112; x_wconf 87' lang='lat' dir='ltr'><strong>facil-</strong></span> 
     </span>
    </p>
   </div>
   <div class='ocr_carea' id='block_1_53' title="bbox 2031 2124 3676 2213">
    <p class='ocr_par' dir='ltr' id='par_1_53' title="bbox 2031 2124 3676 2213">
     <span class='ocr_line' id='line_1_53' title="bbox 2031 2124 3676 2213; baseline 0.014 -34"><span class='ocrx_word' id='word_1_337' title='bbox 2031 2124 2169 2180; x_wconf 90' lang='lat' dir='ltr'><strong>lime</strong></span> <span class='ocrx_word' id='word_1_338' title='bbox 2203 2124 2622 2197; x_wconf 89' lang='lat' dir='ltr'><strong>indulgentem.</strong></span> <span class='ocrx_word' id='word_1_339' title='bbox 2657 2128 2766 2183; x_wconf 86' lang='lat' dir='ltr'><strong>Sed</strong></span> <span class='ocrx_word' id='word_1_340' title='bbox 2803 2147 2914 2184; x_wconf 93' lang='lat' dir='ltr'><strong>non</strong></span> <span class='ocrx_word' id='word_1_341' title='bbox 2947 2136 3034 2186; x_wconf 89' lang='lat' dir='ltr'><strong>est</strong></span> <span class='ocrx_word' id='word_1_342' title='bbox 3067 2151 3302 2213; x_wconf 83' lang='lat' dir='ltr'><strong>necesse</strong></span> <span class='ocrx_word' id='word_1_343' title='bbox 3328 2155 3474 2211; x_wconf 91' lang='lat' dir='ltr'><strong>quos</strong></span> <span class='ocrx_word' id='word_1_344' title='bbox 3496 2142 3676 2202; x_wconf 89' lang='lat' dir='ltr'><strong>bello-</strong></span> 
     </span>
    </p>
   </div>
   <div class='ocr_carea' id='block_1_54' title="bbox 2031 2217 3675 2296">
    <p class='ocr_par' dir='ltr' id='par_1_54' title="bbox 2031 2217 3675 2296">
     <span class='ocr_line' id='line_1_54' title="bbox 2031 2217 3675 2296; baseline 0.014 -29"><span class='ocrx_word' id='word_1_345' title='bbox 2031 2231 2160 2268; x_wconf 87' lang='lat' dir='ltr'><strong>rum</strong></span> <span class='ocrx_word' id='word_1_346' title='bbox 2199 2220 2413 2280; x_wconf 89' lang='lat' dir='ltr'><strong>metus,</strong></span> <span class='ocrx_word' id='word_1_347' title='bbox 2439 2232 2586 2287; x_wconf 92' lang='lat' dir='ltr'><strong>quas</strong></span> <span class='ocrx_word' id='word_1_348' title='bbox 2615 2217 2882 2272; x_wconf 75' lang='lat' dir='ltr'><strong>Ecclesiae</strong></span> <span class='ocrx_word' id='word_1_349' title='bbox 2906 2221 3016 2275; x_wconf 90' lang='lat' dir='ltr'><strong>sibi</strong></span> <span class='ocrx_word' id='word_1_350' title='bbox 3051 2227 3378 2296; x_wconf 67' lang='lat' dir='ltr'><strong>commissae</strong></span> <span class='ocrx_word' id='word_1_351' title='bbox 3409 2231 3675 2291; x_wconf 88' lang='lat' dir='ltr'><strong>devasta-</strong></span> 
     </span>
    </p>
   </div>
   <div class='ocr_carea' id='block_1_55' title="bbox 2031 2303 3676 2386">
    <p class='ocr_par' dir='ltr' id='par_1_55' title="bbox 2031 2303 3676 2386">
     <span class='ocr_line' id='line_1_55' title="bbox 2031 2303 3676 2386; baseline 0.014 -30"><span class='ocrx_word' id='word_1_352' title='bbox 2031 2303 2240 2369; x_wconf 89' lang='lat' dir='ltr'><strong>tiones,</strong></span> <span class='ocrx_word' id='word_1_353' title='bbox 2275 2305 2520 2376; x_wconf 64' lang='lat' dir='ltr'><strong>predas,</strong></span> <span class='ocrx_word' id='word_1_354' title='bbox 2554 2305 2823 2361; x_wconf 89' lang='lat' dir='ltr'><strong>incendia</strong></span> <span class='ocrx_word' id='word_1_355' title='bbox 2856 2310 3156 2378; x_wconf 81' lang='lat' dir='ltr'><strong>pertulerit</strong></span> <span class='ocrx_word' id='word_1_356' title='bbox 3184 2331 3507 2386; x_wconf 89' lang='lat' dir='ltr'><strong>recensere,</strong></span> <span class='ocrx_word' id='word_1_357' title='bbox 3531 2322 3676 2378; x_wconf 92' lang='lat' dir='ltr'><strong>dum</strong></span> 
     </span>
    </p>
   </div>
   <div class='ocr_carea' id='block_1_56' title="bbox 2031 2392 3679 2472">
    <p class='ocr_par' dir='ltr' id='par_1_56' title="bbox 2031 2392 3679 2472">
     <span class='ocr_line' id='line_1_56' title="bbox 2031 2392 3679 2472; baseline 0.014 -27"><span class='ocrx_word' id='word_1_358' title='bbox 2031 2392 2464 2464; x_wconf 89' lang='lat' dir='ltr'><strong>Omnipotentis</strong></span> <span class='ocrx_word' id='word_1_359' title='bbox 2493 2395 2700 2465; x_wconf 87' lang='lat' dir='ltr'><strong>gratia,</strong></span> <span class='ocrx_word' id='word_1_360' title='bbox 2723 2396 2795 2450; x_wconf 93' lang='lat' dir='ltr'><strong>de</strong></span> <span class='ocrx_word' id='word_1_361' title='bbox 2825 2399 3052 2453; x_wconf 89' lang='lat' dir='ltr'><strong>cunctis</strong></span> <span class='ocrx_word' id='word_1_362' title='bbox 3083 2403 3210 2472; x_wconf 91' lang='lat' dir='ltr'><strong>ejus</strong></span> <span class='ocrx_word' id='word_1_363' title='bbox 3233 2406 3462 2464; x_wconf 68' lang='lat' dir='ltr'><strong>aemulis</strong></span> <span class='ocrx_word' id='word_1_364' title='bbox 3493 2409 3549 2465; x_wconf 93' lang='lat' dir='ltr'><strong>in</strong></span> <span class='ocrx_word' id='word_1_365' title='bbox 3584 2428 3679 2468; x_wconf 85' lang='lat' dir='ltr'><strong>ne—</strong></span> 
     </span>
    </p>
   </div>
   <div class='ocr_carea' id='block_1_57' title="bbox 2031 2481 3678 2571">
    <p class='ocr_par' dir='ltr' id='par_1_57' title="bbox 2031 2481 3678 2571">
     <span class='ocr_line' id='line_1_57' title="bbox 2031 2481 3678 2571; baseline 0.015 -38"><span class='ocrx_word' id='word_1_366' title='bbox 2031 2481 2214 2552; x_wconf 78' lang='lat' dir='ltr'><strong>quitia</strong></span> <span class='ocrx_word' id='word_1_367' title='bbox 2243 2482 2536 2549; x_wconf 85' lang='lat' dir='ltr'><strong>radicatis,</strong></span> <span class='ocrx_word' id='word_1_368' title='bbox 2571 2484 2750 2538; x_wconf 90' lang='lat' dir='ltr'><strong>citum</strong></span> <span class='ocrx_word' id='word_1_369' title='bbox 2785 2485 3022 2558; x_wconf 90' lang='lat' dir='ltr'><strong>dignata</strong></span> <span class='ocrx_word' id='word_1_370' title='bbox 3052 2497 3140 2544; x_wconf 90' lang='lat' dir='ltr'><strong>est</strong></span> <span class='ocrx_word' id='word_1_371' title='bbox 3173 2493 3347 2550; x_wconf 89' lang='lat' dir='ltr'><strong>ﬁnem</strong></span> <span class='ocrx_word' id='word_1_372' title='bbox 3381 2496 3678 2571; x_wconf 85' lang='lat' dir='ltr'><strong>imponere</strong></span> 
     </span>
    </p>
   </div>
   <div class='ocr_carea' id='block_1_58' title="bbox 2031 2569 3680 2660">
    <p class='ocr_par' dir='ltr' id='par_1_58' title="bbox 2031 2569 3680 2660">
     <span class='ocr_line' id='line_1_58' title="bbox 2031 2569 3680 2660; baseline 0.013 -36"><span class='ocrx_word' id='word_1_373' title='bbox 2031 2585 2096 2624; x_wconf 92' lang='lat' dir='ltr'><strong>ac</strong></span> <span class='ocrx_word' id='word_1_374' title='bbox 2145 2569 2256 2623; x_wconf 87' lang='lat' dir='ltr'><strong>sibi</strong></span> <span class='ocrx_word' id='word_1_375' title='bbox 2308 2569 2539 2625; x_wconf 85' lang='lat' dir='ltr'><strong>ﬁdelem</strong></span> <span class='ocrx_word' id='word_1_376' title='bbox 2598 2572 2885 2628; x_wconf 90' lang='lat' dir='ltr'><strong>famulum</strong></span> <span class='ocrx_word' id='word_1_377' title='bbox 2964 2577 3058 2646; x_wconf 92' lang='lat' dir='ltr'><strong>pia</strong></span> <span class='ocrx_word' id='word_1_378' title='bbox 3111 2569 3503 2642; x_wconf 81' lang='lat' dir='ltr'><strong>consolatione</strong></span> <span class='ocrx_word' id='word_1_379' title='bbox 3576 2607 3680 2660; x_wconf 89' lang='lat' dir='ltr'><strong>per</strong></span> 
     </span>
    </p>
   </div>
   <div class='ocr_carea' id='block_1_59' title="bbox 2030 2657 3678 2734">
    <p class='ocr_par' dir='ltr' id='par_1_59' title="bbox 2030 2657 3678 2734">
     <span class='ocr_line' id='line_1_59' title="bbox 2030 2657 3678 2734; baseline 0.013 -24"><span class='ocrx_word' id='word_1_380' title='bbox 2030 2658 2222 2712; x_wconf 86' lang='lat' dir='ltr'><strong>visum</strong></span> <span class='ocrx_word' id='word_1_381' title='bbox 2254 2657 2434 2713; x_wconf 90' lang='lat' dir='ltr'><strong>voluit</strong></span> <span class='ocrx_word' id='word_1_382' title='bbox 2465 2659 2733 2716; x_wconf 86' lang='lat' dir='ltr'><strong>relevare.</strong></span> <span class='ocrx_word' id='word_1_383' title='bbox 2759 2662 3058 2734; x_wconf 87' lang='lat' dir='ltr'><strong>Siquidem</strong></span> <span class='ocrx_word' id='word_1_384' title='bbox 3091 2667 3230 2723; x_wconf 92' lang='lat' dir='ltr'><strong>dum</strong></span> <span class='ocrx_word' id='word_1_385' title='bbox 3262 2671 3452 2727; x_wconf 89' lang='lat' dir='ltr'><strong>adhuc</strong></span> <span class='ocrx_word' id='word_1_386' title='bbox 3483 2657 3678 2732; x_wconf 73' lang='lat' dir='ltr'><strong>adver-</strong></span> 
     </span>
    </p>
   </div>
   <div class='ocr_carea' id='block_1_60' title="bbox 2031 2746 3678 2823">
    <p class='ocr_par' dir='ltr' id='par_1_60' title="bbox 2031 2746 3678 2823">
     <span class='ocr_line' id='line_1_60' title="bbox 2031 2746 3678 2823; baseline 0.011 -22"><span class='ocrx_word' id='word_1_387' title='bbox 2031 2746 2273 2801; x_wconf 88' lang='lat' dir='ltr'><strong>sitatum</strong></span> <span class='ocrx_word' id='word_1_388' title='bbox 2303 2748 2620 2820; x_wconf 88' lang='lat' dir='ltr'><strong>angoribus</strong></span> <span class='ocrx_word' id='word_1_389' title='bbox 2647 2755 2986 2818; x_wconf 88' lang='lat' dir='ltr'><strong>arctaretur,</strong></span> <span class='ocrx_word' id='word_1_390' title='bbox 3013 2756 3265 2823; x_wconf 87' lang='lat' dir='ltr'><strong>quadam</strong></span> <span class='ocrx_word' id='word_1_391' title='bbox 3292 2765 3456 2815; x_wconf 91' lang='lat' dir='ltr'><strong>nocte</strong></span> <span class='ocrx_word' id='word_1_392' title='bbox 3479 2763 3678 2819; x_wconf 88' lang='lat' dir='ltr'><strong>multi-</strong></span> 
     </span>
    </p>
   </div>
   <div class='ocr_carea' id='block_1_61' title="bbox 2030 2834 3672 2912">
    <p class='ocr_par' dir='ltr' id='par_1_61' title="bbox 2030 2834 3672 2912">
     <span class='ocr_line' id='line_1_61' title="bbox 2030 2834 3672 2912; baseline 0.013 -25"><span class='ocrx_word' id='word_1_393' title='bbox 2030 2834 2247 2907; x_wconf 90' lang='lat' dir='ltr'><strong>plicum</strong></span> <span class='ocrx_word' id='word_1_394' title='bbox 2281 2835 2745 2891; x_wconf 88' lang='lat' dir='ltr'><strong>sollicitudinum</strong></span> <span class='ocrx_word' id='word_1_395' title='bbox 2781 2841 2968 2894; x_wconf 81' lang='lat' dir='ltr'><strong>fessus</strong></span> <span class='ocrx_word' id='word_1_396' title='bbox 3009 2840 3328 2912; x_wconf 89' lang='lat' dir='ltr'><strong>laboribus,</strong></span> <span class='ocrx_word' id='word_1_397' title='bbox 3374 2849 3672 2909; x_wconf 89' lang='lat' dir='ltr'><strong>miseriam</strong></span> 
     </span>
    </p>
   </div>
   <div class='ocr_carea' id='block_1_62' title="bbox 2029 2922 3674 3013">
    <p class='ocr_par' dir='ltr' id='par_1_62' title="bbox 2029 2922 3674 3013">
     <span class='ocr_line' id='line_1_62' title="bbox 2029 2922 3674 3013; baseline 0.015 -38"><span class='ocrx_word' id='word_1_398' title='bbox 2029 2922 2138 2976; x_wconf 90' lang='lat' dir='ltr'><strong>sibi</strong></span> <span class='ocrx_word' id='word_1_399' title='bbox 2175 2923 2421 2994; x_wconf 84' lang='lat' dir='ltr'><strong>subjecti</strong></span> <span class='ocrx_word' id='word_1_400' title='bbox 2449 2925 2645 2996; x_wconf 88' lang='lat' dir='ltr'><strong>populi</strong></span> <span class='ocrx_word' id='word_1_401' title='bbox 2690 2925 3052 2995; x_wconf 89' lang='lat' dir='ltr'><strong>revolvendo,</strong></span> <span class='ocrx_word' id='word_1_402' title='bbox 3104 2929 3674 3013; x_wconf 82' lang='lat' dir='ltr'><strong>lacrymabiliterque</strong></span> 
     </span>
    </p>
   </div>
   <div class='ocr_carea' id='block_1_63' title="bbox 2031 3011 3675 3092">
    <p class='ocr_par' dir='ltr' id='par_1_63' title="bbox 2031 3011 3675 3092">
     <span class='ocr_line' id='line_1_63' title="bbox 2031 3011 3675 3092; baseline 0.014 -28"><span class='ocrx_word' id='word_1_403' title='bbox 2031 3011 2155 3065; x_wconf 91' lang='lat' dir='ltr'><strong>suis</strong></span> <span class='ocrx_word' id='word_1_404' title='bbox 2187 3027 2314 3066; x_wconf 90' lang='lat' dir='ltr'><strong>eam</strong></span> <span class='ocrx_word' id='word_1_405' title='bbox 2350 3014 2672 3084; x_wconf 88' lang='lat' dir='ltr'><strong>reputando</strong></span> <span class='ocrx_word' id='word_1_406' title='bbox 2705 3015 3071 3084; x_wconf 88' lang='lat' dir='ltr'><strong>criminibus,</strong></span> <span class='ocrx_word' id='word_1_407' title='bbox 3097 3029 3406 3092; x_wconf 85' lang='lat' dir='ltr'><strong>soporatur</strong></span> <span class='ocrx_word' id='word_1_408' title='bbox 3426 3044 3490 3082; x_wconf 91' lang='lat' dir='ltr'><strong>ac</strong></span> <span class='ocrx_word' id='word_1_409' title='bbox 3519 3011 3675 3087; x_wconf 83' lang='lat' dir='ltr'><strong>videt</strong></span> 
     </span>
    </p>
   </div>
   <div class='ocr_carea' id='block_1_64' title="bbox 2029 3100 3672 3181">
    <p class='ocr_par' dir='ltr' id='par_1_64' title="bbox 2029 3100 3672 3181">
     <span class='ocr_line' id='line_1_64' title="bbox 2029 3100 3672 3181; baseline 0.012 -27"><span class='ocrx_word' id='word_1_410' title='bbox 2029 3100 2088 3154; x_wconf 90' lang='lat' dir='ltr'><strong>in</strong></span> <span class='ocrx_word' id='word_1_411' title='bbox 2122 3101 2346 3155; x_wconf 89' lang='lat' dir='ltr'><strong>somnis</strong></span> <span class='ocrx_word' id='word_1_412' title='bbox 2376 3101 2685 3172; x_wconf 90' lang='lat' dir='ltr'><strong>quemdam</strong></span> <span class='ocrx_word' id='word_1_413' title='bbox 2728 3103 2971 3174; x_wconf 90' lang='lat' dir='ltr'><strong>angelici</strong></span> <span class='ocrx_word' id='word_1_414' title='bbox 3013 3107 3211 3164; x_wconf 89' lang='lat' dir='ltr'><strong>vultus</strong></span> <span class='ocrx_word' id='word_1_415' title='bbox 3247 3114 3513 3181; x_wconf 66' lang='lat' dir='ltr'><strong>praeferre</strong></span> <span class='ocrx_word' id='word_1_416' title='bbox 3559 3117 3672 3173; x_wconf 88' lang='lat' dir='ltr'><strong>sibi</strong></span> 
     </span>
    </p>
   </div>
   <div class='ocr_carea' id='block_1_65' title="bbox 263 3177 1915 3274">
    <p class='ocr_par' dir='ltr' id='par_1_65' title="bbox 263 3177 1915 3268">
     <span class='ocr_line' id='line_1_65' title="bbox 263 3177 1915 3268; baseline 0.004 -21"><span class='ocrx_word' id='word_1_417' title='bbox 263 3194 406 3248; x_wconf 84' lang='lat' dir='ltr'><strong>fore.</strong></span> <span class='ocrx_word' id='word_1_418' title='bbox 440 3193 739 3266; x_wconf 87' lang='lat' dir='ltr'><strong>Sapientia</strong></span> <span class='ocrx_word' id='word_1_419' title='bbox 768 3194 1097 3249; x_wconf 88' lang='lat' dir='ltr'><strong>divinarum</strong></span> <span class='ocrx_word' id='word_1_420' title='bbox 1136 3177 1652 3268; x_wconf 87' lang='lat' dir='ltr'><strong>humanarumque</strong></span> <span class='ocrx_word' id='word_1_421' title='bbox 1700 3199 1915 3254; x_wconf 84' lang='lat' dir='ltr'><strong>artium</strong></span> 
     </span>
    </p>
   </div>
   <div class='ocr_carea' id='block_1_66' title="bbox 2028 3177 3670 3274">
    <p class='ocr_par' dir='ltr' id='par_1_66' title="bbox 2029 3177 3670 3274">
     <span class='ocr_line' id='line_1_66' title="bbox 2029 3177 3670 3274; baseline 0.012 -32"><span class='ocrx_word' id='word_1_422' title='bbox 2029 3188 2315 3259; x_wconf 66' lang='lat' dir='ltr'><strong>sphaeram</strong></span> <span class='ocrx_word' id='word_1_423' title='bbox 2343 3206 2524 3261; x_wconf 88' lang='lat' dir='ltr'><strong>supra</strong></span> <span class='ocrx_word' id='word_1_424' title='bbox 2554 3190 2694 3245; x_wconf 90' lang='lat' dir='ltr'><strong>solis</strong></span> <span class='ocrx_word' id='word_1_425' title='bbox 2725 3191 3095 3263; x_wconf 87' lang='lat' dir='ltr'><strong>splendorem</strong></span> <span class='ocrx_word' id='word_1_426' title='bbox 3131 3177 3570 3274; x_wconf 74' lang='lat' dir='ltr'><strong>fulgidam,quze</strong></span> <span class='ocrx_word' id='word_1_427' title='bbox 3588 3205 3670 3261; x_wconf 86' lang='lat' dir='ltr'><strong>vi-</strong></span> 
     </span>
    </p>
   </div>
   <div class='ocr_carea' id='block_1_67' title="bbox 261 3281 1913 3354">
    <p class='ocr_par' dir='ltr' id='par_1_67' title="bbox 261 3281 1913 3354">
     <span class='ocr_line' id='line_1_67' title="bbox 261 3281 1913 3354; baseline 0.004 -18"><span class='ocrx_word' id='word_1_428' title='bbox 261 3283 323 3336; x_wconf 93' lang='lat' dir='ltr'><strong>in</strong></span> <span class='ocrx_word' id='word_1_429' title='bbox 355 3299 424 3337; x_wconf 89' lang='lat' dir='ltr'><strong>eo</strong></span> <span class='ocrx_word' id='word_1_430' title='bbox 457 3281 778 3354; x_wconf 79' lang='lat' dir='ltr'><strong>refulgebat</strong></span> <span class='ocrx_word' id='word_1_431' title='bbox 800 3281 1192 3354; x_wconf 89' lang='lat' dir='ltr'><strong>amplissima,</strong></span> <span class='ocrx_word' id='word_1_432' title='bbox 1217 3284 1470 3340; x_wconf 88' lang='lat' dir='ltr'><strong>maxime</strong></span> <span class='ocrx_word' id='word_1_433' title='bbox 1492 3285 1635 3340; x_wconf 88' lang='lat' dir='ltr'><strong>artis</strong></span> <span class='ocrx_word' id='word_1_434' title='bbox 1666 3286 1913 3344; x_wconf 90' lang='lat' dir='ltr'><strong>delecta-</strong></span> 
     </span>
    </p>
   </div>
   <div class='ocr_carea' id='block_1_68' title="bbox 261 3369 1916 3444">
    <p class='ocr_par' dir='ltr' id='par_1_68' title="bbox 261 3369 1916 3444">
     <span class='ocr_line' id='line_1_68' title="bbox 261 3369 1916 3444; baseline 0.004 -19"><span class='ocrx_word' id='word_1_435' title='bbox 261 3369 414 3426; x_wconf 83' lang='lat' dir='ltr'><strong>bilis</strong></span> <span class='ocrx_word' id='word_1_436' title='bbox 444 3369 673 3425; x_wconf 66' lang='lat' dir='ltr'><strong>musica:</strong></span> <span class='ocrx_word' id='word_1_437' title='bbox 702 3371 933 3444; x_wconf 86' lang='lat' dir='ltr'><strong>peritia,</strong></span> <span class='ocrx_word' id='word_1_438' title='bbox 966 3388 1084 3443; x_wconf 90' lang='lat' dir='ltr'><strong>qua</strong></span> <span class='ocrx_word' id='word_1_439' title='bbox 1113 3372 1371 3444; x_wconf 90' lang='lat' dir='ltr'><strong>antiquis</strong></span> <span class='ocrx_word' id='word_1_440' title='bbox 1411 3374 1746 3430; x_wconf 90' lang='lat' dir='ltr'><strong>auctoribus</strong></span> <span class='ocrx_word' id='word_1_441' title='bbox 1802 3393 1916 3432; x_wconf 92' lang='lat' dir='ltr'><strong>non</strong></span> 
     </span>
    </p>
   </div>
   <div class='ocr_carea' id='block_1_69' title="bbox 269 3458 1917 3532">
    <p class='ocr_par' dir='ltr' id='par_1_69' title="bbox 269 3458 1917 3532">
     <span class='ocr_line' id='line_1_69' title="bbox 269 3458 1917 3532; baseline 0.004 -18"><span class='ocrx_word' id='word_1_442' title='bbox 269 3458 448 3514; x_wconf 91' lang='lat' dir='ltr'><strong>modo</strong></span> <span class='ocrx_word' id='word_1_443' title='bbox 467 3459 804 3531; x_wconf 67' lang='lat' dir='ltr'><strong>azquiparari</strong></span> <span class='ocrx_word' id='word_1_444' title='bbox 832 3464 1078 3532; x_wconf 88' lang='lat' dir='ltr'><strong>poterat,</strong></span> <span class='ocrx_word' id='word_1_445' title='bbox 1093 3460 1211 3516; x_wconf 91' lang='lat' dir='ltr'><strong>imo</strong></span> <span class='ocrx_word' id='word_1_446' title='bbox 1234 3463 1291 3516; x_wconf 90' lang='lat' dir='ltr'><strong>in</strong></span> <span class='ocrx_word' id='word_1_447' title='bbox 1316 3460 1590 3518; x_wconf 90' lang='lat' dir='ltr'><strong>melliﬁca</strong></span> <span class='ocrx_word' id='word_1_448' title='bbox 1610 3462 1917 3521; x_wconf 90' lang='lat' dir='ltr'><strong>dulcedine</strong></span> 
     </span>
    </p>
   </div>
   <div class='ocr_carea' id='block_1_70' title="bbox 267 3547 1918 3624">
    <p class='ocr_par' dir='ltr' id='par_1_70' title="bbox 267 3547 1918 3624">
     <span class='ocr_line' id='line_1_70' title="bbox 267 3547 1918 3624; baseline 0.004 -22"><span class='ocrx_word' id='word_1_449' title='bbox 267 3547 582 3604; x_wconf 90' lang='lat' dir='ltr'><strong>nonnullos</strong></span> <span class='ocrx_word' id='word_1_450' title='bbox 611 3564 813 3604; x_wconf 89' lang='lat' dir='ltr'><strong>eorum</strong></span> <span class='ocrx_word' id='word_1_451' title='bbox 849 3547 1228 3621; x_wconf 80' lang='lat' dir='ltr'><strong>praecellebat.</strong></span> <span class='ocrx_word' id='word_1_452' title='bbox 1257 3550 1401 3605; x_wconf 85' lang='lat' dir='ltr'><strong>Nam</strong></span> <span class='ocrx_word' id='word_1_453' title='bbox 1423 3567 1780 3624; x_wconf 88' lang='lat' dir='ltr'><strong>componens</strong></span> <span class='ocrx_word' id='word_1_454' title='bbox 1801 3569 1918 3609; x_wconf 90' lang='lat' dir='ltr'><strong>res-</strong></span> 
     </span>
    </p>
   </div>
   <div class='ocr_carea' id='block_1_71' title="bbox 263 3637 1913 3714">
    <p class='ocr_par' dir='ltr' id='par_1_71' title="bbox 263 3637 1913 3714">
     <span class='ocr_line' id='line_1_71' title="bbox 263 3637 1913 3714; baseline 0.004 -24"><span class='ocrx_word' id='word_1_455' title='bbox 263 3637 541 3709; x_wconf 88' lang='lat' dir='ltr'><strong>ponsoria</strong></span> <span class='ocrx_word' id='word_1_456' title='bbox 561 3637 621 3692; x_wconf 89' lang='lat' dir='ltr'><strong>in</strong></span> <span class='ocrx_word' id='word_1_457' title='bbox 635 3639 1003 3694; x_wconf 87' lang='lat' dir='ltr'><strong>veneratione</strong></span> <span class='ocrx_word' id='word_1_458' title='bbox 1014 3637 1252 3710; x_wconf 90' lang='lat' dir='ltr'><strong>gloriosi</strong></span> <span class='ocrx_word' id='word_1_459' title='bbox 1267 3639 1540 3712; x_wconf 78' lang='lat' dir='ltr'><strong>martyris</strong></span> <span class='ocrx_word' id='word_1_460' title='bbox 1553 3641 1859 3713; x_wconf 80' lang='lat' dir='ltr'><strong>Cyriaci(2l</strong></span> <span class='ocrx_word' id='word_1_461' title='bbox 1873 3643 1913 3714; x_wconf 89' lang='lat'><strong>),</strong></span> 
     </span>
    </p>
   </div>
   <div class='ocr_carea' id='block_1_72' title="bbox 260 3724 1914 3800">
    <p class='ocr_par' dir='ltr' id='par_1_72' title="bbox 260 3724 1914 3800">
     <span class='ocr_line' id='line_1_72' title="bbox 260 3724 1914 3800; baseline 0.002 -18"><span class='ocrx_word' id='word_1_462' title='bbox 260 3724 568 3796; x_wconf 82' lang='lat' dir='ltr'><strong>sanctique</strong></span> <span class='ocrx_word' id='word_1_463' title='bbox 591 3725 803 3780; x_wconf 84' lang='lat' dir='ltr'><strong>Hidulﬁ</strong></span> <span class='ocrx_word' id='word_1_464' title='bbox 828 3726 1198 3782; x_wconf 84' lang='lat' dir='ltr'><strong>Trevirorum</strong></span> <span class='ocrx_word' id='word_1_465' title='bbox 1223 3726 1780 3800; x_wconf 90' lang='lat' dir='ltr'><strong>archiepiscopi,nec</strong></span> <span class='ocrx_word' id='word_1_466' title='bbox 1799 3747 1914 3787; x_wconf 90' lang='lat' dir='ltr'><strong>non</strong></span> 
     </span>
    </p>
   </div>
   <div class='ocr_carea' id='block_1_73' title="bbox 262 3813 1913 3890">
    <p class='ocr_par' dir='ltr' id='par_1_73' title="bbox 262 3813 1913 3890">
     <span class='ocr_line' id='line_1_73' title="bbox 262 3813 1913 3890; baseline 0.004 -21"><span class='ocrx_word' id='word_1_467' title='bbox 262 3814 447 3869; x_wconf 68' lang='lat' dir='ltr'><strong>beatis</strong></span> <span class='ocrx_word' id='word_1_468' title='bbox 479 3813 681 3869; x_wconf 62' lang='lat' dir='ltr'><strong>Odilie</strong></span> <span class='ocrx_word' id='word_1_469' title='bbox 710 3814 972 3888; x_wconf 87' lang='lat' dir='ltr'><strong>virginis,</strong></span> <span class='ocrx_word' id='word_1_470' title='bbox 1013 3821 1191 3886; x_wconf 87' lang='lat' dir='ltr'><strong>atque</strong></span> <span class='ocrx_word' id='word_1_471' title='bbox 1233 3817 1545 3872; x_wconf 88' lang='lat' dir='ltr'><strong>venerandi</strong></span> <span class='ocrx_word' id='word_1_472' title='bbox 1593 3818 1913 3890; x_wconf 80' lang='lat' dir='ltr'><strong>Anglorum</strong></span> 
     </span>
    </p>
   </div>
   <div class='ocr_carea' id='block_1_74' title="bbox 259 3901 1911 3975">
    <p class='ocr_par' dir='ltr' id='par_1_74' title="bbox 259 3901 1911 3975">
     <span class='ocr_line' id='line_1_74' title="bbox 259 3901 1911 3975; baseline 0.003 -18"><span class='ocrx_word' id='word_1_473' title='bbox 259 3901 514 3974; x_wconf 85' lang='lat' dir='ltr'><strong>apostoli</strong></span> <span class='ocrx_word' id='word_1_474' title='bbox 537 3902 800 3975; x_wconf 86' lang='lat' dir='ltr'><strong>Gregorii</strong></span> <span class='ocrx_word' id='word_1_475' title='bbox 826 3902 1097 3967; x_wconf 88' lang='lat' dir='ltr'><strong>doctoris.</strong></span> <span class='ocrx_word' id='word_1_476' title='bbox 1124 3902 1305 3959; x_wconf 89' lang='lat' dir='ltr'><strong>divini</strong></span> <span class='ocrx_word' id='word_1_477' title='bbox 1322 3903 1527 3962; x_wconf 90' lang='lat' dir='ltr'><strong>laudes</strong></span> <span class='ocrx_word' id='word_1_478' title='bbox 1549 3907 1767 3962; x_wconf 84' lang='lat' dir='ltr'><strong>servitii</strong></span> <span class='ocrx_word' id='word_1_479' title='bbox 1801 3907 1911 3963; x_wconf 90' lang='lat' dir='ltr'><strong>mi-</strong></span> 
     </span>
    </p>
   </div>
   <div class='ocr_carea' id='block_1_75' title="bbox 259 3989 1912 4067">
    <p class='ocr_par' dir='ltr' id='par_1_75' title="bbox 259 3989 1912 4067">
     <span class='ocr_line' id='line_1_75' title="bbox 259 3989 1912 4067; baseline 0.004 -21"><span class='ocrx_word' id='word_1_480' title='bbox 259 3991 427 4046; x_wconf 86' lang='lat' dir='ltr'><strong>riﬁco</strong></span> <span class='ocrx_word' id='word_1_481' title='bbox 446 3991 656 4046; x_wconf 90' lang='lat' dir='ltr'><strong>decore</strong></span> <span class='ocrx_word' id='word_1_482' title='bbox 681 3989 1000 4062; x_wconf 88' lang='lat' dir='ltr'><strong>ampliavit.</strong></span> <span class='ocrx_word' id='word_1_483' title='bbox 1025 3991 1386 4049; x_wconf 90' lang='lat' dir='ltr'><strong>Humilitatis</strong></span> <span class='ocrx_word' id='word_1_484' title='bbox 1411 4009 1645 4066; x_wconf 90' lang='lat' dir='ltr'><strong>quoque</strong></span> <span class='ocrx_word' id='word_1_485' title='bbox 1689 4011 1754 4050; x_wconf 89' lang='lat' dir='ltr'><strong>ac</strong></span> <span class='ocrx_word' id='word_1_486' title='bbox 1805 4012 1912 4067; x_wconf 88' lang='lat' dir='ltr'><strong>pa-</strong></span> 
     </span>
    </p>
   </div>
   <div class='ocr_carea' id='block_1_76' title="bbox 255 4077 1909 4155">
    <p class='ocr_par' dir='ltr' id='par_1_76' title="bbox 255 4077 1909 4155">
     <span class='ocr_line' id='line_1_76' title="bbox 255 4077 1909 4155; baseline 0.004 -22"><span class='ocrx_word' id='word_1_487' title='bbox 255 4079 478 4135; x_wconf 71' lang='lat' dir='ltr'><strong>tientia:</strong></span> <span class='ocrx_word' id='word_1_488' title='bbox 510 4080 737 4135; x_wconf 90' lang='lat' dir='ltr'><strong>donum</strong></span> <span class='ocrx_word' id='word_1_489' title='bbox 764 4077 846 4134; x_wconf 90' lang='lat' dir='ltr'><strong>ita</strong></span> <span class='ocrx_word' id='word_1_490' title='bbox 874 4081 936 4136; x_wconf 93' lang='lat' dir='ltr'><strong>in</strong></span> <span class='ocrx_word' id='word_1_491' title='bbox 959 4097 1024 4136; x_wconf 93' lang='lat' dir='ltr'><strong>eo</strong></span> <span class='ocrx_word' id='word_1_492' title='bbox 1049 4081 1262 4137; x_wconf 90' lang='lat' dir='ltr'><strong>enituit</strong></span> <span class='ocrx_word' id='word_1_493' title='bbox 1282 4081 1424 4148; x_wconf 89' lang='lat' dir='ltr'><strong>ut,si</strong></span> <span class='ocrx_word' id='word_1_494' title='bbox 1448 4082 1643 4138; x_wconf 86' lang='lat' dir='ltr'><strong>forsan</strong></span> <span class='ocrx_word' id='word_1_495' title='bbox 1657 4081 1909 4155; x_wconf 90' lang='lat' dir='ltr'><strong>aliquem</strong></span> 
     </span>
    </p>
   </div>
   <div class='ocr_carea' id='block_1_77' title="bbox 252 4169 1912 4244">
    <p class='ocr_par' dir='ltr' id='par_1_77' title="bbox 252 4169 1912 4244">
     <span class='ocr_line' id='line_1_77' title="bbox 252 4169 1912 4244; baseline 0.004 -22"><span class='ocrx_word' id='word_1_496' title='bbox 252 4169 664 4239; x_wconf 85' lang='lat' dir='ltr'><strong>subjecterum</strong></span> <span class='ocrx_word' id='word_1_497' title='bbox 696 4184 799 4240; x_wconf 89' lang='lat' dir='ltr'><strong>pro</strong></span> <span class='ocrx_word' id='word_1_498' title='bbox 820 4185 937 4224; x_wconf 76' lang='lat' dir='ltr'><strong>sua:</strong></span> <span class='ocrx_word' id='word_1_499' title='bbox 961 4169 1143 4242; x_wconf 64' lang='lat' dir='ltr'><strong>culpa</strong></span> <span class='ocrx_word' id='word_1_500' title='bbox 1176 4186 1324 4226; x_wconf 84' lang='lat' dir='ltr'><strong>noxa</strong></span> <span class='ocrx_word' id='word_1_501' title='bbox 1353 4170 1698 4243; x_wconf 89' lang='lat' dir='ltr'><strong>increparet,</strong></span> <span class='ocrx_word' id='word_1_502' title='bbox 1733 4177 1912 4244; x_wconf 89' lang='lat' dir='ltr'><strong>utque</strong></span> 
     </span>
    </p>
   </div>
   <div class='ocr_carea' id='block_1_78' title="bbox 251 4255 1913 4332">
    <p class='ocr_par' dir='ltr' id='par_1_78' title="bbox 251 4255 1913 4332">
     <span class='ocr_line' id='line_1_78' title="bbox 251 4255 1913 4332; baseline 0.003 -21"><span class='ocrx_word' id='word_1_503' title='bbox 251 4255 382 4312; x_wconf 82' lang='lat' dir='ltr'><strong>ﬁeri</strong></span> <span class='ocrx_word' id='word_1_504' title='bbox 407 4255 576 4324; x_wconf 81' lang='lat' dir='ltr'><strong>solet,</strong></span> <span class='ocrx_word' id='word_1_505' title='bbox 601 4255 1062 4329; x_wconf 69' lang='lat' dir='ltr'><strong>illiimpatientaa</strong></span> <span class='ocrx_word' id='word_1_506' title='bbox 1097 4262 1292 4314; x_wconf 91' lang='lat' dir='ltr'><strong>motus</strong></span> <span class='ocrx_word' id='word_1_507' title='bbox 1313 4258 1446 4314; x_wconf 90' lang='lat' dir='ltr'><strong>felle</strong></span> <span class='ocrx_word' id='word_1_508' title='bbox 1478 4258 1664 4315; x_wconf 91' lang='lat' dir='ltr'><strong>multa</strong></span> <span class='ocrx_word' id='word_1_509' title='bbox 1702 4259 1913 4332; x_wconf 83' lang='lat' dir='ltr'><strong>impro-</strong></span> 
     </span>
    </p>
   </div>
   <div class='ocr_carea' id='block_1_79' title="bbox 248 4345 1912 4421">
    <p class='ocr_par' dir='ltr' id='par_1_79' title="bbox 248 4345 1912 4421">
     <span class='ocr_line' id='line_1_79' title="bbox 248 4345 1912 4421; baseline 0.004 -21"><span class='ocrx_word' id='word_1_510' title='bbox 248 4345 558 4418; x_wconf 88' lang='lat' dir='ltr'><strong>periorum</strong></span> <span class='ocrx_word' id='word_1_511' title='bbox 579 4347 843 4401; x_wconf 85' lang='lat' dir='ltr'><strong>convicia</strong></span> <span class='ocrx_word' id='word_1_512' title='bbox 886 4347 1154 4419; x_wconf 84' lang='lat' dir='ltr'><strong>arguenti</strong></span> <span class='ocrx_word' id='word_1_513' title='bbox 1178 4347 1412 4419; x_wconf 70' lang='lat' dir='ltr'><strong>praesuli</strong></span> <span class='ocrx_word' id='word_1_514' title='bbox 1436 4349 1750 4421; x_wconf 88' lang='lat' dir='ltr'><strong>irrogaret;</strong></span> <span class='ocrx_word' id='word_1_515' title='bbox 1802 4350 1912 4406; x_wconf 91' lang='lat' dir='ltr'><strong>iste</strong></span> 
     </span>
    </p>
   </div>
   <div class='ocr_carea' id='block_1_80' title="bbox 249 4434 1910 4510">
    <p class='ocr_par' dir='ltr' id='par_1_80' title="bbox 249 4434 1910 4510">
     <span class='ocr_line' id='line_1_80' title="bbox 249 4434 1910 4510; baseline 0.003 -20"><span class='ocrx_word' id='word_1_516' title='bbox 249 4451 365 4506; x_wconf 89' lang='lat' dir='ltr'><strong>pro</strong></span> <span class='ocrx_word' id='word_1_517' title='bbox 392 4434 706 4490; x_wconf 89' lang='lat' dir='ltr'><strong>verborum</strong></span> <span class='ocrx_word' id='word_1_518' title='bbox 738 4435 970 4506; x_wconf 72' lang='lat' dir='ltr'><strong>injuriis</strong></span> <span class='ocrx_word' id='word_1_519' title='bbox 1011 4453 1126 4492; x_wconf 91' lang='lat' dir='ltr'><strong>non</strong></span> <span class='ocrx_word' id='word_1_520' title='bbox 1172 4436 1432 4508; x_wconf 89' lang='lat' dir='ltr'><strong>verbera,</strong></span> <span class='ocrx_word' id='word_1_521' title='bbox 1473 4437 1573 4492; x_wconf 87' lang='lat' dir='ltr'><strong>sed</strong></span> <span class='ocrx_word' id='word_1_522' title='bbox 1622 4436 1910 4510; x_wconf 86' lang='lat' dir='ltr'><strong>lacrymas</strong></span> 
     </span>
    </p>
   </div>
   <div class='ocr_carea' id='block_1_81' title="bbox 248 4521 1033 4594">
    <p class='ocr_par' dir='ltr' id='par_1_81' title="bbox 248 4521 1033 4594">
     <span class='ocr_line' id='line_1_81' title="bbox 248 4521 1033 4594; baseline 0.003 -17"><span class='ocrx_word' id='word_1_523' title='bbox 248 4523 402 4577; x_wconf 84' lang='lat' dir='ltr'><strong>cond</strong></span> <span class='ocrx_word' id='word_1_524' title='bbox 412 4521 622 4578; x_wconf 90' lang='lat' dir='ltr'><strong>olendo</strong></span> <span class='ocrx_word' id='word_1_525' title='bbox 654 4522 1033 4594; x_wconf 90' lang='lat' dir='ltr'><strong>impenderet.</strong></span> 
     </span>
    </p>
   </div>
   <div class='ocr_carea' id='block_1_82' title="bbox 328 4610 1908 4682">
    <p class='ocr_par' dir='ltr' id='par_1_82' title="bbox 328 4610 1908 4682">
     <span class='ocr_line' id='line_1_82' title="bbox 328 4610 1908 4682; baseline 0.005 -18"><span class='ocrx_word' id='word_1_526' title='bbox 328 4610 479 4665; x_wconf 78' lang='lat' dir='ltr'><strong>XIV.</strong></span> <span class='ocrx_word' id='word_1_527' title='bbox 511 4611 726 4668; x_wconf 74' lang='lat' dir='ltr'><strong>Invide:</strong></span> <span class='ocrx_word' id='word_1_528' title='bbox 750 4614 984 4682; x_wconf 79' lang='lat' dir='ltr'><strong>patitur.</strong></span> <span class='ocrx_word' id='word_1_529' title='bbox 1018 4614 1080 4668; x_wconf 87' lang='lat' dir='ltr'><strong>In</strong></span> <span class='ocrx_word' id='word_1_530' title='bbox 1102 4613 1363 4669; x_wconf 84' lang='lat' dir='ltr'><strong>morbum</strong></span> <span class='ocrx_word' id='word_1_531' title='bbox 1395 4613 1607 4672; x_wconf 79' lang='lat' dir='ltr'><strong>incidit.</strong></span> <span class='ocrx_word' id='word_1_532' title='bbox 1632 4617 1670 4670; x_wconf 87' lang='grc' dir='ltr'><em>Α</em></span> <span class='ocrx_word' id='word_1_533' title='bbox 1720 4619 1908 4672; x_wconf 72' lang='lat' dir='ltr'><strong>sancto</strong></span> 
     </span>
    </p>
   </div>
   <div class='ocr_carea' id='block_1_83' title="bbox 242 4699 1912 4775">
    <p class='ocr_par' dir='ltr' id='par_1_83' title="bbox 242 4699 1912 4775">
     <span class='ocr_line' id='line_1_83' title="bbox 242 4699 1912 4775; baseline 0.005 -22"><span class='ocrx_word' id='word_1_534' title='bbox 242 4699 444 4754; x_wconf 75' lang='lat' dir='ltr'><strong>Blasio</strong></span> <span class='ocrx_word' id='word_1_535' title='bbox 472 4704 726 4755; x_wconf 75' lang='lat' dir='ltr'><strong>sanatur.</strong></span> <span class='ocrx_word' id='word_1_536' title='bbox 765 4731 826 4742; x_wconf 89' lang='lat'><strong><em>—</em></strong></span> <span class='ocrx_word' id='word_1_537' title='bbox 857 4701 958 4758; x_wconf 89' lang='lat' dir='ltr'><strong>His</strong></span> <span class='ocrx_word' id='word_1_538' title='bbox 998 4717 1134 4774; x_wconf 92' lang='lat' dir='ltr'><strong>ergo</strong></span> <span class='ocrx_word' id='word_1_539' title='bbox 1179 4701 1427 4775; x_wconf 90' lang='lat' dir='ltr'><strong>aliisque</strong></span> <span class='ocrx_word' id='word_1_540' title='bbox 1472 4703 1641 4759; x_wconf 90' lang='lat' dir='ltr'><strong>bonis</strong></span> <span class='ocrx_word' id='word_1_541' title='bbox 1684 4705 1912 4763; x_wconf 89' lang='lat' dir='ltr'><strong>actibus</strong></span> 
     </span>
    </p>
   </div>
   <div class='ocr_carea' id='block_1_84' title="bbox 240 4787 1908 4864">
    <p class='ocr_par' dir='ltr' id='par_1_84' title="bbox 240 4787 1908 4864">
     <span class='ocr_line' id='line_1_84' title="bbox 240 4787 1908 4864; baseline 0.006 -24"><span class='ocrx_word' id='word_1_542' title='bbox 240 4787 620 4859; x_wconf 84' lang='lat' dir='ltr'><strong>perspiciens</strong></span> <span class='ocrx_word' id='word_1_543' title='bbox 636 4805 771 4844; x_wconf 89' lang='lat' dir='ltr'><strong>eum</strong></span> <span class='ocrx_word' id='word_1_544' title='bbox 795 4788 986 4845; x_wconf 91' lang='lat' dir='ltr'><strong>cluere</strong></span> <span class='ocrx_word' id='word_1_545' title='bbox 1006 4790 1249 4846; x_wconf 90' lang='lat' dir='ltr'><strong>humani</strong></span> <span class='ocrx_word' id='word_1_546' title='bbox 1267 4791 1496 4863; x_wconf 85' lang='lat' dir='ltr'><strong>generis</strong></span> <span class='ocrx_word' id='word_1_547' title='bbox 1519 4793 1908 4864; x_wconf 88' lang='lat' dir='ltr'><strong>adversarius,</strong></span> 
     </span>
    </p>
   </div>
   <div class='ocr_carea' id='block_1_85' title="bbox 329 4892 1911 4971">
    <p class='ocr_par' dir='ltr' id='par_1_85' title="bbox 329 4892 1911 4971">
     <span class='ocr_line' id='line_1_85' title="bbox 329 4892 1911 4971; baseline 0.005 -25"><span class='ocrx_word' id='word_1_548' title='bbox 329 4892 624 4971; x_wconf 67' lang='lat' dir='ltr'><strong>(2_0)_Boll.</strong></span> <span class='ocrx_word' id='word_1_549' title='bbox 655 4896 1016 4971; x_wconf 55' lang='lat' dir='ltr'><strong>llerzennam.</strong></span> <span class='ocrx_word' id='word_1_550' title='bbox 1066 4897 1322 4971; x_wconf 60' lang='lat' dir='ltr'><strong>Joannes</strong></span> <span class='ocrx_word' id='word_1_551' title='bbox 1370 4899 1440 4954; x_wconf 89' lang='lat' dir='ltr'><strong>de</strong></span> <span class='ocrx_word' id='word_1_552' title='bbox 1490 4899 1680 4970; x_wconf 84' lang='lat' dir='ltr'><strong>Bayon</strong></span> <span class='ocrx_word' id='word_1_553' title='bbox 1732 4916 1911 4971; x_wconf 90' lang='lat' dir='ltr'><strong>supra</strong></span> 
     </span>
    </p>
   </div>
   <div class='ocr_carea' id='block_1_86' title="bbox 239 4963 1212 5040">
    <p class='ocr_par' dir='ltr' id='par_1_86' title="bbox 239 4963 1212 5040">
     <span class='ocr_line' id='line_1_86' title="bbox 239 4963 1212 5040; baseline 0.003 -21"><span class='ocrx_word' id='word_1_554' title='bbox 239 4963 540 5040; x_wconf 72' lang='lat' dir='ltr'><strong>laudatus</strong></span> <span class='ocrx_word' id='word_1_555' title='bbox 566 4966 911 5040; x_wconf 56' lang='lat' dir='ltr'><strong>Qerfmmam</strong></span> <span class='ocrx_word' id='word_1_556' title='bbox 940 4967 1212 5040; x_wconf 85' lang='lat' dir='ltr'><strong>appellat.</strong></span> 
     </span>
    </p>
   </div>
   <div class='ocr_carea' id='block_1_87' title="bbox 329 5035 1906 5110">
    <p class='ocr_par' dir='ltr' id='par_1_87' title="bbox 329 5035 1906 5110">
     <span class='ocr_line' id='line_1_87' title="bbox 329 5035 1906 5110; baseline 0.005 -21"><span class='ocrx_word' id='word_1_557' title='bbox 329 5036 444 5110; x_wconf 55' lang='grc' dir='ltr'><strong>(ἓξ)</strong></span> <span class='ocrx_word' id='word_1_558' title='bbox 476 5035 536 5110; x_wconf 92' lang='lat' dir='ltr'><strong>S_.</strong></span> <span class='ocrx_word' id='word_1_559' title='bbox 569 5035 845 5110; x_wconf 58' lang='lat' dir='ltr'><strong>Syriacus</strong></span> <span class='ocrx_word' id='word_1_560' title='bbox 877 5035 1158 5110; x_wconf 75' lang='lat' dir='ltr'><strong>patronus</strong></span> <span class='ocrx_word' id='word_1_561' title='bbox 1189 5042 1278 5094; x_wconf 90' lang='lat' dir='ltr'><strong>est</strong></span> <span class='ocrx_word' id='word_1_562' title='bbox 1325 5039 1666 5096; x_wconf 88' lang='lat' dir='ltr'><strong>monasterii</strong></span> <span class='ocrx_word' id='word_1_563' title='bbox 1714 5040 1906 5097; x_wconf 84' lang='lat' dir='ltr'><strong>Alter-</strong></span> 
     </span>
    </p>
   </div>
   <div class='ocr_carea' id='block_1_88' title="bbox 245 5107 1912 5181">
    <p class='ocr_par' dir='ltr' id='par_1_88' title="bbox 245 5107 1912 5181">
     <span class='ocr_line' id='line_1_88' title="bbox 245 5107 1912 5181; baseline 0.004 -19"><span class='ocrx_word' id='word_1_564' title='bbox 245 5107 469 5181; x_wconf 76' lang='lat' dir='ltr'><strong>fensis,</strong></span> <span class='ocrx_word' id='word_1_565' title='bbox 500 5107 1140 5181; x_wconf 50' lang='lat' dir='ltr'><strong>S.Hidulfus_Mediani</strong></span> <span class='ocrx_word' id='word_1_566' title='bbox 1197 5111 1559 5181; x_wconf 88' lang='lat' dir='ltr'><strong>monasterii,</strong></span> <span class='ocrx_word' id='word_1_567' title='bbox 1609 5112 1667 5167; x_wconf 92' lang='lat' dir='ltr'><strong>S.</strong></span> <span class='ocrx_word' id='word_1_568' title='bbox 1722 5111 1912 5169; x_wconf 89' lang='lat' dir='ltr'><strong>Odilia</strong></span> 
     </span>
    </p>
   </div>
   <div class='ocr_carea' id='block_1_89' title="bbox 243 5177 1910 5255">
    <p class='ocr_par' dir='ltr' id='par_1_89' title="bbox 243 5177 1910 5255">
     <span class='ocr_line' id='line_1_89' title="bbox 243 5177 1910 5255; baseline 0.004 -24"><span class='ocrx_word' id='word_1_569' title='bbox 243 5177 645 5255; x_wconf 71' lang='lat' dir='ltr'><strong>parthenenis</strong></span> <span class='ocrx_word' id='word_1_570' title='bbox 677 5182 1172 5255; x_wconf 84' lang='lat' dir='ltr'><strong>cognominis,seu</strong></span> <span class='ocrx_word' id='word_1_571' title='bbox 1185 5177 1678 5255; x_wconf 79' lang='lat' dir='ltr'><strong>Heemburgensis</strong></span> <span class='ocrx_word' id='word_1_572' title='bbox 1706 5183 1764 5255; x_wconf 88' lang='lat' dir='ltr'><strong>in</strong></span> <span class='ocrx_word' id='word_1_573' title='bbox 1787 5184 1910 5240; x_wconf 84' lang='lat' dir='ltr'><strong>edi-</strong></span> 
     </span>
    </p>
   </div>
   <div class='ocr_carea' id='block_1_90' title="bbox 239 5247 1910 5328">
    <p class='ocr_par' dir='ltr' id='par_1_90' title="bbox 239 5247 1910 5328">
     <span class='ocr_line' id='line_1_90' title="bbox 239 5247 1910 5328; baseline 0.004 -24"><span class='ocrx_word' id='word_1_574' title='bbox 239 5247 495 5328; x_wconf 45' lang='lat' dir='ltr'><strong>tissimo</strong></span> <span class='ocrx_word' id='word_1_575' title='bbox 525 5247 931 5328; x_wconf 58' lang='lat' dir='ltr'><strong>mente,_&#39;upd_e</strong></span> <span class='ocrx_word' id='word_1_576' title='bbox 961 5247 1155 5328; x_wconf 69' lang='lat' dir='ltr'><strong>omnis</strong></span> <span class='ocrx_word' id='word_1_577' title='bbox 1185 5267 1330 5324; x_wconf 89' lang='lat' dir='ltr'><strong>pene</strong></span> <span class='ocrx_word' id='word_1_578' title='bbox 1358 5247 1589 5328; x_wconf 53' lang='lat' dir='ltr'><strong>Alsa&#39;tize</strong></span> <span class='ocrx_word' id='word_1_579' title='bbox 1615 5254 1774 5328; x_wconf 85' lang='lat' dir='ltr'><strong>regio</strong></span> <span class='ocrx_word' id='word_1_580' title='bbox 1820 5254 1910 5310; x_wconf 90' lang='lat' dir='ltr'><strong>ul-</strong></span> 
     </span>
    </p>
   </div>
   <div class='ocr_carea' id='block_1_91' title="bbox 237 5319 1906 5398">
    <p class='ocr_par' dir='ltr' id='par_1_91' title="bbox 237 5319 1906 5398">
     <span class='ocr_line' id='line_1_91' title="bbox 237 5319 1906 5398; baseline 0.006 -25"><span class='ocrx_word' id='word_1_581' title='bbox 237 5327 345 5398; x_wconf 57' lang='lat' dir='ltr'><strong>tra.</strong></span> <span class='ocrx_word' id='word_1_582' title='bbox 376 5319 651 5398; x_wconf 82' lang='lat' dir='ltr'><strong>Rhenum</strong></span> <span class='ocrx_word' id='word_1_583' title='bbox 684 5323 757 5398; x_wconf 75' lang='lat' dir='ltr'><strong>ad</strong></span> <span class='ocrx_word' id='word_1_584' title='bbox 805 5324 1067 5398; x_wconf 79' lang='lat' dir='ltr'><strong>Sylvam_</strong></span> <span class='ocrx_word' id='word_1_585' title='bbox 1090 5319 1329 5395; x_wconf 81' lang='lat' dir='ltr'><strong>Nigram</strong></span> <span class='ocrx_word' id='word_1_586' title='bbox 1389 5325 1650 5398; x_wconf 90' lang='lat' dir='ltr'><strong>conspici</strong></span> <span class='ocrx_word' id='word_1_587' title='bbox 1680 5319 1906 5398; x_wconf 71' lang='lat' dir='ltr'><strong>potest.</strong></span> 
     </span>
    </p>
   </div>
   <div class='ocr_carea' id='block_1_92' title="bbox 237 5393 1909 5468">
    <p class='ocr_par' dir='ltr' id='par_1_92' title="bbox 237 5393 1909 5468">
     <span class='ocr_line' id='line_1_92' title="bbox 237 5393 1909 5468; baseline 0.005 -23"><span class='ocrx_word' id='word_1_588' title='bbox 237 5393 473 5468; x_wconf 68' lang='lat' dir='ltr'><strong>Sancto</strong></span> <span class='ocrx_word' id='word_1_589' title='bbox 502 5403 699 5468; x_wconf 63' lang='lat' dir='ltr'><strong>autem</strong></span> <span class='ocrx_word' id='word_1_590' title='bbox 717 5393 990 5468; x_wconf 80' lang='lat' dir='ltr'><strong>Gregorio</strong></span> <span class='ocrx_word' id='word_1_591' title='bbox 1012 5393 1273 5468; x_wconf 75' lang='lat' dir='ltr'><strong>dicatum</strong></span> <span class='ocrx_word' id='word_1_592' title='bbox 1292 5399 1384 5450; x_wconf 90' lang='lat' dir='ltr'><strong>est</strong></span> <span class='ocrx_word' id='word_1_593' title='bbox 1401 5393 1568 5468; x_wconf 76' lang='lat' dir='ltr'><strong>vetus</strong></span> <span class='ocrx_word' id='word_1_594' title='bbox 1589 5393 1909 5454; x_wconf 76' lang='lat' dir='ltr'><strong>oratorium</strong></span> 
     </span>
    </p>
   </div>
   <div class='ocr_carea' id='block_1_93' title="bbox 233 5455 1909 5552">
    <p class='ocr_par' dir='ltr' id='par_1_93' title="bbox 233 5455 1909 5552">
     <span class='ocr_line' id='line_1_93' title="bbox 233 5455 1909 5552; baseline 0.004 -34"><span class='ocrx_word' id='word_1_595' title='bbox 233 5455 306 5519; x_wconf 86' lang='lat' dir='ltr'><strong>in</strong></span> <span class='ocrx_word' id='word_1_596' title='bbox 343 5461 589 5552; x_wconf 74' lang='lat' dir='ltr'><strong>Altortio</strong></span> <span class='ocrx_word' id='word_1_597' title='bbox 621 5455 1002 5552; x_wconf 51' lang='lat' dir='ltr'><strong>menasierie,</strong></span> <span class='ocrx_word' id='word_1_598' title='bbox 1028 5465 1088 5522; x_wconf 91' lang='lat' dir='ltr'><strong>in</strong></span> <span class='ocrx_word' id='word_1_599' title='bbox 1120 5483 1234 5552; x_wconf 56' lang='lat' dir='ltr'><strong>quo</strong></span> <span class='ocrx_word' id='word_1_600' title='bbox 1265 5467 1419 5523; x_wconf 89' lang='lat' dir='ltr'><strong>Beati</strong></span> <span class='ocrx_word' id='word_1_601' title='bbox 1461 5467 1661 5552; x_wconf 79' lang='lat' dir='ltr'><strong>ipsius</strong></span> <span class='ocrx_word' id='word_1_602' title='bbox 1700 5469 1909 5552; x_wconf 72' lang='lat' dir='ltr'><strong>Leopis</strong></span> 
     </span>
    </p>
   </div>
   <div class='ocr_carea' id='block_1_94' title="bbox 234 5537 1910 5612">
    <p class='ocr_par' dir='ltr' id='par_1_94' title="bbox 234 5537 1910 5612">
     <span class='ocr_line' id='line_1_94' title="bbox 234 5537 1910 5612; baseline 0.005 -22"><span class='ocrx_word' id='word_1_603' title='bbox 234 5540 533 5612; x_wconf 83' lang='lat' dir='ltr'><strong>parentes</strong></span> <span class='ocrx_word' id='word_1_604' title='bbox 559 5537 775 5612; x_wconf 69' lang='lat' dir='ltr'><strong>sepulti</strong></span> <span class='ocrx_word' id='word_1_605' title='bbox 808 5537 1104 5612; x_wconf 83' lang='lat' dir='ltr'><strong>dicuntur.</strong></span> <span class='ocrx_word' id='word_1_606' title='bbox 1139 5537 1764 5612; x_wconf 15' lang='lat' dir='ltr'><strong>Responsoriapautem</strong></span> <span class='ocrx_word' id='word_1_607' title='bbox 1813 5540 1910 5598; x_wconf 89' lang='lat' dir='ltr'><strong>hic</strong></span> 
     </span>
    </p>
   </div>
   <div class='ocr_carea' id='block_1_95' title="bbox 233 5608 1906 5690">
    <p class='ocr_par' dir='ltr' id='par_1_95' title="bbox 233 5608 1906 5690">
     <span class='ocr_line' id='line_1_95' title="bbox 233 5608 1906 5690; baseline 0.005 -23"><span class='ocrx_word' id='word_1_608' title='bbox 233 5611 583 5668; x_wconf 84' lang='lat' dir='ltr'><strong>memorata</strong></span> <span class='ocrx_word' id='word_1_609' title='bbox 613 5608 686 5668; x_wconf 78' lang='lat' dir='ltr'><strong>ab</strong></span> <span class='ocrx_word' id='word_1_610' title='bbox 715 5608 1036 5670; x_wconf 84' lang='lat' dir='ltr'><strong>Humberto</strong></span> <span class='ocrx_word' id='word_1_611' title='bbox 1063 5608 1276 5690; x_wconf 65' lang='lat' dir='ltr'><strong>postea</strong></span> <span class='ocrx_word' id='word_1_612' title='bbox 1296 5609 1600 5688; x_wconf 78' lang='lat' dir='ltr'><strong>cardinali,</strong></span> <span class='ocrx_word' id='word_1_613' title='bbox 1631 5612 1733 5674; x_wconf 82' lang='lat' dir='ltr'><strong>sed</strong></span> <span class='ocrx_word' id='word_1_614' title='bbox 1763 5615 1906 5676; x_wconf 82' lang='lat' dir='ltr'><strong>tunc</strong></span> 
     </span>
    </p>
   </div>
   <div class='ocr_carea' id='block_1_96' title="bbox 2027 3277 3669 3359">
    <p class='ocr_par' dir='ltr' id='par_1_96' title="bbox 2027 3277 3669 3359">
     <span class='ocr_line' id='line_1_96' title="bbox 2027 3277 3669 3359; baseline 0.01 -27"><span class='ocrx_word' id='word_1_615' title='bbox 2027 3279 2273 3332; x_wconf 89' lang='lat' dir='ltr'><strong>debatur</strong></span> <span class='ocrx_word' id='word_1_616' title='bbox 2303 3277 2359 3332; x_wconf 91' lang='lat' dir='ltr'><strong>in</strong></span> <span class='ocrx_word' id='word_1_617' title='bbox 2393 3294 2453 3332; x_wconf 90' lang='lat' dir='ltr'><strong>se</strong></span> <span class='ocrx_word' id='word_1_618' title='bbox 2479 3277 2657 3333; x_wconf 85' lang='lat' dir='ltr'><strong>totius</strong></span> <span class='ocrx_word' id='word_1_619' title='bbox 2689 3279 2890 3334; x_wconf 91' lang='lat' dir='ltr'><strong>mundi</strong></span> <span class='ocrx_word' id='word_1_620' title='bbox 2933 3283 3179 3340; x_wconf 90' lang='lat' dir='ltr'><strong>retinere</strong></span> <span class='ocrx_word' id='word_1_621' title='bbox 3206 3288 3561 3359; x_wconf 87' lang='lat' dir='ltr'><strong>machinam,</strong></span> <span class='ocrx_word' id='word_1_622' title='bbox 3607 3292 3669 3349; x_wconf 92' lang='lat' dir='ltr'><strong>in</strong></span> 
     </span>
    </p>
   </div>
   <div class='ocr_carea' id='block_1_97' title="bbox 2026 3365 3670 3450">
    <p class='ocr_par' dir='ltr' id='par_1_97' title="bbox 2026 3365 3670 3450">
     <span class='ocr_line' id='line_1_97' title="bbox 2026 3365 3670 3450; baseline 0.011 -31"><span class='ocrx_word' id='word_1_623' title='bbox 2026 3382 2142 3437; x_wconf 90' lang='lat' dir='ltr'><strong>qua</strong></span> <span class='ocrx_word' id='word_1_624' title='bbox 2162 3366 2335 3420; x_wconf 87' lang='lat' dir='ltr'><strong>etiam</strong></span> <span class='ocrx_word' id='word_1_625' title='bbox 2360 3365 2689 3436; x_wconf 89' lang='lat' dir='ltr'><strong>specialiter</strong></span> <span class='ocrx_word' id='word_1_626' title='bbox 2703 3367 2753 3422; x_wconf 91' lang='lat' dir='ltr'><strong>ei</strong></span> <span class='ocrx_word' id='word_1_627' title='bbox 2777 3371 3364 3432; x_wconf 87' lang='lat' dir='ltr'><strong>ostendebanturduo</strong></span> <span class='ocrx_word' id='word_1_628' title='bbox 3383 3380 3670 3450; x_wconf 62' lang='lat' dir='ltr'><strong>praeclara:</strong></span> 
     </span>
    </p>
   </div>
   <div class='ocr_carea' id='block_1_98' title="bbox 2025 3454 3672 3526">
    <p class='ocr_par' dir='ltr' id='par_1_98' title="bbox 2025 3454 3672 3526">
     <span class='ocr_line' id='line_1_98' title="bbox 2025 3454 3672 3526; baseline 0.01 -17"><span class='ocrx_word' id='word_1_629' title='bbox 2025 3455 2222 3509; x_wconf 65' lang='lat' dir='ltr'><strong>formis</strong></span> <span class='ocrx_word' id='word_1_630' title='bbox 2244 3454 2530 3509; x_wconf 87' lang='lat' dir='ltr'><strong>homines.</strong></span> <span class='ocrx_word' id='word_1_631' title='bbox 2547 3455 2804 3518; x_wconf 89' lang='lat' dir='ltr'><strong>Quorum</strong></span> <span class='ocrx_word' id='word_1_632' title='bbox 2829 3458 2967 3514; x_wconf 92' lang='lat' dir='ltr'><strong>dum</strong></span> <span class='ocrx_word' id='word_1_633' title='bbox 2983 3463 3222 3518; x_wconf 91' lang='lat' dir='ltr'><strong>nomina</strong></span> <span class='ocrx_word' id='word_1_634' title='bbox 3235 3481 3433 3522; x_wconf 85' lang='lat' dir='ltr'><strong>eorum</strong></span> <span class='ocrx_word' id='word_1_635' title='bbox 3449 3468 3672 3526; x_wconf 89' lang='lat' dir='ltr'><strong>discere</strong></span> 
     </span>
    </p>
   </div>
   <div class='ocr_carea' id='block_1_99' title="bbox 2021 3543 3670 3620">
    <p class='ocr_par' dir='ltr' id='par_1_99' title="bbox 2021 3543 3670 3620">
     <span class='ocr_line' id='line_1_99' title="bbox 2021 3543 3670 3620; baseline 0.011 -22"><span class='ocrx_word' id='word_1_636' title='bbox 2021 3543 2625 3616; x_wconf 86' lang='lat' dir='ltr'><strong>cuperet,bujusmodi</strong></span> <span class='ocrx_word' id='word_1_637' title='bbox 2654 3562 2763 3600; x_wconf 85' lang='lat' dir='ltr'><strong>vox</strong></span> <span class='ocrx_word' id='word_1_638' title='bbox 2784 3562 2924 3603; x_wconf 86' lang='lat' dir='ltr'><strong>suas</strong></span> <span class='ocrx_word' id='word_1_639' title='bbox 2944 3551 3203 3620; x_wconf 91' lang='lat' dir='ltr'><strong>pervenit</strong></span> <span class='ocrx_word' id='word_1_640' title='bbox 3223 3553 3292 3607; x_wconf 89' lang='lat' dir='ltr'><strong>ad</strong></span> <span class='ocrx_word' id='word_1_641' title='bbox 3327 3571 3528 3612; x_wconf 87' lang='lat' dir='ltr'><strong>aures:</strong></span> <span class='ocrx_word' id='word_1_642' title='bbox 3555 3559 3670 3616; x_wconf 85' lang='lat' dir='ltr'><strong>Hos</strong></span> 
     </span>
    </p>
   </div>
   <div class='ocr_carea' id='block_1_100' title="bbox 2024 3631 3670 3708">
    <p class='ocr_par' dir='ltr' id='par_1_100' title="bbox 2024 3631 3670 3708">
     <span class='ocr_line' id='line_1_100' title="bbox 2024 3631 3670 3708; baseline 0.01 -22"><span class='ocrx_word' id='word_1_643' title='bbox 2024 3631 2268 3687; x_wconf 91' lang='lat' dir='ltr'><strong>Mariam</strong></span> <span class='ocrx_word' id='word_1_644' title='bbox 2302 3631 2728 3705; x_wconf 87' lang='lat' dir='ltr'><strong>Magdalenam,</strong></span> <span class='ocrx_word' id='word_1_645' title='bbox 2780 3634 3200 3708; x_wconf 88' lang='lat' dir='ltr'><strong>Galienumque</strong></span> <span class='ocrx_word' id='word_1_646' title='bbox 3259 3644 3485 3698; x_wconf 90' lang='lat' dir='ltr'><strong>noveris</strong></span> <span class='ocrx_word' id='word_1_647' title='bbox 3543 3662 3670 3702; x_wconf 89' lang='lat' dir='ltr'><strong>esse</strong></span> 
     </span>
    </p>
   </div>
   <div class='ocr_carea' id='block_1_101' title="bbox 2022 3721 3670 3793">
    <p class='ocr_par' dir='ltr' id='par_1_101' title="bbox 2022 3721 3670 3793">
     <span class='ocr_line' id='line_1_101' title="bbox 2022 3721 3670 3793; baseline 0.007 -17"><span class='ocrx_word' id='word_1_648' title='bbox 2022 3721 2384 3793; x_wconf 90' lang='lat' dir='ltr'><strong>episcopum,</strong></span> <span class='ocrx_word' id='word_1_649' title='bbox 2405 3739 2655 3793; x_wconf 91' lang='lat' dir='ltr'><strong>quorum</strong></span> <span class='ocrx_word' id='word_1_650' title='bbox 2681 3725 2972 3778; x_wconf 88' lang='lat' dir='ltr'><strong>consortio</strong></span> <span class='ocrx_word' id='word_1_651' title='bbox 2996 3732 3051 3780; x_wconf 91' lang='lat' dir='ltr'><strong>te</strong></span> <span class='ocrx_word' id='word_1_652' title='bbox 3075 3728 3184 3781; x_wconf 84' lang='lat' dir='ltr'><strong>frui</strong></span> <span class='ocrx_word' id='word_1_653' title='bbox 3219 3728 3276 3781; x_wconf 90' lang='lat' dir='ltr'><strong>in</strong></span> <span class='ocrx_word' id='word_1_654' title='bbox 3306 3730 3497 3786; x_wconf 89' lang='lat' dir='ltr'><strong>futuro</strong></span> <span class='ocrx_word' id='word_1_655' title='bbox 3518 3732 3670 3788; x_wconf 64' lang='lat' dir='ltr'><strong>laeta-</strong></span> 
     </span>
    </p>
   </div>
   <div class='ocr_carea' id='block_1_102' title="bbox 2023 3809 3668 3882">
    <p class='ocr_par' dir='ltr' id='par_1_102' title="bbox 2023 3809 3668 3882">
     <span class='ocr_line' id='line_1_102' title="bbox 2023 3809 3668 3882; baseline 0.008 -20"><span class='ocrx_word' id='word_1_656' title='bbox 2023 3809 2197 3865; x_wconf 90' lang='lat' dir='ltr'><strong>beris.</strong></span> <span class='ocrx_word' id='word_1_657' title='bbox 2223 3809 2492 3881; x_wconf 83' lang='lat' dir='ltr'><strong>Dumque</strong></span> <span class='ocrx_word' id='word_1_658' title='bbox 2513 3811 2777 3865; x_wconf 90' lang='lat' dir='ltr'><strong>eamdem</strong></span> <span class='ocrx_word' id='word_1_659' title='bbox 2809 3811 3096 3882; x_wconf 68' lang='lat' dir='ltr'><strong>sphaeram</strong></span> <span class='ocrx_word' id='word_1_660' title='bbox 3123 3814 3487 3874; x_wconf 80' lang='lat' dir='ltr'><strong>laetabundus</strong></span> <span class='ocrx_word' id='word_1_661' title='bbox 3517 3820 3668 3875; x_wconf 91' lang='lat' dir='ltr'><strong>acci-</strong></span> 
     </span>
    </p>
   </div>
   <div class='ocr_carea' id='block_1_103' title="bbox 2024 3897 3666 3981">
    <p class='ocr_par' dir='ltr' id='par_1_103' title="bbox 2024 3897 3666 3981">
     <span class='ocr_line' id='line_1_103' title="bbox 2024 3897 3666 3981; baseline 0.009 -30"><span class='ocrx_word' id='word_1_662' title='bbox 2024 3897 2188 3970; x_wconf 88' lang='lat' dir='ltr'><strong>piens</strong></span> <span class='ocrx_word' id='word_1_663' title='bbox 2207 3897 2480 3954; x_wconf 90' lang='lat' dir='ltr'><strong>manibus</strong></span> <span class='ocrx_word' id='word_1_664' title='bbox 2501 3899 2608 3952; x_wconf 89' lang='lat' dir='ltr'><strong>sibi</strong></span> <span class='ocrx_word' id='word_1_665' title='bbox 2631 3897 2687 3952; x_wconf 91' lang='lat' dir='ltr'><strong>in</strong></span> <span class='ocrx_word' id='word_1_666' title='bbox 2712 3899 2908 3953; x_wconf 90' lang='lat' dir='ltr'><strong>sinum</strong></span> <span class='ocrx_word' id='word_1_667' title='bbox 2931 3900 3099 3955; x_wconf 89' lang='lat' dir='ltr'><strong>vellet</strong></span> <span class='ocrx_word' id='word_1_668' title='bbox 3146 3919 3379 3975; x_wconf 86' lang='lat' dir='ltr'><strong>ponere,</strong></span> <span class='ocrx_word' id='word_1_669' title='bbox 3405 3923 3666 3981; x_wconf 73' lang='lat' dir='ltr'><strong>praesago</strong></span> 
     </span>
    </p>
   </div>
   <div class='ocr_carea' id='block_1_104' title="bbox 2025 3987 3667 4060">
    <p class='ocr_par' dir='ltr' id='par_1_104' title="bbox 2025 3987 3667 4060">
     <span class='ocr_line' id='line_1_104' title="bbox 2025 3987 3667 4060; baseline 0.009 -20"><span class='ocrx_word' id='word_1_670' title='bbox 2025 3987 2356 4042; x_wconf 88' lang='lat' dir='ltr'><strong>futurorum</strong></span> <span class='ocrx_word' id='word_1_671' title='bbox 2389 3989 2476 4041; x_wconf 87' lang='lat' dir='ltr'><strong>est</strong></span> <span class='ocrx_word' id='word_1_672' title='bbox 2495 3991 2864 4057; x_wconf 86' lang='lat' dir='ltr'><strong>experrectus</strong></span> <span class='ocrx_word' id='word_1_673' title='bbox 2895 4003 3119 4060; x_wconf 89' lang='lat' dir='ltr'><strong>sopore.</strong></span> <span class='ocrx_word' id='word_1_674' title='bbox 3145 3991 3255 4046; x_wconf 93' lang='lat' dir='ltr'><strong>Nec</strong></span> <span class='ocrx_word' id='word_1_675' title='bbox 3282 3993 3493 4051; x_wconf 91' lang='lat' dir='ltr'><strong>mirum</strong></span> <span class='ocrx_word' id='word_1_676' title='bbox 3517 3997 3667 4054; x_wconf 90' lang='lat' dir='ltr'><strong>hunc</strong></span> 
     </span>
    </p>
   </div>
   <div class='ocr_carea' id='block_1_105' title="bbox 2022 4075 3669 4159">
    <p class='ocr_par' dir='ltr' id='par_1_105' title="bbox 2022 4075 3669 4159">
     <span class='ocr_line' id='line_1_105' title="bbox 2022 4075 3669 4159; baseline 0.009 -30"><span class='ocrx_word' id='word_1_677' title='bbox 2022 4075 2200 4130; x_wconf 71' lang='lat' dir='ltr'><strong>beatae</strong></span> <span class='ocrx_word' id='word_1_678' title='bbox 2233 4075 2422 4129; x_wconf 64' lang='lat' dir='ltr'><strong>Mariae</strong></span> <span class='ocrx_word' id='word_1_679' title='bbox 2453 4075 2566 4130; x_wconf 89' lang='lat' dir='ltr'><strong>dici</strong></span> <span class='ocrx_word' id='word_1_680' title='bbox 2599 4075 2743 4130; x_wconf 88' lang='lat' dir='ltr'><strong>forte</strong></span> <span class='ocrx_word' id='word_1_681' title='bbox 2792 4082 3144 4145; x_wconf 89' lang='lat' dir='ltr'><strong>consortem,</strong></span> <span class='ocrx_word' id='word_1_682' title='bbox 3195 4097 3327 4136; x_wconf 89' lang='lat' dir='ltr'><strong>cum</strong></span> <span class='ocrx_word' id='word_1_683' title='bbox 3381 4100 3486 4154; x_wconf 89' lang='lat' dir='ltr'><strong>par</strong></span> <span class='ocrx_word' id='word_1_684' title='bbox 3527 4101 3669 4159; x_wconf 89' lang='lat' dir='ltr'><strong>erga</strong></span> 
     </span>
    </p>
   </div>
   <div class='ocr_carea' id='block_1_106' title="bbox 2021 4161 3665 4245">
    <p class='ocr_par' dir='ltr' id='par_1_106' title="bbox 2021 4161 3665 4245">
     <span class='ocr_line' id='line_1_106' title="bbox 2021 4161 3665 4245; baseline 0.008 -27"><span class='ocrx_word' id='word_1_685' title='bbox 2021 4163 2204 4218; x_wconf 92' lang='lat' dir='ltr'><strong>Deum</strong></span> <span class='ocrx_word' id='word_1_686' title='bbox 2227 4161 2557 4219; x_wconf 88' lang='lat' dir='ltr'><strong>dilectionis</strong></span> <span class='ocrx_word' id='word_1_687' title='bbox 2579 4163 2906 4230; x_wconf 79' lang='lat' dir='ltr'><strong>aﬂ&#39;ectus,et</strong></span> <span class='ocrx_word' id='word_1_688' title='bbox 2922 4168 3236 4225; x_wconf 90' lang='lat' dir='ltr'><strong>continuus</strong></span> <span class='ocrx_word' id='word_1_689' title='bbox 3272 4163 3665 4245; x_wconf 85' lang='lat' dir='ltr'><strong>lacrymarum</strong></span> 
     </span>
    </p>
   </div>
   <div class='ocr_carea' id='block_1_107' title="bbox 2020 4251 3667 4331">
    <p class='ocr_par' dir='ltr' id='par_1_107' title="bbox 2020 4251 3667 4331">
     <span class='ocr_line' id='line_1_107' title="bbox 2020 4251 3667 4331; baseline 0.007 -24"><span class='ocrx_word' id='word_1_690' title='bbox 2020 4251 2177 4308; x_wconf 90' lang='lat' dir='ltr'><strong>velut</strong></span> <span class='ocrx_word' id='word_1_691' title='bbox 2208 4253 2576 4307; x_wconf 88' lang='lat' dir='ltr'><strong>fontanarum</strong></span> <span class='ocrx_word' id='word_1_692' title='bbox 2609 4268 2895 4324; x_wconf 91' lang='lat' dir='ltr'><strong>aquarum</strong></span> <span class='ocrx_word' id='word_1_693' title='bbox 2927 4254 3232 4327; x_wconf 91' lang='lat' dir='ltr'><strong>decursus,</strong></span> <span class='ocrx_word' id='word_1_694' title='bbox 3266 4260 3395 4331; x_wconf 89' lang='lat' dir='ltr'><strong>ejus</strong></span> <span class='ocrx_word' id='word_1_695' title='bbox 3437 4262 3667 4318; x_wconf 89' lang='lat' dir='ltr'><strong>merito-</strong></span> 
     </span>
    </p>
   </div>
   <div class='ocr_carea' id='block_1_108' title="bbox 2022 4340 3092 4414">
    <p class='ocr_par' dir='ltr' id='par_1_108' title="bbox 2022 4340 3092 4414">
     <span class='ocr_line' id='line_1_108' title="bbox 2022 4340 3092 4414; baseline 0.004 -18"><span class='ocrx_word' id='word_1_696' title='bbox 2022 4359 2150 4396; x_wconf 87' lang='lat' dir='ltr'><strong>rum</strong></span> <span class='ocrx_word' id='word_1_697' title='bbox 2183 4340 2349 4396; x_wconf 89' lang='lat' dir='ltr'><strong>illum</strong></span> <span class='ocrx_word' id='word_1_698' title='bbox 2383 4341 2698 4396; x_wconf 88' lang='lat' dir='ltr'><strong>reddiderit</strong></span> <span class='ocrx_word' id='word_1_699' title='bbox 2729 4343 3092 4414; x_wconf 90' lang='lat' dir='ltr'><strong>participem.</strong></span> 
     </span>
    </p>
   </div>
   <div class='ocr_carea' id='block_1_109' title="bbox 2092 4429 3666 4508">
    <p class='ocr_par' dir='ltr' id='par_1_109' title="bbox 2092 4429 3666 4508">
     <span class='ocr_line' id='line_1_109' title="bbox 2092 4429 3666 4508; baseline 0.006 -24"><span class='ocrx_word' id='word_1_700' title='bbox 2092 4429 2368 4496; x_wconf 89' lang='lat' dir='ltr'><strong>Quamvis</strong></span> <span class='ocrx_word' id='word_1_701' title='bbox 2390 4435 2585 4484; x_wconf 90' lang='lat' dir='ltr'><strong>autem</strong></span> <span class='ocrx_word' id='word_1_702' title='bbox 2608 4447 2640 4483; x_wconf 91' lang='lat' dir='ltr'><strong>a</strong></span> <span class='ocrx_word' id='word_1_703' title='bbox 2661 4430 2829 4486; x_wconf 79' lang='lat' dir='ltr'><strong>nobis</strong></span> <span class='ocrx_word' id='word_1_704' title='bbox 2849 4432 3039 4487; x_wconf 91' lang='lat' dir='ltr'><strong>adhuc</strong></span> <span class='ocrx_word' id='word_1_705' title='bbox 3067 4433 3524 4508; x_wconf 81' lang='lat' dir='ltr'><strong>ignoretur,quis</strong></span> <span class='ocrx_word' id='word_1_706' title='bbox 3557 4439 3666 4494; x_wconf 89' lang='lat' dir='ltr'><strong>iste</strong></span> 
     </span>
    </p>
   </div>
   <div class='ocr_carea' id='block_1_110' title="bbox 1941 4519 3662 4604">
    <p class='ocr_par' dir='ltr' id='par_1_110' title="bbox 1941 4519 3662 4604">
     <span class='ocr_line' id='line_1_110' title="bbox 1941 4519 3662 4604; baseline 0.005 -30"><span class='ocrx_word' id='word_1_707' title='bbox 1941 4540 1988 4604; x_wconf 73' lang='grc' dir='ltr'><strong>Ι)</strong></span> <span class='ocrx_word' id='word_1_708' title='bbox 2020 4519 2294 4574; x_wconf 88' lang='lat' dir='ltr'><strong>Galienus</strong></span> <span class='ocrx_word' id='word_1_709' title='bbox 2324 4519 2630 4585; x_wconf 88' lang='lat' dir='ltr'><strong>exstiterit,</strong></span> <span class='ocrx_word' id='word_1_710' title='bbox 2659 4535 2773 4574; x_wconf 90' lang='lat' dir='ltr'><strong>non</strong></span> <span class='ocrx_word' id='word_1_711' title='bbox 2803 4525 2892 4574; x_wconf 88' lang='lat' dir='ltr'><strong>est</strong></span> <span class='ocrx_word' id='word_1_712' title='bbox 2919 4524 3112 4576; x_wconf 91' lang='lat' dir='ltr'><strong>tamen</strong></span> <span class='ocrx_word' id='word_1_713' title='bbox 3167 4524 3412 4580; x_wconf 90' lang='lat' dir='ltr'><strong>dubium</strong></span> <span class='ocrx_word' id='word_1_714' title='bbox 3463 4527 3662 4598; x_wconf 89' lang='lat' dir='ltr'><strong>magni</strong></span> 
     </span>
    </p>
   </div>
   <div class='ocr_carea' id='block_1_111' title="bbox 2017 4607 3664 4678">
    <p class='ocr_par' dir='ltr' id='par_1_111' title="bbox 2017 4607 3664 4678">
     <span class='ocr_line' id='line_1_111' title="bbox 2017 4607 3664 4678; baseline 0.004 -14"><span class='ocrx_word' id='word_1_715' title='bbox 2017 4625 2146 4664; x_wconf 91' lang='lat' dir='ltr'><strong>esse</strong></span> <span class='ocrx_word' id='word_1_716' title='bbox 2175 4625 2307 4664; x_wconf 91' lang='lat' dir='ltr'><strong>eum</strong></span> <span class='ocrx_word' id='word_1_717' title='bbox 2341 4609 2554 4673; x_wconf 89' lang='lat' dir='ltr'><strong>meriti,</strong></span> <span class='ocrx_word' id='word_1_718' title='bbox 2579 4623 2753 4678; x_wconf 92' lang='lat' dir='ltr'><strong>quem</strong></span> <span class='ocrx_word' id='word_1_719' title='bbox 2786 4607 2982 4664; x_wconf 89' lang='lat' dir='ltr'><strong>divina</strong></span> <span class='ocrx_word' id='word_1_720' title='bbox 3012 4626 3117 4663; x_wconf 88' lang='lat' dir='ltr'><strong>vox</strong></span> <span class='ocrx_word' id='word_1_721' title='bbox 3140 4615 3312 4665; x_wconf 71' lang='lat' dir='ltr'><strong>tanta:</strong></span> <span class='ocrx_word' id='word_1_722' title='bbox 3336 4611 3526 4669; x_wconf 89' lang='lat' dir='ltr'><strong>laudis</strong></span> <span class='ocrx_word' id='word_1_723' title='bbox 3543 4614 3664 4672; x_wconf 90' lang='lat' dir='ltr'><strong>viro</strong></span> 
     </span>
    </p>
   </div>
   <div class='ocr_carea' id='block_1_112' title="bbox 2023 4696 3665 4769">
    <p class='ocr_par' dir='ltr' id='par_1_112' title="bbox 2023 4696 3665 4769">
     <span class='ocr_line' id='line_1_112' title="bbox 2023 4696 3665 4769; baseline 0.004 -15"><span class='ocrx_word' id='word_1_724' title='bbox 2023 4697 2424 4769; x_wconf 73' lang='lat' dir='ltr'><strong>coaequaverit.</strong></span> <span class='ocrx_word' id='word_1_725' title='bbox 2457 4699 2639 4761; x_wconf 89' lang='lat' dir='ltr'><strong>Quam</strong></span> <span class='ocrx_word' id='word_1_726' title='bbox 2671 4696 2952 4751; x_wconf 90' lang='lat' dir='ltr'><strong>visionem</strong></span> <span class='ocrx_word' id='word_1_727' title='bbox 2984 4699 3300 4755; x_wconf 90' lang='lat' dir='ltr'><strong>subsecuta</strong></span> <span class='ocrx_word' id='word_1_728' title='bbox 3329 4707 3416 4757; x_wconf 90' lang='lat' dir='ltr'><strong>est</strong></span> <span class='ocrx_word' id='word_1_729' title='bbox 3459 4703 3665 4760; x_wconf 85' lang='lat' dir='ltr'><strong>efﬁcax</strong></span> 
     </span>
    </p>
   </div>
   <div class='ocr_carea' id='block_1_113' title="bbox 2023 4783 3667 4866">
    <p class='ocr_par' dir='ltr' id='par_1_113' title="bbox 2023 4783 3667 4866">
     <span class='ocr_line' id='line_1_113' title="bbox 2023 4783 3667 4866; baseline 0.005 -25"><span class='ocrx_word' id='word_1_730' title='bbox 2023 4787 2228 4842; x_wconf 73' lang='lat' dir='ltr'><strong>divinae</strong></span> <span class='ocrx_word' id='word_1_731' title='bbox 2255 4786 2453 4858; x_wconf 63' lang='lat' dir='ltr'><strong>gratiis</strong></span> <span class='ocrx_word' id='word_1_732' title='bbox 2485 4783 2826 4852; x_wconf 89' lang='lat' dir='ltr'><strong>consolatio,</strong></span> <span class='ocrx_word' id='word_1_733' title='bbox 2851 4786 3088 4856; x_wconf 69' lang='lat' dir='ltr'><strong>praefato</strong></span> <span class='ocrx_word' id='word_1_734' title='bbox 3111 4788 3310 4846; x_wconf 91' lang='lat' dir='ltr'><strong>Odone</strong></span> <span class='ocrx_word' id='word_1_735' title='bbox 3331 4791 3543 4849; x_wconf 89' lang='lat' dir='ltr'><strong>comite</strong></span> <span class='ocrx_word' id='word_1_736' title='bbox 3564 4809 3667 4866; x_wconf 87' lang='lat' dir='ltr'><strong>per</strong></span> 
     </span>
    </p>
   </div>
   <div class='ocr_carea' id='block_1_114' title="bbox 2023 4891 3670 4957">
    <p class='ocr_par' dir='ltr' id='par_1_114' title="bbox 2023 4891 3670 4957">
     <span class='ocr_line' id='line_1_114' title="bbox 2023 4891 3670 4957; baseline 0.005 -8"><span class='ocrx_word' id='word_1_737' title='bbox 2023 4893 2310 4950; x_wconf 88' lang='lat' dir='ltr'><strong>monacho</strong></span> <span class='ocrx_word' id='word_1_738' title='bbox 2341 4891 2721 4956; x_wconf 88' lang='lat' dir='ltr'><strong>Medianensi,</strong></span> <span class='ocrx_word' id='word_1_739' title='bbox 2771 4891 2868 4946; x_wconf 90' lang='lat' dir='ltr'><strong>ubi</strong></span> <span class='ocrx_word' id='word_1_740' title='bbox 2919 4893 3090 4948; x_wconf 88' lang='lat' dir='ltr'><strong>etiam</strong></span> <span class='ocrx_word' id='word_1_741' title='bbox 3133 4901 3299 4953; x_wconf 91' lang='lat' dir='ltr'><strong>vetus</strong></span> <span class='ocrx_word' id='word_1_742' title='bbox 3347 4902 3670 4957; x_wconf 86' lang='lat' dir='ltr'><strong>oratorium</strong></span> 
     </span>
    </p>
   </div>
   <div class='ocr_carea' id='block_1_115' title="bbox 2020 4965 3667 5038">
    <p class='ocr_par' dir='ltr' id='par_1_115' title="bbox 2020 4965 3667 5038">
     <span class='ocr_line' id='line_1_115' title="bbox 2020 4965 3667 5038; baseline 0.005 -18"><span class='ocrx_word' id='word_1_743' title='bbox 2020 4972 2076 5038; x_wconf 83' lang='lat' dir='ltr'><strong>S.</strong></span> <span class='ocrx_word' id='word_1_744' title='bbox 2108 4965 2388 5038; x_wconf 86' lang='lat' dir='ltr'><strong>Gregorii,</strong></span> <span class='ocrx_word' id='word_1_745' title='bbox 2410 4981 2574 5038; x_wconf 90' lang='lat' dir='ltr'><strong>_anno</strong></span> <span class='ocrx_word' id='word_1_746' title='bbox 2613 4965 2765 5034; x_wconf 76' lang='grc'><strong>1044,</strong></span> <span class='ocrx_word' id='word_1_747' title='bbox 2799 4966 3120 5038; x_wconf 89' lang='lat' dir='ltr'><strong>composita</strong></span> <span class='ocrx_word' id='word_1_748' title='bbox 3151 4969 3334 5027; x_wconf 84' lang='lat' dir='ltr'><strong>fuisse</strong></span> <span class='ocrx_word' id='word_1_749' title='bbox 3382 4977 3667 5029; x_wconf 85' lang='lat' dir='ltr'><strong>memorat</strong></span> 
     </span>
    </p>
   </div>
   <div class='ocr_carea' id='block_1_116' title="bbox 2019 5036 2620 5108">
    <p class='ocr_par' dir='ltr' id='par_1_116' title="bbox 2019 5036 2620 5108">
     <span class='ocr_line' id='line_1_116' title="bbox 2019 5036 2620 5108; baseline -0.003 -16"><span class='ocrx_word' id='word_1_750' title='bbox 2019 5036 2274 5093; x_wconf 80' lang='lat' dir='ltr'><strong>Joannes</strong></span> <span class='ocrx_word' id='word_1_751' title='bbox 2306 5037 2376 5092; x_wconf 93' lang='lat' dir='ltr'><strong>de</strong></span> <span class='ocrx_word' id='word_1_752' title='bbox 2407 5036 2620 5108; x_wconf 75' lang='lat' dir='ltr'><strong>Bayon.</strong></span> 
     </span>
    </p>
   </div>
   <div class='ocr_carea' id='block_1_117' title="bbox 2092 5106 3663 5184">
    <p class='ocr_par' dir='ltr' id='par_1_117' title="bbox 2092 5106 3663 5184">
     <span class='ocr_line' id='line_1_117' title="bbox 2092 5106 3663 5184; baseline 0.002 -22"><span class='ocrx_word' id='word_1_753' title='bbox 2092 5111 2185 5184; x_wconf 71' lang='lat'><strong>(22</strong></span> <span class='ocrx_word' id='word_1_754' title='bbox 2205 5110 2261 5184; x_wconf 89' lang='lat' dir='ltr'><strong>_Is</strong></span> <span class='ocrx_word' id='word_1_755' title='bbox 2284 5106 2512 5184; x_wconf 77' lang='lat' dir='ltr'><strong>est_0de</strong></span> <span class='ocrx_word' id='word_1_756' title='bbox 2550 5107 2994 5184; x_wconf 71' lang='lat' dir='ltr'><strong>campaniensis</strong></span> <span class='ocrx_word' id='word_1_757' title='bbox 3025 5119 3428 5184; x_wconf 84' lang='lat' dir='ltr'><strong>nuncupatus,</strong></span> <span class='ocrx_word' id='word_1_758' title='bbox 3461 5111 3663 5168; x_wconf 73' lang='lat' dir='ltr'><strong>Odlnis</strong></span> 
     </span>
    </p>
   </div>
   <div class='ocr_carea' id='block_1_118' title="bbox 2019 5177 3663 5255">
    <p class='ocr_par' dir='ltr' id='par_1_118' title="bbox 2019 5177 3663 5255">
     <span class='ocr_line' id='line_1_118' title="bbox 2019 5177 3663 5255; baseline 0 -20"><span class='ocrx_word' id='word_1_759' title='bbox 2019 5177 2251 5255; x_wconf 72' lang='lat' dir='ltr'><strong>comitis</strong></span> <span class='ocrx_word' id='word_1_760' title='bbox 2281 5195 2350 5234; x_wconf 83' lang='lat' dir='ltr'><strong>ex</strong></span> <span class='ocrx_word' id='word_1_761' title='bbox 2370 5179 2551 5255; x_wconf 47' lang='lat' dir='ltr'><strong>licata</strong></span> <span class='ocrx_word' id='word_1_762' title='bbox 2583 5177 2810 5255; x_wconf 50' lang='lat' dir='ltr'><strong>Sedulii</strong></span> <span class='ocrx_word' id='word_1_763' title='bbox 2835 5180 3036 5255; x_wconf 72' lang='lat' dir='ltr'><strong>ignavi</strong></span> <span class='ocrx_word' id='word_1_764' title='bbox 3068 5177 3540 5255; x_wconf 76' lang='lat' dir='ltr'><strong>Burgundionum</strong></span> <span class='ocrx_word' id='word_1_765' title='bbox 3571 5199 3663 5236; x_wconf 85' lang='lat' dir='ltr'><strong>re-</strong></span> 
     </span>
    </p>
   </div>
   <div class='ocr_carea' id='block_1_119' title="bbox 2060 5249 3663 5334">
    <p class='ocr_par' dir='ltr' id='par_1_119' title="bbox 2060 5249 3663 5334">
     <span class='ocr_line' id='line_1_119' title="bbox 2060 5249 3663 5334; baseline 0 -28"><span class='ocrx_word' id='word_1_766' title='bbox 2060 5251 2110 5333; x_wconf 76' lang='lat' dir='ltr'><strong>is</strong></span> <span class='ocrx_word' id='word_1_767' title='bbox 2130 5251 2350 5321; x_wconf 90' lang='lat' dir='ltr'><strong>absque</strong></span> <span class='ocrx_word' id='word_1_768' title='bbox 2370 5249 2569 5334; x_wconf 73' lang='lat' dir='ltr'><strong>liberis</strong></span> <span class='ocrx_word' id='word_1_769' title='bbox 2593 5249 2848 5334; x_wconf 66' lang='lat' dir='ltr'><strong>defuncti</strong></span> <span class='ocrx_word' id='word_1_770' title='bbox 2872 5249 3067 5334; x_wconf 63' lang='lat' dir='ltr'><strong>serere</strong></span> <span class='ocrx_word' id='word_1_771' title='bbox 3093 5271 3105 5319; x_wconf 92' lang='lat'><strong>;</strong></span> <span class='ocrx_word' id='word_1_772' title='bbox 3131 5249 3382 5334; x_wconf 67' lang='lat' dir='ltr'><strong>quicum</strong></span> <span class='ocrx_word' id='word_1_773' title='bbox 3403 5255 3663 5334; x_wconf 85' lang='lat' dir='ltr'><strong>Burgun-</strong></span> 
     </span>
    </p>
   </div>
   <div class='ocr_carea' id='block_1_120' title="bbox 2019 5268 3662 5394">
    <p class='ocr_par' dir='ltr' id='par_1_120' title="bbox 2019 5268 3662 5394">
     <span class='ocr_line' id='line_1_120' title="bbox 2019 5268 3662 5377; baseline 0.001 -72"><span class='ocrx_word' id='word_1_774' title='bbox 2019 5268 2110 5377; x_wconf 65' lang='lat' dir='ltr'><strong>gis</strong></span> <span class='ocrx_word' id='word_1_775' title='bbox 2130 5268 2350 5321; x_wconf 81' lang='lat' dir='ltr'><strong>aesque</strong></span> <span class='ocrx_word' id='word_1_776' title='bbox 2370 5268 2569 5304; x_wconf 77' lang='lat' dir='ltr'><strong>llDel‘lS</strong></span> <span class='ocrx_word' id='word_1_777' title='bbox 2593 5268 2848 5305; x_wconf 78' lang='lat' dir='ltr'><strong>aeiuncu</strong></span> <span class='ocrx_word' id='word_1_778' title='bbox 2872 5269 3067 5307; x_wconf 89' lang='lat' dir='ltr'><strong>serere</strong></span> <span class='ocrx_word' id='word_1_779' title='bbox 3093 5271 3105 5319; x_wconf 92' lang='lat'><strong>;</strong></span> <span class='ocrx_word' id='word_1_780' title='bbox 3131 5269 3228 5322; x_wconf 76' lang='lat' dir='ltr'><strong>qui</strong></span> <span class='ocrx_word' id='word_1_781' title='bbox 3255 5270 3382 5306; x_wconf 91' lang='lat' dir='ltr'><strong>cum</strong></span> <span class='ocrx_word' id='word_1_782' title='bbox 3405 5268 3662 5334; x_wconf 64' lang='lat' dir='ltr'><strong>surgun-</strong></span> 
     </span>
     <span class='ocr_line' id='line_1_121' title="bbox 2059 5321 3662 5394; baseline 0.002 -17"><span class='ocrx_word' id='word_1_783' title='bbox 2059 5323 2126 5377; x_wconf 70' lang='lat' dir='ltr'><strong>iaa</strong></span> <span class='ocrx_word' id='word_1_784' title='bbox 2158 5338 2402 5394; x_wconf 82' lang='lat' dir='ltr'><strong>regnum</strong></span> <span class='ocrx_word' id='word_1_785' title='bbox 2436 5321 2712 5376; x_wconf 89' lang='lat' dir='ltr'><strong>adversus</strong></span> <span class='ocrx_word' id='word_1_786' title='bbox 2753 5323 3080 5377; x_wconf 86' lang='lat' dir='ltr'><strong>Conradum</strong></span> <span class='ocrx_word' id='word_1_787' title='bbox 3130 5324 3396 5389; x_wconf 86' lang='lat' dir='ltr'><strong>ambiret,</strong></span> <span class='ocrx_word' id='word_1_788' title='bbox 3431 5339 3662 5380; x_wconf 79' lang='lat' dir='ltr'><strong>OCCISUS</strong></span> 
     </span>
    </p>
   </div>
   <div class='ocr_carea' id='block_1_121' title="bbox 2018 5392 3660 5464">
    <p class='ocr_par' dir='ltr' id='par_1_121' title="bbox 2018 5392 3660 5464">
     <span class='ocr_line' id='line_1_122' title="bbox 2018 5392 3660 5464; baseline 0.001 -15"><span class='ocrx_word' id='word_1_789' title='bbox 2018 5399 2108 5450; x_wconf 91' lang='lat' dir='ltr'><strong>est</strong></span> <span class='ocrx_word' id='word_1_790' title='bbox 2129 5411 2161 5448; x_wconf 87' lang='lat' dir='ltr'><strong>a</strong></span> <span class='ocrx_word' id='word_1_791' title='bbox 2189 5392 2471 5464; x_wconf 86' lang='lat' dir='ltr'><strong>Gozelone</strong></span> <span class='ocrx_word' id='word_1_792' title='bbox 2504 5409 2681 5464; x_wconf 90' lang='lat' dir='ltr'><strong>prope</strong></span> <span class='ocrx_word' id='word_1_793' title='bbox 2711 5394 2975 5447; x_wconf 77' lang='lat' dir='ltr'><strong>Burrum.</strong></span> <span class='ocrx_word' id='word_1_794' title='bbox 3009 5394 3284 5464; x_wconf 88' lang='lat' dir='ltr'><strong>Sepultus</strong></span> <span class='ocrx_word' id='word_1_795' title='bbox 3314 5402 3401 5448; x_wconf 85' lang='lat' dir='ltr'><strong>est</strong></span> <span class='ocrx_word' id='word_1_796' title='bbox 3434 5397 3488 5449; x_wconf 90' lang='lat' dir='ltr'><strong>in</strong></span> <span class='ocrx_word' id='word_1_797' title='bbox 3535 5395 3660 5451; x_wconf 85' lang='lat' dir='ltr'><strong>Ma-</strong></span> 
     </span>
    </p>
   </div>
   <div class='ocr_carea' id='block_1_122' title="bbox 2009 5463 3658 5592">
    <p class='ocr_par' dir='ltr' id='par_1_122' title="bbox 2009 5463 3658 5592">
     <span class='ocr_line' id='line_1_123' title="bbox 2009 5463 3658 5592; baseline 0.003 -72"><span class='ocrx_word' id='word_1_798' title='bbox 2009 5465 2126 5592; x_wconf 43' lang='grc' dir='ltr'><strong>ξονί</strong></span> <span class='ocrx_word' id='word_1_799' title='bbox 2159 5463 2517 5521; x_wconf 88' lang='lat' dir='ltr'><strong>Monasterio</strong></span> <span class='ocrx_word' id='word_1_800' title='bbox 2535 5463 2712 5538; x_wconf 87' lang='lat' dir='ltr'><strong>prope</strong></span> <span class='ocrx_word' id='word_1_801' title='bbox 2737 5467 3022 5530; x_wconf 84' lang='lat' dir='ltr'><strong>Turonos,</strong></span> <span class='ocrx_word' id='word_1_802' title='bbox 3041 5463 3212 5536; x_wconf 83' lang='lat' dir='ltr'><strong>juxta</strong></span> <span class='ocrx_word' id='word_1_803' title='bbox 3233 5470 3457 5539; x_wconf 83' lang='lat' dir='ltr'><strong>patrem</strong></span> <span class='ocrx_word' id='word_1_804' title='bbox 3483 5484 3658 5529; x_wconf 85' lang='lat' dir='ltr'><strong>suum</strong></span> 
     </span>
     <span class='ocr_line' id='line_1_124' title="bbox 2040 5537 2629 5592; baseline 0 0"><span class='ocrx_word' id='word_1_805' title='bbox 2040 5537 2126 5592; x_wconf 91' lang='lat' dir='ltr'><strong>oci</strong></span> <span class='ocrx_word' id='word_1_806' title='bbox 2159 5541 2629 5592; x_wconf 89' lang='lat' dir='ltr'><strong>restauratorem.</strong></span> 
     </span>
    </p>
   </div>
   <div class='ocr_carea' id='block_1_123' title="bbox 2040 5537 2629 5595">
    <p class='ocr_par' dir='ltr' id='par_1_123' title="bbox 2040 5537 2629 5595">
     <span class='ocr_line' id='line_1_125' title="bbox 2040 5537 2629 5595; baseline -0.002 0"><span class='ocrx_word' id='word_1_807' title='bbox 2040 5537 2126 5595; x_wconf 90' lang='lat' dir='ltr'><strong>oci</strong></span> <span class='ocrx_word' id='word_1_808' title='bbox 2159 5541 2629 5595; x_wconf 84' lang='lat' dir='ltr'><strong>restauratorem.</strong></span> 
     </span>
    </p>
   </div>
  </div>
