4074 6180
479 277 598 341 483

1853 263 1918 328 S.
1963 265 2113 326 LEO
2158 264 2238 326 ΙΧ
2285 259 2520 324 ΡΑΡΑἶ

3766 253 3881 314 ωτι

482 408 823 466 bellicosum
847 406 1057 461 nostris
1080 400 1278 475 patriae
1300 398 1857 457 dueemGozilonem
1879 397 2126 468 turpiter
2155 397 2206 460 Α
2237 395 2537 451 votionum
2571 393 2874 459 serenitas,
2907 394 3130 463 quanta
3160 403 3347 459 usque
3377 386 3449 441 ad
3497 383 3881 475 novissimum

483 497 654 554 morti
709 495 944 560 tradito,
976 509 1041 548 ac
1071 507 1210 563 pace
1243 507 1346 563 per
1373 490 1530 545 hunc
1554 489 1788 544 beatum
1823 484 2127 568 praesulem

483 586 772 650 restituta,
809 600 922 638 non
982 580 1173 637 solum
1233 578 1617 649 Lotharingiae
1680 593 1878 648 regno,
1929 591 2130 628 verum

481 674 659 731 etiam
691 671 1094 743 adjacentibus
1126 661 1437 741 provinciis
1461 666 1674 722 Christi
1706 668 2000 720 annuente
2018 662 2134 718 suf-

482 762 688 836 fragio.
723 761 870 816 Nam
902 761 1029 830 eius
1061 759 1480 812 intercurrente
1510 753 1817 826 sapientia,
1843 751 2133 824 legatione

481 855 538 908 et
567 849 835 916 consilio,
859 856 948 903 est
969 847 1230 902 Romano
1249 845 1592 914 adjunctum
1613 847 1670 898 et
1691 842 2130 897 corroboratum

479 939 725 1011 imperio
753 952 996 1009 regnum
1013 933 1347 999 Austrasize,
1367 933 1522 1004 quod
1555 931 1780 986 dudum
1811 929 1882 984 ab
1909 928 2131 1001 origine

479 1027 713 1083 tenebat
742 1024 949 1080 Hofuld
963 1041 1030 1078 us
1061 1039 1161 1077 rex
1187 1021 1458 1077 Jurensis
1488 1019 1863 1092 Burgundiaa,
1889 1023 1946 1074 et
1974 1017 2130 1072 idem

471 1115 597 1186 jam
629 1115 822 1168 dictus
853 1111 1111 1184 pontifex
1135 1115 1222 1166 est
1251 1110 1507 1164 directus
1539 1108 1766 1179 legatus
1816 1123 1918 1178 pro
1970 1105 2130 1177 pacis

476 1201 958 1259 concordiainter
978 1200 1347 1270 suprafatum
1373 1197 1704 1254 Conradum
1730 1196 2126 1250 Romanorum

478 1292 804 1366 principem
829 1307 892 1344 ae
916 1289 1232 1344 Robertum
1259 1287 1510 1341 Franciaa
1531 1300 1748 1356 regem.
1773 1285 1957 1347 Quam
1979 1283 2132 1354 lega-

478 1381 696 1435 tionem
719 1393 898 1448 quam
930 1376 1173 1430 honeste
1203 1373 1598 1446 compleverit,
1630 1377 1719 1428 est
1751 1372 1919 1427 testis
1952 1372 2129 1426 Fran-

477 1465 586 1532 cia,
610 1482 736 1536 quze
769 1464 961 1518 adhuc
993 1463 1160 1533 quasi
1193 1479 1407 1517 novum
1450 1463 1644 1528 refert,
1691 1465 1912 1532 quanta
1955 1460 2015 1514 in
2063 1477 2128 1514 eo

477 1550 906 1624 resplenduerit
960 1549 1269 1621 sapientia,
1301 1567 1425 1621 quae
1485 1548 1810 1614 humilitas,
1853 1565 1979 1619 quae
2030 1548 2130 1603 de-

480 1641 658 1714 nique
683 1641 742 1696 in
767 1638 1490 1711 icunctiscmptisefﬁcacia
1513 1656 1526 1705 ;
1553 1654 1731 1709 quam
1750 1638 1996 1692 decorus
2015 1636 2130 1692 fue-

479 1731 555 1785 rit
584 1730 787 1784 habitu
817 1728 1028 1783 mentis
1051 1733 1105 1782 et
1127 1727 1406 1799 corporis,
1438 1742 1615 1798 quam
1633 1742 1929 1798 congruos
1957 1725 2013 1780 in
2039 1725 2125 1780 in-
2161 1767 2207 1832 Β

478 1818 733 1872 ferendis
763 1816 957 1871 verbis
988 1815 1317 1886 legationis.
1354 1814 1535 1878 Quem
1569 1814 1762 1870 cuncti
1809 1817 1873 1868 ut
1903 1817 2126 1885 patrem

478 1905 659 1960 nimio
681 1921 879 1959 amore
901 1903 1318 1976 suscipiebant,
1343 1917 1519 1974 quem
1542 1918 1745 1957 omnes
1769 1905 1833 1956 ut
1855 1912 2126 1956 sanctum

478 2010 714 2050 summa
743 1992 1108 2048 veneratione
1135 1991 1493 2048 excolebant.
1530 1992 1732 2061 Itaque
1763 1995 1922 2046 tanta
1946 1991 2125 2044 firmi-

476 2088 595 2139 tate
628 2099 829 2155 pacem
861 2086 917 2137 et
945 2081 1315 2136 concordiam
1347 2079 1498 2135 inter
1528 2085 1776 2151 utraque
1799 2096 1976 2152 regna
2011 2083 2128 2135 sta-

478 2171 686 2240 bilivit,
721 2176 786 2226 ut
815 2171 1004 2241 quoad
1036 2169 1305 2224 vixerunt
1336 2169 1760 2240 praememorati
1812 2167 2124 2240 principes,

479 2277 612 2316 eum
637 2259 748 2316 sibi
773 2257 1223 2313 succedentibus
1247 2256 1402 2311 tilius
1432 2256 2124 2328 utrisquellenricis(23),

482 2347 680 2402 nullus
705 2350 1225 2418 quantumcunque
1245 2344 1750 2400 fraudulentaarte
1771 2345 2124 2400 discordiam

482 2435 634 2490 inter
645 2436 760 2489 duo
775 2451 951 2506 regna
964 2449 1153 2488 serere
1167 2432 1429 2488 valuerit.
1446 2433 1556 2488 Sed
1572 2433 1868 2488 individus
1883 2433 2123 2488 humani

479 2522 709 2596 generis
736 2522 920 2577 hostis
942 2522 1305 2593 perpendens
1327 2539 1389 2577 se
1428 2522 1670 2593 nequire
1707 2523 1835 2594 ejus
1869 2521 2122 2577 devotio-

476 2628 611 2668 nem
635 2628 738 2683 per
767 2628 904 2666 suos
927 2609 1209 2666 satellites
1231 2628 1264 2666 a
1285 2614 1440 2666 recto
1473 2611 1704 2666 tramite
1726 2610 1957 2666 deviare
1984 2629 1996 2678 ;
2023 2627 2126 2682 per

481 2716 542 2756 se
571 2699 632 2755 in
664 2698 830 2754 illum
863 2698 1056 2754 divino
1088 2699 1378 2770 permissu
1409 2698 1744 2771 insurgens,
1779 2697 1959 2754 nimio
1999 2715 2122 2754 cor-

484 2789 642 2861 poris
672 2793 948 2861 aggravat
978 2787 1256 2859 languore
1289 2788 1673 2844 continuatim
1699 2787 1938 2844 annuali
1979 2792 2124 2843 tem-

481 2894 638 2950 pore.
658 2878 874 2932 Aderat
902 2881 1023 2932 tota
1045 2875 1312 2948 lugubris
1342 2875 1528 2948 plebis
1559 2877 1974 2943 multitudo,de
1997 2877 2124 2946 ejus

479 2965 760 3038 sospitate
776 2965 1094 3036 desperans
1110 2981 1123 3031 ;
1139 2965 1339 3020 aderat
1359 2965 1537 3020 etiam
1559 2971 1741 3020 coetus
1766 2965 2123 3022 medicorum

477 3053 736 3110 dolorem
773 3053 1152 3125 desperativis
1184 3053 1374 3110 verbis
1405 3061 1823 3126 augmentans;
1858 3053 2122 3109 omnium

2240 484 2627 554 quadrantem
2658 481 3161 552 eleemosynarum
3187 476 3639 548 largitas,quam
3661 471 3886 528 diutina

2241 572 2300 626 in
2331 570 2545 626 divinis
2577 563 3563 641 orationibus,vigiliisjejuniisque
3584 561 3883 628 instantia,

2240 673 2416 730 quam
2440 657 2796 728 longanimis
2821 656 2878 710 in
2903 655 3095 710 carnis
3117 651 3505 708 maceratione
3528 648 3887 721 pmnitentia,

2244 763 2360 802 non
2393 750 2482 802 est
2515 745 2679 801 facile
2710 759 2974 817 promere
3004 743 3355 810 verbis,cum
3380 740 3504 812 ipse
3536 738 3670 794 ﬁnis
3691 737 3884 809 inquo

2241 835 2434 891 omnis
2467 834 2596 891 laus
2646 834 2876 889 canitur
2931 848 3132 890 secure
3189 829 3498 886 manifeste
3545 827 3883 899 prodiderit.

2240 925 2547 996 Siquidem
2579 924 2636 978 in
2671 927 2895 978 tantam
2918 920 3343 992 corpulentiam
3374 917 3655 989 superflui
3701 918 3887 972 abun-

2240 1013 2438 1069 dantia
2460 1012 2730 1068 humoris
2760 1012 2888 1082 ejus
2920 1009 3178 1082 corporis
3210 1007 3509 1080 quantitas
3537 1010 3885 1072 excreverat,

2241 1105 2303 1157 ut
2325 1102 2417 1156 vix
2446 1102 2626 1156 rheda
2651 1104 2848 1172 posset
2874 1100 3000 1155 vehi
3033 1115 3148 1170 quo
3180 1095 3586 1170 opportunitas
3636 1111 3888 1150 commo-

2240 1191 2432 1246 nebat.
2460 1191 2592 1254 Quce
2623 1189 2880 1262 gravitas
2911 1183 3471 1260 corporis,quoniam
3512 1184 3622 1239 sibi
3655 1183 3886 1240 videba-

2238 1284 2334 1334 tur
2364 1279 2769 1345 intolerabilis,
2800 1277 3098 1333 multoties
3127 1275 3339 1331 Christi
3387 1273 3636 1346 gratiam
3682 1273 3887 1345 profu-

2239 1368 2321 1423 sis
2341 1369 2594 1424 exoravit
2618 1366 2986 1440 lacrymis,ut
3015 1365 3169 1420 sicut
3193 1364 3365 1420 unius
3390 1362 3594 1418 matris
3612 1379 3737 1417 eam
3759 1379 3888 1434 pro-

2237 1455 2368 1511 tulit
2399 1455 2563 1512 alvus
2595 1457 2838 1521 mundo,
2868 1455 2950 1510 ita
2979 1455 3156 1510 unius
3183 1453 3447 1508 mulieris
3499 1449 3656 1507 ulnis
3703 1451 3890 1523 possit

2237 1548 2465 1600 terreno
2499 1544 2768 1600 mundari
2800 1543 3087 1616 sepulcro.
3120 1543 3298 1612 Cujus
3339 1557 3538 1596 vocem
3594 1540 3888 1596 exaudivit

2237 1632 2441 1690 Oriens
2472 1650 2539 1689 ex
2569 1634 2707 1688 alto.
2733 1633 2878 1688 Nam
2921 1631 3135 1687 diutini
3159 1631 3550 1686 maceratione
3583 1629 3890 1703 languoris

2237 1722 2317 1776 ita
2340 1723 2408 1777 ad
2433 1722 2705 1777 ultimum
2731 1721 3111 1790 fuittenuata,
3135 1725 3201 1776 ut
3231 1737 3373 1792 pene
3403 1724 3608 1775 cuncto
3639 1718 3890 1777 humore

2238 1811 2430 1866 carnis
2463 1812 2770 1877 exsiccato,
2798 1810 2922 1867 sola
2951 1827 3106 1878 ossa,
3141 1816 3272 1865 cute
3303 1814 3361 1865 et
3391 1808 3582 1865 nervis
3619 1825 3751 1864 sese
3801 1812 3890 1866 te-

2238 1900 2535 1966 nentibus,
2563 1900 2899 1956 viderentur
2928 1899 3339 1954 tantummodo
3370 1897 3739 1954 cohaerentia.
3774 1897 3887 1954 Ita-

2238 2005 2350 2060 que
2385 1989 2453 2044 ad
2515 1993 2834 2044 extremam
2884 1988 3012 2042 vitae
3071 1993 3289 2043 metam
3346 1986 3608 2058 veniens,
3657 1987 3888 2042 cunctis

2237 2076 2566 2132 distributis
2597 2095 2724 2148 quas
2757 2077 2884 2148 ipsa
2913 2093 3017 2148 per
3047 2077 3401 2149 se,exceptis
3424 2074 3618 2130 mariti
3651 2074 3890 2131 redditi-

2237 2161 2367 2232 bus,
2411 2181 2478 2220 ex
2508 2165 2740 2238 proprio
2773 2169 3012 2236 sumptu
3045 2164 3102 2219 in
3138 2182 3282 2220 usus
3314 2180 3639 2237 pauperum
3672 2179 3886 2235 expen-

2236 2255 2425 2309 dendo
2456 2254 2717 2324 quotidie
2749 2258 3180 2326 aggregaverat,
3225 2270 3392 2309 sacra
3437 2253 3780 2309 inunctioue
3823 2269 3888 2309 ac

2235 2342 2472 2397 viviticze
2504 2342 2932 2397 communionis
2992 2341 3434 2414 participatione
3489 2343 3740 2417 munita,
3789 2342 3888 2397 diu

2235 2431 2519 2487 exanimis
2550 2435 2606 2486 et
2637 2431 2858 2502 absque
2892 2430 3008 2485 ullo
3043 2429 3197 2484 vitali
3233 2431 3371 2486 flatu
3413 2430 3622 2502 jacuit,
3673 2435 3891 2487 cuncta

2235 2520 2488 2590 ejulante
2517 2519 2735 2574 familia
2765 2537 2900 2574 cum
2961 2536 3283 2591 pauperum
3342 2519 3652 2574 viduarum
3708 2524 3892 2592 atque

2234 2608 2628 2680 orplianorum
2663 2607 2927 2663 catervis.
2954 2610 3086 2673 Quae
3119 2607 3310 2663 subito
3345 2612 3643 2681 resumpto
3674 2609 3890 2681 spiritu

2234 2696 2485 2764 rediens,
2500 2713 2564 2752 ar
2578 2697 2885 2752 confusum
2905 2697 3334 2769 deplorantium
3356 2697 3671 2754 clamorem
3693 2698 3891 2753 sedari

2235 2785 2808 2857 prmcipienspmncs
2841 2785 3014 2840 domo
3047 2784 3337 2840 eliminari
3361 2786 3551 2858 jubet,
3580 2787 3889 2860 solamque

2237 2873 2627 2945 Regelwidem
2654 2874 2815 2943 [13011.
2849 2874 2924 2927 at.
2960 2873 3361 2946 Regilendam]
3393 2875 3638 2930 coenobii
3670 2880 3891 2932 sancta:

2233 2962 2434 3017 Crucis
2466 2962 2824 3017 abbatissam
2858 2979 2990 3017 cum
3024 2962 3256 3034 proprio
3276 2964 3485 3018 retinet
3508 2964 3737 3020 marito.
3757 2966 3891 3032 Qui-

2233 3050 2346 3104 bus
2377 3067 2507 3104 cum
2542 3050 2677 3105 fletu
2711 3050 3159 3118 admirantibus,
3189 3051 3329 3123 quid
3389 3051 3499 3106 sibi
3557 3052 3732 3108 vellet
3763 3054 3884 3109 ait:

474 3143 746 3216 rigabant
773 3159 873 3198 ora
905 3142 1196 3214 lacrymaz,
1231 3142 1342 3214 ipsi
1393 3159 1626 3215 quoque
1666 3144 1791 3213 jam
1834 3143 2120 3198 defecerat
2150 3128 2192 3194 C
2233 3163 2259 3188 ‹‹
2294 3140 2416 3193 Non
2451 3155 2543 3193 me
2573 3138 2824 3212 lugeatis
2847 3139 3016 3211 quasi
3048 3140 3700 3212 morituram,quoniam
3725 3159 3904 3198 nunc-

471 3247 607 3303 spes
635 3232 783 3286 vitae.
815 3233 976 3286 Tunc
1007 3231 1202 3286 divino
1233 3231 1572 3294 admonitus
1619 3232 1921 3300 instinctu,
1947 3232 2119 3302 jubet

471 3335 534 3373 se
565 3319 892 3373 nocturnali
926 3319 1068 3374 hora
1094 3325 1227 3374 ante
1257 3320 1445 3374 sancti
1503 3319 1680 3374 Blasii
1729 3319 1927 3387 altare,
1961 3319 2118 3388 ferri,

473 3406 730 3461 conﬁsus
755 3423 817 3460 se
847 3408 974 3477 ejus
1006 3407 1200 3478 dignis
1235 3407 1458 3463 meritis
1481 3425 1514 3462 a
1545 3409 1811 3479 praesenti
1848 3408 2121 3479 angustia

472 3491 756 3548 citissime
785 3492 1040 3549 liberari.
1077 3497 1276 3564 Itaque
1301 3495 1517 3550 ibidem
1552 3503 1756 3567 raptus
1794 3495 1849 3550 in
1879 3495 2116 3563 exstasi,

474 3597 590 3636 non
622 3580 752 3635 dico
785 3597 886 3652 per
919 3598 1220 3647 somnum,
1241 3583 1489 3653 quicum
1523 3585 1761 3638 omnino
1793 3586 2116 3656 aufugerat,

472 3669 630 3724 videt
661 3669 829 3741 quasi
855 3675 1120 3725 sanctum
1146 3669 1404 3725 Blasium
1441 3671 1511 3726 ab
1544 3670 1711 3726 altari
1745 3689 2116 3744 progressum

471 3773 599 3814 sese
638 3759 984 3813 invisentem
1030 3765 1204 3830 atque
1250 3761 1489 3814 modum
1540 3759 1836 3831 languoris
1886 3779 2115 3831 compa—

477 3847 690 3903 tienter
718 3847 1141 3919 exquirentem,
1172 3849 1518 3920 cunctisque
1548 3849 1670 3904 suis
1704 3848 2120 3919 languentibus

475 3936 809 4006 praecordiis
831 3937 1070 4007 apertis,
1093 3937 1270 3992 veluti
1294 3938 1419 4009 ipse
1441 3955 1507 3993 ea
1529 3938 1984 4010 conspicaretur,
2009 3937 2118 3992 mi-

472 4024 752 4079 sericordi
779 4042 958 4079 manu
989 4025 1323 4082 abluentem
1348 4043 1414 4082 ac
1446 4027 1834 4082 medicamine
1865 4026 2121 4080 refoven-

471 4116 614 4180 tem,
637 4113 1028 4185 omnibusque
1049 4132 1157 4169 suo
1177 4116 1299 4170 loco
1324 4116 1629 4178 restitutis,
1653 4132 1718 4171 eo
1752 4133 1866 4188 quo
1888 4120 2122 4170 venerat

471 4200 832 4256 redeuntem.
871 4203 944 4257 De
995 4220 1110 4274 qua
1141 4203 1352 4259 exstasi
1412 4221 1737 4276 regressus,
1799 4221 2003 4276 sospes
2051 4204 2121 4258 de

470 4288 618 4345 lecto
645 4306 915 4362 surgens,
941 4291 1390 4348 circumstantes
1413 4293 1671 4363 advocat,
1707 4293 1986 4348 visionem
2020 4292 2120 4346 la:-

468 4383 565 4434 tus
586 4379 794 4451 pandit
814 4397 990 4451 quam
1015 4381 1234 4435 viderat
1257 4379 1520 4447 ac,sicuti
1540 4379 1878 4450 praelibatus
1902 4386 2122 4452 martyr

461 4467 744 4538 jusserat,
795 4469 1271 4539 responsorium:
1324 4469 1455 4536 Quis
1516 4469 1652 4522 Dem
1701 4485 1930 4538 magnus
1980 4471 2119 4524 sicut
2150 4492 2197 4556 D

469 4557 810 4613 Deusnoster
840 4558 1010 4628 (Psat.
1045 4575 1228 4624 Lxxv1,
1285 4558 1392 4628 14),
1445 4573 1574 4611 cum
1624 4558 2008 4627 pauentibus
2058 4558 2115 4612 in

468 4661 606 4701 voce
621 4645 993 4717 jubilationis
1014 4647 1289 4715 concinit,
1315 4652 1371 4702 et
1393 4645 1696 4701 nocturnis
1717 4645 1972 4716 impletis
1993 4645 2118 4700 offi-

470 4733 599 4799 ciis,
634 4735 878 4804 pedibus
913 4736 1164 4808 propriis
1196 4735 1386 4792 alacer
1415 4735 1654 4788 domum
1689 4734 1877 4788 rediit.

542 4819 657 4874 XV.
693 4822 971 4877 Brunonis
1005 4827 1200 4879 matris
1230 4828 1422 4894 pietas.
1450 4825 1584 4891 Quae
1621 4824 1680 4877 in
1740 4824 1991 4877 morbum
2040 4826 2121 4878 in-

467 4903 624 4960 cidit.
655 4907 798 4960 Petit
843 4911 903 4960 ut
955 4899 1078 4964 sine
1132 4919 1331 4966 ornatu
1381 4911 1681 4981 sepeliatur
1733 4910 1876 4964 (Ibit.
1919 4941 1987 4951 -—-
2017 4911 2122 4967 Ve-

471 5009 603 5048 rum
625 4995 904 5064 quoniam
932 4998 1152 5065 majora
1173 5014 1406 5052 exarare
1429 4998 1613 5068 stylus
1643 5004 1932 5068 properat,
1967 4999 2120 5056 vide-

470 5086 569 5138 tur
597 5099 945 5154 congruum,
982 5090 1042 5138 ut
1071 5085 1352 5155 quiddam
1385 5088 1456 5141 de
1481 5087 1610 5155 ejus
1644 5091 1827 5142 matre
1874 5089 2119 5160 dignum

471 5176 798 5229 memoratu
830 5171 986 5228 brevi
1020 5174 1252 5228 referat.
1287 5174 1432 5230 Nam
1458 5179 1679 5246 quanta
1710 5175 1793 5230 illi
1817 5177 1992 5234 tuerit
2020 5178 2119 5235 de-

2229 3227 2371 3282 mihi
2407 3227 2593 3282 adfuit
2623 3227 2890 3298 piissima
2921 3228 3018 3283 Dei
3052 3228 3301 3300 genitrix
3359 3229 3540 3285 Maria
3598 3247 3730 3302 quas
3793 3248 3886 3288 me

2228 3316 2571 3371 dulcissima
2603 3315 2938 3372 affabilitate
2995 3315 3322 3386 consolans,
3353 3319 3623 3389 promisit
3675 3337 3882 3376 secum

2226 3404 2576 3461 mternaliter
2598 3405 2882 3460 victuram
2904 3410 2961 3461 et
2978 3406 3034 3460 in
3061 3407 3419 3478 sempiterna
3437 3407 3618 3479 gloria
3633 3408 3891 3467 feliciter

2228 3500 2737 3563 conregnaturam.
2762 3494 2952 3549 Unum
2976 3510 3112 3567 ergo
3147 3501 3271 3561 te,o
3302 3496 3706 3555 amantissime
3741 3517 3888 3556 con-

2217 3583 2344 3649 jux,
2378 3581 2722 3653 suppliciter
2743 3599 2842 3638 oro
2876 3599 2946 3639 ne
2978 3600 3118 3640 meas
3175 3584 3476 3656 petitionis
3533 3587 3710 3642 verba
3757 3606 3891 3660 quae

2226 3671 2454 3725 dictura
2484 3687 2616 3726 sum
2649 3669 2892 3727 molesto
2927 3672 3075 3727 feras
3131 3673 3347 3729 animo.
3387 3696 3413 3722 ι)
3471 3675 3734 3746 Cumque
3786 3677 3893 3733 ille

2228 3759 2467 3829 ignarus
2489 3759 2814 3813 futurorum
2833 3763 3132 3830 gratanter
3148 3777 3208 3814 se
3229 3760 3609 3832 impleturum
3637 3764 3899 3834 sponde-

2229 3852 2718 3918 ret,qutecunque
2743 3847 2844 3902 illa
2882 3864 2951 3902 ex
3000 3854 3273 3920 prompta
3301 3849 3598 3906 voluntate
3620 3851 3894 3921 juberet,

2227 3936 2308 3990 ait
2332 3954 2344 3991 :
2373 3957 2400 3984 ‹‹
2425 3939 2558 3990 Peto
2591 3941 2654 3990 ut
2678 3935 2830 3990 sicut
2865 3936 3025 3991 nuda
3044 3953 3281 4010 egressa
3306 3955 3438 3993 sum
3460 3939 3529 3993 de
3554 3945 3720 3995 utero
3761 3958 3898 3997 ma-

2184 4051 2196 4064 ι
2228 4023 2336 4079 tris
2367 4040 2530 4092 meai,
2555 4023 2637 4079 ita
2662 4040 2755 4080 me
2784 4025 3003 4079 nudam
3038 4025 3096 4080 in
3152 4026 3381 4082 tumulo
3403 4029 3685 4100 suscipiat
3719 4030 3900 4086 alvus

2227 4118 2430 4180 teme;
2463 4117 2520 4168 et
2549 4113 2837 4185 quidquid
2870 4116 3194 4169 ornamenti
3245 4118 3314 4171 ad
3368 4117 3897 4190 consepeliendum

2229 4201 2722 4274 mihiparaveras,
2747 4202 2806 4256 in
2840 4219 2983 4258 usus
3014 4219 3341 4275 pauperum
3376 4205 3626 4262 fideliter
3641 4223 3897 4284 erogare

2229 4291 2488 4346 studeas.
2525 4312 2552 4340 ››
2583 4291 2764 4361 Cujus
2795 4292 3056 4363 petitioni
3091 4309 3432 4366 quanquam
3485 4295 3700 4353 invitus
3761 4301 3898 4371 jam

2229 4380 2503 4450 praefatus
2537 4396 2790 4450 sponsus
2821 4380 3304 4454 annuit,eamque
3332 4400 3466 4438 cum
3499 4401 3743 4444 summa
3775 4390 3898 4445 ala-

2229 4467 2430 4522 critate
2455 4468 2670 4523 mentis
2692 4467 2987 4524 hominem
3005 4475 3237 4525 exutam
3256 4472 3426 4528 modo
3439 4489 3555 4544 quo
3568 4476 3896 4533 constitue-

2228 4561 2318 4610 rat
2347 4554 2658 4627 sepultura:
2687 4556 2945 4610 tradidit.
2980 4557 3109 4612 Haec
3162 4564 3356 4613 autem
3411 4560 3538 4616 ideo
3598 4566 3726 4618 tam
3764 4569 3899 4620 stu-

2229 4644 2389 4700 diose
2407 4643 2579 4699 retuli
2615 4649 2949 4716 utpatescat
2971 4647 3357 4717 praesentibus
3381 4655 3437 4704 et
3458 4651 3670 4706 futuris
3687 4668 3893 4723 quan-

2228 4733 2984 4788 taatideietdevotionishaac
3012 4734 3222 4790 mulier
3243 4737 3550 4805 exstiterit,
3580 4755 3900 4813 quamque

2229 4825 2453 4878 fervens
2504 4822 2560 4876 in
2619 4821 3122 4894 eleemosynarum
3183 4824 3448 4897 largitate
3507 4827 3699 4882 fuerit.
3776 4830 3897 4886 Sed

2229 4927 2556 4981 congruum
2573 4909 2764 4964 videtu
2776 4910 2906 4964 rhic
2919 4913 3233 4967 anchoram
3249 4915 3429 4968 nostri
3447 4914 3660 4987 navigii
3678 4916 3902 4990 figere,

2229 5007 2516 5072 quatenus
2539 4999 2972 5070 aliquantulum
2997 5001 3358 5073 respirando,
3374 5004 3660 5076 reparatis
3681 5021 3900 5061 arma-

2231 5089 2469 5156 mentis,
2503 5093 2758 5160 coeptum
2789 5087 3089 5144 valeamus
3124 5108 3324 5162 aequor
3347 5092 3658 5148 efﬁcaciter
3685 5099 3901 5152 trans-

2230 5193 2450 5233 meare.

1655 5283 1983 5371 LIBER
2042 5284 2688 5377 SECUNDUS.

542 5393 585 5450 Ι.
620 5396 804 5450 Bruno
834 5397 1128 5467 quotannis
1157 5401 1387 5453 Romam
1431 5397 1637 5452 visitet.
1676 5397 1894 5452 Itineris
1949 5403 2118 5457 comi-

541 5499 653 5574 (23)
685 5501 969 5574 Henricus
1001 5503 1225 5561 scilicet
1256 5508 1278 5558 Ι
1307 5505 1561 5560 Francize
1592 5520 1709 5570 rex,
1769 5503 2003 5563 Roberti
2051 5509 2118 5566 fi-

471 5569 680 5645 nam;
695 5572 979 5637 Henricus
1009 5577 1081 5654 II,
1105 5593 1207 5638 seu
1237 5575 1333 5650 ΙΙΙ,
1367 5576 1543 5654 Niger
1561 5569 1774 5652 dictus,
1805 5575 2121 5656 imperator

2227 5407 2306 5458 tes
2327 5418 2357 5457 a
2382 5401 2471 5455 lue
2490 5401 2678 5454 sanat.
2702 5397 2758 5454 S.
2781 5399 3005 5454 Petrum
3026 5401 3088 5455 in
3115 5402 3327 5458 somnio
3357 5402 3522 5460 videt.
3555 5402 3677 5458 Alia
3717 5404 3900 5460 visio.

2230 5509 2331 5584 qui
2359 5506 2621 5587 conrado
2652 5505 2698 5563 II
2742 5506 2933 5566 Salico
2991 5509 3166 5581 dicto,
3219 5528 3325 5568 suo
3381 5510 3533 5587 patri
3589 5513 3905 5574 successit

2230 5579 2382 5642 anno
2415 5579 2572 5639 1039.
