4074 6180
204 283 323 344 485

1140 271 1470 342 PROLEG.
1507 310 1586 322 —
1615 270 1803 340 VlTA
1847 273 1914 340 S.
1959 275 2265 343 LEONIS.
2297 313 2375 325 -—
2405 279 2551 343 LIB.
2593 274 2676 344 ll.

3484 293 3621 357 486i~

199 413 562 486 —8uscepti
585 429 806 469 munus
824 410 1242 484 operisChristi
1263 411 1542 483 suffragio
1559 414 1852 467 annuente
1879 410 1936 478 Α
1966 409 2165 466 finisse
2195 412 2372 467 vitam
2404 413 2463 468 in
2495 413 2774 487 principis
2800 416 3196 488 apostolorum
3227 421 3463 479 servitio
3522 425 3604 481 De

195 503 570 576 prosecuturi
603 506 660 558 et
689 501 944 575 qualiter
973 502 1045 556 ad
1077 500 1458 573 apostolicam
1502 498 1848 570 dignitatem

191 592 532 664 pervenerit
557 591 647 646 vir
675 592 882 647 beatus
903 606 1145 662 quisque
1167 591 1217 645 ei
1240 589 1456 644 ibidem
1476 587 1847 660 contigerint,

191 681 317 736 imo
349 697 483 752 quae
514 696 760 750 pereum
778 681 1028 750 ejusque
1045 678 1408 750 temporibus
1422 676 1703 732 Dominus
1725 675 1850 730 effi-

188 785 323 825 cere
355 767 608 824 voluerit
620 767 1017 837 monstraturi,
1043 772 1437 838 opportunum
1459 765 1688 820 videtur
1705 779 1850 835 pra:-

188 857 476 913 cedentes
497 874 708 912 causas
721 856 792 912 ad
815 856 871 910 id
898 855 1254 928 pertinentes
1278 854 1605 920 ostendere,
1629 857 1686 908 et
1705 868 1849 924 quo-

186 946 374 1002 modo
408 961 668 1018 superna
697 945 886 1018 gratia
910 944 961 999 ei
989 947 1238 999 ventura
1268 941 1607 998 revelaverit
1658 939 1851 995 notiti-

183 1051 345 1090 care.
383 1035 638 1090 Summa
665 1033 854 1088 inerat
882 1032 934 1088 ei
964 1031 1191 1088 devotio
1247 1031 1504 1102 primum
1554 1032 1850 1101 pastorem

182 1123 561 1194 clavigerum
613 1122 742 1177 coeli
792 1137 993 1176 annuo
1042 1120 1292 1176 revisere
1343 1135 1607 1186 recursu,
1639 1122 1697 1172 et
1746 1132 1849 1187 pro

180 1212 470 1266 ovibusa
499 1215 612 1266 Deo
643 1210 754 1265 sibi
803 1209 1044 1265 creditis
1098 1210 1226 1278 ejus
1266 1209 1549 1279 juvamen
1597 1203 1848 1277 supplici

181 1316 441 1355 exorare
498 1305 760 1372 precatu.
822 1299 1026 1369 Itaque
1080 1297 1335 1369 quodam
1384 1301 1648 1368 tempore
1711 1292 1850 1348 soli-

179 1394 311 1442 tum
349 1403 680 1460 aggressus
729 1387 859 1452 iter,
909 1385 1223 1441 comitante
1273 1388 1421 1439 ccetu
1478 1383 1848 1448 clericorum,

184 1493 286 1532 nec
390 1493 513 1531 non
598 1475 906 1542 laicorum,
990 1474 1447 1546 quingentorum
1533 1485 1848 1526 uumerum

180 1563 638 1637 superantium,
691 1562 790 1635 qui
848 1579 952 1635 pro
1000 1562 1190 1634 ipsius
1248 1561 1589 1617 meritorum
1660 1556 1850 1630 digni-

179 1658 330 1721 tate,
415 1651 775 1716 affabilitate,
858 1650 1188 1716 sanctitate,
1267 1648 1632 1704 indivulsum
1720 1646 1850 1716 ejus

177 1741 603 1813 sequebantur
622 1739 965 1795 comitatum
988 1755 1001 1806 ;
1022 1737 1250 1794 cunctis
1268 1737 1565 1808 subrepsit
1581 1736 1708 1790 lues
1727 1735 1854 1789 dira
1885 1777 1932 1840 B

178 1829 380 1885 Italici
409 1827 782 1899 corruptione
803 1827 977 1892 aeris,
999 1827 1083 1881 ita
1105 1830 1169 1881 ut
1189 1825 1336 1880 nulli
1361 1825 1469 1880 hac
1487 1825 1617 1880 tabe
1633 1823 1850 1878 infecto

178 1922 346 1975 esset
378 1933 527 1988 spes
557 1916 616 1970 in
647 1915 969 1971 crastinum
1002 1914 1331 1970 differendis
1365 1913 1590 1968 mortis.
1625 1913 1721 1968 Vir
1752 1929 1853 1966 au-

177 2013 298 2062 tem
343 2003 589 2060 Domini
618 2003 930 2058 immodice
979 2007 1224 2059 mmstus
1247 2003 1318 2057 de
1366 2001 1681 2057 afﬂictione
1721 2014 1850 2055 sese

177 2093 548 2151 comitantis
567 2091 1055 2158 turbaa,festinum
1072 2091 1286 2163 reperit
1297 2087 1855 2154 remedium,divina

176 2184 394 2256 gratia
431 2187 835 2253 pracurrente.
869 2181 1016 2235 Nam
1050 2185 1412 2246 sanctorum,
1473 2195 1599 2250 quas
1652 2192 1851 2232 secum

174 2272 475 2336 vehebat,
510 2269 743 2342 propria
796 2285 978 2324 manu
1031 2269 1232 2324 tinctis
1289 2269 1423 2324 vino
1485 2265 1852 2339 pignoribus,

175 2360 583 2430 maximeque
603 2357 786 2412 sancti
809 2357 946 2428 Apri
971 2356 1258 2425 articulis,
1275 2357 1366 2412 cui
1398 2373 1460 2412 se
1480 2353 1854 2410 commenda-

174 2451 283 2504 bat
319 2445 627 2512 devotius,
651 2445 984 2517 quicunque
1008 2445 1350 2517 hujusmodi
1377 2445 1652 2516 poculum
1676 2459 1854 2514 quau-

175 2538 638 2605 tulumcunque
655 2533 914 2598 libasset,
940 2550 1074 2589 mox
1093 2532 1552 2599 convalescebat,
1579 2535 1857 2603 quantus-

173 2639 446 2697 cunque
475 2623 719 2695 languor
749 2622 1075 2692 invasisset,
1099 2623 1148 2678 si
1171 2625 1402 2678 tantum
1426 2619 1671 2693 liquoris
1694 2619 1854 2674 illius

171 2728 480 2787 saporem
513 2716 748 2783 gustare
775 2710 1077 2766 valuisset.
1112 2710 1433 2783 Ipseetiam
1464 2725 1610 2782 pene
1649 2708 1852 2764 dictim

171 2809 301 2860 toto
338 2801 571 2857 itinere
599 2799 756 2854 livini
789 2799 1137 2856 sacramenti
1178 2799 1477 2855 victimam
1537 2797 1851 2862 offerendo,

171 2900 228 2950 et
262 2895 451 2947 inter
477 2889 794 2944 missarum
842 2887 1128 2944 solemnia
1212 2887 1457 2960 populos
1507 2891 1731 2954 stantes
1779 2886 1851 2942 ad

169 2979 624 3038 correctionem
645 2977 1418 3049 morum,pcsnitentiamque
1430 2976 1856 3032 commonendo

174 3074 454 3127 cunctos
482 3065 598 3137 piis
628 3065 950 3120 hortatibus
967 3066 1037 3120 ad
1065 3082 1321 3137 superna
1342 3064 1702 3136 capessenda
1724 3061 1852 3118 ani-

1962 498 2069 554 boc
2128 500 2281 555 intra
2339 519 2401 557 se
2456 503 2714 570 miranti,
2773 503 2950 560 veluti
3001 505 3278 563 cmlorum
3353 510 3606 585 claviger

1961 588 2165 643 beatus
2210 590 2410 644 Petrus
2442 593 2905 664 superveniebat,
2966 600 3023 649 et
3070 595 3231 650 illam
3285 599 3603 655 multitudi-

1960 692 2092 730 nem
2126 681 2330 733 sancta
2385 681 2799 736 communione
2849 683 2978 752 ejus
3037 685 3310 740 manibus
3366 688 3602 758 partici-

1959 768 2229 834 paturam
2287 782 2413 822 esse
2470 767 2681 822 aiebat.
2761 770 2944 832 Quam
3025 773 3433 842 pontificaliter
3514 776 3603 830 in-

1961 852 2188 924 dutam[
2245 854 2352 922 ed.,
2403 857 2654 920 Quem...
2741 858 3052 931 indictum]
3139 861 3292 917 idem
3395 864 3602 922 beatus

1959 939 2183 1010 Petrus,
2221 959 2351 998 cum
2385 949 2808 1018 protomartyre
2828 947 3143 1018 Stephano,
3169 950 3241 1004 ad
3264 950 3444 1008 altare
3465 971 3580 1026 prae

1961 1028 2127 1082 dictas
2158 1030 2411 1086 ecclesiae
2443 1049 2576 1087 cum
2609 1035 2884 1090 ineffabili
2937 1041 3144 1092 cantus
3201 1039 3452 1096 melodia
3509 1042 3605 1098 de-

1961 1115 2269 1184 ducebant,
2302 1123 2359 1174 et
2391 1120 2570 1174 sacris
2602 1123 2851 1192 peractis
2900 1125 3128 1191 officiis,
3162 1143 3362 1183 omnes
3384 1130 3455 1184 de
3474 1133 3605 1201 ejus

1961 1205 2236 1260 manibus
2249 1206 2539 1262 viviﬁcum
2561 1226 2777 1264 munus
2805 1213 3432 1283 percipiebautﬂ'isum
3457 1236 3601 1291 quo-

1964 1307 2076 1363 que
2107 1293 2157 1346 ei
2193 1294 2381 1348 fuerat
2410 1297 2564 1366 quod
2598 1303 2728 1367 post
2750 1314 2973 1352 sacram
2995 1304 3468 1362 communionem
3490 1308 3604 1380 ipsi

1961 1385 2202 1436 sanctus
2218 1382 2420 1437 Petrus
2443 1383 2703 1456 quinque
2716 1386 2922 1440 calices
2938 1403 3143 1442 aureos
3164 1392 3451 1448 conferret
3467 1395 3602 1468 (25),

1963 1468 2127 1522 alteri
2162 1475 2356 1525 autem
2389 1488 2451 1526 se
2473 1473 2854 1543 subsequenti
2889 1479 3030 1539 tres,
3063 1477 3235 1532 tertio
3263 1494 3396 1534 vero
3418 1497 3604 1539 unum

1961 1557 2200 1612 calicem
2230 1559 2531 1615 tribueret.
2565 1561 2693 1615 Haec
2716 1579 2851 1633 ergo
2884 1563 3006 1617 suis
3042 1564 3429 1625 familiaribus
3459 1571 3607 1628 refe-

1963 1660 2116 1713 rens,
2151 1649 2248 1718 qui
2284 1651 2695 1719 portenderent
2725 1667 2921 1705 secum
2957 1653 3318 1723 mirabatur;
3348 1658 3449 1713 sed
3472 1662 3608 1732 quis

1962 1749 2164 1788 eorum
2198 1735 2371 1790 fuerit
2392 1737 2580 1792 exitus
2599 1738 2655 1791 in
2687 1740 3068 1808 sequentibus
3090 1757 3196 1796 suo
3214 1741 3338 1800 loco
3363 1745 3604 1806 dicetur.

1960 1821 2084 1876 Alio
2115 1823 2317 1877 itidem
2351 1829 2611 1896 tempore
2638 1825 2719 1879 illi
2751 1843 2851 1896 per
2881 1828 3070 1882 somni
3095 1829 3345 1898 quietem
3371 1835 3608 1892 videba-

1959 1913 2076 1977 tur,
2109 1912 2262 1982 quod
2295 1913 2464 1982 quasi
2488 1930 2736 1984 persona
2758 1916 3068 1982 cujusdam
3093 1917 3370 1975 deformis
3400 1924 3605 1980 vetulae

1960 2012 2094 2053 eum
2127 2000 2457 2072 importune
2486 2003 2811 2073 impeteret,
2845 2009 2904 2058 et
2939 2004 3114 2060 veluti
3159 2006 3453 2079 familiari,
3502 2015 3605 2070 sed

1958 2089 2156 2142 tamen
2187 2089 2414 2145 sincero
2445 2089 2736 2162 colloquio
2777 2093 2887 2146 sibi
2951 2093 3194 2166 adjungi
3247 2105 3604 2169 exposceret.

1963 2178 2097 2240 Quae
2128 2177 2554 2234 tamhorrendi
2581 2179 2799 2244 vultus,
2835 2181 3094 2236 discissae
3124 2186 3325 2255 vestis,
3360 2188 3606 2249 hirsutis

1963 2264 2188 2336 capillis
2210 2268 2642 2339 atqueturpiter
2666 2269 2881 2324 erectis
2911 2271 3308 2339 videbatur,ut
3334 2276 3426 2331 vix
3445 2282 3610 2351 quid-

1963 2369 2141 2424 quam
2172 2354 2446 2410 humanas
2479 2357 2676 2411 formae
2709 2357 2767 2411 in
2798 2373 2860 2412 ea
2917 2367 3372 2430 recognosceret.
3425 2368 3608 2439 Cujus

1963 2442 2351 2498 deformitatis
2382 2444 2622 2500 horrore
2637 2445 2886 2501 nimium
2911 2448 3237 2518 perculsus,
3262 2469 3386 2508 eam
3423 2455 3604 2528 pluri-

1965 2546 2127 2586 mum
2157 2531 2385 2587 volebat
2410 2535 2640 2589 evitare.
2666 2535 2765 2590 sed
2797 2535 2926 2606 ipsa
2955 2540 3118 2591 tanto
3141 2541 3330 2612 magis
3351 2542 3434 2598 illi
3454 2547 3606 2603 nite-

1963 2618 2136 2674 batur
2163 2620 2451 2677 insistere.
2486 2624 2609 2688 Qua
2640 2624 3081 2695 importunitate
3099 2627 3285 2682 victus
3307 2630 3395 2684 vir
3414 2633 3606 2690 Domi-

1962 2706 2044 2773 ni,
2077 2707 2124 2762 ei
2150 2709 2384 2779 signum
2418 2711 2608 2766 crucis
2641 2711 2697 2766 in
2733 2712 2937 2766 faciem
2973 2712 3382 2784 imprimebat;
3413 2724 3473 2774 at
3507 2722 3607 2778 illa

1963 2795 2035 2849 ad
2065 2800 2281 2852 terram
2313 2797 2486 2853 veluti
2513 2803 2743 2854 mortua
2776 2815 3079 2870 proruens,
3113 2801 3168 2855 in
3193 2803 3603 2866 admirabilem

1963 2881 2459 2953 pulchritudinem
2494 2887 3084 2958 denuotresurgcbat.
3137 2889 3317 2961 Cujus
3363 2894 3608 2955 visionis

1961 2975 2180 3025 terrore
2210 2979 2599 3044 experrectus,
2635 2975 2705 3029 ad
2740 2979 3056 3032 nocturnas
3077 2981 3330 3036 surrexit
3350 2983 3601 3056 vigilias,

1965 3060 2273 3131 denuoque
2303 3062 2363 3116 in
2395 3061 2575 3133 hujus
2605 3063 2686 3117 rei
2717 3063 3103 3120 admiratione
3134 3070 3324 3139 sopori
3359 3073 3609 3133 reddidit

176 3158 386 3215 mavit
424 3160 484 3211 et
511 3154 586 3210 ab
614 3153 975 3210 imminentis
998 3154 1205 3209 mortis
1225 3152 1470 3208 articulo
1488 3152 1708 3208 sanctis
1729 3169 1848 3224 pre-
1884 3135 1928 3203 C
1967 3149 2267 3223 membra:
2303 3151 2391 3204 cui
2418 3151 2722 3206 videbatur
2748 3151 2806 3205 in
2840 3154 3063 3208 somnis
3084 3135 3289 3212 adesse
3308 3165 3606 3219 venerabi-

177 3249 370 3303 cibus
407 3242 694 3300 liberavit.
731 3243 930 3314 Itaque
960 3246 1080 3298 toto
1106 3242 1296 3298 noctis
1324 3241 1641 3297 interstitio
1684 3242 1859 3296 turba

177 3336 505 3394 comitum
535 3337 589 3386 et
615 3332 1018 3403 patriensium,
1050 3348 1301 3403 quorum
1335 3331 1654 3387 necessitas
1677 3331 1856 3387 inter-

175 3431 356 3492 erat,
397 3421 480 3476 ad
509 3420 627 3490 ejus
658 3419 976 3492 hospitium
1000 3437 1135 3475 cum
1164 3419 1558 3475 luminaribus
1578 3421 1853 3477 excubias

170 3509 610 3574 celebrabant,
641 3525 706 3564 ac
736 3525 907 3564 mane
938 3525 1042 3580 per
1072 3514 1412 3564 sanctorum
1444 3507 1673 3576 merita,
1723 3511 1852 3580 ejus

172 3602 506 3659 annuente
532 3596 830 3670 suffragio,
862 3597 1153 3669 integram
1203 3597 1543 3668 sospitatem
1591 3603 1852 3668 reporta-

175 3694 356 3747 bant.

241 3779 362 3835 His
395 3791 544 3848 ergo
575 3775 763 3831 causis
795 3791 896 3846 per
925 3777 1169 3830 eunctas
1200 3773 1528 3829 Romanicze
1545 3780 1738 3846 partes
1759 3791 1852 3831 ce-

161 3868 433 3924 lerrime
462 3863 802 3935 divulgatis,
823 3862 911 3916 vir
947 3861 1180 3916 Domini
1215 3877 1453 3916 summa
1481 3862 1852 3918 veneratione

163 3955 336 4011 excol
349 3951 752 4022 itur,ejusque
765 3949 999 4006 dilectio
1015 3947 1280 4005 omnium
1297 3949 1572 4005 cordibus
1586 3949 1851 4006 funditus

165 4045 554 4100 inculcatur.
587 4040 688 4096 Hie
716 4043 910 4095 autem
943 4055 1090 4094 suus
1121 4041 1246 4093 erat
1276 4054 1405 4094 mos
1451 4039 1728 4094 assiduus
1785 4043 1850 4095 ut

167 4139 499 4189 nocturna:
537 4128 714 4200 quieti
749 4127 1012 4183 membra
1030 4127 1379 4193 traditurus,
1405 4131 1742 4183 sanctorum
1768 4128 1851 4200 pi-

169 4221 488 4294 gnoribus
518 4233 642 4273 sese
663 4216 940 4272 attentius
968 4215 1431 4284 commendaret,
1461 4220 1519 4271 et
1548 4233 1582 4271 a
1607 4215 1846 4272 saacula-

169 4312 348 4366 ribus
387 4305 700 4362 absolutus
724 4304 880 4360 curis
911 4305 968 4360 in
981 4307 1184 4361 sancta
1204 4304 1693 4376 contemplatione
1715 4305 1844 4360 ani-

171 4415 354 4455 mum
399 4394 685 4450 relaxaret
708 4399 880 4465 atque
904 4394 964 4448 in
990 4394 1120 4466 ipsa
1149 4393 1528 4450 meditatione
1576 4410 1846 4450 necessa-

1966 3235 2039 3290 lis
2069 3236 2251 3293 abbas
2265 3239 2633 3311 0dilo,quem
2668 3241 2834 3310 quasi
2858 3243 3099 3312 rogabat
3114 3245 3225 3299 sibi
3241 3251 3606 3321 portendere,

1965 3340 2092 3396 quae
2114 3331 2268 3381 esset
2289 3327 2468 3398 hujus
2484 3328 2720 3384 visionis
2739 3329 3112 3401 signiﬁcatio.
3145 3333 3248 3396 Qui
3268 3334 3608 3398 laetissimus

1965 3412 2015 3467 εἰ
2037 3417 2138 3476 tali
2174 3417 2477 3487 respondit
2505 3416 2767 3473 oraculo:
2806 3422 3018 3474 Beatus
3047 3436 3109 3475 es
3137 3426 3223 3488 tu,
3272 3428 3328 3478 et
3355 3431 3417 3481 tu
3477 3431 3607 3485 ani-

1965 3527 2118 3566 mam
2149 3509 2277 3579 eius
2307 3508 2377 3562 de
2408 3511 2595 3562 morte
2625 3504 2906 3562 liberasti.
2940 3511 3071 3564 Haec
3123 3527 3233 3564 non
3293 3528 3422 3570 esse
3473 3518 3606 3576 ficta

1963 3597 2396 3670 probatidonea
2425 3595 2683 3650 virorum
2714 3611 2780 3650 ac
2799 3597 3218 3654 venerabilium
3244 3604 3598 3678 testificatio,

1965 3686 2166 3742 domui
2196 3683 2465 3740 videlicet
2491 3683 2735 3739 Walteri
2758 3685 3078 3740 Leucorum
3103 3687 3342 3744 claustri
3367 3693 3595 3762 decaui,

1963 3791 2068 3830 nec
2099 3791 2213 3830 non
2243 3772 2434 3828 intimi
2468 3771 2879 3828 consecretalis
2909 3774 3036 3843 ejus
3078 3775 3443 3846 Warncheri,
3503 3781 3605 3851 qui

1960 3868 2231 3919 asserunt
2264 3879 2325 3918 se
2351 3862 2588 3916 audisse
2617 3860 2757 3915 talia
2787 3876 2920 3915 cum
2955 3860 3228 3934 lacrymis
3261 3864 3333 3919 ab
3364 3865 3464 3922 illo
3516 3885 3604 3924 re-

1959 3951 2118 4020 ferri,
2153 3957 2208 4007 et
2238 3951 2378 4023 quid
2410 3950 2710 4021 signarent
2747 3948 3248 4020 quamplurimum
3305 3955 3602 4012 admirari.

1958 4047 2075 4103 Nec
2104 4038 2446 4098 incredibile
2466 4053 2596 4092 esse
2621 4037 2867 4101 videtur,
2895 4036 3034 4092 talia
3062 4039 3111 4094 ei
3143 4057 3177 4094 a
3205 4059 3438 4099 summa
3461 4046 3606 4100 divi-

1959 4133 2141 4189 nitate
2172 4130 2618 4200 przemonstrata
2651 4124 2854 4192 fuisse,
2878 4141 3012 4182 cum
3044 4128 3215 4182 erebo
3238 4137 3524 4189 nocturna
3545 4133 3604 4190 in

1958 4223 2104 4277 lect.)
2136 4215 2412 4289 suspiria,
2448 4218 2506 4269 et
2538 4215 2871 4286 frequentes
2903 4217 3153 4287 pectoris
3181 4219 3491 4278 tunsiones
3539 4239 3606 4280 ac

1960 4314 2183 4366 stratus
2205 4320 2356 4376 saepe
2380 4321 2413 4358 a
2435 4303 2704 4359 veridicis
2726 4303 3104 4361 cubiculariis
3128 4314 3390 4380 repertus
3405 4311 3608 4384 irriga-

1957 4403 2056 4454 tus
2086 4392 2380 4467 lacrymis,
2411 4393 2731 4448 ostendunt
2762 4391 2931 4448 illum
2963 4394 3159 4450 divina
3181 4396 3403 4453 visione
3424 4399 3606 4456 fuisse

171 4489 346 4543 rium
380 4482 614 4555 corpori
649 4499 913 4554 soporem
944 4483 1288 4555 susciperet.
1324 4482 1386 4538 In
1413 4481 1520 4538 hac
1559 4499 1696 4555 ergo
1753 4482 1844 4556 pia
1874 4498 1924 4564 D
1956 4472 2223 4559 dignum.
2259 4480 2418 4536 Nulli
2444 4485 2639 4536 autem
2670 4480 2917 4536 dubium
2968 4487 3057 4537 est
3115 4485 3256 4553 quid
3312 4485 3606 4556 significet

168 4572 533 4632 intentione
565 4571 815 4642 quadam
844 4575 1011 4626 nocte
1037 4576 1371 4643 soporatus,
1405 4587 1508 4643 per
1535 4570 1726 4628 visum
1773 4571 1845 4627 ad

169 4659 591 4737 principalem
621 4659 923 4715 ecclesiam
958 4659 1122 4716 urbis
1178 4659 1581 4733 Wangionum
1615 4661 1726 4732 (‘24)
1759 4664 1850 4716 est

163 4753 522 4813 adductus,
555 4748 649 4804 ubi
674 4748 1182 4820 contemplabatur
1210 4748 1382 4820 quasi
1427 4751 1846 4806 consistentem

164 4841 499 4897 infinitam
532 4837 967 4895 multitudinem
999 4837 1350 4905 albatorum,
1378 4855 1628 4910 quorum
1660 4839 1849 4910 major

161 4947 320 5003 pars
357 4926 672 4982 videbatur
700 4943 828 4982 esse
859 4926 1248 4992 sacerdotum,
1285 4927 1437 4982 inter
1469 4944 1617 4999 quos
1660 4943 1843 4983 unum

161 5015 655 5090 recognoscebat
686 5015 984 5086 quondam
1009 5015 1118 5070 sibi
1145 5015 1490 5072 familiarem
1512 5017 1845 5074 Bezelinum

166 5103 703 5172 archidiaconum,
728 5104 829 5175 qui
860 5105 987 5175 ejus
1017 5120 1214 5161 comes
1246 5104 1307 5160 in
1331 5105 1590 5162 Romano
1637 5106 1844 5163 itinere

168 5198 444 5253 exuerat
470 5193 790 5249 hominem.
843 5193 1026 5258 Quem
1083 5193 1449 5266 interrogans
1506 5211 1634 5267 quae
1689 5201 1846 5253 esset

171 5291 356 5341 tanta
390 5281 738 5350 multitudo,
788 5282 1011 5340 audivit
1065 5282 1173 5340 hos
1229 5301 1434 5340 omnes
1477 5287 1842 5344 mundanam

252 5410 378 5492 (24)
437 5406 834 5492 Vangionum
882 5407 1236 5492 civitas__seu
1285 5409 1630 5492 Wormatia,
1700 5417 1842 5492 urbs

175 5478 556 5562 episeopalis
583 5478 910 5562 notissima,
943 5481 1054 5562 sub
1082 5478 1835 5562 Magnuntina‘metropoli.

249 5553 381 5628 (ᾧ)
399 5550 578 5628 Hanc
606 5551 889 5628 visionem
921 5555 1125 5608 auctor
1144 5550 1296 5628 infra
1324 5550 1741 5628 interpretatur
1768 5562 1840 5616 de

179 5623 387 5700 annis,
418 5623 639 5704 quibus
665 5627 789 5684 tam
807 5624 935 5705 ipse
955 5639 1136 5708 quam
1147 5623 1263 5686 duo
1285 5625 1414 5702 ejus
1434 5623 1684 5702 pioximi
1705 5647 1838 5691 suc-

1956 4573 2268 4648 prmlibatze
2302 4569 2566 4625 mulieris
2597 4569 2763 4636 visio,
2791 4571 3128 4641 quicunque
3162 4571 3300 4643 legit
3329 4588 3476 4643 pene
3523 4573 3603 4628 si-

1957 4663 2094 4720 mile
2124 4661 2422 4718 somnium
2451 4657 2642 4730 Magni
2675 4658 3038 4713 Constantini
3086 4674 3187 4728 pro
3245 4660 3606 4717 restituenda

1955 4754 2100 4808 urbe
2130 4749 2402 4824 Byzantio
2434 4748 2566 4819 (26).
2631 4747 2774 4800 Nam
2837 4752 3059 4801 certum
3111 4752 3200 4802 est
3247 4747 3608 4806 borribiliter

1955 4841 2289 4898 extabuisse
2320 4854 2424 4909 per
2453 4837 2716 4891 diversas
2743 4835 2902 4890 orbis
2925 4840 3117 4906 partes
3139 4837 3602 4896 ecclesiasticum

1956 4931 2245 4988 decorem,
2280 4926 2398 4980 imo
2430 4923 2822 4978 Christianam
2855 4922 3220 4995 religionem,
3248 4931 3304 4980 et
3321 4942 3424 4997 per
3443 4943 3602 4996 eum,

1955 5020 2030 5074 Cb
2044 5017 2167 5072 risti
2193 5012 2650 5071 adminiculante
2675 5011 2975 5085 suffragio,
2999 5013 3066 5067 ad
3093 5014 3407 5086 pristinum
3432 5016 3602 5072 redu-

1954 5113 2111 5164 ctam
2145 5126 2272 5168 esse
2301 5107 2603 5162 honorem.

2025 5292 2094 5347 ΙΙ.
2159 5293 2223 5345 In
2277 5288 2550 5343 conventu
2613 5284 2919 5340 Wormatiae
2972 5299 3123 5354 papa
3180 5280 3422 5353 eligitur.
3479 5279 3588 5338 Sub

1951 5431 2216 5473 cessoros
2245 5410 2647 5485 pontiﬁcatum
2674 5413 2871 5485 tenere
2902 5407 3202 5485 deberent.

2020 5488 2135 5558 (26)
2165 5475 2713 5558 Hanc‘Constantini
2744 5478 2933 5558 Magni
2968 5477 3247 5558 visionem
3300 5475 3471 5534 refert
3499 5480 3600 5558 Sg-

1953 5547 2256 5625 zoineinus
2287 5554 2437 5616 libro
2492 5569 2533 5611 ιι
2591 5547 2868 5611 Historia?
2912 5547 3337 5632 ecclesiasticae,
3379 5567 3506 5629 cap.
3540 5552 3595 5614 3.
