4102 6174
499 307 614 371 48⁸7

1860 301 1925 360 S.
1972 297 2121 362 LEO
2166 299 2246 359 lX
2291 293 2524 358 PAPA.

3775 292 3896 357 488

493 441 781 513 peregrini
810 438 1004 492 habitu
1049 436 1271 491 Romam
1300 436 1453 506 petit.
1491 433 1679 488 Flavti-
1725 432 2144 487 exuberantzam
2173 434 2226 497 Α
2259 428 2571 483 multitudo
2598 428 2984 501 undequaque
3007 426 3542 505 supervenientium
3561 425 3893 482 comitatur.

498 529 826 600 comprimit.
865 527 1087 580 Romam
1116 523 1352 579 advenit.
1391 522 1658 577 Canom'ce
1715 523 1776 575 in
1827 520 2140 591 pontiﬁcem

496 617 744 686 eligitur.
781 645 848 654 -—
890 615 1114 668 [nterea
1142 613 1299 682 apud
1337 610 1728 681 Wangionum
1763 610 1965 663 urbem
2008 611 2140 661 ante

495 703 864 777 prasentiam
900 700 1138 773 gloriosi
1161 697 1395 753 Henrici
1437 697 1681 753 secundi
1741 697 2134 751 Romanorum

493 791 744 864 Augusti
764 788 1184 861 ﬁtpontiﬂcum
1204 785 1682 857 reliquorumque
1697 799 2000 856 procerum
2023 799 2138 838 non

493 880 764 936 modicus
786 881 1126 932 conventus.
1162 875 1317 929 Inter
1347 890 1493 944 quos
1527 873 1618 928 hic
1647 872 1881 928 Christo
1923 873 2138 944 dignus

497 967 708 1040 praesul
742 966 1128 1020 convocatur:
1156 961 1509 1033 quippesine
1541 958 2140 1031 cujuseonsiliointra

496 1054 864 1128 imperialem
898 1051 1120 1106 curiam
1153 1050 1298 1104 nihil
1322 1051 1519 1121 magni
1577 1049 2018 1121 disponebatur.
2069 1048 2139 1102 Et

493 1147 750 1215 repente,
786 1141 883 1196 illo
912 1139 1060 1194 nihil
1091 1138 1208 1194 tale
1234 1138 1644 1210 suscipicante,
1677 1138 1750 1192 ad
1782 1153 1930 1191 onus
1973 1152 2136 1206 apos-

492 1231 650 1288 tolici
675 1229 912 1286 honoris
925 1227 1369 1295 suscipiendum
1382 1225 1618 1297 eligitur
1638 1242 1670 1279 a
1683 1225 1929 1280 cunctis.
1974 1224 2134 1286 Quod

493 1337 642 1376 onus
657 1317 990 1373 humilitate
1005 1319 1410 1370 commonente
1451 1314 1784 1369 diutissime
1820 1312 2134 1381 refugiens,

493 1408 634 1460 dum
656 1405 845 1476 magis
861 1421 924 1459 ac
939 1403 1123 1473 magis
1138 1403 1384 1474 cogitur,
1419 1403 1760 1456 triduanum
1793 1400 2131 1456 consulendi

493 1493 755 1565 deposcit
780 1492 1060 1562 spatium,
1079 1491 1135 1544 in
1161 1491 1532 1561 quojejuniis
1549 1507 1759 1546 vacans
1782 1494 1835 1544 et
1857 1489 2133 1544 orationi-

491 1583 602 1637 bus
633 1582 872 1636 omnino
903 1581 1028 1634 sine
1060 1579 1187 1634 cibo
1219 1593 1475 1651 potuque
1507 1579 1847 1650 permansit.
1874 1583 2132 1650 Cumque

500 1671 690 1726 denuo
722 1673 1134 1741 repurgaretur
1165 1669 1234 1722 ad
1268 1667 1613 1722 obedientiie
1660 1667 2126 1738 completionem,

491 1763 810 1830 spontanee
829 1774 1023 1812 coram
1049 1756 1320 1811 omnibus
1335 1773 1502 1811 suam
1515 1756 1660 1810 dixit
1681 1756 2125 1822 confessionem,
2162 1793 2209 1857 B

490 1850 735 1901 conatus
749 1845 917 1915 quasi
934 1845 1186 1915 quadam
1211 1862 1453 1899 suorum
1467 1845 1810 1900 enormitate
1823 1843 2130 1911 scelerum,

489 1950 863 1989 communem
922 1938 1257 2004 permutare
1326 1933 1688 1988 electionem.
1751 1933 1891 1996 Quis
1933 1936 2129 1987 autem

490 2028 667 2093 queat
707 2023 842 2092 ejus
871 2021 1280 2082 inundantium
1317 2023 1558 2077 ﬂetuum
1598 2022 1828 2088 referre,
1876 2037 2022 2091 quos
2073 2021 2129 2074 in

489 2110 721 2183 publica
753 2110 1117 2166 confessione
1171 2109 1382 2176 emisit,
1447 2127 1580 2164 cum
1639 2109 1815 2164 etiam
1865 2108 2130 2164 omnium

488 2201 697 2255 affectu
731 2200 789 2253 in
818 2198 1030 2253 nimias
1061 2198 1352 2270 lacrymas
1385 2197 1763 2252 excitaverit?
1798 2198 1954 2254 Unde
1987 2215 2132 2252 una-

486 2287 726 2342 nimiter
775 2291 1117 2341 cunctorum
1169 2301 1266 2340 ore
1322 2285 1444 2339 haec
1495 2285 1591 2355 pia
1640 2303 1747 2340 vox
1791 2285 2127 2340 resonabat:

489 2375 645 2429 Nolit
673 2375 828 2429 Deus
859 2380 922 2428 ut
953 2373 1112 2428 filius
1136 2378 1433 2428 tantarum
1464 2373 1854 2445 lacrymarum
1913 2378 2127 2444 pereat.

486 2463 704 2518 Videns
735 2479 870 2534 ergo
900 2462 1060 2517 nullo
1093 2463 1260 2516 modo
1290 2478 1350 2516 se
1368 2478 1536 2533 posse
1559 2461 1810 2533 eﬂ‘ugere
1832 2461 2132 2532 imperiale

485 2556 842 2624 praeceptum
874 2558 929 2608 et
961 2567 1272 2606 commune
1299 2550 1562 2605 omnium
1598 2549 1972 2620 desiderium,
2035 2567 2128 2605 co-

495 2645 660 2696 actus
692 2640 948 2712 suscepit
981 2640 1313 2710 injunctum
1336 2639 1594 2694 ofﬁcium
1628 2639 2022 2710 praesentibus,
2050 2638 2128 2693 le-

497 2729 650 2802 gatis
683 2730 1101 2795 Romanorum,
1129 2745 1195 2783 ea
1211 2728 1564 2795 conditione,
1595 2728 1644 2782 si
1677 2728 1908 2782 audiret
1951 2727 2130 2783 totius

488 2818 630 2873 cleri
665 2835 729 2873 ac
761 2817 1005 2873 Romani
1038 2816 1238 2888 pepuli
1261 2833 1635 2872 communem
1657 2833 1784 2871 esse
1807 2816 1930 2871 sine
1953 2815 2129 2871 dubio

489 2921 870 2960 consensum.
904 2906 1111 2976 Sicque
1141 2907 1213 2960 ad
1248 2905 1543 2976 propriam
1569 2906 1891 2960 Leucorum
1912 2904 2132 2960 scilicet

406 3050 416 3057 ,
488 2994 688 3048 sedem
713 2994 1019 3065 repedans,
1045 3010 1178 3048 cum
1209 3010 1442 3048 summa
1463 2994 1764 3049 devotione
1785 2993 1999 3048 ibidem
2020 2997 2132 3048 Do-

489 3082 631 3137 mini
665 3082 978 3138 celebravit
1007 3081 1269 3138 Natalem
1327 3099 1461 3137 cum
1521 3083 1842 3138 coessentia
1880 3090 2131 3153 quatuor

2252 519 2408 572 Inter
2437 534 2582 588 quos
2615 518 2875 587 quedam
2913 517 3198 590 religiosa":
3217 517 3343 572 vitae
3367 515 3580 572 ancilla
3595 515 3696 570 Dei
3725 513 3774 570 ei
3799 514 3895 569 ad-

2249 605 2443 673 haeret,
2478 622 2606 677 quae
2632 622 2763 660 eum
2787 605 3004 660 talibus
3027 622 3092 661 ex
3111 609 3395 676 praecepto
3411 604 3602 658 divino
3621 604 3894 658 admonet

2247 694 2438 749 verbis
2461 712 2472 748 :
2507 694 2636 749 Mox
2669 698 2732 748 ut
2754 693 2945 765 prima
2975 694 3222 765 vestigia
3244 693 3398 748 intra
3419 692 3612 748 valvas
3634 691 3886 748 ecclesia

2248 782 2530 854 principis
2561 781 2960 854 apostolorum
2991 781 3280 853 posueris,
3317 799 3387 837 ne
3448 781 3532 837 sis
3580 781 3892 836 immemor

2248 870 2340 926 his
2372 870 2583 926 divinis
2600 871 2680 926 uti
2702 871 2924 926 verbis:
2948 873 3070 925 Pax
3090 872 3220 926 huic
3248 870 3438 926 domui
3471 869 3680 940 \IlIatth.
3705 869 3914 941 x,12),‘

2247 963 2302 1014 et
2332 960 2606 1015 omnibus
2637 959 3040 1015 habitantibus
3072 961 3130 1014 in
3165 977 3250 1016 ea.
3281 960 3465 1023 Quam
3522 958 3888 1015 Dominicam

2238 1048 2569 1117 jussionem
2583 1051 2639 1103 et
2651 1047 2953 1102 humiliter
2964 1065 3029 1103 su
3039 1048 3302 1118 scepit,et
3316 1048 3515 1103 devote
3529 1045 3886 1118 adimplevit.

2246 1134 2415 1190 Venit
2444 1152 2579 1208 ergo
2629 1153 2762 1190 cum
2823 1139 2983 1190 tanto
3041 1137 3320 1190 comitatu
3380 1152 3555 1207 super
3599 1135 3884 1190 Teronem

2247 1223 2484 1278 ﬂuvium
2515 1223 2652 1294 (29),
2685 1223 2783 1295 qui
2813 1224 2894 1278 ita
2933 1225 3241 1279 crescendo
3291 1224 3591 1296 proprium
3643 1227 3881 1295 praeter-

2244 1327 2484 1383 gressus
2515 1316 2639 1367 erat
2659 1312 2885 1367 alveum
2911 1317 2973 1368 ut
3003 1329 3105 1383 per
3135 1317 3354 1385 septem
3389 1312 3514 1368 dies
3563 1316 3753 1367 totum
3805 1311 3886 1368 ibi

2243 1405 2472 1472 cogeret
2493 1400 2771 1456 remorari
2803 1399 3105 1472 populum.
3139 1401 3239 1454 Vir
3268 1406 3463 1455 autem
3509 1399 3755 1467 Domini,
3816 1400 3887 1455 de

2242 1488 2554 1544 afﬂictione
2586 1489 2771 1560 plebis
2799 1489 2896 1542 diu
2934 1506 3130 1544 secum
3171 1489 3583 1560 exspectantis,
3643 1492 3884 1543 maestus

2241 1577 2471 1631 caeleste
2500 1577 2779 1632 auxilium
2803 1577 3029 1632 invocat
3053 1593 3118 1632 ac
3149 1578 3609 1633 benedictionem
3632 1575 3885 1633 ecclesiae

2241 1667 2422 1721 sancti
2453 1665 2698 1721 Joannis
2731 1666 2788 1720 in
2823 1666 3013 1720 vicino
3068 1671 3406 1721 censtructre
3457 1665 3708 1722 inchoat.
3772 1666 3883 1722 Sed

2241 1757 2550 1824 antequam
2581 1754 2842 1809 divinum
2872 1759 3024 1810 esset
3050 1758 3351 1826 paractum
3375 1755 3635 1810 ofﬁcium
3681 1758 3880 1827 capte

2243 1843 2718 1909 consecrationis,
2741 1844 2821 1898 ita
2851 1844 3063 1900 ﬂuvius
3116 1848 3204 1898 est
3262 1844 3560 1916 mitigatus
3608 1842 3887 1899 demissis

2241 1931 2436 1998 undis,
2473 1935 2536 1985 ut
2565 1947 2697 1985 mox
2745 1947 3015 1986 securum
3063 1932 3172 1986 iter
3229 1932 3386 1985 amni
3431 1931 3887 2003 transgredienti

2240 2020 2567 2091 praebuerit.
2602 2021 2762 2085 Quod
2809 2020 3003 2076 omnis
3044 2037 3309 2092 praesens
3363 2019 3669 2075 multitudo
3695 2019 3887 2090 hujus

2242 2108 2394 2162 beati
2414 2107 2517 2161 viri
2543 2108 2767 2162 meritis
2781 2108 3094 2179 contigisse
3110 2108 3206 2162 afﬂ
3218 2107 3887 2179 rmavit.0mnipotentis

2241 2195 2418 2267 igitur
2450 2195 2756 2251 roboratus
2806 2195 3365 2262 solamine,Romam
3414 2194 3740 2268 appropiat,
3786 2195 3888 2250 cui

2239 2287 2359 2338 tota
2378 2285 2517 2339 urbs
2540 2301 2673 2338 cum
2696 2285 3030 2356 hymnidico
3049 2289 3324 2341 concentu
3342 2284 3569 2340 obviam
3583 2284 3666 2339 ire
3684 2288 3884 2354 parat;

2241 2372 2342 2426 sed
2357 2371 2479 2443 ipse
2492 2373 2667 2443 pedes
2681 2371 3000 2444 longinquo
3016 2374 3217 2428 itinere
3230 2373 3404 2428 nudis
3419 2372 3634 2444 plantis
3648 2371 3885 2437 incedit,

2239 2465 2294 2515 et
2317 2460 2505 2532 magis
2529 2461 2597 2515 ad
2621 2462 2834 2516 mentis
2850 2462 3214 2517 devotionem
3233 2478 3410 2533 quam
3435 2463 3506 2517 ad
3529 2461 3772 2516 laudum
3790 2460 3890 2516 de-

2240 2548 2608 2604 lectationem
2633 2551 2896 2604 animum
2923 2550 3334 2616 inﬂectit.Quis
3354 2559 3545 2606 autem
3577 2551 3705 2620 ejus
3743 2564 3886 2604 con-

2237 2636 2359 2692 triti
2393 2638 2584 2692 cordis
2617 2638 2674 2692 in
2699 2639 2900 2694 devota
2929 2639 3187 2693 oratione
3205 2639 3608 2710 aﬂ'ectus,quis
3631 2637 3887 2709 denique

2239 2725 2450 2781 referre
2477 2732 2652 2791 queat
2683 2727 2992 2783 continuos
3024 2727 3411 2800 lacrymarum
3443 2727 3601 2783 velut
3622 2727 3885 2782 rivorum

2238 2815 2543 2878 decursus,
2579 2833 2708 2870 cum
2735 2816 2957 2871 nullius
2988 2816 3266 2887 cogitatui
3289 2817 3365 2872 sit
3385 2814 3761 2888 penetrabile,
3784 2830 3886 2870 ne-

2239 2903 2378 2956 dum
2412 2903 2600 2957 verbis
2632 2903 2905 2959 effabile?
2933 2905 3249 2976 Postquam
3284 2921 3417 2976 ergo
3440 2903 3771 2960 diutissime
3794 2919 3885 2958 se-

2239 2989 2431 3045 taliter
2451 2991 2678 3047 Christo
2699 2993 2974 3047 mactavit
3003 2992 3063 3047 in
3095 2993 3286 3048 cordis
3318 2993 3507 3060 altari,
3541 3016 3567 3041 ‹‹
3621 2991 3882 3047 hostiam

2238 3079 2448 3148 vivam,
2483 3084 2767 3147 sanctam,
2822 3081 2948 3156 Deo.
2995 3080 3342 3152 placentem,
3370 3105 3398 3129 ‹‹
3432 3081 3608 3136 etiam
3655 3079 3878 3135 astanti

484 3171 848 3244 pontificum,
879 3171 1134 3241 llugonis
1158 3169 1380 3225 scilicet
1401 3172 1472 3226 de
1499 3171 1631 3226 Cisa
1661 3172 1772 3241 (‘27)
1794 3171 1937 3225 urbe
1958 3169 2126 3225 Italo-
2159 3157 2201 3222 C
2239 3167 2392 3223 clero
2423 3173 2479 3223 et
2508 3168 2741 3240 populo,
2775 3169 3052 3237 divinam,
3087 3186 3203 3240 qua
3233 3169 3555 3242 plurimum
3604 3168 3889 3224 afﬂuebat

484 3277 616 3314 rum
644 3259 818 3332 legati
852 3261 1246 3314 Romanorum
1279 3263 1335 3314 et
1366 3259 1642 3314 Everardi
1704 3257 2125 3330 archiepiscopi

485 3348 887 3410 Treverorum,
942 3346 1315 3401 Adalberonis
1348 3363 1581 3417 quoque
1621 3347 1895 3402 Metensis
1953 3351 2127 3417 atque

485 3432 825 3486 Theoderici
857 3433 984 3502 [θιιη
1029 3433 1333 3502 Theodori]
1391 3433 1779 3489 Virdunensis
1838 3435 2124 3506 praesulis,

484 3520 623 3575 Inde
635 3519 842 3575 humili
854 3525 968 3575 tate
987 3521 1498 3592 magistra,contra
1510 3523 1774 3577 omnium
1789 3523 2124 3594 apostolico-

485 3625 616 3664 rum
653 3624 898 3673 morem,
923 3613 1156 3680 sumpto
1187 3608 1299 3679 (28)
1331 3610 1635 3682 peregrino
1663 3609 1885 3676 habitu,
1914 3612 2126 3664 Roma-

484 3714 627 3753 num
661 3697 910 3769 arripuit
943 3698 1072 3762 iter,
1103 3697 1389 3753 indefessa
1424 3698 1603 3754 sacris
1643 3699 2002 3755 orationibus
2061 3719 2124 3753 ac

481 3786 687 3842 divinae
719 3803 938 3842 vacans
969 3785 1471 3857 contemplationi,
1497 3804 1612 3841 non
1643 3791 1762 3841 tam
1795 3804 1898 3858 pro
1929 3803 2125 3843 rerum

484 3876 934 3930 commissarum
955 3875 1271 3946 sibi,quam
1297 3892 1397 3946 pro
1419 3892 1557 3931 cura
1579 3875 2126 3943 animarummimize

477 3962 741 4017 intentus
771 3963 1168 4019 sollicitudini.
1208 3965 1269 4018 In
1303 3981 1420 4035 qua
1444 3964 1827 4020 meditatione
1849 3967 2002 4037 apud
2029 3983 2126 4020 ur-

490 4049 622 4104 bem
652 4052 977 4121 Augustam
998 4053 1607 4124 suspensus,divinam
1641 4055 1961 4124 promeruit
1991 4071 2127 4109 con-

492 4136 861 4206 solationem,
897 4141 1038 4194 dum
1068 4142 1126 4195 in
1188 4141 1536 4197 revelatione
1589 4142 1813 4198 audivit
1869 4142 2130 4214 angelica

485 4243 621 4282 voce
652 4244 924 4283 resonare
957 4227 1357 4285 harmonicam
1420 4229 1874 4287 modulationem
1919 4232 2131 4287 dulcis-

487 4315 634 4371 sime
657 4321 1105 4371 consonantem:
1142 4318 1293 4372 Dicit
1316 4317 1743 4389 Dominus,ego
1775 4320 1961 4390 cogito
1975 4321 2128 4392 cogi-

486 4403 738 4460 tationes
768 4406 928 4475 pacis
951 4409 1138 4460 etnon
1171 4405 1538 4468 alﬂictionis;
1569 4406 1915 4462 invneabitis
1948 4425 2040 4463 me
2076 4412 2132 4463 et

2237 3257 2563 3328 ingreditur
2585 3258 2836 3328 proferre
2849 3256 3705 3329 exhortationem.lmperialem
3728 3257 3805 3312 de
3820 3273 3886 3312 se

2235 3344 2571 3400 electionem
2605 3346 2663 3400 in
2695 3350 2816 3402 tam
2844 3347 3130 3403 laborioso
3161 3347 3351 3403 ofﬁcio
3407 3346 3563 3402 brevi
3613 3361 3890 3400 sermun-

2237 3433 2366 3488 culo
2398 3434 2749 3507 promulgat,
2780 3452 2984 3492 eorum
3025 3434 3407 3504 voluntatem,
3452 3433 3890 3506 qualiscunque

2235 3537 2372 3592 erga
2401 3538 2462 3576 se
2493 3521 2592 3590 sit,
2617 3524 2873 3594 pandere
2920 3523 3284 3597 expostulat;
3341 3523 3480 3579 dicit
3529 3521 3882 3578 electionem

2235 3608 2371 3662 clcri
2407 3614 2462 3663 et
2491 3609 2689 3680 populi
2720 3612 3040 3667 canonicali
3059 3610 3659 3668 auctoritatealiorum
3678 3610 3888 3682 dispo-

2237 3697 2507 3752 sitionem
2541 3699 2772 3769 praeire;
2806 3701 3062 3756 afﬁrmat
3100 3717 3161 3757 se
3191 3701 3442 3772 gratanti
3473 3699 3665 3755 animo
3691 3699 3750 3753 in
3773 3715 3891 3770 pa-

2234 3785 2410 3841 triam
2442 3787 2789 3857 rediturum,
2822 3789 2939 3844 nisi
2977 3789 3079 3845 fiat
3135 3789 3334 3845 electio
3390 3790 3519 3858 ejus
3575 3787 3890 3844 communi

2236 3873 2500 3929 omnium
2533 3873 2705 3931 laude
2735 3895 2747 3945 ;
2782 3878 3037 3934 ostendit
3057 3894 3118 3934 se
3139 3882 3404 3934 coactum
3428 3878 3500 3933 ad
3523 3881 3639 3932 tam
3655 3877 3889 3948 grande

2237 3978 2386 4019 onus
2408 3963 2850 4035 suscipiendum
2863 3966 3398 4038 venisse.Cmmque
3427 3965 3646 4021 videret
3666 3964 3890 4020 unani-

2237 4070 2393 4110 mem
2416 4053 2682 4109 omnium
2699 4054 3198 4122 acclamationem,
3217 4056 3289 4110 ad
3311 4054 3728 4111 correctionem
3749 4053 3896 4109 vita

2237 4149 2483 4216 coeptam
2514 4142 2722 4214 repetit
2750 4141 3490 4215 exhortationem,supplex
3533 4144 3896 4198 cunctorum

2238 4234 2454 4305 expetit
2475 4231 2798 4287 orationem
2831 4237 3006 4303 atque
3039 4232 3491 4288 absolutionem.

2311 4325 2534 4392 Itaque,
2568 4320 2765 4375 divina
2791 4321 3014 4377 favente
3036 4321 3241 4393 gratia,
3274 4321 3502 4376 cunctis
3523 4318 3902 4392 applauden-

2239 4412 2423 4477 tibus,
2482 4413 2857 4465 consecratur
2896 4426 2961 4466 ac
3011 4409 3314 4465 Dominica
3357 4407 3903 4481 quadragesimalis

487 4508 593 4565 ego
655 4494 961 4584 exaudiam
1035 4510 1189 4584 vos,_
1235 4498 1292 4584 et
1368 4495 1644 4550 reducam
1731 4497 2128 4567 captivitatem
2158 4521 2205 4584 υ
2240 4500 2412 4565 initii,
2446 4499 2632 4568 pridie
2658 4498 2792 4553 Idus
2829 4498 3148 4565 Februarii,
3201 4497 3537 4570 apostolicae
3597 4496 3904 4552 cathedra

484 4586 737 4638 vestram
770 4583 840 4638 de
893 4583 1119 4637 cunctis
1177 4582 1340 4638 locis.
1399 4585 1522 4648 Qua
1579 4584 1677 4655 pia
1733 4585 2130 4641 consolatione

435 4719 438 4722 .
495 4671 814 4739 animatus,
838 4676 896 4726 et
949 4672 1020 4726 de
1079 4688 1333 4744 superno
1397 4671 1693 4740 adjutorio
1753 4673 1964 4729 certior
2002 4673 2127 4743 jam

489 4757 701 4823 factus,
736 4764 988 4829 coeptum
1043 4760 1154 4815 iter
1209 4762 1486 4830 perficere
1549 4761 1908 4833 aggreditur,
1951 4767 2130 4833 utque

487 4845 635 4898 tanti
687 4846 880 4899 meriti
951 4864 1259 4918 personam
1345 4850 1607 4917 decebat,
1689 4867 1823 4905 eum
1899 4851 2130 4906 inﬁnita

564 5058 676 5138 (_2_7)
707 5058 1195 5138 $ic_h_abet_codex
1221 5061 1600 5138 Remigianus
1621 5070 1676 5120 et
1691 5063 1788 5138 alii
1812 5083 1953 5122 mss.
1975 5067 2128 5138 apud

494 5129 754 5203 Bolland.
791 5133 941 5186 Editi
995 5133 1208 5189 habent
1244 5129 1421 5203 Pisa,”
1451 5137 1606 5190 sicut
1635 5142 1692 5191 et
1744 5129 2030 5192 Joannes-
2059 5140 2131 5193 de

2239 4588 2690 4645 inthronizatur.
2723 4587 2988 4650 Quantus
3007 4603 3140 4642 vero
3199 4587 3385 4642 tervor
3432 4584 3760 4641 devotionis
3820 4585 3908 4642 ad

2237 4675 2669 4748 Omnipotentis
2701 4674 3006 4730 servitium
3045 4674 3106 4730 in
3154 4691 3220 4730 eo
3270 4673 3602 4742 excreverit,
3663 4677 3909 4744 quanto

2238 4763 2485 4821 solertiaa
2514 4763 2712 4834 vigore
2743 4763 2814 4816 ad
2865 4777 2958 4817 res
3017 4761 3445 4818 ecclesiasticas
3486 4761 3911 4833 disponendas

2238 4851 2532 4919 enituerit,
2569 4851 2701 4923 quis
2731 4851 2888 4906 brevi
2908 4850 3196 4922 explicare
3225 4849 3432 4917 valeat,
3455 4864 3587 4905 cum
3612 4864 3762 4920 pene
3783 4865 3913 4905 nec

2314 5067 2426 5140 (28)
2453 5067 2534 5122 Ex
2565 5065 2818 5140 hoc_loco
2837 5065 3013 5140 plane
3027 5065 3556 5140 revincitureorum
3570 5063 3916 5140 sententia,

2243 5135 2343 5212 qui
2375 5135 2648 5212 asserunt
2679 5135 2925 5212 Leonem
2956 5137 3217 5212 Cluniaci
3259 5136 3538 5212 habitum
3588 5135 3917 5206 peregrini

495 5202 773 5282 Bayonjn
809 5205 1062 5282 Historia
1093 5205 1342 5282 Mediani
1378 5202 1714 5282 monasterii
1742 5226 1787 5282 ;__
1817 5210 1917 5264 sed
1966 5208 2130 5282 Hugo

491 5278 631 5359 taline
661 5275 880 5359 Pisante
912 5275 1177 5357 Ecclesia:
1207 5295 1319 5359 non
1355 5283 1617 5359 preserat.
1647 5278 1890 5359 _N_ull_am
1935 5275 2130 5359 tamen

493 5343 674 5424 ρὶδίιίγη
701 5348 903 5424 urbem
919 5347 1323 5424 episcopalem
1355 5343 1413 5424 in
1432 5347 1616 5424 italia:
1643 5350 1861 5424 tabulis
1882 5353 2132 5424 reperire

490 5415 675 5504 licuit.
712 5415 1069 5504 Legendu'rn
1095 5415 1237 5474 forte
1269 5420 1513 5504 Assisiq;
1545 5425 1683 5504 tunc
1714 5415 1965 5504 quippe:
2003 5423 2130 5504 Hgg

490 5487 760 5563 ejusdem,
791 5487 951 5563 urbis
983 5491 1589 5563 episcopusvivebat,
1642 5487 1747 5563 qui
1789 5487 1943 5548 anno
1995 5487 2134 5548 1050

491 5559 703 5638 gbrpus
729 5559 786 5616 S.
825 5559 1035 5638 Rufini
1052 5559 1372 5638 transtulit,
1405 5567 1471 5621 ut
1502 5559 1700 5622 monet
1724 5563 2004 5638 Ughellus
2028 5567 2135 5622 Ita-

492 5635 583 5700 liae
615 5646 790 5691 sacrae
820 5635 978 5692 torno
1000 5633 1046 5706 Ι,
1079 5632 1187 5694 col.
1219 5634 1346 5696 224.

2242 5206 2589 5281 sumpsisse,
2623 5223 2692 5263 ex
2711 5207 3086 5263 Hildebrandi
3111 5208 3378 5273 consilio,
3401 5206 3514 5281 qui
3527 5221 3662 5260 eum
3688 5220 3926 5281 argue-

2242 5283 2343 5338 bat
2375 5277 2527 5351 ἐμ]οά
2545 5296 2862 5351 purpuram
2879 5281 3127 5351 gesserit
3148 5285 3463 5350 antequam
3483 5277 3679 5332 Romae
3698 5278 3924 5351 susci-

2243 5347 2503 5434 peret—ur"
2532 5347 2717 5434 Hujus
2737 5347 3365 5434 .cominentiﬂprimu—s
3407 5347 3929 5434 auctornvidetur

2242 5419 2367 5478 esse
2416 5425 2547 5476 Otto
2605 5419 3017 5492 Frisingensis.
3074 5419 3216 5477 Vide
3279 5422 3471 5476 Vitam
3527 5437 3560 5474 a
3610 5419 3926 5478 Brunone

2243 5492 2534 5563 Signiensi
2567 5491 2868 5563 scriptam.

2321 5561 2428 5639 (29)
2471 5561 3155 5640 _Te_vero.ﬂuvips,hqui
3214 5581 3282 5623 ex
3335 5561 3640 5640 Apennino
3689 5566 3933 5622 monte

2249 5633 2438 5695 ﬂuens
2468 5635 2528 5696 in
2548 5633 2801 5694 Tiberim
2825 5633 3137 5695 delabitur.
