4102 6174
371 338 497 421 491,
717 366 722 374 -
1748 334 1810 394 s.
1858 331 2007 394 LEO

2173 324 2401 392 PAPA.
3664 328 3798 394 492.
3857 292 3861 294 ’

373 489 577 531 rumve
607 470 851 544 expendi
887 485 1051 540 usus,
1083 470 1185 526 sed
1216 474 1424 525 cuncta
1454 481 1776 540 pauperum
1809 463 2017 536 largie-
2048 468 2104 531 Α
2134 462 2278 519 stori
2309 461 2562 520 ecclesiae
2589 463 2773 535 gratis
2819 459 3180 518 concederet.
3229 461 3486 516 Incestas
3533 475 3781 515 consan-

378 563 554 620 batur
582 560 1050 617 necessitatibus.
1084 560 1239 616 Inter
1269 557 1488 613 multos
1537 571 1694 627 ergo,
1745 553 1845 624 qui
1897 553 2024 624 ejus
2132 551 2481 622 guineorum
2517 551 2774 623 nuptias,
2807 551 2866 606 in
2915 550 3115 606 multis
3161 549 3320 605 orbis
3379 546 3646 620 partibus
3687 547 3782 604 in—

381 651 717 707 ambiebant
746 649 1116 722 praesentiam
1149 647 1418 712 invisere,
1450 661 1548 700 rex
1586 641 2023 698 Danamarchiae
2134 639 2384 696 discrete
2405 639 2662 708 habitas,
2699 640 2957 706 discidit,
2989 639 3305 711 pluresque
3335 636 3626 693 nobilium
3675 636 3786 693 hoc

383 740 496 811 (33)
527 737 854 794 transmisit
899 737 984 792 illi
1033 752 1198 792 avem
1230 734 1542 806 psittacum
1575 733 1634 786 in
1668 747 1927 795 munere,
1966 729 2024 782 in
2135 729 2293 800 turpi
2342 729 2640 784 devinctos
2686 739 2834 783 nexu
2887 727 3194 800 separavit.
3240 725 3368 782 Alia
3397 741 3630 798 quoque
3661 742 3787 798 per-

383 844 500 899 quo
527 827 792 899 quaedam
823 825 1020 881 divina
1049 824 1320 895 apparuit
1347 819 1892 894 gratia,admirabili
1924 819 2029 872 vir-

384 921 528 972 tute.
562 915 837 982 Quamvis
866 915 1022 970 enim
1054 903 1320 984 quaedam
1347 927 1480 966 aves
1502 910 1761 964 humana
1781 909 2029 962 formare

383 1006 559 1060 verba
588 1003 816 1060 discant
846 1000 1130 1074 magistra
1157 999 1458 1066 fame,haec
1489 1004 1706 1065 tamen,
1734 1002 1798 1051 ut
1826 997 2030 1060 fertur,

386 1091 547 1148 nullo
577 1094 966 1163 cogente,toto
998 1090 1203 1144 itinere
1233 1089 1376 1143 dum
1408 1088 1478 1142 ad
1509 1087 1792 1142 domuum
1819 1101 2029 1155 papam

385 1181 726 1247 deferretur,
759 1179 837 1234 Ad
861 1196 1066 1251 papam
1092 1177 1249 1242 vado,
1278 1176 1613 1239 recinebat;
1641 1179 1696 1230 et
1727 1175 1950 1240 mox,ut
1979 1172 2031 1226 ei

388 1273 480 1324 est
507 1272 876 1341 praesentata,
917 1265 1150 1322 nemine
1199 1265 1460 1331 docente,
1514 1277 1651 1317 voce
1705 1259 2031 1326 dulcisona,

383 1374 530 1430 papa
575 1359 678 1412 Leo
725 1354 1100 1411 inclamabat.
1151 1353 1211 1409 Si
1243 1353 1478 1423 quando
1508 1351 1684 1406 etiam
1717 1351 1808 1405 hic
1840 1355 2038 1421 pastor

385 1444 779 1512 venerandus,
812 1442 1164 1499 exteriorum
1194 1438 1576 1512 dispositione
1599 1439 1874 1507 lassatus,
1911 1453 2038 1493 sese

389 1533 450 1590 in
481 1536 702 1590 secreto
733 1530 992 1586 conclavi
1024 1529 1434 1600 reciperet,aut
1463 1528 1608 1583 forte
1642 1527 1840 1582 nimiis
1878 1526 2038 1582 solli-

390 1621 674 1678 citudinis
702 1619 984 1676 afﬂictum
1015 1619 1142 1690 ejus
1172 1618 1436 1674 animum
1477 1617 1674 1689 aliqua
1705 1615 2040 1672 moestitudo

393 1713 664 1778 arctaret,
715 1709 838 1764 haec
887 1708 1010 1763 avis
1037 1707 1408 1778 aegritudinis
1439 1705 1598 1760 illius
1628 1704 1887 1761 levamen
1922 1705 2040 1761 fre-

393 1804 640 1870 quenter
687 1797 907 1862 aderat,
957 1800 1016 1851 et
1059 1794 1342 1850 concinne
1390 1810 1456 1849 ac
1485 1794 1690 1859 recisc,
1723 1810 1875 1866 papa
1904 1795 2037 1861 Leo,

395 1901 698 1952 resonans,
732 1885 910 1940 robur
942 1883 1156 1939 mentis
1187 1881 1272 1937 illi
1303 1881 1612 1938 excitabat.
1639 1883 1753 1938 Nec
1777 1882 2040 1938 videatur

396 1977 674 2048 cuiquam
706 1972 1162 2047 reprehensibile
1186 1972 1345 2027 hunc
1368 1972 1600 2043 justum
1633 1973 1690 2026 in
1725 1971 1814 2027 sui
1839 1988 2040 2027 conso-

397 2065 614 2122 latione
643 2063 821 2135 hujus
851 2063 973 2118 avis
997 2078 1171 2117 usum
1194 2060 1752 2128 modulatione,cum
1779 2061 2044 2132 legamus

401 2155 638 2211 beatum
670 2151 1063 2224 Augustinum
1096 2167 1200 2222 pro
1229 2150 1386 2205 exitu
1408 2167 1527 2205 sua:
1550 2150 1754 2205 matris
1777 2150 2043 2204 inconso-

403 2243 658 2300 labiliter
685 2238 1423 2306 lamentantem,musicam
1453 2237 1765 2292 melodiam
1797 2239 1868 2293 ad
1891 2237 2047 2294 leva-

405 2347 541 2386 men
555 2327 820 2384 mmroris
834 2325 946 2382 sibi
961 2326 1638 2396 adhibuisse,sanctumq
1648 2342 1718 2381 ue
1730 2331 1772 2380 A
1783 2327 2047 2382 ntonium

404 2416 582 2490 rigori
613 2414 941 2471 monastico
965 2413 1398 2487 aliquantulum
1443 2414 1849 2470 oblectamenti
1894 2419 2048 2470 certo

403 2509 666 2578 tempore
696 2503 1074 2560 concessisse.

477 2595 767 2660 Quantam
787 2595 986 2647 autem
1015 2590 1312 2648 solertiam
1343 2592 1402 2646 in
1424 2589 1710 2646 catholica
1738 2590 1861 2663 lege
1915 2608 2050 2647 con-

409 2682 694 2740 servanda
723 2679 1143 2748 adhibuerit,in
1167 2681 1354 2752 primo
1373 2681 1632 2735 Romano
1655 2681 1898 2736 concilio
1915 2681 2050 2752 (3t),

410 2771 567 2845 quod
615 2769 818 2826 multis
863 2769 1155 2840 episcopis
1202 2769 1638 2824 considentibus
1695 2769 1921 2838 habuit,
1955 2770 2052 2825 de-

411 2859 762 2918 monstravit
785 2876 800 2927 ;
834 2858 933 2913 ubi
956 2862 1175 2913 statuta
1195 2861 1447 2929 quatuor
1468 2859 1822 2930 synodorum
1845 2858 2056 2930 princi-

413 2944 638 3022 palium
668 2947 796 3004 viva
822 2962 960 3003 voce
992 2946 1758 3018 corroboravit,decretaque
1788 2947 2054 3004 omnium

415 3038 853 3097 antecessorum
902 3051 1145 3091 suorum
1191 3035 1534 3106 pontiﬁcum
1566 3036 1818 3090 tenenda
1846 3037 2056 3092 conﬁr-

415 3127 626 3196 mavit;
658 3125 1052 3183 Simoniacam
1081 3124 1259 3180 etiam
1281 3124 1550 3182 haeresim
1573 3125 1892 3193 damnavit,
1929 3143 2055 3197 quae

407 3217 534 3290 jam
557 3213 873 3272 nonnullas
903 3213 1107 3270 mundi
1137 3217 1332 3285 partes
1362 3202 1734 3279 invaserat,et
1764 3213 1823 3269 in
1851 3195 2054 3271 eodem
2087 3195 2129 3262 (ἶ

413 3303 658 3362 concilio
679 3303 968 3375 quosdam
983 3302 1254 3373 deposuit
1275 3302 1756 3374 episcopos,quos
1785 3303 2060 3374 praedicta

413 3392 654 3449 haeresis
707 3407 867 3446 naevo
905 3407 1023 3445 sua:
1071 3389 1340 3459 nequitiae
1390 3389 1797 3446 maculaverat.
1849 3391 1911 3445 In
1943 3409 2058 3462 quo

413 3478 658 3535 concilio
687 3478 829 3550 quid
860 3475 1190 3547 contigerit,
1225 3492 1338 3531 non
1370 3477 1640 3548 congruit
1669 3479 1929 3544 reticere,
1957 3480 2057 3535 ubi

412 3566 681 3622 Christus
710 3564 1115 3636 auctoritatem
1147 3565 1275 3634 ejus
1319 3581 1427 3618 sua
1446 3564 1722 3634 dignatus
1753 3571 1844 3621 est
1869 3568 2058 3638 gratia

373 3689 379 3699 -
413 3654 858 3712 roborare.Nam
881 3653 1193 3725 episcopus
1215 3652 1326 3723 (35)
1342 3653 1412 3707 de
1425 3653 1618 3708 Sutrio
1632 3670 1764 3708 rcus
1787 3655 2054 3724 ejusdem

411 3745 596 3818 culpas
627 3747 956 3808 accusatus,
987 3739 1170 3798 voluit
1197 3741 1414 3812 injuste
1441 3758 1502 3797 se
1545 3758 1838 3811 excusare,
1892 3743 2056 3802 falsis

411 3833 656 3908 prolatis
683 3831 970 3898 testibus;
1031 3830 1155 3898 sed,
1215 3835 1559 3901 peracturus
1605 3831 2051 3902 jusjurandum,

411 3927 650 3994 repente
692 3924 783 3977 est
829 3917 1111 3974 divinitus
1159 3918 1487 3990 perculsus,
1517 3924 1594 3986 et,
1639 3918 1791 3975 inter
1841 3939 2054 3980 manus

411 4012 746 4081 exportatus
777 4024 894 4062 non
925 4008 1098 4079 longo
1131 4015 1260 4079 post
1291 4015 1549 4080 tempore
1572 4007 1844 4064 humanis
1877 4012 2053 4068 rebus

411 4102 502 4154 est
539 4095 1104 4166 exemptus.Cunctis
1136 4095 1244 4152 hoc
1283 4097 1661 4153 audientibus
1711 4099 1932 4155 nimius
1963 4101 2050 4156 in-

410 4186 631 4242 cutitur
657 4184 932 4252 timor,ne
961 4199 1138 4254 quem
1169 4184 1228 4238 in
1259 4185 1387 4255 ejus
1408 4187 1717 4257 praesentia
1738 4188 1810 4243 ad
1834 4187 2050 4245 falsum

399 4272 696 4346 judicium
725 4271 1022 4328 humanus
1053 4271 1376 4344 impelleret
1403 4275 1882 4345 pudor.Decimas
1913 4294 2053 4349 quo-

407 4378 519 4434 que
574 4379 609 4419 a
662 4360 888 4416 cunctis
944 4361 1169 4417 dandas
1223 4361 1592 4431 Christianis,
1645 4380 1893 4435 quarum
1947 4384 2051 4423 nec

405 4451 626 4508 mentio
676 4453 799 4506 erat
845 4449 1002 4522 apud
1051 4447 1325 4522 Apuliam
1357 4454 1415 4505 et
1443 4467 1543 4520 per
1573 4453 1857 4522 quosdam
1889 4456 2048 4511 orbis

2138 817 2310 889 plura
2336 833 2628 872 canonum
2661 815 2919 889 capitula
2947 816 3175 872 studuit
3206 831 3502 882 renovare,
3535 831 3682 886 quae,
3715 830 3788 868 ne

2138 905 2439 960 fastidium
2469 907 2733 978 gignant,
2767 905 2863 960 hic
2895 904 3335 976 supersedimus
3372 904 3634 959 recitare.
3685 903 3788 958 His

2139 994 2358 1049 sanctis
2389 995 2676 1050 insudans
2707 993 2940 1058 studiis,
2971 993 3275 1064 antiquam
3308 993 3514 1064 repetit
3535 992 3786 1065 patriam

2141 1083 2576 1156 suscipiturque
2633 1101 2666 1138 a
2723 1083 2902 1138 totius
2959 1083 3151 1154 gentis
3211 1081 3578 1137 nobilissimo
3609 1085 3788 1152 atque

2141 1171 2625 1227 reverendissimo
2659 1171 3094 1242 archiepiscopo
3127 1170 3483 1226 Herimanno
3505 1171 3661 1242 apud
3682 1169 3787 1225 Co-

2142 1260 2383 1316 Ioniam.
2429 1260 2611 1331 Cujus
2651 1260 2836 1332 petitu
2890 1260 3182 1315 concessit
3211 1260 3464 1314 domnus
3499 1277 3652 1331 papa
3681 1259 3790 1314 hoc

2146 1349 2515 1422 privilegium
2548 1350 2671 1405 sedi
2704 1347 2972 1405 Ecclesia:
2997 1347 3380 1416 Coloniensis,
3416 1353 3478 1403 ut
3508 1348 3581 1403 ad
3611 1348 3792 1405 altare

2147 1438 2334 1494 sancti
2357 1437 2531 1504 Petri,
2565 1443 2788 1509 septem
2821 1437 3155 1509 praasbyteri
3178 1435 3506 1492 cardinales
3532 1437 3793 1508 quotidie

2147 1527 2414 1582 divinum
2445 1527 2804 1582 celebrarent
2831 1524 3091 1580 cilicium
3124 1525 3183 1580 in
3215 1524 3516 1580 sandaliis.
3561 1525 3793 1582 Deditei

2149 1631 2384 1687 quoque
2427 1615 2687 1671 ofﬁcium
2737 1614 3067 1670 cancellarii
3115 1615 3228 1685 (36)
3271 1619 3485 1670 sancte
3518 1614 3795 1671 Romanis

2151 1705 2579 1775 sedis,ejusque
2609 1702 3343 1770 successoribus,tribuens
3374 1700 3458 1757 illi
3489 1702 3794 1759 ecclesiam

2152 1794 2339 1849 sancti
2369 1792 2613 1848 Joannis
2644 1797 2777 1848 ante
2811 1798 3037 1864 portam
3069 1791 3359 1847 Latinam.

2220 1883 2368 1936 Hinc
2426 1880 2706 1936 invitatur
2761 1883 2834 1936 ab
2891 1881 3194 1936 Herimaro
3244 1881 3453 1937 abbate
3481 1882 3796 1938 venerandi

2150 1970 2399 2026 coenobii
2447 1971 2642 2025 Sancti
2691 1969 2964 2040 Remigii,
3015 1970 3332 2025 Remorum
3377 1971 3685 2041 pontiﬁcis,
3718 1973 3794 2025 ad

2152 2060 2606 2116 consecrandam
2640 2059 2752 2130 (37)
2783 2059 3090 2114 ecclesiam
3109 2059 3165 2112 in
3189 2060 3314 2128 ejus
3337 2058 3552 2114 honore
3573 2065 3796 2114 restru-

2153 2154 2308 2204 ctam
2339 2166 2352 2215 ;
2385 2148 2484 2202 ubi
2519 2166 2631 2203 non
2663 2153 2752 2202 est
2785 2147 2946 2202 dictu
2979 2147 3147 2202 facile
3178 2153 3401 2219 quanta
3431 2146 3746 2204 multitudo
3767 2166 3802 2204 a

2155 2238 2374 2293 ﬁnibus
2405 2242 2588 2303 terrae,
2625 2237 3038 2308 Hispanorum,
3073 2236 3513 2302 Britannorum,
3552 2237 3801 2294 Franco-

2157 2344 2311 2393 rum,
2344 2328 2671 2392 Scotorum,
2713 2324 3031 2396 Anglorum
3062 2325 3359 2381 advenerit
3396 2327 3522 2397 ejus
3557 2327 3804 2384 invisere

2157 2414 2619 2487 presentiamJn
2654 2431 2770 2485 qua
2799 2413 3105 2486 praesentia
3133 2414 3321 2469 adfuit
3347 2415 3524 2470 etiam
3545 2432 3660 2471 non
3684 2433 3806 2472 mo-

2159 2505 2327 2559 dicus
2348 2509 2531 2558 coetus
2560 2503 2927 2573 pontificum,
2958 2519 3092 2557 cum
3132 2502 3348 2573 quibus
3372 2503 3605 2558 advenit
3637 2521 3806 2560 vene-

2159 2593 2382 2648 randus
2411 2591 3026 2663 Chrysopolitanorum
3059 2593 3146 2661 [i.,
3200 2591 3562 2662 Bisuntinus]
3612 2593 3803 2649 archi-

2161 2680 2372 2753 presul
2431 2685 2618 2751 llugo,
2680 2685 2792 2735 Deo
2849 2685 2908 2734 et
2964 2679 3302 2734 hominibus
3350 2681 3642 2752 amabilis,
3687 2699 3807 2754 pra;

2161 2769 2388 2826 cunctis
2432 2770 2708 2840 jucunda:
2737 2769 3080 2840 eloquentia:
3112 2773 3169 2823 et
3196 2769 3593 2838 afl'abilitatis;
3626 2772 3720 2826 cui
3743 2773 3804 2827 in

2164 2860 2541 2916 restituendis
2589 2876 2706 2913 suae
2757 2861 2930 2912 rebus
2976 2855 3228 2912 ecclesiae
3278 2873 3450 2913 nemo
3480 2859 3807 2931 praedeces-

2165 2965 2365 3004 sorum
2398 2955 2499 3002 aut
2529 2962 2939 3001 successorum
2969 2950 3058 3000 est
3077 2946 3530 3017 comparandus,
3585 2947 3643 3002 in
3691 2965 3810 3020 quo

2165 3037 2379 3092 Christi
2411 3042 2550 3091 tunc
2577 3033 2847 3106 apparuit
2877 3035 3058 3089 virtus
3090 3033 3475 3091 admirabilis.
3512 3035 3658 3092 Nam
3680 3037 3808 3110 glo-

2168 3127 2360 3182 riosus
2417 3123 2794 3196 apostolicus,
2852 3121 3070 3177 ibidem
3127 3121 3328 3178 habito
3397 3124 3809 3197 episcoporum

2167 3214 2434 3285 concilio,
2468 3212 2754 3285 quosdam
2786 3211 3118 3266 Simoniaca
3143 3211 3386 3267 infectos
3439 3213 3644 3270 hairesi
3707 3215 3814 3271 de-

2169 3305 2365 3376 posuit
2393 3304 2464 3358 ab
2497 3302 2714 3373 injuste
2744 3304 3012 3371 suscepto
3039 3299 3250 3355 ofﬁcio.
3287 3302 3442 3356 lnter
3461 3318 3610 3373 quos
3640 3307 3814 3376 Hugo

2169 3391 2556 3466 Lingonensis
2580 3389 2909 3461 episcopus,
2933 3387 3135 3444 multis
3165 3405 3231 3444 ac
3253 3388 3630 3446 horribilibus
3657 3391 3818 3448 infa-

2167 3488 2362 3537 matus
2417 3479 2909 3545 accusationibus,
2954 3481 3042 3533 est
3079 3481 3317 3533 vocatus
3349 3477 3423 3532 ad
3452 3479 3816 3536 reddendam

2165 3570 2472 3626 rationem.
2504 3568 2728 3637 Quique
2748 3566 3090 3639 praedictum
3137 3565 3608 3638 archipraesulem
3635 3567 3820 3642 Chry-

2165 3659 2647 3730 sopolitanorum,
2683 3661 2882 3726 utpote
2909 3653 3601 3726 elaquentissimum,sibi
3631 3673 3818 3729 expe-

2164 3747 2258 3803 tiit
2287 3746 2650 3803 causidicum
2682 3762 2748 3799 ac
2778 3742 3351 3816 praelocutoremJIic
3375 3745 3557 3818 igitur
3576 3750 3818 3803 coactus

2165 3853 2200 3892 a
2224 3835 2461 3891 domino
2494 3833 2832 3905 apostolico,
2866 3831 3022 3888 illius
3053 3833 3310 3905 suscepit
3339 3851 3574 3890 causam
3613 3835 3821 3891 dicen-

2164 3925 2432 3992 dam,sed
2463 3930 2698 3994 repente
2725 3922 3022 3976 obmutuit
3041 3925 3178 3977 ante
3199 3927 3539 3978 cunctorum
3565 3939 3820 3994 praesen-

2162 4015 2330 4082 tiam,
2363 4017 2424 4068 ut
2455 4013 2709 4083 profecto
2741 4014 3062 4082 patesceret
3097 4010 3281 4066 Deum
3334 4011 3596 4067 noluisse
3648 4011 3822 4068 falsis

2161 4101 2640 4158 excusationibus
2672 4115 2936 4154 verorum
2963 4099 3276 4155 criminum
3320 4100 3465 4155 tanti
3517 4101 3819 4172 pontiﬁcis

2158 4191 2455 4263 inquinari
2486 4189 2766 4260 linguam.
2804 4187 3186 4259 Lingonensis
3236 4188 3416 4260 igitur
3456 4192 3646 4261 Hugo,
3699 4189 3818 4245 hoc

2160 4279 2442 4336 miraculo
2472 4277 2802 4345 exterritus,
2837 4280 3034 4344 noctu,
3057 4276 3354 4346 judicium
3407 4277 3638 4333 concilii
3686 4295 3816 4334 me-

2158 4373 2352 4436 tuens,
2386 4365 2632 4438 aufugit.
2669 4365 2732 4420 ln
2763 4364 3087 4421 crastinum
3118 4382 3252 4422 vero
3284 4366 3343 4420 in
3375 4366 3597 4438 synodo
3649 4365 3813 4422 idem

2155 4457 2466 4530 episcOpus
2497 4454 2838 4526 requisitas,
2871 4460 2929 4510 et
2956 4470 3071 4509 non
3105 4454 3309 4511 adesse
3339 4460 3626 4528 repertus,
3658 4453 3819 4511 lecta

405 4539 575 4607 ﬁnes,
605 4537 865 4595 ecclesiis
897 4538 1192 4604 restituit;
1224 4538 1585 4594 venditiones
1618 4539 1889 4597 altarium
1937 4544 2048 4599 sub
2079 4561 2126 4625 D
2158 4544 2466 4613 sententia,
2499 4543 2671 4600 tertio
2703 4547 2940 4599 vocatus
2969 4548 3059 4599 est
3085 4544 3260 4615 litem.
3294 4543 3440 4612 ade.,
3472 4549 3531 4599 et
3577 4559 3822 4599 excom-

403 4628 775 4684 anathemate
805 4625 1108 4699 prohibuit
1134 4644 1148 4695 ;
1182 4627 1283 4683 sed
1317 4628 1620 4684 constituit
1651 4635 1714 4684 ut
1743 4635 1936 4701 partes
1957 4632 2052 4688 de-

403 4718 690 4772 cimarum
724 4717 796 4772 ad
829 4715 1170 4788 episcopum
1219 4716 1596 4788 pertinentes,
1648 4724 1750 4774 aut
1799 4720 2048 4792 quisque

402 4805 613 4876 prmsul
644 4804 757 4859 sibi
789 4808 1137 4868 teneret,aut
1165 4805 1515 4876 cuicumque
1545 4806 1716 4862 vellet
1744 4807 2045 4877 tribueret;

400 4896 627 4964 partem
677 4896 872 4947 autem
930 4891 1002 4946 ad
1047 4891 1228 4948 altare
1258 4894 1641 4964 pertinentem
1675 4897 1908 4968 proprio
1941 4915 2048 4970 pa-

471 5033 600 5105 (33)
627 5032 836 5105 Codex
869 5032 1220 5105 Remigium,
1285 5037 1655 5104 Dalmarcizr;
1691 5038 1792 5091 cod
1826 5042 1880 5093 Ξ.
1920 5039 2044 5093 Ma-

471 5049 585 5105 (δδ)
627 5049 814 5087 uoaex
870 5049 1220 5158 nauigium,
1285 5049 1655 5104 ualmarczzv;
1691 5049 1792 5091 cod
1826 5049 1880 5093 μ.
1923 5049 2044 5093 Ma-

398 5103 604 5186 ximini
635 5103 790 5186 apud
824 5103 1037 5186 Bollanﬁ
1074 5147 1098 5186 ,_
1124 5109 1188 5160 ut
1217 5107 1558 5186 etJoannes
1589 5109 1659 5164 de
1693 5110 1903 5182 Bayon,
1923 5113 2046 5165 Dal-

395 5179 622 5244 matiae;
656 5175 807 5232 alius
837 5176 964 5230 cod.
998 5176 1356 5234 Dalmachize.

467 5247 580 5331 (34)
607 5245 694 5332 De
715 5245 895 5318 hujus
922 5247 1398 5332 synodi‘decre'tjs
1419 5250 1752 5332 agitPetrtis
1775 5252 2041 5332 Damiani

396 5317 735 5390 in'epistola
764 5317 864 5374 seu
898 5318 1181 5390 opusculo
1213 5320 1282 5374 ad
1313 5317 1620 5376 Henricum
1647 5323 2039 5380 Ravennatem

395 5389 919 5460 archiepiscopum.
946 5389 951 5390 “
1248 5459 1257 5460 7
1446 5418 1450 5422 ~

467 5459 580 5535 (35)
614 5459 777 5535 Hunc
810 5461 1067 5535 Kilinum
1099 5459 1351 5535 appellat
1373 5461 1776 5535 Ii‘erdinandns
1825 5463 2041 5535 Ughel-

395 5526 704 5662 ὲῗὲὖὲοωο
735 5531 755 5588 l
786 5531 964 5589 Italia
995 5526 1204 5604 Sacr—te,
1231 5532 1332 5592 ubi
1354 5531 1424 5590 de
1455 5533 1746 5610 episcopis
1779 5526 2042 5597 Satricu-

386 5615 580 5662 sinus.

2159 4632 2538 4702 municatus].
2568 4632 2732 4686 Tunc
2761 4630 3238 4688 Vesontionensis
3268 4631 3579 4704 episcOpus
3605 4648 3815 4687 surre-

2156 4723 2259 4789 xit,
2283 4727 2340 4777 et
2369 4720 2660 4792 quomodo
2690 4719 2962 4774 eumdem
2993 4735 3158 4774 reum
3191 4724 3435 4776 conatus
3475 4718 3817 4787 defendere,

2155 4811 2734 4874 obmutuerit,coram
2766 4807 3040 4862 omnibus
3062 4808 3351 4878 patefecit.
3372 4808 3533 4874 Quod
3556 4807 3818 4864 audiens

2155 4900 2408 4955 domnus
2443 4912 2614 4969 uapa,
2647 4894 2754 4951 hoc
2786 4895 3138 4953 miraculum
3171 4897 3402 4953 meritis
3429 4896 3581 4952 beati
3612 4896 3815 4951 Remi-

2225 5041 2337 5108 (36)
2378 5039 2746 5094 llermannus
2769 5039 3261 5094 archicanccllarii
3294 5055 3536 5094 munere
3565 5039 3816 5095 functus

2153 5111 2368 5182 legitur
2396 5114 2453 5166 in
2487 5111 2731 5182 epistola
2762 5111 2914 5164 beati
2947 5112 3154 5165 Leonis
3185 5113 3253 5164 ad
3293 5112 3578 5166 Joannem
3615 5109 3815 5182 Saler-

2153 5180 2444 5254 nitanum,
2505 5180 2631 5253 quae
2691 5183 2829 5236 data
2887 5181 3114 5254 dicitur
3156 5199 3263 5254 per
3301 5198 3573 5254 manum
3605 5180 3813 5237 Fride-

2153 5252 2254 5325 rici
2289 5295 2301 5308 .
2383 5293 2396 5306 .
2526 5251 2585 5325 χ.
2638 5291 2682 5325 _.
2716 5256 2773 5306 et
2801 5252 3120 5325 Hermanini
3151 5251 3665 5325 archiepiscopiget
3708 5269 3816 5325 ar-

2152 5321 2600 5378 chicancellarii.
2638 5323 2820 5377 Extat.
2854 5327 2997 5377 tom.
3025 5324 3093 5378 IX
3113 5321 3818 5381 Concilidrumeditionis

2153 5396 2492 5450 Labbeansz.

2223 5465 2333 5539 (3’7)
2366 5465 2551 5539 Hujus
2581 5463 2966 5539 dedicationis
2997 5465 3300 5522 historiam
3333 5465 3607 5539 superius
3636 5465 3814 5522 exhi-

2149 5535 2388 5597 buimus
2418 5537 2491 5595 ad
2522 5550 2743 5594 annum
2781 5537 2934 5607 1049,
2968 5553 3085 5614 quo
3115 5543 3351 5613 peracta
3382 5535 3491 5601 est.
