4102 6174
200 290 325 352 I93.

1123 280 1457 347 PROLEG.
1489 315 1569 332 —
1596 286 1780 347 VITA
1830 286 1895 347 S.
1942 287 2255 350 LEONIS.
2287 321 2365 335 —
2393 290 2566 350 LIB.-
2588 288 2666 351 ΙΙ.

3475 298 3593 361 494
3612 363 3622 375 ,

198 424 268 497 gii
294 417 593 493 ascripsit,
622 421 681 474 et
709 433 842 474 cum
865 415 1143 480 omnibus
1164 416 1265 488 qui
1297 417 1539 471 aderant
1568 433 1838 490 surgens,
1868 420 1925 485 Α
1952 419 2182 490 plebem
2201 421 2272 475 de
2303 436 2410 475 sua
2427 420 2652 476 diutina
2671 421 2939 476 absentia
2954 426 3223 495 moestam
3244 424 3591 498 laetiﬁcavit;

197 512 412 587 gratias
459 513 594 573 Deo,
648 506 786 562 inde
841 506 1057 562 domno
1120 508 1323 561 sancto
1382 505 1645 577 Remigio
1703 524 1835 563 cum

196 616 398 674 magno
432 596 747 671 psallentio
780 594 1442 650 reddidit.Postmodum
1467 598 1660 649 tamen
1693 613 1837 667 prae-

192 692 340 747 fatus
397 688 708 761 episcopus
760 682 1171 756 Lingonensis,
1204 682 1397 737 divino
1445 684 1840 740 commonitus

191 776 564 841 instinctu,ad
602 775 889 831 domuum
923 772 1097 827 rediit
1129 787 1362 843 papam,
1389 774 1445 825 et
1474 787 1608 826 cum
1634 771 1836 843 ingen-

190 869 337 925 tibus
368 864 648 937 lacrymis
679 860 913 935 publice
949 859 1197 915 crimina
1229 859 1557 929 confessus,
1599 866 1837 933 sponta-

191 974 349 1013 neam
383 952 648 1024 suscepit
676 949 1105 1022 pmnitentiam,
1140 952 1197 1003 et
1228 948 1473 1003 Romam
1514 949 1688 1005 nudis
1733 966 1838 1004 va-

191 1048 323 1102 dens
355 1043 633 1117 pedibus,
667 1041 738 1096 ab
779 1039 983 1095 eodem
1015 1040 1215 1094 nostro
1266 1037 1362 1108 pio
1419 1042 1651 1108 pastore
1704 1056 1834 1110 pro-

190 1134 396 1195 meruit
427 1129 884 1188 absolutionem.
918 1128 987 1182 Et
1016 1126 1076 1182 in
1110 1126 1427 1195 redeundo,
1461 1126 1638 1183 nimis
1698 1129 1836 1184 affe-

188 1229 300 1279 ctus
343 1221 600 1294 jejuniis
648 1217 1027 1290 corporisque
1079 1215 1492 1284 maceratione,
1557 1217 1615 1271 in
1683 1217 1837 1273 bona

188 1309 614 1385 perseverantia
633 1307 813 1363 vitam
847 1304 1083 1377 reliquit
1111 1310 1454 1376 praesentem
1476 1307 1608 1378 (38).

244 1401 307 1455 V.
373 1397 688 1455 Concilium
759 1395 1077 1465 Maguntia’.
1138 1398 1240 1449 Leo
1280 1395 1472 1465 Augiw
1532 1394 1836 1452 daemonia-

184 1507 293 1545 cum
318 1489 543 1545 liberat.
576 1518 645 1526 —
680 1484 817 1540 Inde
848 1499 953 1555 per
1000 1483 1214 1538 urbum
1264 1484 1832 1539 Mediomatricorum

185 1594 469 1646 remeans,
502 1574 688 1649 petitu
720 1570 1073 1628 venerabilis
1103 1571 1333 1626 abbatis
1355 1572 1615 1640 Guarini,
1639 1590 1837 1630 conse-

185 1665 606 1724 cravitibidem
637 1661 825 1718 sancti
877 1660 1173 1733 pontiﬁcis
1222 1660 1446 1716 Arnulﬁ
1503 1661 1832 1729 basilicam,

183 1756 400 1828 ibique,
436 1756 703 1810 exoratus
729 1766 762 1805 a
790 1750 1004 1805 domno
1036 1748 1319 1820 Sigifrido
1359 1749 1472 1821 (49)
1535 1749 1830 1808 Gorziensi

190 1846 413 1911 abbate,
458 1839 869 1914 composuitin
901 1838 1269 1894 veneratione
1298 1837 1533 1911 gloriosi
1565 1840 1837 1913 martyris

191 1931 455 2006 Gargonii
479 1927 918 1986 nocturnalium
941 1926 1444 1998 responsoriorum
1469 1927 1832 1985 dulcisonam

190 2021 498 2077 m‘elodiam
511 2018 676 2074 .Hinc
693 2013 965 2090 generale
982 2015 1136 2089 apud
1150 2015 1509 2087 Maguntiam
1522 2016 1835 2074 concilium

188 2110 398 2175 habuit,
434 2110 498 2164 in
534 2124 651 2180 quo
682 2104 979 2178 Spirensis
1014 2102 1228 2176 praesul
1270 2103 1507 2161 Sibicho
1553 2106 1685 2177 (40),
1721 2107 1831 2162 cri-

184 2198 366 2254 minali
393 2202 562 2254 reatu
591 2193 1117 2263 accusatus,voluit
1148 2210 1210 2249 se
1232 2208 1556 2266 expurgare
1577 2196 1828 2252 terriﬁco

186 2291 556 2344 sacramento
612 2283 902 2341 Dominici
961 2281 1260 2354 corporis;
1314 2283 1436 2350 sed,
1497 2288 1563 2339 ut
1630 2286 1828 2352 fertur,

183 2376 403 2432 maxilla
455 2376 591 2447 ejus
650 2372 867 2428 mansit
938 2374 1200 2427 contorta
1257 2371 1530 2444 paralysi,
1565 2374 1825 2444 quandiu

182 2464 471 2539 praesentis
498 2464 633 2519 vitae
665 2461 921 2534 spatium
956 2461 1140 2516 duxit.
1174 2461 1338 2525 Quod
1367 2460 1497 2517 ideo
1546 2460 1642 2517 hic
1700 2464 1827 2519 bre-

1950 508 2046 561 uhi
2078 525 2333 581 superna
2359 508 2546 580 gratia
2568 510 2697 579 ejus
2719 510 2986 566 mirabile
3006 511 3284 569 meritum
3316 516 3592 573 omnibus

1949 596 2284 668 publicavit.
2320 597 2621 669 Siquidem
2657 598 2966 669 praedictus
3024 600 3365 659 Herimarus
3414 604 3595 662 abbas

1948 686 2192 741 coenobii
2241 686 2427 742 sancti
2487 687 2734 760 Remigii
2784 687 3101 745 Remorum
3160 691 3485 763 pontiﬁcis,
3545 692 3597 748 ei

1948 775 2264 845 quemdam
2285 774 2573 847 scyphum
2597 775 2832 848 pretiosi
2855 779 3101 834 mazeris
3126 780 3236 852 (42)
3262 781 3333 837 ob
3366 781 3459 837 sui
3481 794 3599 837 me-
3624 844 3631 861 ι

1949 863 2195 918 moriam
2231 864 2543 932 obtulerat,
2565 880 2739 936 quem
2769 865 2859 920 vir
2889 872 3130 924 sanctus
3152 885 3256 941 pro
3314 870 3599 939 charitate

1948 953 2145 1008 dantis
2163 952 2221 1007 in
2240 953 2510 1025 proprios
2534 971 2677 1009 usus
2699 955 2809 1010 sibi
2833 956 3047 1012 servari
3072 959 3595 1016 constituerat.Sed

1949 1041 2204 1113 quadam
2226 1042 2348 1097 vice
2380 1042 2667 1111 minister,
2699 1044 2748 1100 ei
2782 1049 2986 1116 potum
3019 1047 3351 1116 daturus,in
3376 1048 3594 1104 multas

1946 1134 2141 1202 partes
2173 1146 2311 1186 casu
2336 1132 2697 1187 confractum
2728 1139 3040 1205 repererat.
3066 1136 3246 1207 Cujus
3276 1136 3594 1209 particulas

1946 1218 2165 1274 electus
2200 1219 2432 1275 Domini
2457 1237 2809 1293 quocunque
2828 1229 2996 1278 erant
3023 1224 3135 1279 sibi
3160 1226 3368 1280 deferri
3387 1242 3596 1297 praece-

1946 1308 2031 1380 pit
2059 1313 2115 1364 ct
2146 1308 2295 1362 nihil
2326 1308 2442 1364 tale
2473 1310 2736 1365 futurum
2781 1311 3136 1383 suspicatus,
3182 1317 3425 1369 cunctas
3483 1330 3591 1370 suo

1944 1396 2072 1453 loco
2103 1397 2275 1468 quasi
2308 1397 2646 1454 delectando
2668 1400 3407 1474 reposuit,astantibusque
3434 1400 3594 1457 laeta-

1945 1487 2182 1541 bundus
2200 1485 2381 1541 dixit:
2408 1486 2622 1543 Potens
2653 1492 2742 1543 est
2766 1488 3193 1560 Omnipotentis
3225 1490 3505 1562 majestas
3533 1490 3594 1545 in

1944 1573 2254 1646 pristinam
2304 1574 2701 1647 integritatem
2750 1576 2859 1632 has
2914 1578 3220 1635 restituere
3278 1579 3591 1636 fracturae.

1945 1664 2069 1728 Quo
2105 1663 2555 1733 dicto,protinus
2587 1664 2959 1721 consolidataa
2998 1671 3138 1722 sunt
3165 1672 3382 1740 partes,
3413 1668 3494 1724 ita
3523 1671 3591 1724 ut

1945 1752 2016 1807 ad
2049 1750 2391 1806 memoriam
2424 1751 2559 1806 facti
2590 1752 2827 1823 signum
2861 1753 3126 1809 fractura:
3157 1756 3229 1810 ad
3262 1757 3450 1812 instar
3479 1756 3592 1811 sub

1945 1839 2204 1897 tilissimi
2230 1838 2426 1910 capilli
2447 1840 2907 1912 circumquaque
2928 1848 3233 1913 appareret
3256 1868 3270 1913 ;
3303 1843 3589 1915 sed,quod

1945 1929 2135 2002 magis
2167 1929 2384 1985 mirum
2417 1933 2563 1995 erat,
2601 1928 2681 1983 nil
2714 1929 2869 1985 intra
2898 1930 3072 2002 positi
3109 1930 3356 2003 liquoris
3386 1931 3586 1987 efﬂue-

1943 2022 2048 2075 ret.
2086 2019 2272 2089 llujus
2294 2017 2375 2073 rei
2408 2018 2574 2073 adest
2614 2016 2783 2073 testis
2839 2034 3156 2091 congruus,
3216 2020 3587 2076 venerandus

1941 2108 2106 2181 Hugo
2129 2108 2256 2179 jam
2287 2106 2480 2162 dictus
2510 2105 2933 2179 Chrysepoleos
2966 2108 3463 2182 archiepiscopus,
3487 2108 3588 2182 qui

1940 2213 2073 2253 cum
2105 2195 2379 2269 lacrymis
2411 2213 2471 2252 se
2501 2198 2848 2268 praesentem
2891 2197 3155 2254 adfuisse
3201 2201 3474 2266 testatur,
3530 2203 3588 2255 et

1938 2287 2140 2342 devoto
2164 2286 2316 2341 furto
2339 2301 2401 2341 se
2418 2284 2563 2340 illud
2596 2301 2699 2340 vas
2720 2288 2922 2341 sancto
2949 2284 3072 2341 viro
3092 2285 3409 2343 abstulisse
3427 2286 3585 2343 laeta-

1938 2380 2053 2430 tur.
2088 2376 2329 2447 Semper
2359 2377 2553 2430 autem
2600 2389 2825 2429 memor
2854 2373 3029 2430 ofﬁcii
3064 2374 3175 2430 sibi
3207 2392 3242 2430 a
3280 2375 3398 2432 Deo
3427 2392 3586 2432 com-

1938 2464 2125 2531 missi,
2160 2468 2225 2519 ut
2256 2487 2283 2513 «
2319 2462 2507 2535 ﬁdelis
2540 2479 2742 2519 servus
2772 2466 2829 2518 et
2886 2464 3147 2535 prudens
3206 2464 3267 2519 in
3323 2468 3588 2539 tempore

180 2554 308 2613 vitor
349 2552 515 2610 volui
572 2551 878 2615 adnotare,
935 2554 999 2605 ut
1049 2548 1429 2606 audientibus
1473 2550 1575 2604 ﬁat
1622 2556 1826 2607 notum
1936 2552 2284 2625 dispensans
2340 2568 2617 2608 mensura
2673 2552 2940 2625 tritici,»
2973 2552 3085 2609 iter
3141 2554 3401 2627 sumpsit
3455 2570 3588 2626 per-

181 2659 339 2715 quam
369 2639 657 2699 horribile
696 2640 775 2695 sit
817 2639 997 2694 etiam
1055 2654 1266 2694 secura
1320 2639 1677 2696 conscientia
1724 2640 1828 2696 hu-
1936 2649 2250 2716 agraturus
2282 2642 2428 2698 ﬁnes
2457 2640 2701 2714 Apuliae,
2733 2645 2799 2696 ut
2834 2641 3228 2698 Christianam
3289 2645 3588 2713 repararet

174 2731 434 2801 jusmodi
458 2730 761 2803 judicium
795 2728 974 2791 adire,
1016 2743 1181 2783 sacra
1238 2727 1465 2783 dicente
1490 2727 1786 2800 Scriptura
1814 2747 1826 2784 :
1936 2731 2299 2804 religionem,
2330 2747 2455 2803 qua:
2486 2730 2704 2785 ibidem
2724 2729 3033 2785 videbatur
3063 2746 3210 2801 pene
3264 2729 3582 2803 deperisse,

176 2820 501 2876 Horrendum
532 2829 613 2875 est
653 2816 903 2873 incidere
931 2818 993 2871 in
1020 2832 1218 2871 manus
1248 2817 1346 2871 Dei
1372 2818 1604 2872 virentis
1642 2818 1821 2888 (Hebr.
1933 2820 2477 2893 maximequeinter
2512 2818 2738 2874 accolas
2796 2818 3052 2890 regionis
3099 2823 3157 2874 et
3210 2821 3582 2875 Normannos

175 2925 225 2974 χ,
251 2910 359 2980 31).
384 2910 639 2965 Demum
673 2907 930 2964 domnus
962 2922 1116 2978 papa
1150 2905 1308 2977 apud
1352 2906 1599 2978 Augiam
1622 2907 1732 2979 (41)
1764 2908 1823 2962 in
1932 2910 2303 2965 concordiam
2334 2922 2680 2980 componere
2697 2910 3144 2980 satagens,quos
3165 2907 3391 2964 dudum
3415 2908 3582 2980 adju-

175 2997 378 3055 bonore
443 2997 689 3053 viviﬁcee
739 2995 935 3052 crucis
990 2992 1299 3050 ecclesiam
1361 2993 1671 3063 dedicavit,
1723 2995 1822 3051 ubi
1930 3003 2085 3054 tores
2116 3002 2317 3053 contra
2346 3001 2570 3052 exteras
2591 2999 2793 3069 gentes
2852 3001 3232 3069 susceperant
3285 2997 3582 3071 principes

176 3087 355 3143 divina
383 3088 575 3160 pietas
608 3086 668 3141 in
693 3084 930 3158 preprio
951 3082 1170 3140 famulo
1201 3099 1367 3139 suam
1400 3084 1647 3156 gratiam
1663 3084 1822 3141 miri-

1932 3087 2115 3161 regni,
2163 3088 2264 3144 sed
2316 3090 2458 3141 tunc
2504 3085 2859 3142 saevissimos
2916 3089 3197 3157 tyrannos
3254 3104 3319 3142 ac
3377 3087 3580 3160 patriae

177 3176 274 3233 tice
303 3175 735 3233 ostendit.Nam
771 3173 926 3229 inter
956 3189 1120 3229 sacra
1165 3172 1482 3228 missarum
1534 3173 1819 3230 solemnia
1848 3162 1892 3229 C
1929 3182 2249 3234 vastatores
2288 3193 2403 3231 non
2450 3178 2656 3248 sponte
2704 3174 3095 3231 sustinebant.
3154 3175 3219 3231 In
3277 3176 3387 3232 hoc
3444 3190 3581 3248 ergo

175 3264 387 3322 ibidem
417 3264 729 3320 adducitur
757 3262 979 3319 catenis
1012 3279 1197 3319 nexus
1229 3263 1313 3319 dae
1331 3262 1657 3331 moniacus,
1717 3264 1819 3337 qui

173 3354 265 3409 vix
342 3371 378 3409 a
432 3352 809 3408 multitudine
868 3355 1097 3424 poterat
1152 3352 1455 3423 coarctari,
1515 3352 1821 3426 alienaque

180 3442 461 3499 violentia
503 3458 829 3515 possessus,
863 3441 1186 3497 horrendos
1215 3442 1488 3498 emittens
1517 3442 1817 3513 stridores,

183 3532 485 3599 clamores,
509 3535 686 3604 atque
711 3530 998 3600 fremitus,
1021 3530 1418 3603 hymnidicam
1452 3533 1631 3588 totius
1684 3533 1821 3589 cleri

181 3621 546 3679 harmoniam
589 3620 717 3678 suis
772 3620 916 3675 diris
963 3620 1266 3676 evincebat
1313 3621 1575 3677 vocibus.
1624 3624 1824 3696 Itaque

182 3711 391 3768 Christi
424 3728 630 3767 servus
654 3726 887 3766 sacrum
928 3708 1289 3782 incoepturus
1345 3727 1650 3779 canonem,
1707 3731 1822 3770 non

182 3800 374 3858 valens
404 3799 754 3872 hujusmodi
784 3798 903 3871 pati
944 3798 1434 3870 inquietudinem,
1495 3804 1695 3874 utpote
1751 3805 1822 3859 ad

181 3893 357 3947 Deum
384 3894 573 3948 totam
599 3889 933 3947 directurus
956 3893 1235 3955 mentem,
1251 3906 1283 3943 a
1304 3887 1475 3962 longe
1497 3891 1664 3963 signo
1697 3909 1826 3947 cru-

182 3979 257 4035 cis
284 3980 466 4047 edito,
489 3995 673 4035 manu
710 3976 920 4033 indixit
950 3976 1290 4032 silentium:
1342 3981 1399 4033 et
1444 3979 1618 4035 citius
1674 3980 1826 4038 dicto

182 4069 471 4126 obmutuit
495 4067 878 4138 demonium,
913 4070 969 4122 et
1010 4066 1210 4134 homo,
1268 4067 1518 4125 vinculis
1576 4069 1824 4139 solutus,

182 4174 375 4231 sospes
405 4157 644 4215 cunctis
675 4156 1110 4213 admirantibus
1140 4156 1378 4212 domum
1411 4158 1705 4231 propriam
1739 4175 1826 4216 re-

1927 3272 2129 3324 sancto
2160 3282 2332 3340 opere
2370 3264 2618 3321 sollicite
2667 3264 2925 3319 intentus
2954 3264 3113 3319 venit
3159 3265 3576 3337 Beneventum,
3646 3304 3649 3307 μ

1928 3356 2027 3413 ubi
2071 3354 2412 3428 aliqnandiu
2464 3356 2882 3423 commoratus,
2940 3353 3175 3409 cuidam
3208 3353 3430 3410 clinicaa
3460 3354 3574 3427 (43)

1929 3446 2433 3518 ᾶίνὶηαρτωθυηῐθ
2489 3442 2677 3515 gratia
2731 3441 2904 3498 vitale
2959 3442 3210 3516 praebuit
3265 3442 3571 3500 auxilium.

1929 3537 2076 3592 Nam
2094 3552 2199 3607 per
2228 3550 2413 3589 annos
2436 3532 2550 3588 fere
2572 3531 2908 3603 quindecim
2931 3531 2987 3586 di
2998 3532 3158 3588 utino
3171 3533 3432 3589 confecta
3449 3533 3576 3590 lan-

1931 3624 2209 3698 guore,de
2240 3621 2471 3694 proprio
2503 3621 2766 3694 grabato,
2800 3620 2913 3676 nisi
2964 3620 3215 3677 aliorum
3273 3622 3579 3695 deportata

1933 3713 2227 3779 manibus,
2260 3712 2539 3783 nequibat
2566 3711 2720 3766 exire
2746 3728 2757 3766 :
2791 3710 2873 3765 ita
2900 3715 3111 3765 cuncta
3154 3712 3282 3782 ejus
3313 3711 3579 3766 membra

1934 3800 2216 3876 paralysis
2244 3808 2404 3857 erant
2424 3799 2711 3855 dissoluta
2739 3798 3101 3871 aegritudine.
3135 3798 3234 3854 Cui
3268 3815 3371 3871 per
3415 3814 3579 3855 reve-

1932 3892 2206 3949 lationem
2241 3893 2541 3944 ostensum
2573 3891 2661 3942 est
2685 3891 2750 3941 ut
2777 3887 2847 3941 de
2903 3886 3144 3959 lympha
3200 3904 3319 3959 qua
3371 3889 3579 3943 beatus

1935 3983 2134 4054 pastor
2163 3994 2359 4035 sacras
2378 3976 2646 4031 abluerat
2676 3992 2889 4031 manus
2905 3980 2961 4031 et
2981 3980 3115 4048 post
3130 3976 3580 4033 celebrationem

1936 4069 2254 4125 missarum
2275 4065 2622 4133 hauriret,et
2643 4064 2863 4136 absque
2894 4081 3059 4121 mora
3078 4065 3419 4138 sospitatem
3438 4066 3581 4124 reci-

1938 4160 2117 4232 peret.
2139 4157 2262 4221 Qua
2280 4153 2590 4225 impetrata
2618 4157 2792 4225 atque
2815 4170 2948 4209 cum
2981 4153 3136 4210 ﬁdeli
3158 4171 3261 4228 spe
3280 4155 3582 4226 hausta,in

1936 4246 2257 4304 crastinum
2288 4260 2492 4316 sospes
2515 4259 2681 4298 sacra
2711 4242 3028 4300 missarum
3074 4243 3362 4301 solemnia
3417 4244 3581 4314 adiit,

242 4339 338 4393 Vl.
383 4338 603 4393 Romam
636 4351 904 4391 reversus.
946 4333 1225 4406 Scyphum
1278 4337 1520 4407 fractum
1567 4338 1825 4393 restituit.
1937 4342 2052 4393 Deo
2074 4337 2393 4406 sanctoque
2424 4331 2683 4405 pontiﬁci
2733 4332 2953 4404 gratias
3010 4333 3327 4390 redditura.
3386 4334 3586 4407 Itaque

177 4427 234 4481 In
265 4427 532 4499 Apuliam
563 4425 732 4481 vadit.
768 4424 1045 4481 Clinicam
1075 4432 1252 4480 sanat.
1288 4424 1594 4482 Concilium
1628 4426 1827 4500 Sipon-
1935 4425 2059 4483 zelo
2092 4427 2305 4481 sancte:
2348 4420 2646 4494 religionis
2678 4422 2904 4478 fervens
2933 4421 3148 4494 praesul
3194 4423 3585 4489 venerandus,

182 4518 403 4570 tinum.
436 4516 663 4571 Romam
690 4514 1082 4570 revertitur.—
1105 4513 1351 4569 Romam
1382 4514 1561 4587 igitur
1579 4515 1829 4586 rediens,
1862 4534 1908 4601 D
1939 4516 2093 4590 apud
2127 4513 2435 4586 Sipontum
2467 4510 2668 4568 habito
2699 4510 2965 4580 concilio,
2993 4511 3139 4566 duos
3186 4509 3459 4582 deposuit
3512 4510 3651 4565 ab.

180 4249 429 4318 pedavit.

1948 4640 2219 4698 undecim
2250 4636 2700 4693 administravit.

2019 4709 2393 4786 (Ill)_Cel_ebre
2424 4704 2566 4786 olim
2624 4704 3067 4786 monasterium,
3098 4703 3270 4786 vulgo
3312 4705 3589 4786 Richnoiv,

1951 4776 2301 4858 quod'hodie
2326 4780 2492 4858 pauci
2518 4777 2780 4858 incolunt
2801 4776 3169 4858 monachiob
3201 4776 3466 4835 mensam
3499 4778 3594 4835 ab-

1951 4848 2107 4911 Batis
2136 4848 2497 4924 episcopatui
2526 4848 2955 4924 Constantiensi
2989 4848 3235 4924 unitam.

2033 4871 2107 4911 US
2136 4872 2166 4910 ϐ
2210 4871 2497 4924 ιεοορᾶωι
2526 4871 2955 4905 υοῐιδιειῐιιιδηδι
2990 4871 3235 4905 unitum.

2024 4928 2137 4999 (42)
2170 4871 2772 4999 Eolland._marmoris,
2804 4921 3039 4999 ex'Cod.
3098 4922 3382 4999 missam“
3408 4922 3509 4999 ait,
3541 4929 3599 4999 at

1955 4992 2071 5054 non
2104 4992 2297 5053 solum
2323 4994 2462 5049 editi
2496 4993 2597 5048 sed
2646 4999 2703 5047 et
2730 5010 2841 5048 ms.
2876 4994 3066 5049 Codex
3116 4992 3301 5049 sancti
3350 4992 3599 5054 Remigii

1955 5070 2133 5146 habet
2161 5067 2461 5146 materiis;
2485 5064 3151 5146 ‘quo.nomine_yidet‘ur
3181 5065 3431 5146 exprimi.
3482 5063 3595 5142 ali-

1958 5140 2113 5213 quod
2137 5134 2624 5213 preti_osum__ligni
2657 5152 2864 5213 genus.
2883 5136 3029 5191 Nam
3057 5134 3597 5213 Brimo—Signiensm

239 4642 359 4713 (38)
409 4639 563 4696 Obiit
589 4640 648 4695 in
680 4638 1160 4713 cmnoﬁbioisancti
1192 4637 1386 4694 Vitani
1418 4640 1835 4713 rVirdunensis,

176 4710 265 4785 cui
303 4710 562 4785 praeerat
593 4714 772 4785 l_rat_e_r
801 4712 930 4785 ejus
952 4710 1364 4785 walerannus,
1397 4712 1467 4767 de
1498 4729 1612 4784 quo
1656 4713 1842 4785 multa

171 4780 364 4839 babes
399 4800 580 4855 supra
612 4783 670 4837 in
702 4780 845 4855 Vita
894 4781 1045 4837 beati
1098 4781 1366 4837 Richardi
1417 4780 1680 4855 ejusdem
1728 4784 1840 4842 loci

175 4855 445 4927 abbatis.
474 4853 723 4927 Scripsit
752 4853 969 4927 librum
1014 4855 1092 4927 De
1149 4870 1389 4927 corpore
1444 4853 1501 4911 et
1556 4858 1843 4927 sanguine

176 4924 429 5052 1)ίῖνωὶῃὶ
453 4924 735 4982 adversus
758 4924 1305 4997 Berengarium,qui
1328 4944 1362 4982 a
1382 4934 1579 4984 nostro
1599 4924 1844 4985 Acherio

177 5015 209 5052 e
258 5005 395 5052 itus
430 5004 532 5052 est.

177 4998 395 5053 editus
430 5004 532 5053 est.

251 5070 389 5142 (39)(
420 5067 493 5142 Ex
518 5068 629 5142 hoc
666 5067 792 5124 loco
837 5066 1201 5142 emendandi
1239 5067 1695 5141 Sammarthani,
1747 5069 1846 5142 qui

183 5138 541 5214 Sigifridum
574 5140 729 5196 inter
748 5139 1088 5214 Cercienses
1111 5138 1353 5214 abbates
1376 5158 1489 5214 non
1522 5138 1845 5198 recensent.
1958 5140 2113 5214 quod
2137 5138 2624 5214 preti_osum__ligni
2657 5152 2864 5214 genus.
2883 5138 3029 5191 Nam
3057 5138 3519 5214 BrunoSigniem

170 5204 281 5267 De”
298 5212 528 5268 Gorzize
561 5211 943 5282 monasterio,
971 5212 1128 5281 quod
1161 5227 1196 5265 a
1250 5211 1667 5306 Chrodegango
1726 5214 1848 5286 epi-
1958 5204 2117 5268 hunc
2138 5204 2424 5292 scyphum
2457 5204 2717 5331 ligneum
2749 5208 2930 5290 fuisse
2954 5207 3245 5273 asserit,et
3261 5204 3600 5285 Desiderius

173 5298 363 5331 sanna
382 5284 627 5331 Μαιῶτιςί
654 5284 963 5331 fundatum
981 5281 1145 5331 estin
1164 5281 1441 5331 honorem
1465 5284 1523 5331 ξπ-
1554 5285 1848 5331 (ἓηνσηηὶἰΑ
1959 5283 2317 5331 Cnsinenms.
2352 5296 2451 5331 seu
2526 5285 2673 5331 ictor
2689 5279 2785 5331 ΙΙΙ.
2816 5278 2961 5331 Illud
2991 5295 3112 5331 vas.
3137 5275 3391 5331 naculum
3419 5274 3599 5331 liena-

173 5298 363 5358 scopo
382 5284 629 5340 Metensi
654 5274 963 5358 fundatum
981 5274 1071 5358 est
1086 5281 1145 5336 in
1164 5281 1442 5358 honorem
1465 5274 1523 5339 ἔ.
1554 5274 1851 5358 (ξόιιεοιῖῖί,
1959 5274 2317 5358 Casinensis,
2352 5296 2451 5358 seu
2474 5274 2673 5358 Victor
2689 5279 2790 5358 Ill,
2816 5278 2967 5358 illud
2991 5295 3112 5358 vas,
3132 5275 3391 5357 poculum
3419 5274 3599 5358 ligna-

178 5344 362 5425 cnjus
388 5372 603 5428 corpus
640 5372 679 5428 _a
707 5371 865 5428 papa
881 5354 1235 5428 obtinuerat,
1258 5354 1523 5428 diximus
1551 5359 1608 5412 in
1642 5344 1852 5413 seiculo
1958 5358 2108 5411 rium
2128 5344 2487 5428 app_ellat.De
2506 5351 2792 5428 ejusmodi
2811 5351 3044 5422 scyphis
3064 5344 3317 5418 Gangius
3348 5344 3409 5399 in
3435 5344 3602 5402 Glos-

186 5424 516 5503 snperiOFf,
547 5426 650 5482 ubi
681 5424 868 5483 sancti
898 5424 1147 5481 Joannis
1169 5426 1345 5497 hujus
1376 5426 1484 5482 loci
1506 5428 1735 5487 abbatis
1762 5429 1855 5484 Vi-
1970 5428 2147 5503 sario,
2166 5424 2251 5503 ad
2283 5439 2481 5503 vocem
2511 5424 2826 5503 Maserini.‘
2906 5497 2912 5503 Ι
2979 5456 3015 5503 ,ι
3083 5489 3091 5499 ,

186 5487 317 5570 tafn
350 5487 650 5554 dedimus.
680 5568 689 5570 ἓ
2034 5487 2146 5570 (43)
2176 5496 2271 5570 Sic
2297 5494 2691 5570 dicitur,quo_d
2722 5489 3189 5570 inglectojugiter
3209 5487 3604 5559 decumbant,

248 5569 382 5641 (ιο)
438 5568 893 5646 Sigebotbonem
925 5568 1025 5646 alii
1073 5569 1390 5646 appellan_t_.
1457 5571 1854 5646 Reginobaldo
1962 5564 2582 5646 xxtm'quippelectum
2610 5564 2824 5640 signat.

177 5640 485 5705 successit
504 5640 833 5710 ann04039,
861 5640 1325 5720 Spirensemque
1338 5640 1661 5705 Ecclesium
1684 5643 1856 5705 annis
