4102 6174
438 269 558 385 iis

1821 312 1884 380 S.
1936 310 2082 378 LEO
2127 308 2207 377 IX
2257 308 2478 376 PAPA.

3732 302 3865 370 496

450 455 640 512 ofﬁcio
679 455 1233 530 archiepiscopatus,
1257 455 1355 528 qui
1387 470 1519 510 cum
1550 452 1816 509 mercede
1830 454 2100 505 sanctum
2129 449 2185 515 Α
2214 450 2453 503 econtra
2480 444 2687 501 vexillo
2708 444 2902 501 cruxis
2932 442 3107 511 edito,
3130 456 3334 498 omnes
3388 457 3423 497 a
3476 436 3647 513 longe
3698 442 3853 530 stare

451 550 897 620 assumpserant
952 545 1368 613 ministerium,
1418 543 1553 599 vitio
1612 540 1880 597 elationis
1939 556 2093 595 unus

454 635 721 693 ambiens
762 635 1089 709 praecellere
1130 634 1399 691 alterum.
1425 633 1587 688 Unde
1616 629 1858 703 repetito
1888 645 2093 701 gressu

454 722 700 781 Romam
731 724 921 791 rediit,
942 723 1043 779 ubi
1064 740 1317 795 superna
1372 718 1709 776 admonitus
1743 716 2093 772 revelatione

447 810 686 868 beatum
718 813 1039 869 Gerardum
1071 831 1189 867 sua:
1221 810 1399 878 sedis,
1434 810 1756 864 Leucorum
1804 804 2092 872 videlicet,

445 898 584 956 olim
603 900 910 972 praesulem
932 900 992 955 iu
1011 916 1254 955 numero
1273 902 1609 955 sanctorum
1632 894 2092 966 computandum

445 989 1009 1061 statuit.Eodemque
1031 1006 1184 1045 anno
1206 988 1266 1044 in
1288 988 1541 1059 patriam
1561 1001 1883 1057 regressus,
1904 982 2093 1055 ipsius

444 1080 678 1133 sanctos
708 1082 873 1135 artus
902 1095 1037 1135 cum
1070 1094 1305 1135 summa
1334 1075 1521 1149 gloria
1577 1072 1898 1143 transtulit.
1960 1074 2094 1136 Quae

446 1166 644 1229 omnia
669 1167 926 1224 dilucide
950 1170 1090 1223 sunt
1120 1170 1355 1223 exarata
1385 1165 1443 1219 in
1492 1164 1757 1235 ejusdem
1802 1162 1935 1216 Vita
1981 1160 2093 1232 (44)

446 1258 505 1312 et
534 1256 857 1312 miraculis.

516 1343 636 1398 VII.
659 1345 961 1415 Episcopus
992 1346 1099 1415 ipsi
1154 1342 1532 1399 contradicens
1584 1342 1834 1413 punitur.
1867 1340 2000 1394 Item
2046 1342 2097 1393 et

448 1431 834 1487 Ravennensis.
864 1463 932 1472 -—
958 1436 1094 1487 Erat
1123 1436 1317 1487 autem
1342 1431 1480 1487 huic
1509 1430 1629 1485 viro
1670 1430 1769 1485 Dei
1803 1446 1918 1484 non
1972 1444 2094 1483 mo-

449 1518 581 1574 dica
600 1521 953 1577 concertatio
985 1524 1187 1577 contra
1242 1537 1580 1593 pervasores
1631 1535 1825 1574 rerum
1884 1521 2096 1573 sanctae

451 1605 726 1664 Romanae
767 1610 943 1677 sedis,
1024 1609 1391 1681 maximeque
1444 1613 1644 1663 contra
1703 1608 2093 1663 Ravennatem

449 1696 815 1769 episcopum,
849 1698 1061 1771 spiritu
1097 1697 1384 1769 repletum
1416 1698 1882 1752 contumacice'et
1922 1695 2100 1751 rebel-

2203 536 2511 608 przncepit;
2545 536 2647 591 sed
2677 534 2838 591 illam
2871 551 3007 589 mox
3035 532 3382 588 immundus
3411 546 3682 602 pervasor
3723 528 3856 585 reli-

2204 625 2352 697 quit,
2382 629 2439 680 et
2470 642 2614 680 sana
2636 621 3158 680 menteincolumis
3176 623 3247 678 ad
3278 618 3518 693 propria
3534 618 3850 691 repedavit.

2203 713 2502 769 Sollicitus
2535 716 2730 769 autem
2764 712 2835 767 de
2868 711 3056 768 salute
3087 710 3422 766 animarum
3453 708 3711 781 primum
3743 706 3858 765 sibi

2202 802 2531 874 specialiter
2542 801 2991 858 commissarum
3002 801 3218 867 ,Romaa
3232 796 3858 872 positusvenerabilem

2204 890 2603 963 primicerium
2636 890 2899 946 Udonem
2924 888 3034 961 (46)
3067 886 3240 960 elegit
3282 887 3394 944 sibi
3450 903 3855 944 successore'n

2203 984 2415 1034 sanctae
2447 979 2604 1035 sedis
2628 979 2975 1045 Leucorum,
3007 980 3180 1048 atque
3211 976 3282 1031 ad
3314 993 3448 1033 eum
3480 975 3595 1031 sibi
3647 977 3862 1032 subro-

2202 1070 2464 1141 gandum
2495 1066 2783 1140 imperiali
2811 1066 3106 1138 majestati
3135 1064 3436 1138 proprium
3466 1065 3677 1120 direxit
3694 1064 3861 1139 lega-

2203 1157 2415 1213 tum.Si
2439 1157 2698 1229 quidem,
2727 1156 2799 1211 ob
2846 1156 3133 1210 bonorum
3193 1170 3425 1210 morum
3482 1153 3859 1211 honestatem

2205 1252 2539 1317 sanctasque
2565 1243 2866 1317 religionis
2898 1243 3180 1298 fervorem
3211 1246 3267 1298 et
3298 1241 3403 1314 piae
3424 1242 3749 1299 devotionis
3768 1242 3858 1298 in-

2206 1334 2602 1407 tentionisque
2624 1333 3010 1399 devotionem,
3046 1331 3213 1387 illum
3236 1331 3346 1388 hoc
3376 1331 3569 1387 officio
3609 1332 3861 1406 dignum

2197 1424 2524 1495 judicabat,
2556 1427 2612 1479 et
2642 1427 2881 1495 paterno
2912 1438 3047 1477 eum
3079 1420 3438 1494 amplectens
3468 1420 3676 1478 affectu
3719 1439 3861 1494 pro-

2208 1514 2401 1586 prium
2426 1513 2611 1567 {ilium
2641 1512 2950 1568 vocitabat.
2985 1510 3271 1583 Sperabat
3299 1511 3688 1582 quoque'ejus
3718 1527 3858 1584 pru-

2207 1603 2549 1674 dentia,qua
2583 1602 2640 1657 in
2662 1601 2876 1657 divinis
2899 1600 3297 1672 humanisque
3326 1599 3635 1657 afﬂuenter
3654 1599 3858 1674 pollet,

2206 1692 2403 1764 perlici
2436 1690 2680 1763 posse,si
2712 1691 2848 1762 quid
2886 1690 3082 1745 minus
3110 1689 3280 1763 plene
3302 1689 3621 1762 peregisset
3648 1690 3706 1745 in
3741 1708 3863 1747 sua:

448 1785 623 1842 lionis
648 1804 661 1853 ;
690 1786 785 1842 cui
819 1786 1085 1843 nonnulli
1122 1788 1395 1843 favebant
1424 1786 1685 1859 palatini,
1717 1778 1913 1857 glerize
1952 1784 2097 1839 invi-
2134 1822 2181 1886 B
2214 1782 2517 1854 primitivm
2541 1780 2698 1835 sedis
2721 1779 3218 1852 augmentatione.
3244 1779 3407 1844 Quod
3424 1778 3599 1835 etiam
3619 1794 3774 1836 nunc
3794 1796 3867 1836 ex

451 1875 656 1931 dentes
673 1874 874 1930 domui
901 1875 1227 1948 apostolici.
1262 1878 1519 1941 Quorum
1553 1878 1730 1947 caput
1758 1874 1816 1929 in
1848 1874 2106 1929 fomento

452 1963 760 2019 discordis:
790 1967 914 2022 erat
940 1965 1079 2020 Nizo
1101 1966 1215 2037 (45)
1246 1965 1554 2037 episcOpus
1583 1963 1906 2035 Frisingiae,
1932 1980 2109 2035 super

454 2069 630 2124 quem
661 2052 861 2110 divina
877 2053 1064 2110 virtus
1087 2053 1188 2124 huj
1200 2053 1431 2110 usmodi
1457 2053 1809 2108 horrendam
1825 2052 2105 2108 ultionem

457 2141 698 2214 dignata
726 2146 815 2198 est
844 2143 1169 2199 ostendere.
1202 2143 1347 2197 Nam
1381 2159 1485 2213 pro
1504 2142 1803 2213 responsis
1836 2141 2107 2213 imperia-

455 2230 615 2285 libus
640 2228 701 2284 in
735 2229 957 2285 Italiam
990 2230 1271 2297 directus,
1315 2232 1650 2286 Ravennam
1684 2230 1935 2297 devenit,
1961 2236 2018 2286 et
2048 2231 2107 2285 in

456 2317 713 2390 favorem
736 2317 1087 2374 Ravennatis
1108 2319 1527 2375 detrectaroria
1541 2319 1715 2374 verba
1736 2323 1937 2375 contra
1953 2320 2109 2375 hunc

461 2404 702 2461 beatum
721 2406 977 2478 proferre
996 2407 1351 2479 ccepit,inter
1372 2408 1702 2479 quae,ducto
1734 2409 1844 2463 sub
1876 2412 2112 2480 gutture

462 2493 756 2565 digito,ad
803 2494 924 2550 haec
975 2495 1319 2568 blaspheme
1377 2496 1675 2568 prorupit:
1736 2497 1854 2551 Hoc
1909 2501 2113 2568 guttur

463 2582 666 2655 gladio
697 2584 1097 2653 abscindatur,
1128 2585 1243 2642 nisi
1275 2602 1409 2642 eum
1448 2585 1659 2657 deponi
1691 2585 1875 2641 fecero
1906 2586 1979 2641 ab
2008 2586 2111 2641 ho-

466 2687 607 2727 nore
636 2672 1017 2745 apostolatus.
1038 2674 1158 2738 Quo
1191 2674 1575 2741 dicto,eodem
1605 2678 1899 2729 momento
1917 2675 2111 2747 ipsum

372 2804 379 2811 .
463 2760 853 2818 intolerabilis
883 2762 1048 2819 dolor
1067 2767 1269 2835 guttur
1290 2763 1587 2831 invasit,et
1616 2764 1989 2833 impcenitens
2020 2763 2113 2819 die

464 2850 636 2913 tertio
664 2850 846 2907 vitam
878 2852 1040 2908 obiit.
1074 2851 1559 2925 Archiepiscopus
1592 2856 1785 2908 autem
1819 2853 2114 2909 Ravenna-

465 2937 618 3004 tium
640 2939 713 2996 ob
731 2938 1186 3014 incorrigibilem
1207 2941 1723 3014 praesumptionem
1739 2945 1826 2997 est
1857 2959 1891 2997 a
1912 2947 2112 2998 sancto

464 3044 615 3102 papa
685 3029 1233 3088 anathematizatus.
1294 3031 1545 3103 Ideoque
1601 3031 1889 3103 imperiali
1935 3033 2113 3103 jussu

464 3117 859 3192 Ausburgiam
888 3122 1292 3187 vocatus,cum
1319 3120 1553 3192 justitia
1582 3119 1824 3175 redditis
1856 3137 1981 3192 quae
2023 3121 2109 3176 in-

459 3207 624 3278 juste
651 3212 1005 3279 pervaserat,
1033 3208 1457 3265 absolutionem
1488 3212 1576 3265 est
1605 3213 1799 3281 petere
1857 3214 2109 3267 coactus.
2143 3193 2186 3261 C

471 3295 619 3358 Quia
647 3312 783 3351 cum
814 3296 951 3352 licet
981 3297 1153 3352 corde
1185 3297 1520 3353 contumaci
1550 3303 1683 3353 ante
1714 3299 1890 3369 pedes
1930 3300 2118 3355 sancti

473 3384 694 3437 stratus
703 3383 1317 3456 jaceret,cunctusque
1335 3389 1517 3441 coetus
1536 3387 1910 3458 praesentium
1929 3390 2118 3459 ponti-

473 3469 652 3526 ficum
668 3470 721 3526 ei
744 3469 1172 3527 absolutionem
1192 3474 1558 3544 peterent,ait
1590 3475 1674 3529 vir
1692 3475 1897 3530 beatus
1920 3492 1932 3532 :
1954 3500 1981 3526 ‹‹
2016 3479 2118 3533 Se-

464 3560 725 3617 cundum
756 3562 886 3633 ejus
936 3562 1301 3619 devotionem
1331 3564 1554 3619 tribuat
1606 3564 1688 3619 illi
1746 3566 2116 3638 omnipotens

461 3653 807 3708 cunctorum
821 3651 1107 3708 scelerum
1120 3651 1712 3709 absolutionem.»llle
1724 3670 1856 3711 vero
1869 3672 2117 3729 surgens

463 3756 599 3796 cum
619 3741 1071 3798 subsannatorie
1094 3741 1627 3799 subrideretadhuc
1650 3744 1925 3815 superbia
1940 3748 2113 3802 tumi-

459 3829 593 3898 dus,
616 3831 984 3887 venerandus
1015 3834 1216 3904 pastor
1245 3831 1303 3886 in
1339 3832 1626 3905 lacrymas
1648 3832 1964 3901 resolutus,
2025 3836 2115 3891 in-

462 3918 593 3988 quit
613 3924 837 3976 secreto
867 3920 1422 3977 circumstantibus:
1461 3945 1489 3972 «
1521 3922 1680 3978 Heu!
1717 3928 1986 3979 mortuus
2025 3930 2115 3983 est

460 4005 641 4061 miser
670 4006 799 4063 iste.
835 4029 863 4057 »
886 4008 1000 4064 Nec
1022 4026 1185 4066 mora
1212 4029 1225 4080 ;
1261 4009 1357 4066 ille
1388 4011 1668 4083 languore
1698 4013 2031 4085 corripitur,
2056 4019 2115 4071 et

456 4094 551 4149 vix
582 4094 640 4149 in
672 4096 921 4168 patriam
946 4103 1233 4169 revectus,
1256 4100 1375 4155 vita
1390 4104 1445 4155 et
1474 4100 1714 4167 honore,
1748 4119 1864 4173 quo
1920 4107 2107 4160 tume-

456 4183 558 4240 bat
587 4182 854 4241 celeriter
882 4185 1163 4257 privatur.

524 4273 673 4330 VlII.
702 4275 808 4331 Leo
837 4273 1229 4332 demoniacam
1264 4277 1477 4333 liberat.
1516 4278 1750 4334 Udonem
1805 4282 1913 4337 sibi
1969 4283 2110 4338 Tulli

453 4361 1044 4436 substituitﬂungaros
1099 4367 1422 4438 imperatori
1474 4370 1833 4424 reconciliare
1915 4377 2103 4429 tentet.

417 4452 663 4526 futura
686 4454 838 4508 mata
862 4453 1144 4526 praevidit.
1176 4486 1243 4495 -—
1270 4454 1575 4511 Concilian
1605 4461 1875 4515 Mantuae.
1908 4461 2105 4518 Mortui

2215 1870 2471 1943 plurima
2502 1874 2661 1942 parte
2688 1868 2994 1936 fit,Christi
3027 1872 3321 1925 annuente
3352 1867 3653 1940 suﬂragio,
3676 1871 3753 1936 et,
3796 1873 3867 1924 ut

2217 1976 2346 2015 vere
2364 1957 2748 2029 credimus,in
2776 1958 2902 2014 dies
2924 1974 3062 2031 erga
3081 1957 3396 2014 Dominum
3420 1963 3710 2014 accrescet
3732 1958 3867 2029 ejus

2215 2053 2421 2104 sancta
2452 2048 2705 2104 devotio.
2737 2047 2846 2102 Sed
2895 2063 3053 2103 nunc
3086 2047 3214 2119 ejus
3264 2046 3537 2104 laudibus
3592 2063 3874 2120 superse-

2216 2138 2494 2203 dendum,
2529 2137 2666 2209 quia
2696 2136 2888 2192 omnis
2919 2136 3047 2192 laus
3070 2137 3129 2191 in
3163 2137 3277 2191 fine
3307 2136 3568 2192 securius
3598 2135 3869 2192 cantabi-

2216 2232 2334 2283 tur.
2368 2227 2491 2281 Non
2527 2226 2788 2282 modicus
2821 2242 3053 2297 quoque
3084 2226 3133 2281 ei
3163 2225 3349 2281 inerat
3389 2226 3573 2282 fervor
3636 2226 3698 2281 in
3754 2242 3874 2281 au-

2217 2317 2408 2388 genda
2438 2314 2750 2388 republica.
2815 2314 3038 2370 Idcirco
3090 2314 3401 2388 Hungariaa
3456 2314 3775 2387 principes,
3838 2332 3875 2371 a

2220 2406 2481 2460 Romano
2514 2421 2699 2476 nuper
2730 2404 2976 2475 imperio
3036 2403 3409 2474 dissidentes,
3443 2401 3874 2476 multiplicibus

2219 2493 2427 2566 legatis
2457 2494 2702 2559 adierat,
2733 2509 2805 2548 ne
2848 2492 3239 2549 detrectarent
3292 2491 3466 2550 solita
3511 2491 3881 2565 subiectione

2219 2582 2563 2654 imperatori
2597 2582 2788 2654 prisca
2810 2580 3133 2654 persolvere
3163 2582 3403 2650 tributa,
3437 2583 3592 2655 quod
3626 2587 3685 2639 et
3738 2600 3881 2639 con-

2221 2676 2547 2739 senserant,
2580 2672 2629 2727 si
2659 2674 3077 2743 praeteritorum
3102 2673 3557 2729 commissorum
3582 2672 3882 2730 eisconce-

2221 2763 2456 2817 deretur
2474 2762 2568 2815 ind
2580 2760 3221 2835 ulgentia.Quapropter
3245 2765 3450 2818 sancta
3465 2765 3881 2818 commonente

2221 2850 2432 2923 pietate
2447 2860 2682 2906 coactus
2705 2855 2792 2906 est
2810 2850 2977 2907 tertio
2999 2850 3302 2923 antiquam
3322 2850 3570 2924 patriam
3590 2856 3882 2923 repetere,

2222 2944 2299 3008 et,
2332 2957 2436 3013 pro
2467 2956 2699 2995 reorum
2732 2940 3105 2996 miseratione
3152 2940 3249 3010 qui
3306 2944 3511 2996 contra
3556 2940 3877 3012 imperium

2222 3033 2522 3085 moverant
2552 3028 3189 3101 bellum,persuasoriis
3222 3029 3489 3101 precibus
3536 3028 3878 3102 imperiales
3944 3088 3951 3093 μ

2225 3136 2394 3175 aures
2414 3124 2699 3190 expetere.
2732 3118 2841 3174 Sed
2873 3118 3013 3191 quia
3043 3118 3293 3181 factione
3323 3119 3726 3191 quorumdam
3772 3135 3878 3175 cu-

2224 3207 2458 3264 rialium
2480 3208 2579 3279 qui
2595 3207 2859 3285 felicibus
2891 3206 3075 3264 sancti
3100 3207 3207 3262 viri
3251 3207 3591 3264 invidebant
3620 3207 3879 3276 actibus,

2228 3297 2614 3369 suntAugusti
2628 3313 2798 3352 aures
2813 3297 3091 3352 obturata:
3104 3296 3374 3368 precibus
3386 3295 3883 3369 domniApostoli-

2227 3387 2434 3458 ci,ideo
2454 3387 2714 3442 Romana
2732 3385 3062 3458 respublica
3076 3385 3495 3458 subjectionem
3518 3387 3680 3458 regni
3696 3385 3882 3441 Hum-

2227 3476 2399 3548 gariaa
2422 3476 2759 3548 perdidit,et
2780 3476 2969 3531 adhuc
2992 3474 3147 3532 dolet
3175 3474 3428 3532 ﬁnitima
3456 3474 3659 3547 patriae
3722 3493 3880 3548 pra:-

2225 3565 2316 3620 dis
2348 3568 2403 3620 et
2441 3564 2727 3620 incendiis
2757 3564 3065 3621 devastari.
3110 3569 3260 3621 Dum
3309 3568 3503 3621 autem
3558 3582 3662 3637 pro
3704 3564 3880 3637 regni

2228 3670 2367 3726 pace
2398 3653 2642 3709 sollicite
2671 3652 2946 3710 laborans
2976 3653 3193 3711 ibidem
3223 3653 3565 3725 aliquandiu
3608 3669 3879 3710 morare-

2226 3748 2339 3809 tur,
2373 3742 2568 3798 divina
2613 3744 3043 3815 praedestinatio
3074 3744 3126 3800 ei
3185 3744 3409 3801 somnis
3467 3742 3721 3800 revelare
3771 3758 3884 3798 vo-

2221 3833 2331 3889 luit
2356 3833 2497 3904 quid
2526 3832 2637 3887 sibi
2670 3834 2935 3890 futurum
2968 3834 3429 3906 portenderetur.
3455 3834 3602 3890 Nam
3631 3832 3882 3888 videba-

2222 3927 2318 3978 tur
2348 3922 2458 3978 sibi
2490 3923 2667 3995 quod,
2700 3927 2864 3979 stans
2898 3923 2958 3979 in
2988 3923 3163 3994 edito,
3188 3922 3509 3980 familiares
3540 3938 3679 3978 suos
3701 3922 3773 3977 ad
3808 3938 3881 3977 se

2220 4013 2292 4069 de
2321 4011 2577 4085 periculo
2611 4012 3012 4084 confugientes
3044 4012 3349 4084 reciperet,
3369 4012 3569 4084 eisque
3600 4011 3712 4067 sub
3746 4010 3880 4082 plu—

2218 4101 2352 4157 viali
2381 4106 2559 4169 veste,
2593 4117 2718 4173 qua“:
2749 4117 2933 4173 cappa
2959 4101 3263 4169 vocitatur,
3286 4100 3553 4171 inclusis,
3574 4098 3877 4172 sanguine

2216 4208 2416 4247 eorum
2449 4190 2560 4245 sibi
2584 4193 2770 4246 vestes
2818 4190 2976 4246 infici
3036 4190 3413 4264 conspiceret.
3467 4192 3592 4256 Qua
3638 4189 3876 4245 visione

2214 4286 2407 4337 certus
2440 4280 2698 4336 redditus
2729 4280 3190 4336 mmstitudinem
3220 4279 3331 4336 sibi
3363 4279 3605 4350 suisque
3642 4278 3867 4334 affutu-

2212 4368 2875 4439 ram,et,sicuttriticum
2907 4370 2967 4425 in
2989 4386 3124 4426 area
3138 4369 3369 4425 Domini
3399 4368 3875 4436 recondendum,

2212 4460 2284 4514 ad
2313 4459 2694 4515 tentationem
2728 4476 2855 4515 sese
2886 4463 3175 4532 praeparat
3194 4458 3623 4516 sustinendam.
3658 4457 3879 4543 Itaque

456 4541 573 4596 loca
603 4556 761 4597 sacra
802 4544 1104 4599 visitantes.
1138 4576 1207 4585 —
1256 4544 1602 4629 Magniﬁcus
1651 4552 1845 4603 autem
1906 4556 2106 4621 pastor
2133 4564 2179 4629 D
2212 4549 2497 4621 repedans
2528 4548 2587 4603 in
2622 4547 2868 4615 Italiam,
2905 4547 3215 4604 concilium
3247 4549 3401 4621 apud
3433 4541 3733 4609 Mantuam
3758 4545 3878 4602 ha-

456 4629 781 4687 Romanam
807 4632 1065 4689 revisens
1082 4626 1452 4700 sedem',dum
1484 4632 1861 4708 paschalibus
1887 4637 2100 4695 solem-

453 4716 569 4773 niis
600 4720 755 4790 apud
787 4725 1054 4777 sanctum
1089 4723 1473 4779 Laurentium
1504 4729 1662 4781 esset
1700 4725 2100 4786 celebraturus

412 4882 418 4895 '
453 4802 632 4859 divini
663 4810 1010 4865 sacramenti
1026 4810 1559 4879 oblationem,inter
1587 4830 1753 4869 sacra
1782 4816 2098 4874 missarum

453 4891 742 4949 solemnia
789 4896 840 4950 ei
864 4900 1184 4968 quamdam
1215 4901 1557 4957 obtulerunt
1588 4902 1889 4959 mulierem
1947 4923 2096 4977 quae,

451 4981 624 5054 plena
654 4983 1175 5053 daemonio,sanam
1210 4990 1487 5046 amiserat
1516 4996 1984 5059 mentem.Quam
2008 4996 2097 5052 in-

452 5075 749 5127 cessanter
767 5072 1220 5131 debacchantem
1249 5094 1512 5148 cernens,
1540 5080 1953 5155 fremitumque
1986 5086 2095 5140 cir-

449 5162 876 5220 cumstantium
908 5180 973 5220 ac
1003 5180 1131 5220 eam
1185 5166 1443 5224 vinctam
1497 5169 1648 5225 trahi
1707 5190 1820 5227 non
1880 5176 2091 5245 ferens,

518 5375 629 5456 (illi
662 5375 820 5456 Hanc
873 5378 1405 5456 Vitam_exhibent
1459 5382 1823 5456 Bollandiani
1873 5387 1966 5443 die
2022 5391 2093 5445 23

444 5445 685 5526 Aprilis.
717 5448 833 5528 Nos
888 5467 1023 5528 vero
1075 5453 1149 5528 de
1174 5454 1821 5528 S._Gerar_do__egimus
1878 5460 2090 5516 saeculo

444 5523 903 5597 s_uperiori,pag:
920 5523 1152 5597 891,ubi
1176 5525 1425 5595 habetur
1453 5524 1612 5579 bulla
1630 5523 1758 5597 ejus
1789 5532 2093 5588 canoniza-

442 5588 642 5661 tionis.
662 5588 807 5661 pag.
840 5588 964 5648 894.

513 5660 627 5743 (45(
651 5660 948 5723 Sirmondi
980 5666 1157 5723 editio
1191 5669 1475 5726 Viwnem.
1505 5667 1747 5729 Nicerus
1787 5670 2000 5729 dicitur
2054 5691 2088 5734 a

2209 4638 2467 4694 bendum
2491 4635 2980 4703 constituit.Quod
2994 4636 3163 4692 factio
3196 4637 3588 4710 quorumdam
3613 4635 3879 4708 pontiﬁ-

2210 4743 2342 4782 cum
2374 4726 2767 4783 serveritatem
2799 4726 2926 4796 ejus
2946 4725 3101 4797 justi
3126 4727 3341 4798 judicii
3362 4726 3697 4782 timentium
3728 4740 3879 4797 per-

2206 4816 2636 4873 turbavit.Nam
2660 4814 2894 4871 familia:
2922 4830 3124 4871 eorum
3147 4816 3424 4873 fautrices
3446 4814 3885 4885 scelerum,su-

2206 4905 2395 4961 bitum
2428 4909 2628 4962 contra
2658 4904 2859 4960 domni
2889 4904 3189 4977 apostolici
3219 4906 3506 4962 familiam
3548 4910 3885 4960 moverunt.

2206 4996 2549 5064 tumultum,
2611 5011 2813 5052 secure
2871 4998 3160 5051 astantem
3214 5000 3349 5051 ante
3405 4993 3716 5051 basilicam
3795 4992 3879 5049 in

2207 5104 2321 5157 qua
2342 5085 2640 5158 publicum
2656 5085 2978 5140 habebatur
2999 5083 3419 5156 concilium,ita
3432 5088 3494 5141 ut
3509 5084 3598 5140 vir
3614 5085 3885 5140 sanctus

2206 5180 2506 5251 cogeretur
2554 5192 2587 5228 a
2634 5173 2823 5229 medio
2854 5188 3133 5229 consessu
3164 5191 3423 5248 surgere,
3453 5180 3512 5231 et
3537 5178 3674 5231 ante
3727 5192 3888 5249 por-

2204 5388 2498 5445 Gualterio
2528 5387 2588 5442 in
2613 5384 2882 5459 Catalogo
2913 5386 3093 5459 episc.
3125 5388 3315 5446 Frisin
3359 5390 3614 5448 ensium.

2274 5462 2388 5517 (46)
2420 5460 2521 5514 Ed.
2552 5458 2831 5513 mendose
2854 5458 3091 5515 Udonem
3115 5461 3183 5516 Et
3212 5405 3449 5517 auigem
3483 5462 3608 5517 Udo

2274 5462 2388 5541 (liti)
2552 5458 3091 5541 mendose‘Odoneni
3115 5461 3183 5516 Et
3212 5458 3456 5541 quidem
3483 5462 3608 5541 Udo
3640 5460 3895 5541 dicitur

2200 5527 2422 5613 passim
2446 5532 2505 5585 in
2536 5527 2939 5615 compluribus
2962 5527 3398 5590 instrumentis.
3429 5537 3618 5591 Antea
3645 5534 3891 5595 biblio-

2200 5603 2494 5657 thecarius
2525 5605 2582 5657 et
2609 5599 2995 5657 cancellarius
3018 5603 3210 5657 fuerat
3236 5605 3509 5657 Ecclesia:
3548 5606 3885 5657 Romani..-

2200 5603 2494 5664 thecarius
2525 5605 2582 5659 et
2609 5603 2995 5661 cancellarius
3018 5603 3210 5662 fuerat
3236 5605 3509 5663 Ecclesiae
3548 5606 3889 5683 Romana,

2200 5680 2266 5735 ut
2294 5679 2453 5752 patet
2481 5692 2549 5736 ex
2573 5673 2735 5735 bulla
2764 5674 2822 5734 S.
2857 5674 3066 5737 Leonis
3098 5693 3203 5753 pro
3230 5676 3288 5737 S.
3316 5677 3646 5747 Mansuete,
