4102 6174
271 310 388 379 θοι

1219 315 1546 381 PROLEG.
1577 349 1648 362 -
1681 316 1860 379 VITA
1913 316 1975 379 S.
2021 313 2330 380 LEONIS.
2365 351 2443 364 —
2473 318 2620 382 LIB.
2667 316 2744 382 Il.

3567 318 3688 386 509

273 464 488 507 norum
533 448 628 508 his
683 451 955 511 exterrita
1006 448 1206 527 gestis,
1239 450 1581 512 crudelitate
1633 450 1920 526 deposita,
1953 451 2006 520 Α
2035 465 2136 508 rus
2193 450 2530 526 subreperet
2587 449 2894 527 superbiae,
2935 448 3046 511 hoc
3096 447 3281 512 voluit
3335 450 3517 514 latere
3575 453 3686 513 mi-

274 537 547 613 populOs,
570 540 787 614 quibus
813 541 1207 611 cohabitabat,
1232 559 1297 600 ex
1329 549 1467 600 tunc
1489 548 1555 599 ut
1577 557 1701 599 com
1713 540 1928 614 patrio-

272 632 362 685 tas
393 629 766 686 amicabilius
796 632 1161 699 tractavit,ac
1195 632 1511 688 venerabili
1545 629 1926 705 papaa,quoad

270 718 432 782 vixit,
465 719 528 772 in
561 719 718 774 omni
755 720 1116 791 subjectione
1145 721 1395 777 ﬁdeliter
1421 721 1748 778 deservivit.

338 808 606 878 XII.Ejus
621 810 719 878 pia
734 812 1020 865 exercitia.
1038 812 1386 883 Scripturam
1405 828 1619 866 sacram
1641 811 1816 867 Graece
1835 810 1929 864 ad-

267 896 792 953 discite—Eximius
813 901 1012 954 autem
1033 904 1234 972 pastor
1254 901 1643 956 Beneventum
1665 900 1924 966 veniens,

269 985 414 1058 ipsis
435 985 795 1042 Normannis
817 987 996 1043 etiam
1021 989 1275 1059 injussis
1307 1006 1408 1061 per
1436 993 1624 1044 totum
1665 989 1775 1045 iter
1791 989 1930 1044 obse

268 1073 548 1146 quialiter
577 1073 743 1130 illum
777 1074 1215 1145 comitantibus,
1242 1095 1356 1133 non
1389 1079 1618 1133 modico
1639 1077 1758 1132 illic
1789 1077 1927 1132 anni

266 1163 462 1234 spatio
491 1167 582 1218 est
628 1167 1045 1230 commoratus,
1081 1166 1464 1236 semetipsum
1498 1167 1719 1222 sanctis
1765 1183 1929 1222 exer-

267 1269 405 1306 cens
426 1251 773 1316 virtutibus,
798 1253 1097 1324 patientia,
1121 1254 1354 1325 vigiliis,
1374 1255 1618 1324 jejuniis
1640 1259 1694 1309 et
1717 1253 1926 1310 oratio-

266 1339 781 1410 nibus.Siquidem
813 1357 1044 1396 omnem
1077 1342 1206 1398 lecti
1243 1343 1544 1398 mollitiem
1581 1343 1923 1415 refugiebat,

265 1429 390 1494 sed,
424 1432 668 1500 sumpto
698 1430 769 1484 ad
802 1446 1037 1486 carnem
1085 1431 1274 1486 cilicio
1305 1436 1361 1487 et
1403 1431 1578 1504 tapeti
1628 1435 1792 1486 terra;
1841 1431 1927 1485 in-

266 1520 450 1572 strato
489 1518 804 1583 recubans,
837 1518 1015 1589 capiti
1064 1518 1257 1590 lapide
1305 1521 1591 1592 apposito,
1626 1520 1928 1576 nocturnis

266 1605 431 1661 horis
462 1604 770 1677 paululum
795 1606 987 1662 somni
1018 1606 1378 1675 insumebat,
1400 1608 1810 1680 reliquumque
1832 1625 1928 1664 no-

270 1693 383 1749 ctis
415 1695 667 1766 spatium
701 1699 827 1750 tum
858 1694 1074 1768 integri
1107 1696 1514 1752 decantatione
1544 1696 1809 1753 Psalterii
1863 1714 1930 1752 ac

271 1783 581 1838 innumera
603 1798 861 1855 genuum
885 1783 1193 1839 inﬂexione
1215 1785 1574 1841 excurrebat.
1601 1785 1758 1840 Idem
1783 1802 1925 1856 quo-

265 1888 380 1943 que
401 1871 754 1927 Psalterium
773 1889 878 1945 per
890 1873 1156 1946 singulos
1177 1878 1446 1945 repetens
1464 1875 1592 1930 dies
1613 1891 1746 1929 cum
1774 1873 1928 1929 obla-

263 1959 421 2016 tione
455 1959 641 2015 divini
673 1960 966 2028 sacriﬁcii,
991 1979 1230 2018 cursum
1268 1962 1684 2034 multiplicium
1709 1965 1927 2017 oratio-

2037 538 2336 608 raculum;
2371 545 2564 598 tamen
2616 561 2733 600 non
2774 545 2997 616 absque
3045 559 3105 599 re
3154 543 3264 601 sub
3314 547 3477 601 tanta
3523 560 3688 603 com-

2036 629 2355 686 minatione
2404 632 2589 702 jussit
2636 633 2976 704 bujusmodi
3040 633 3212 689 celari
3269 634 3509 689 factum.
3538 634 3689 689 Rur-

2036 735 2139 774 sus
2196 721 2447 791 quodam
2480 722 2573 776 die
2617 722 2832 778 ibidem
2894 723 3056 778 solus
3113 739 3247 778 cum
3306 721 3430 778 solo
3479 720 3688 778 clerico

2036 812 2248 863 sanctae
2306 810 2642 881 psalmodiis
2700 811 3030 878 insistebat,
3063 828 3195 867 eum
3256 827 3388 868 ecce
3446 811 3688 893 quidam

2038 897 2294 953 rusticus
2325 915 2522 954 secum
2566 899 2836 956 insanam
2868 901 3164 956 deducens
3213 900 3392 956 ﬁliam
3443 901 3690 956 advene-

2036 991 2160 1051 rat;
2197 1003 2372 1057 quam
2433 988 2732 1044 multoties
2779 989 3035 1061 pessimo
3091 989 3349 1062 torqueri
3402 989 3688 1046 daemonio

2037 1075 2359 1146 suspiriose
2399 1077 2709 1145 clamabat,
2741 1079 2985 1150 ejusque
3030 1078 3254 1134 meritis
3285 1077 3518 1134 liberari
3551 1094 3687 1133 cum

2040 1161 2315 1233 lacrymis
2373 1165 2739 1236 deposcebat.
2773 1167 2954 1237 Cujus
3009 1168 3281 1239 precibus
3337 1167 3467 1240 pius
3525 1169 3690 1239 pater

2039 1251 2265 1306 diutius
2299 1253 2492 1309 nitens
2535 1254 2948 1324 contradicere,
2971 1256 3155 1326 jussit
3183 1273 3318 1312 eum
3349 1261 3686 1312 sanctorum

2043 1341 2341 1412 suffragia,
2376 1360 2625 1414 quorum
2658 1342 2978 1399 innumerae
3026 1344 3104 1398 ibi
3155 1345 3523 1400 continentur
3551 1343 3684 1398 reli-

2037 1429 2212 1500 quiae,
2246 1430 2498 1502 supplici
2545 1435 2674 1487 voto
2718 1448 2974 1488 exorare.
3008 1433 3119 1487 Sed
3170 1431 3427 1487 rusticus
3455 1432 3515 1486 in
3549 1449 3687 1503 pro-

2038 1517 2227 1588 posito
2259 1519 2611 1587 obstinatus,
2643 1519 2761 1576 imo
2811 1520 2870 1575 in
2919 1520 3121 1576 solidae
3179 1519 3314 1575 ﬁdei
3373 1519 3689 1577 stabilitate

2036 1606 2323 1675 ﬁrmatus,
2357 1608 2588 1664 dicebat
2619 1627 2680 1665 se
2709 1609 2916 1665 exinde
2946 1619 3061 1665 non
3104 1625 3474 1666 recessurum
3506 1610 3690 1664 donec

2033 1695 2163 1765 ejus
2195 1695 2597 1752 benedictione
2618 1698 2878 1753 divinum
2914 1701 3346 1768 promereretur
3374 1697 3684 1754 auxilium.

2034 1782 2236 1854 Itaque
2267 1785 2355 1839 vir
2383 1789 2647 1852 sanctus,
2679 1785 2867 1856 ipsius
2915 1787 3356 1857 importunitate
3403 1787 3686 1852 devictus,

2037 1886 2285 1941 granum
2337 1872 2475 1928 salis
2525 1873 2585 1928 in
2634 1875 2896 1945 proximo
2945 1879 3239 1946 repertum
3290 1873 3586 1928 benedixit
3624 1890 3690 1928 ac

2035 1959 2094 2012 in
2129 1977 2194 2014 os
2225 1960 2428 2032 puellae
2474 1978 2606 2016 cum
2639 1961 2819 2016 divini
2868 1962 3232 2017 invocatione
3261 1948 3519 2017 nominis
3550 1978 3690 2032 pro-

262 2066 401 2104 num
437 2049 740 2104 indefesse
785 2049 1168 2122 transigebat.
1201 2050 1343 2106 Illud
1397 2053 1571 2107 etiam
1617 2056 1741 2107 erat
1770 2051 1828 2105 in
1860 2067 1926 2106 eo
2027 2049 2200 2117 jecit;
2256 2066 2526 2122 moxque,
2562 2051 2823 2106 daemone
2880 2067 3013 2106 cum
3073 2050 3383 2123 purulento
3442 2049 3688 2123 expulso

262 2139 609 2194 mirandum
643 2139 822 2210 quod,
855 2138 1010 2194 ultra
1039 2139 1603 2212 quinquagenarius,
1629 2144 1791 2195 tanto
1822 2140 1928 2194 fer-

261 2228 430 2283 vebat
461 2226 664 2282 studio
696 2232 758 2281 ut.
789 2227 1120 2283 divinarum
1151 2227 1458 2284 lectionem
1490 2227 1926 2300 Scripturarum

265 2317 464 2372 Greco
517 2317 846 2372 addisceret
891 2315 1141 2387 eloquio.
1166 2317 1233 2371 Et
1277 2317 1556 2388 quoniam
1606 2316 1929 2372 viscenibus

261 2405 501 2478 pietatis
535 2410 592 2461 et
625 2404 1038 2460 misericordias
1087 2422 1266 2477 supra
1304 2423 1480 2477 quam
1529 2406 1683 2460 credi
1743 2409 1931 2475 potest

259 2495 569 2558 afﬂuebat,
598 2494 912 2548 innumera
931 2509 1258 2566 pauperum
1293 2493 1609 2548 multitudo
1641 2493 1930 2550 indefesse

258 2585 321 2639 ad
356 2585 495 2654 ejus
529 2581 858 2654 largitatem
908 2584 1274 2653 accurrebat,
1308 2582 1523 2654 quibus
1555 2582 1776 2654 absque
1806 2582 1930 2637 dis-

260 2673 521 2729 cretione
556 2671 891 2727 necessaria
927 2671 1320 2727 ministrabat.

320 2762 472 2818 Xlll.
497 2762 797 2832 Leprosum
818 2763 878 2816 in
900 2777 997 2816 suo
1021 2762 1159 2816 lecto
1174 2762 1416 2816 collocat.
1434 2763 1838 2818 Deemo-niacam
1865 2762 1931 2816 li-

258 2853 423 2907 berat.
451 2882 522 2892 —
541 2850 647 2904 His
676 2851 884 2922 itaque
910 2851 1022 2922 piis
1046 2851 1325 2906 insistens
1351 2851 1599 2916 actibus,
1623 2853 1760 2906 dum
1787 2867 1930 2922 quo-

256 2941 382 2995 dam
419 2955 558 2995 sero
585 2943 799 2994 cuncta
827 2940 956 3008 ejus
981 2939 1204 2994 familia
1232 2957 1409 2996 causa
1435 2941 1706 2995 nocturni
1742 2956 1930 2995 seces-

259 3029 430 3084 sisset
457 3027 717 3098 soporis,
745 3027 870 3099 ipse
893 3028 1104 3098 praevio
1129 3027 1352 3083 lumine
1373 3045 1505 3083 cum
1530 3045 1709 3100 puero
1731 3029 1931 3083 deam-

257 3115 498 3171 bulabat
520 3131 627 3186 per
645 3131 894 3170 vacuum
918 3115 1009 3170 sui
1034 3115 1234 3186 palatii
1265 3117 1545 3188 spatium,
1567 3116 1827 3187 viditque
1848 3117 1934 3170 in-

2036 2138 2342 2209 sanguine,
2376 2139 2544 2194 laetus
2603 2143 2765 2211 pater
2820 2156 2954 2195 cum
3004 2139 3222 2212 sospite
3269 2138 3390 2193 ﬁlia
3442 2139 3683 2195 domum

2035 2227 2353 2296 repedavit.
2385 2229 2628 2284 Possent
2677 2232 2872 2284 autem
2911 2230 2983 2284 de
3026 2229 3136 2284 hoc
3183 2231 3384 2284 sancto
3431 2227 3689 2301 plurima

2035 2315 2382 2370 admiranda
2443 2317 2672 2383 referri,
2733 2318 2834 2373 sed
2894 2317 3158 2373 studioso
3213 2321 3302 2372 est
3357 2317 3685 2374 cedendum

2036 2401 2257 2469 lectori,
2290 2404 2376 2458 vel
2426 2404 2727 2460 incredulo
2757 2405 3032 2471 auditori,
3065 2405 3314 2478 ideoque
3345 2405 3507 2461 brevi
3557 2406 3686 2477 ejus

2039 2497 2432 2548 memorantes
2477 2495 2816 2562 transitum,
2850 2495 3024 2550 ﬁnem
3076 2497 3261 2566 empto
3309 2493 3686 2566 imponamus

2039 2582 2194 2652 operi
2213 2627 2217 2630 .

2110 2669 2250 2725 XIV.
2284 2672 2482 2726 Incidit
2514 2675 2572 2726 in
2602 2673 2851 2728 morbum
2895 2672 3208 2728 Beneventi.
3245 2674 3467 2726 Romam
3516 2672 3685 2725 venit.

2038 2758 2335 2814 Deducitur
2363 2761 2432 2815 ad
2451 2763 2754 2816 oratorium
2782 2762 2958 2816 sancti
2983 2761 3154 2815 Petri.
3181 2759 3306 2815 Oleo
3325 2773 3481 2814 sacro
3509 2765 3563 2814 et
3583 2759 3689 2813 Eu-

2037 2848 2307 2903 charistia
2335 2852 2605 2904 munitur.
2633 2849 2773 2905 Obit.
2801 2846 3309 2920 Scpclitur.—-Boni
3340 2863 3476 2918 ergo
3508 2849 3687 2902 certa-

2042 2937 2217 2992 minis
2267 2955 2438 2993 cursu
2491 2941 2922 3004 consummato,
2958 2936 3370 2992 abundantiori
3422 2952 3686 3008 supernas

2039 3025 2418 3081 beatitudinis
2447 3027 2502 3080 in
2536 3027 2658 3082 dies
2689 3027 2973 3082 aestuabat
2991 3026 3298 3091 desiderio,
3323 3029 3380 3081 et
3399 3029 3686 3098 tanquam

2041 3129 2174 3168 cum
2205 3114 2384 3169 Paulo
2433 3115 2681 3170 diceret:
2716 3115 2852 3171 Mihi
2878 3115 3116 3170 mundus
3160 3113 3460 3183 cruciﬁxus
3505 3117 3604 3180 est,
3636 3117 3687 3168 et

260 3204 472 3277 angulo
504 3205 808 3275 jacentem
869 3203 1169 3275 leprosum
1216 3205 1422 3260 scissis
1473 3205 1804 3276 panniculis
1863 3221 1929 3260 ac
1961 3188 2002 3254 C
2036 3219 2130 3272 ego
2175 3203 2378 3258 mundo
2407 3203 2546 3274 (Gal.
2579 3222 2656 3269 v1,
2689 3205 2800 3275 14),
2835 3204 2919 3259 sic
2967 3203 3230 3259 funditus
3286 3202 3444 3258 curis
3501 3201 3682 3273 hujus

260 3290 562 3348 ulceribus
591 3292 872 3358 obsitum,
900 3292 1094 3348 lurida
1137 3293 1444 3364 putredine
1472 3293 1760 3358 tabidum,
1794 3292 1916 3364 qui,

263 3379 452 3434 nimia
497 3396 733 3450 pressus
774 3379 1137 3453 aegritudine,
1172 3381 1452 3453 nequibat
1498 3397 1766 3453 gressum
1800 3399 1920 3436 mo-

272 3483 402 3524 vere
432 3469 641 3540 vixque
688 3473 916 3541 poterat
965 3485 1034 3524 ex
1080 3471 1248 3525 effeto
1296 3487 1535 3541 corpore
1565 3471 1740 3525 verba
1788 3487 1919 3542 pro-

276 3557 437 3611 ferre.
472 3558 580 3615 Cui
611 3558 980 3614 venerandus
1011 3563 1174 3630 pater
1204 3559 1452 3630 genibus
1483 3559 1672 3612 afﬁxis
1704 3559 1804 3614 diu
1835 3562 1925 3614 est

268 3644 639 3701 familiariter
667 3645 917 3714 locutus,
943 3651 999 3702 et
1027 3647 1280 3718 propriis
1310 3647 1632 3702 involutum
1665 3647 1925 3702 vestibus

260 3735 384 3790 suis
415 3734 628 3789 intulit
669 3735 932 3791 humeris
965 3735 1036 3790 ad
1069 3736 1284 3792 lectum
1318 3736 1414 3808 qui
1448 3735 1556 3790 sibi
1603 3736 1924 3807 pontiﬁcali

260 3838 416 3879 more
454 3823 657 3878 fuerat
687 3827 1076 3895 praeparatus;
1105 3824 1575 3896 intrinsecusque
1598 3826 1800 3895 januis
1832 3826 1930 3880 ob-

253 3911 470 3966 aeratis
531 3927 600 3964 ac
663 3910 932 3967 ministro
965 3917 1256 3984 soporato,
1290 3913 1416 3983 ipse
1472 3912 1653 3968 solitae
1712 3913 1931 3968 institit

251 3999 608 4071 psalmodiis
638 3999 697 4054 in
744 4000 931 4055 vicino
964 4001 1240 4056 oratorio.
1276 4001 1520 4056 Demum
1577 4006 1712 4073 post
1742 4003 1928 4058 diuti-

250 4105 387 4144 nam
419 4090 645 4144 horam
685 4092 919 4144 assueto
971 4106 1083 4145 usu
1139 4089 1304 4144 humi
1355 4090 1678 4147 cubaturus
1735 4091 1927 4159 rediit,

249 4177 569 4250 leprosum
603 4193 783 4249 quem
832 4182 1125 4233 exstructo
1177 4177 1464 4234 locaverat
1516 4183 1639 4234 toro
1692 4179 1933 4235 minime

250 4267 516 4338 reperit,
577 4265 895 4321 excitatum
954 4282 1206 4338 puerum
1274 4267 1592 4340 interrogat
1649 4285 1934 4339 quorsum

256 4369 503 4427 pauper
553 4353 782 4408 abierit.
820 4353 920 4409 Ille
950 4355 1238 4410 attonitus
1284 4361 1525 4421 cunctos
1574 4356 1784 4411 circuit
1833 4373 1934 4411 an-

251 4443 428 4514 gulos
462 4442 716 4506 domus,
748 4443 1036 4498 ostiorum
1082 4443 1328 4499 sollicite
1369 4449 1556 4500 tentat
1586 4444 1800 4515 aditus,
1835 4445 1938 4501 sed

2026 3291 2156 3346 vitae
2209 3293 2453 3347 curabat
2499 3293 2932 3360 abrenuntiare,
2976 3296 3042 3348 ut
3088 3292 3148 3347 in
3197 3307 3438 3364 corpore
3488 3290 3680 3347 adhuc

2029 3381 2257 3452 positus
2287 3381 2580 3436 videretur
2619 3383 2848 3437 beatam
2899 3381 3173 3454 angelica:
3222 3380 3681 3437 conversationis

2032 3469 2344 3541 puritatem
2368 3486 2650 3524 exercere.
2667 3470 2773 3524 Pro
2794 3470 3205 3526 defunctorum
3224 3485 3458 3542 quoque
3479 3469 3682 3541 requie

2031 3558 2505 3630 incorruptorum
2554 3563 3055 3614 sacramentorum
3103 3557 3478 3614 eelebrationi
3509 3557 3681 3614 solito

2033 3647 2401 3718 frequentius
2440 3647 2798 3718 invigilabat.
2832 3648 2902 3702 Et
2944 3663 3282 3719 quanquam
3313 3647 3408 3702 hic
3437 3647 3603 3703 labor
3631 3646 3685 3701 ei
3764 3641 3768 3645 ’

2037 3736 2241 3791 luisset
2266 3735 2593 3807 praecipuus
2614 3740 2733 3791 toto
2755 3742 3014 3806 tempore
3031 3735 3122 3790 sui
3144 3734 3689 3802 incolatus,ferven-

2036 3825 2168 3880 tiori
2199 3830 2395 3880 tamen
2429 3824 2623 3879 studio
2663 3829 2721 3878 et
2759 3823 3080 3894 copiosiore
3125 3827 3392 3877 votorum
3441 3837 3688 3877 numero

2039 3914 2348 3968 insistebat
2377 3916 2494 3966 tam
2520 3912 2772 3984 glorioso
2795 3910 2953 3983 operi
2984 3911 3137 3966 circa
3157 3911 3310 3966 diem
3343 3910 3434 3966 sui
3467 3909 3685 3965 obitus.

2042 4003 2108 4057 Et
2125 4001 2401 4072 quoniam
2421 3999 2739 4054 divinitatis
2757 3999 3140 4071 providentia,
3154 4004 3281 4055 tum
3301 3997 3686 4072 indulgendo,

2041 4095 2167 4145 tum
2199 4089 2555 4144 verberando
2601 4093 2874 4160 operatur
2903 4088 3150 4145 salutem
3198 4088 3311 4143 sibi
3360 4089 3693 4160 obsequen-

2042 4179 2211 4245 tium,
2239 4178 2308 4233 ad
2338 4178 2573 4232 virtutis
2604 4177 2905 4232 cumulum
2929 4194 3064 4234 eum
3093 4179 3234 4234 adeo
3262 4176 3576 4251 ﬂagellavit
3607 4175 3691 4231 af-

2045 4267 2298 4322 flictione
2328 4265 2631 4322 salutifera
2661 4270 2745 4334 ut,
2770 4267 2996 4338 perdito
3018 4266 3210 4324 omnis
3241 4265 3354 4322 cibi
3383 4265 3694 4332 desiderio,

2045 4357 2354 4427 irrepentis
2377 4355 2562 4410 morbi
2596 4354 2760 4410 dolor
2779 4371 2912 4410 eum
2935 4355 3275 4411 continuare
3304 4356 3538 4426 cogeret
3567 4369 3695 4425 quas

2049 4443 2185 4499 olim
2209 4448 2414 4514 sponte
2435 4442 3200 4514 exercebatjejunia,solius
3222 4442 3471 4514 lympha
3493 4439 3700 4512 poculo

255 4532 465 4588 omnia
521 4531 834 4587 inveniens
881 4531 1172 4599 obserata,
1219 4549 1352 4586 cum
1402 4549 1638 4588 summa
1684 4535 1938 4590 admira—
1975 4556 2020 4620 Π
2053 4533 2310 4588 marcido
2362 4533 2584 4603 corpori
2651 4533 2944 4604 praebente
3003 4528 3418 4585 sustentacula.
3481 4529 3707 4582 Interea

255 4620 420 4677 tione
475 4620 836 4693 regreditur.
871 4620 990 4676 Hoc
1018 4636 1155 4693 ergo
1187 4620 1336 4676 facto
1369 4622 1641 4693 stupidus
1689 4624 1942 4679 domnus

258 4707 644 4781 apostolicus
692 4707 790 4762 dat
839 4708 996 4764 fessa
1048 4709 1379 4782 soporifera:
1430 4711 1610 4782 quieti
1661 4713 1942 4780 membra,

257 4803 316 4853 et
362 4799 584 4855 nescio
637 4797 780 4869 quid
829 4797 1014 4852 divini
1073 4797 1134 4852 in
1193 4799 1416 4855 somnis
1475 4817 1740 4868 cernens,
1775 4818 1947 4856 mane

259 4903 448 4957 puero
505 4901 650 4940 cum
705 4886 962 4942 terriﬁca
993 4886 1380 4943 admiratione
1419 4888 1667 4959 imperat
1717 4905 1788 4944 ne
1831 4890 1945 4958 cui,

262 4975 462 5046 quoad
523 4974 770 5041 viveret,
807 4973 928 5030 ullo
989 4976 1164 5030 modo
1223 4977 1501 5047 panderet
1537 4978 1692 5048 quod
1752 4983 1946 5033 actum

259 5065 481 5119 fuerat.
535 5063 743 5128 Credo,
797 5062 881 5117 illi
942 5063 1003 5118 in
1055 5064 1280 5119 somnis
1329 5065 1618 5130 Christus,
1669 5071 1732 5121 ut
1782 5068 1949 5122 beato

267 5151 540 5208 Martino
593 5151 877 5223 pontiﬁci,
912 5153 1041 5222 ejus
1075 5153 1318 5209 indutus
1348 5155 1609 5210 vestibus
1659 5155 1949 5226 apparuit,

261 5247 365 5296 aut
413 5240 592 5296 velut
641 5239 962 5311 Martyrius
1007 5242 1332 5296 monachus
1362 5243 1498 5314 (53),
1532 5243 1830 5314 leprosum
1883 5245 1953 5300 de

261 5331 392 5384 suis
426 5327 814 5384 exsilientem
867 5328 1026 5386 ulnis
1075 5330 1286 5386 cmlum
1337 5333 1651 5386 ascendere
1700 5333 1862 5397 vidit,
1897 5339 1955 5388 et

263 5433 455 5472 causa
512 5415 896 5485 humilitatis,
931 5433 1004 5472 ne
1049 5418 1159 5473 sibi
1205 5435 1308 5490 pro
1362 5418 1623 5473 humana
1669 5420 1844 5476 laude
1871 5420 1982 5486 vi;

2053 4621 2282 4678 evoluto
2314 4621 2450 4675 anni
2504 4621 2662 4686 orbe,
2699 4620 2954 4674 instabat
2985 4619 3111 4688 ejus
3159 4615 3542 4672 ordinationis
3580 4614 3708 4670 dies

2056 4710 2510 4773 anniversarius,
2564 4709 2621 4762 in
2684 4724 2799 4778 quo
2854 4705 3022 4762 solito
3081 4703 3343 4760 devotius
3391 4703 3709 4776 quotannis

2055 4801 2285 4857 Christo
2335 4799 2446 4872 piis
2487 4796 2794 4853 insistebat
2843 4795 3134 4866 precibus.
3189 4793 3464 4860 Quamvis
3511 4794 3711 4865 itaque

2057 4889 2358 4962 languoris
2388 4887 2750 4943 invalescens
2783 4883 3056 4941 molestia
3089 4883 3314 4957 fatigati
3337 4882 3550 4940 divinis
3580 4898 3714 4955 ope-

2057 4978 2221 5032 ribus
2260 4976 2520 5047 corporis
2568 4977 2684 5044 iam
2736 4971 3070 5029 debilitaret
3116 4973 3454 5046 pra’cordia,
3487 4972 3707 5045 Spiritu

2060 5071 2261 5121 sancto
2294 5069 2487 5119 tamen
2532 5064 2864 5132 roboratus,
2895 5079 2929 5118 a
2959 5079 3074 5134 quo
3116 5066 3273 5118 totus
3304 5064 3431 5134 ejus
3462 5062 3587 5116 vitas
3619 5059 3709 5114 di-

2061 5154 2358 5226 rigebatur
2413 5169 2644 5217 cursus,
2677 5169 2812 5208 cum
2871 5151 3201 5224 apostolicae
3259 5148 3559 5221 dignitatis
3606 5146 3710 5202 ho-

2063 5259 2202 5299 nore
2232 5260 2297 5297 eo
2338 5243 2429 5296 die
2480 5241 2792 5297 missarum
2843 5241 3145 5297 celebrans
3192 5235 3499 5303 solemnia,
3530 5238 3712 5288 Bene-

2062 5337 2364 5398 ventanos,
2398 5347 2532 5386 cum
2585 5331 2802 5402 quibus
2851 5335 2991 5383 tunc
3040 5324 3397 5389 morabatur,
3441 5320 3714 5393 gratiﬁc-ie

2066 5419 2422 5476 alfabilitatis
2453 5418 2795 5475 exhilaravit
2825 5416 3038 5471 laetitia.
3065 5416 3132 5469 Et
3159 5413 3268 5466 hoc
3300 5410 3408 5466 fuit
3437 5408 3715 5466 ultimum

335 5525 463 5602 (553)
499 5523 592 5578 De
621 5538 689 5602 eo
720 5523 844 5595 agit
873 5525 1082 5580 beatus
1113 5524 1427 5597 Gregorius
1457 5525 1703 5583 homilia
1731 5529 1800 5582 39
1830 5529 1889 5585 in
1912 5527 2244 5602 Evangelia.
2271 5528 2464 5583 Vitam
2496 5542 2630 5581 vero
2663 5524 2820 5579 illius
2850 5521 3084 5578 exhibet
3112 5517 3429 5578 Bollandus
3458 5520 3528 5576 ad
3562 5518 3715 5575 diem

277 5597 349 5652 23
384 5596 512 5652 Jan
523 5593 698 5651 uarii.
