4102 6174
466 355 588 418 803

1847 355 1911 418 S.
1957 354 2109 417 LEO
2153 351 2233 415 IX
2275 351 2499 415 PAPA.

3757 350 3872 416 504

465 493 528 551 in
560 488 772 551 divinis
819 489 1201 548 sacramentis
1247 487 1619 563 obsequium,
1649 487 1818 561 quasi
1871 486 2113 545 vivificis
2142 486 2199 555 Α
2229 489 2487 544 astantes
2517 484 2834 561 respiciens
2866 483 3116 562 singulis
3145 502 3250 561 pro
3284 482 3687 543 sibiexhibito
3713 485 3876 544 obse-

466 581 797 641 valedicens
836 581 1148 653 mysteriis,
1182 580 1396 653 quibus
1437 595 1669 651 semper
1699 594 1761 634 se
1791 579 2117 651 praebuerat

468 671 735 746 dignum.
769 669 1131 726 Certiﬁcatus
1162 672 1355 725 autem
1390 669 1461 724 de
1491 685 1613 723 suae
1651 668 1971 724 vocationis
2000 672 2114 724 ter-

466 761 648 830 mino,
696 760 942 816 Romam
986 774 1048 814 se
1093 757 1230 813 ferri
1280 757 1413 812 fecit
1460 757 1672 812 lecticae
1721 756 2003 813 vehiculo.
2053 758 2115 812 In

469 866 586 924 quo
613 849 822 905 itinere
854 848 939 903 sic
958 862 1092 903 eum
1127 846 1456 901 conciliavit
1476 845 1747 902 divinitas
1774 863 1891 901 non
1923 845 2114 902 solum

468 938 615 1007 suis,
635 952 837 994 verum
868 936 1045 992 etiam
1076 934 1168 991 his
1190 936 1290 1007 qui
1316 952 1504 1008 nuper
1525 935 1752 991 fuerant
1781 935 2026 1001 inimici,
2051 940 2117 991 ut

466 1027 703 1100 copiosa
733 1041 946 1082 manus
992 1025 1484 1091 Normannorum,
1511 1042 1659 1097 quos
1706 1042 1887 1097 supra
1915 1024 2115 1081 retuli-

465 1132 601 1173 mus
632 1116 733 1172 diu
764 1132 897 1172 cum
932 1116 1040 1171 hoc
1086 1116 1208 1171 viro
1256 1115 1534 1170 habuisse
1566 1114 1898 1183 dissidium,
1933 1115 2115 1171 totius

465 1206 647 1263 animi
678 1206 1082 1262 sincerissima
1112 1204 1414 1261 devotione
1452 1221 1514 1260 se
1558 1204 1804 1260 invicem
1836 1203 2115 1276 praeveni-

372 1325 380 1332 τ
463 1298 597 1352 rent
628 1296 698 1350 ad
729 1297 856 1366 ejus
896 1293 1266 1366 obsequium.
1299 1294 1369 1348 Et
1407 1293 1647 1349 decebat
1684 1293 1890 1365 utique
1921 1294 2114 1350 fortis-

464 1384 684 1441 simum
717 1383 1083 1439 defensorem
1115 1382 1454 1438 Christianae
1503 1381 1799 1455 religionis
1842 1386 1926 1449 ut,
1962 1383 2115 1455 regis

465 1471 558 1528 sui
608 1470 823 1528 Christi
881 1472 1149 1527 aditurus
1204 1470 1441 1543 palatia,
1490 1471 1876 1527 deduceretur
1932 1471 2114 1528 nobili

463 1560 765 1632 triumpho
809 1560 1084 1627 victorias,
1119 1564 1412 1632 praeeunte
1442 1560 1662 1616 scilicet
1700 1561 1961 1616 hostium
1988 1562 2115 1633 jam

466 1650 917 1723 subjugatorum
959 1650 1361 1705 mansuefacta
1399 1648 1796 1705 multitudine.
1830 1649 2116 1722 Aliquan-

464 1739 658 1795 tulum
712 1755 847 1812 ergo
899 1743 1296 1794 commoratus
1346 1738 1405 1792 in
1455 1739 1829 1795 Lateranensi
1879 1738 2114 1812 palatio,

464 1827 914 1901 praestolabatur
943 1816 1085 1901 quid
1118 1828 1187 1882 de
1219 1844 1281 1883 se
1310 1830 1594 1883 statueret
1644 1828 1859 1883 interni
1890 1828 2114 1885 Judicis

466 1915 928 1975 clementissima
984 1916 1311 1989 dispositio.
1367 1920 1579 1973 Beatus
1637 1921 1831 1973 autem
1890 1918 2116 1985 Petrus,

465 2024 581 2065 non
614 2008 927 2063 immemor
954 2006 1166 2062 diutini
1208 2006 1441 2062 sudoris
1474 2023 1587 2079 quo
1618 2006 1730 2062 sibi
1770 2007 1828 2062 in
1866 2008 2117 2079 regendo

465 2095 598 2153 ovili
632 2096 900 2153 Ecclesiae
942 2096 1209 2151 adfuerat
1256 2099 1592 2166 cooperator
1638 2085 1732 2150 liic
1761 2096 1850 2151 vir
1898 2113 2117 2152 memo-

465 2186 691 2255 rabilis,
723 2201 857 2241 eum
899 2186 1009 2239 sibi
1056 2184 1306 2239 vicinius
1355 2183 1697 2239 deliberavit
1743 2187 2116 2258 conjungere,

465 2277 668 2345 utpote
722 2273 1063 2344 participem
1111 2273 1378 2327 futurum
1431 2273 1725 2345 magniﬁci
1776 2275 2014 2331 honoris
2062 2280 2120 2331 et

465 2360 662 2435 gloriae
694 2378 871 2433 quam
905 2361 1120 2416 summi
1163 2361 1419 2418 Pastoris
1467 2366 1757 2434 praeeunte
1788 2365 1975 2435 gratia
2005 2365 2118 2420 Ito-

466 2466 653 2507 manae
711 2448 1030 2522 impertivit
1077 2450 1365 2507 Ecclesiae.
1409 2451 1614 2507 Divina
1660 2451 1859 2524 itaque
1903 2453 2115 2509 revela-

464 2539 622 2597 tione
653 2542 743 2596 est
789 2538 1028 2595 edoctus
1060 2540 1215 2612 quod
1251 2556 1366 2595 non
1415 2539 1561 2595 alias
1586 2557 1742 2596 cum
1793 2548 2119 2598 remaneret

466 2627 656 2686 carnis
703 2627 1004 2695 resolutio,
1038 2628 1151 2684 nisi
1209 2629 1269 2683 in
1318 2628 1461 2685 locis
1510 2629 1662 2685 beati
1712 2630 1861 2686 Petri
1907 2631 2116 2687 vicinis

464 2718 735 2776 oratorio.
768 2720 886 2774 Nec
929 2730 1136 2774 mora’:
1172 2718 1643 2791 gratulabundus
1681 2736 1859 2792 super
1902 2720 1999 2776 tali
2032 2721 2117 2777 vi-

467 2809 652 2879 sione,
707 2823 887 2879 seque
942 2806 1272 2879 intelligens
1329 2807 1543 2863 vocari'
1578 2806 1757 2864 divini
1815 2814 2116 2881 respectus

469 2896 865 2963 miseratione,
915 2896 1119 2952 lectica
1164 2896 1356 2952 denuo
1414 2896 1747 2965 subvectus,
1798 2898 2115 2955 oratorium

466 2985 623 3042 beati
653 2983 805 3041 Petri
834 2988 923 3040 est
952 2984 1273 3058 ingressus.
1310 2984 1393 3040 Ibi
1437 3002 1505 3041 ex
1538 2986 1654 3041 imo
1699 2986 1891 3043 cordis
1935 2987 2115 3044 fundo

462 3073 741 3148 lacrymis
772 3073 1278 3146 permanantibus,
1313 3074 1383 3128 ad
1430 3078 1611 3129 Deum
1663 3077 1976 3132 extendens
2007 3094 2116 3149 pu-

463 3178 594 3221 ram
638 3167 895 3220 mentem
953 3179 1085 3217 cum
1145 3162 1442 3229 manibus,
1476 3162 1808 3220 diutissime
1864 3165 2115 3222 clemen-

2225 576 2362 649 quio
2395 577 2614 649 gratias
2657 577 2873 645 retulit,
2906 578 3177 650 fessaque
3216 577 3483 634 membra
3508 576 3581 633 ad
3611 576 3873 649 requiem

2224 682 2581 739 componens
2611 665 2976 723 tolerabilius
3025 667 3195 724 solito
3244 681 3306 722 se
3354 665 3612 722 dolorem
3663 666 3877 723 sentire

2225 755 2545 827 perhibuit.
2577 755 2836 811 Credidit
2872 754 3380 813 circumstantium
3421 754 3683 811 ﬁdelium
3726 754 3875 811 mul-

2224 844 2416 901 titudo
2445 860 2579 901 mox
2608 860 2743 901 eum
2774 846 3186 918 depositurum
3219 844 3409 901 carnis
3454 845 3711 913 exuvias,
3746 861 3877 902 sus-

2225 933 2578 1006 piriosisque
2613 934 2976 1008 singultibus
3008 934 3400 1008 proficiscenti
3421 934 3629 991 animae
3653 950 3881 1008 compe-

2222 1026 2411 1080 tentes
2441 1022 2701 1080 solvebat
2747 1025 3076 1096 exsequias.
3110 1024 3369 1088 Quorum
3408 1039 3577 1080 voces
3624 1024 3879 1098 compri-

2224 1129 2391 1169 mens
2421 1113 2628 1169 beatus
2668 1113 2757 1169 vir
2788 1131 2801 1169 :
2832 1134 2860 1164 «
2892 1114 3030 1183 Hoc,
3067 1112 3280 1185 inquit,
3313 1113 3465 1183 quod
3498 1129 3656 1169 nunc
3685 1114 3879 1186 agitur

2224 1202 2451 1258 differte
2480 1202 2540 1257 in
2573 1203 2779 1258 horam
2809 1201 3038 1258 tertiam
3071 1201 3184 1258 diei
3216 1202 3506 1268 crastinas,
3534 1208 3876 1275 exspectan-

2224 1294 2311 1347 tes
2339 1291 2479 1364 quid
2509 1293 2580 1348 de
2611 1307 2704 1347 me
2753 1291 2978 1364 placeat
3025 1291 3457 1363 omnipotentiae
3505 1291 3627 1347 Dei.
3655 1314 3682 1341 ››
3715 1291 3877 1364 Vigi—

2225 1380 2458 1436 lantiori
2505 1380 2686 1453 igitur
2716 1380 3042 1446 affectione,
3076 1384 3306 1452 postero
3356 1379 3469 1446 die,
3502 1380 3691 1436 adfuit
3736 1380 3879 1437 hora

2222 1470 2397 1525 tertia
2425 1469 2661 1542 copiosa
2709 1468 2973 1525 fidelium
3021 1468 3376 1540 frequentia,
3404 1472 3463 1524 et
3490 1468 3645 1525 circa
3674 1469 3880 1525 horam

2224 1575 2461 1627 nonam,
2490 1557 2816 1614 resolutum
2845 1574 3019 1615 carne
3051 1558 3326 1631 Spiritum
3357 1557 3655 1631 cmlosque
3683 1562 3881 1632 peten-

2225 1652 2344 1704 tem
2411 1649 2708 1703 deducunt
2772 1646 3280 1703 commendatione
3326 1647 3725 1704 devotissima.
3785 1649 3884 1703 Af-

2228 1738 2442 1794 ﬂuente
2472 1740 2668 1792 autem
2703 1738 2883 1793 totius
2929 1737 3204 1792 Romanae
3244 1735 3432 1809 plebis
3480 1735 3881 1806 multitudine,

2150 1866 2198 1930 Β
2229 1843 2363 1882 cum
2396 1842 2629 1883 summo
2661 1826 2880 1882 honore
2909 1827 3037 1897 ejus
3068 1825 3374 1881 celebratae
3403 1829 3542 1882 sunt
3569 1826 3884 1898 exsequiae,

2228 1920 2305 1984 et,
2338 1915 2491 1971 sicut
2530 1916 2655 1987 ipse
2685 1915 3078 1987 disposuerat,
3112 1914 3376 1987 sepultus
3402 1918 3492 1970 est
3526 1916 3695 1986 juxta
3722 1915 3882 1971 beati

2228 2006 2522 2078 pontiﬁcis
2561 2004 2822 2077 Gregorii
2880 2004 3061 2060 altare
3122 2007 3255 2060 ante
3301 2005 3453 2060 fores
3499 2003 3777 2060 ecclesiae.
3812 2006 3890 2060 Et

2227 2095 2434 2150 merito
2466 2094 2524 2148 in
2569 2095 2774 2150 decore
2813 2092 3131 2166 sepulturae
3160 2092 3247 2148 illi
3297 2096 3487 2149 exstat
3533 2093 3886 2165 conjunctus

2228 2199 2402 2255 quem
2434 2183 2492 2238 in
2525 2183 2721 2238 divina
2769 2182 3050 2255 religione
3099 2199 3166 2239 ac
3212 2186 3425 2238 sanctae
3473 2181 3738 2239 Ecclesiae
3792 2183 3887 2238 in-

2229 2272 2589 2328 stauratione
2634 2275 2722 2328 est
2769 2271 3017 2328 fideliter
3044 2270 3331 2327 imitatus.
3363 2270 3545 2342 Cujus
3591 2271 3773 2327 vitam
3828 2276 3887 2327 et

2228 2362 2597 2417 sanctitatem
2629 2361 2872 2434 quidam
2921 2361 3078 2417 brevi
3118 2359 3372 2417 disticho
3405 2360 3490 2417 sic
3536 2364 3625 2418 est
3670 2376 3889 2433 prose-

2228 2453 2398 2506 cutus
2431 2468 2444 2506 :

2350 2602 2547 2653 Victrix
2576 2602 2741 2651 Roma
2772 2599 2916 2650 dolet
2944 2613 3088 2650 nono
3123 2600 3340 2663 viduata
3369 2602 3567 2663 Leone,

2412 2666 2485 2714 Ex
2514 2664 2698 2731 multis
2726 2663 2884 2714 talem
2918 2676 3029 2713 non
3059 2662 3169 2726 [al.,
3200 2664 3308 2725 vix]
3344 2662 3589 2714 habitura
3616 2664 3857 2714 Patrem.

2223 2807 2542 2879 Exemptus
2572 2810 2660 2863 est
2699 2809 2896 2862 autem
2924 2806 3019 2861 hic
3048 2805 3135 2862 vir
3185 2806 3534 2879 magnificus
3579 2807 3653 2863 ab
3701 2808 3888 2879 hujus

2223 2895 2351 2951 vitae
2400 2895 2723 2962 laboribus,
2769 2900 2934 2951 aetate
2983 2895 3551 2968 quinquagenarius,
3581 2912 3735 2952 anno
3785 2897 3888 2953 In-

2226 2984 2582 3041 carnationis
2638 2984 2950 3040 Dominicce
3019 2983 3330 3041 millesimo
3388 2985 3886 3059 quinquagesimo

2226 3074 2429 3145 quinto
2460 3074 2592 3145 (54),
2629 3075 2951 3129 Leucorum
2992 3073 3365 3146 episcopatus
3404 3073 3687 3147 vigesimo
3719 3080 3886 3132 octa-

2224 3179 2315 3233 vo,
2349 3162 2712 3234 apostolatus
2742 3166 2938 3218 autem
2968 3166 3148 3218 sexto.
3170 3162 3472 3235 Siquidem
3503 3163 3700 3219 Romae
3731 3164 3895 3227 sedit

463 3252 610 3309 tiam
639 3251 869 3308 Domini
902 3251 1140 3306 secretis
1187 3250 1469 3306 invocavit
1516 3252 1806 3322 precibus.
1838 3254 1980 3309 Dein
2012 3254 2114 3310 de-
2147 3237 2189 3303 C
2228 3253 2398 3308 annis
2420 3253 2697 3324 quinque,
2722 3252 2965 3323 adjectis
2987 3252 3220 3308 duobus
3249 3251 3552 3309 mensibus
3580 3257 3638 3309 et
3666 3270 3884 3310 novem

467 3341 623 3396 latus
662 3341 722 3394 in
763 3340 1016 3395 vicinam
1066 3338 1347 3410 episcopii
1399 3340 1660 3409 domum,
1709 3341 1979 3398 visitatus
2032 3346 2119 3399 est

436 3427 793 3501 ~frequentia
838 3426 1103 3482 ﬁdelium
1153 3444 1396 3482 summa:
1449 3427 1779 3485 dilectionis
1818 3432 2005 3501 gratia
2044 3433 2115 3487 ad

462 3535 599 3576 eum
639 3513 1081 3574 confluentium.
1116 3518 1373 3581 Quorum
1418 3515 1515 3588 pia
1566 3518 1952 3576 consideratio
1984 3538 2112 3593 per-

461 3609 725 3682 pendens
774 3623 889 3662 non
921 3604 1144 3660 diutius
1175 3621 1310 3660 eum
1365 3605 1734 3662 retinendum
1784 3610 1975 3665 carnis
2022 3628 2109 3667 er-

458 3696 691 3774 gastulo
722 3695 976 3751 decrevit
1016 3698 1099 3765 ut,
1135 3693 1412 3766 quoniam
1453 3694 1649 3766 plures
1679 3696 2106 3770 episcoporum,

458 3787 737 3844 abbatum
768 3787 1229 3856 caeterorumque
1260 3783 1519 3839 ﬁdelium
1552 3786 1949 3843 conﬂuxerant
1982 3792 2105 3845 tur-

455 3875 564 3949 bas,
596 3874 679 3930 eis
709 3873 1098 3945 prasentibus
1129 3873 1513 3945 inungeretur
1542 3874 1690 3929 sacri
1715 3874 1824 3930 olei
1856 3875 2101 3949 liquore.

454 3948 642 4035 Super
672 3979 785 4033 quo
833 3962 979 4018 facto
1028 3960 1386 4019 exhilaratus
1434 3979 1856 4036 usquequaque
1909 3948 2099 4024 muni-

456 4055 669 4122 tusque
724 4049 1009 4106 Dominici
1052 4050 1311 4122 corporis
1369 4054 1425 4106 et
1478 4052 1785 4125 sanguinis
1836 4071 2097 4111 commu-

455 4138 648 4207 nione,
682 4138 1000 4194 'l‘eutonica
1027 4137 1248 4210 lingua,
1275 4143 1340 4194 ut
1372 4140 1563 4195 testati
1594 4146 1737 4197 sunt
1766 4144 1866 4214 qui
1897 4145 2096 4201 adfue-

446 4231 611 4296 runt,
640 4226 740 4282 tali
772 4243 907 4282 cum
939 4226 1053 4282 Deo
1094 4226 1324 4283 locutus
1355 4232 1442 4283 est
1482 4228 1822 4285 orationem
1858 4232 2094 4289 Misera-

445 4321 536 4374 tor
583 4316 848 4383 Domine,
881 4315 1143 4372 omnium
1204 4316 1571 4387 Redemptor,
1608 4317 1779 4373 unica
1827 4320 2090 4392 salvatio,

443 4407 493 4465 si
518 4405 749 4479 judicas
777 4405 1041 4478 expedire
1074 4404 1258 4461 oculis
1298 4411 1411 4461 tua:
1457 4407 1779 4476 majestatis
1810 4413 1873 4463 ut
1904 4411 2091 4467 adhuc

440 4495 737 4554 communi
788 4494 1023 4551 utilitati
1068 4494 1417 4567 populorum
1464 4498 1699 4551 tuorum
1749 4495 2083 4570 inserviam,

2227 3341 2455 3409 diebus,
2488 3341 2730 3413 impleta
2757 3340 2978 3397 visione
3007 3356 3183 3413 quam
3215 3357 3395 3413 supra
3424 3342 3495 3397 de
3527 3341 3887 3400 revelatione

2226 3430 2473 3485 calicum
2506 3430 2836 3486 retulimus.
2861 3430 3009 3485 Nam
3037 3430 3300 3501 quinque
3330 3429 3551 3499 calices,
3575 3430 3627 3486 ei
3651 3449 3686 3486 a
3709 3432 3889 3489 beato

2223 3518 2390 3575 Petro
2450 3519 2662 3586 collati,
2704 3519 3019 3591 signabant
3068 3518 3504 3591 quinquennale
3559 3521 3689 3592 ejus
3750 3521 3888 3577 vita

2223 3608 2513 3680 spatium;
2539 3607 2748 3680 reliqui
2771 3612 2910 3675 tres,
2935 3608 3025 3663 sui
3049 3608 3406 3664 successoris
3426 3608 3677 3664 Victoris
3696 3610 3888 3666 trien-

2221 3698 2381 3751 nium
2408 3715 2420 3765 ;
2456 3713 2710 3768 sequens
2742 3714 2918 3764 unus,
2951 3697 3131 3753 beatae
3163 3689 3457 3752 memoriae
3489 3697 3783 3754 Frederici
3820 3699 3887 3755 in

2214 3785 2545 3858 apostolatu
2580 3787 2755 3843 unius
2786 3786 2921 3842 anni
2948 3803 3205 3843 cursum.
3228 3787 3335 3842 Sed
3364 3787 3644 3858 quoniam
3675 3787 3886 3846 adhuc

2215 3880 2439 3931 restant
2468 3874 2724 3947 plurima
2761 3876 2833 3931 ad
2887 3875 3201 3931 dicendum
3232 3891 3360 3947 quae
3410 3875 3483 3930 ad
3534 3875 3663 3946 ejus
3710 3879 3887 3932 tum-

2211 3963 2347 4019 bam
2380 3965 2533 4020 ﬁunt
2562 3965 2758 4019 divina
2788 3964 3002 4037 pietate
3042 3964 3344 4029 miracula,
3379 3964 3662 4020 Romanis
3693 3965 3887 4022 relin-

2212 4053 2450 4126 quimus
2487 4055 2796 4121 exaranda,
2832 4055 2890 4108 in
2921 4070 3174 4126 quorum
3225 4053 3428 4109 diatim
3478 4054 3892 4111 ostenduntur

2208 4143 2533 4214 praesentia.
2569 4143 2848 4199 Nostrum
2880 4148 2969 4200 est
3011 4145 3139 4215 ejus
3172 4143 3380 4198 merita
3420 4142 3646 4199 devotis
3678 4146 3887 4216 preci-

2205 4231 2318 4288 bus
2369 4249 2625 4301 exorare,
2657 4237 2722 4288 ut
2768 4233 2988 4288 viscera
3044 4230 3279 4305 pietatis
3326 4234 3383 4285 et
3426 4230 3889 4302 misericordia,

2205 4320 2421 4391 quibus
2449 4322 2506 4375 in
2541 4321 2813 4393 praesenti
2858 4320 3119 4377 abundat
3162 4319 3300 4387 vita,
3329 4336 3485 4376 nunc
3518 4319 3578 4375 in
3608 4337 3892 4393 superna

2201 4410 2427 4480 positus
2457 4410 2643 4482 gloria
2692 4410 2861 4466 nobis
2914 4411 3189 4481 dignetur
3238 4409 3494 4482 aperire;
3545 4413 3890 4481 quatenus,

2199 4500 2326 4571 ejus
2380 4504 2580 4555 sancto
2633 4499 2910 4571 sutfragio
2961 4499 3246 4555 scelerum
3298 4502 3640 4555 nostrorum
3695 4502 3894 4556 abru-

439 4602 685 4655 merear,
717 4601 837 4653 oro,
885 4583 1056 4639 celeri
1102 4582 1392 4644 medicina
1438 4589 1550 4638 tua:
1599 4585 1953 4643 visitationis
2001 4589 2087 4644 in-
2121 4604 2167 4668 Ι)
2199 4588 2314 4660 ptis
2355 4587 2619 4656 nexibus,
2654 4605 2918 4661 supernae
2969 4604 3302 4643 mereamur
3349 4603 3479 4643 esse
3540 4587 3893 4662 participes

437 4669 649 4731 stantis
696 4673 1059 4746 aegritudinis
1109 4674 1348 4729 evadere
1389 4673 1748 4744 molestiam;
1782 4676 1874 4732 sin
1927 4677 2085 4733 aliud

438 4761 659 4834 aliquid
704 4762 989 4817 deliberat
1033 4766 1145 4817 tuae
1199 4762 1519 4818 divinitatis
1570 4762 1952 4835 providentia,
1987 4768 2083 4822 de-

437 4866 658 4923 precor,
704 4849 967 4916 Domine,
1019 4855 1083 4906 ut
1133 4852 1482 4923 quantocius
1534 4853 1887 4909 concedatur
1940 4856 2085 4911 mihi

436 4938 592 4995 exire
632 4937 812 5010 hujus
861 4938 1120 5011 corporis
1170 4940 1523 4997 habitaculo.
1560 4941 1766 4999 Finitis
1813 4944 2085 5015 precibus

2197 4676 2416 4749 glorise,
2449 4693 2514 4733 eo
2547 4681 2839 4733 annuente
2871 4676 2972 4747 qui
3004 4677 3064 4731 in
3099 4675 3325 4732 sanctis
3356 4676 3481 4732 suis
3512 4675 3651 4732 facit
3683 4678 3894 4735 mira-

2197 4766 2357 4835 bilia,
2391 4784 2425 4822 a
2454 4765 2669 4838 quibus
2701 4765 2877 4821 etiam
2907 4765 3019 4821 sibi
3051 4770 3326 4822 cantatur
3353 4765 3484 4837 laus
3532 4768 3590 4822 et
3635 4769 3892 4838 gratia-

2196 4873 2327 4912 rum
2363 4855 2513 4912 actio
2545 4855 2605 4911 in
2637 4854 2849 4913 saecula
2878 4854 3248 4913 szsculorum.
3274 4857 3480 4911 Amen.

503 5092 862 5171 (54)_Omnes
892 5091 1131 5149 omnino
1163 5098 1430 5171 auctores
1460 5095 1643 5151 sancti
1679 5096 1885 5152 Leonis
1916 5096 2142 5155 obitum
2176 5099 2245 5155 ad
2280 5116 2500 5156 annum
2536 5100 2673 5155 1054
2703 5101 3003 5168 revocant;
3038 5102 3171 5171 post
3196 5098 3365 5170 cujus
3396 5100 3650 5155 mortem
3685 5100 3897 5159 sedes

438 5164 742 5224 anno'fere
773 5165 1002 5238 integro
1031 5166 1275 5222 vacavit.
