4102 6174
296 327 410 422 5m

1014 358 1347 422 PROLEG.
1374 393 1449 405 —-
1481 360 1584 422 DE
1627 362 1692 424 S.
1742 357 1997 422 LEONE
2040 355 2120 422 IX
2164 359 2283 421 PP.
2331 360 2982 429 COMMENTARIUS.

3581 378 3701 442 510

293 490 482 550 Nimis
512 468 683 567 turpe
713 496 820 563 est,
845 511 1023 567 quam
1042 494 1170 568 jam
1188 494 1413 552 dudum
1435 493 1796 563 dedisti,tam
1827 493 1940 552 cito
1972 496 2028 564 Α
2058 494 2319 554 nitatem.
2346 498 2619 557 Rusticus
2645 498 2884 573 quidam
2905 519 2974 560 ex
2999 504 3213 578 Oppido
3234 506 3697 583 Ordonum,cum

264 647 266 649 ,
297 588 526 639 mutare
555 585 1133 641 sententiam.«Tunc
1165 602 1320 640 unus
1350 585 1420 641 de
1451 584 1740 658 episcopis
1773 585 1939 654 adju-

294 689 429 728 rans
461 689 619 738 eum,
644 673 758 728 ait:
793 675 1163 742 «Quomodo,
1198 674 1497 740 scelerate,
1528 675 1812 746 scisquod
1846 675 1942 728 ho-

295 761 386 817 die
419 763 504 817 sis
531 762 602 816 ab
635 761 744 817 hac
776 763 1020 818 muliere
1047 764 1406 819 revocandus
1437 767 1494 818 et
1523 763 1886 834 ejiciendus?
1913 785 1940 812 ››

294 850 395 906 Cui
423 851 653 906 daemon
689 852 1021 922 respondit:
1048 854 1215 916 «Qua
1245 853 1757 924 hora,inqnit,heri
1795 853 1942 906 muti

294 938 562 1010 linguam
585 939 842 1004 resolvit,
884 956 1017 995 cum
1035 941 1229 997 Marco
1252 941 1451 1012 (55),et
1482 941 1776 998 Marciano
1809 942 1942 996 Fre—

297 1029 706 1100 quentinensis
747 1030 904 1084 sedis
926 1031 1198 1102 episcopo
1231 1033 1620 1086 Beneventum
1672 1031 1941 1103 perrexit,

296 1123 473 1190 atque
505 1119 727 1174 eisdem
760 1119 1178 1176 comitantibus
1208 1120 1477 1191 Apuliam
1509 1120 1796 1192 petens,in
1817 1119 1942 1175 loco

296 1225 410 1279 quo
433 1212 763 1280 pugnatum
796 1208 865 1262 ab
897 1225 963 1263 eo
1000 1209 1128 1280 jam
1161 1209 1351 1264 fuerat
1381 1226 1517 1264 cum
1550 1208 1805 1264 inimicis
1838 1209 1945 1262 de-

295 1297 664 1363 venit;nunc
697 1300 893 1352 autem
935 1297 1049 1352 huc
1081 1304 1352 1369 properat
1381 1303 1674 1369 quatenus
1699 1314 1789 1353 me
1809 1297 1944 1352 hinc

297 1385 510 1456 ejiciat.
535 1408 562 1433 »
594 1387 756 1440 'l‘unc
791 1387 1123 1458 episcopus,
1159 1387 1300 1441 nillil
1332 1387 1732 1442 indiscussum
1765 1386 1946 1442 relin-

298 1475 825 1547 quens,subjunxit
845 1493 893 1530 ειι
911 1475 1174 1539 Quonam
1191 1477 1370 1549 igitur
1385 1476 1766 1548 signoeo-rum
1788 1481 1946 1548 pote-

304 1564 376 1617 rit
406 1563 1241 1635 deprehendiadventus‘?»Cui
1267 1566 1493 1621 daimon
1512 1583 1524 1620 :
1541 1590 1568 1616 ‹‹
1594 1566 1656 1620 In
1681 1583 1750 1621 ea
1771 1582 1947 1636 quam

307 1652 376 1706 ad
411 1651 589 1707 altare
621 1653 872 1724 pendere
905 1653 1111 1708 videtis
1142 1653 1448 1726 lampade;
1476 1678 1502 1702 ››
1535 1660 1592 1709 et
1634 1653 1726 1708 bis
1775 1655 1947 1709 dictis

307 1741 600 1795 conticuit.
621 1742 958 1797 Transactis
991 1743 1188 1814 itaque
1218 1744 1470 1798 duarum
1506 1743 1620 1798 fere
1669 1743 1948 1798 horarum

307 1829 538 1901 spatiis,
572 1829 714 1884 odor
744 1831 929 1886 mirus
952 1831 1135 1885 factus
1157 1835 1244 1886 est
1268 1848 1368 1902 per
1400 1836 1580 1886 totam
1614 1832 1764 1886 beati
1798 1832 1948 1886 Petri

298 1917 628 1985 ecclesiam,
654 1935 740 1985 ac,
770 1917 1104 1974 videntibus
1135 1921 1382 1985 cunctis,
1441 1925 1951 1992 supramemorata

294 2007 524 2080 lampas
559 2007 739 2064 altius
763 2007 934 2064 solito
963 2027 1029 2064 ex
1063 2027 1123 2064 se
1155 2011 1468 2065 ascendere
1499 2008 1693 2081 erepit,
1720 2015 1778 2065 et
1804 2010 1860 2064 in
1884 2026 1952 2064 ea

293 2098 404 2152 tria
436 2096 761 2152 luminaria
791 2103 1188 2169 apparuerunt
1221 2098 1444 2154 ardere.
1470 2100 1590 2164 Quo
1623 2098 1792 2164 facto,
1837 2099 1949 2152 da:-

296 2203 431 2242 mon
466 2185 700 2258 ejulans
732 2185 1037 2242 mulierem
1071 2186 1496 2259 aliquantisper
1528 2203 1730 2242 vexare
1758 2187 1947 2258 coepit,

296 2280 367 2341 et,
404 2279 476 2330 ut
506 2275 871 2348 praedixerat,
933 2276 1274 2332 adveniente
1305 2279 1508 2342 Leone,
1564 2293 1738 2331 suum
1771 2276 1829 2330 in
1889 2293 1950 2331 se

297 2370 646 2437 retorquens
678 2367 928 2420 furorem
964 2383 1254 2437 nusquam
1287 2365 1634 2437 comparuit.

359 2456 489 2511 VII.
523 2455 762 2510 Ecclesia
791 2456 848 2509 in
878 2457 994 2527 ejus
1025 2455 1282 2511 honorem
1311 2457 1623 2510 Beneventi.
1658 2486 1724 2494 —
1758 2455 1950 2525 Longe

295 2545 500 2617 itaque
530 2543 830 2616 divulgata
856 2546 1007 2600 fama
1034 2544 1451 2600 miraculorum
1479 2543 1801 2600 beatissimi
1822 2545 1952 2598 Leo-

296 2635 414 2701 nis,
452 2634 760 2688 Beneventi
786 2638 972 2706 coepta
997 2639 1086 2689 est
1117 2633 1390 2689 mdilicari
1410 2635 1480 2688 ad
1514 2634 1643 2704 ejus
1667 2633 1949 2688 honorem

293 2721 549 2778 ecclesia
579 2723 690 2793 (56)
733 2727 796 2777 ut
827 2739 1000 2794 quem
1052 2722 1439 2778 Beneventani
1471 2722 1623 2777 cives
1681 2723 1876 2776 vivum
1918 2741 1952 2778 a

292 2811 656 2867 Normannis
676 2827 903 2867 carcere
935 2813 1234 2868 detentum
1259 2818 1625 2883 aspexerant,
1645 2813 1769 2883 jam
1796 2828 1950 2866 mor-

294 2905 467 2956 tuum
506 2905 562 2956 et
593 2901 799 2972 spatiis
826 2901 1158 2956 ccelcstibus
1181 2902 1576 2973 perfruentem
1608 2917 1950 2955 veneraren-

297 2995 408 3045 tur.
445 2992 677 3046 Interea
706 2991 1001 3046 acciditut
1028 2989 1302 3046 Nicolaus
1335 2989 1576 3062 quidam
1608 2991 1678 3045 de
1711 2989 1949 3044 castello

297 3079 661 3149 Molliniana,
697 3084 752 3135 et
782 3080 1072 3136 Berardus
1101 3081 1171 3136 de
1200 3079 1326 3135 loco
1374 3079 1634 3147 Carrara,
1697 3096 1947 3150 quorum

305 3170 449 3224 alter
481 3169 706 3241 perdito
738 3168 972 3223 brachio
1003 3169 1223 3234 dextro,
1249 3167 1510 3223 retractis
1541 3167 1862 3238 poplitibus
1894 3169 1951 3221 et

2056 586 2386 644 annualiter
2406 589 2590 646 votive
2615 591 2827 647 festum
2848 593 3003 651 beati
3026 595 3232 652 Leonis
3252 600 3698 669 excoleret,con-

2053 676 2184 748 tigit
2217 682 2273 731 ut
2309 695 2421 748 prce
2451 679 2634 736 nimia
2677 683 3056 752 oppressione
3108 686 3376 745 laborum
3435 707 3584 763 quos
3641 695 3699 750 in

2055 781 2194 837 agro
2226 767 2483 838 gerebat,
2510 768 2601 823 die
2636 771 2955 838 Dominico,
3011 777 3242 845 quando
3293 778 3440 834 festa
3472 796 3701 837 annun-

2054 854 2279 909 tiantur
2311 856 2548 928 populo,
2575 859 2815 914 minime
2838 861 3141 918 ecclesiam
3166 865 3407 922 adierat.
3434 869 3571 924 Erat
3599 888 3702 926 au-

2055 947 2169 998 tem
2205 935 2328 999 dies
2363 945 2545 1001 festus
2576 949 2760 1003 sancti
2814 950 3018 1006 Leonis
3050 952 3109 1007 in
3151 954 3356 1026 quinta
3410 959 3552 1015 feria
3613 979 3702 1016 se-

2056 1033 2281 1103 quenti,
2312 1036 2465 1105 quod
2498 1037 2770 1118 praedicto
2803 1040 3020 1096 rustico
3051 1047 3172 1097 erat
3197 1043 3582 1117 incognitum.
3607 1049 3705 1106 Ille

2055 1122 2252 1192 itaque
2272 1122 2436 1178 valde
2470 1141 2640 1180 mane
2671 1143 2939 1200 surgens,
2973 1132 3229 1202 sumpsit
3267 1151 3464 1191 secum
3519 1155 3702 1194 unum

2057 1211 2370 1280 puerulum
2395 1229 2570 1284 quem
2593 1214 2778 1269 {ilium
2802 1217 3035 1272 unicum
3063 1219 3333 1288 habebat,
3363 1227 3418 1279 et
3439 1241 3700 1283 securem

2058 1305 2431 1371 rostrumque
2465 1303 2779 1357 fussorium
2817 1322 2950 1360 mox
2984 1314 3043 1360 ut
3073 1310 3356 1378 applicuit
3387 1331 3491 1368 suo
3541 1333 3703 1387 agro,

2058 1387 2283 1442 dimisit
2316 1390 2658 1458 praedictum
2692 1393 3001 1464 puerulum
3028 1397 3213 1453 [illum
3239 1418 3410 1455 suum
3437 1404 3507 1457 ad
3534 1407 3708 1460 sarci-

2061 1493 2235 1544 nam;
2270 1477 2366 1534 ille
2390 1496 2520 1535 vero
2553 1481 2748 1535 fodere
2793 1483 2962 1538 anxie
3011 1487 3183 1556 cmpit
3218 1504 3230 1553 ;
3281 1505 3350 1542 ex
3380 1489 3497 1545 alia
3545 1504 3708 1563 parte

2057 1563 2235 1636 lupus
2253 1583 2350 1622 ore
2364 1573 2562 1639 aperto
2581 1569 2912 1626 tulitﬁlium
2931 1574 3057 1643 ejus
3078 1574 3388 1645 puerulum
3415 1583 3475 1634 et
3506 1580 3706 1653 fugam

2059 1655 2326 1725 arripuit.
2363 1657 2526 1722 Quod
2559 1674 2592 1711 a
2620 1658 2790 1730 longe
2821 1676 3065 1716 cernens
3097 1669 3280 1732 pater,
3314 1683 3547 1724 currere
3577 1675 3712 1742 post

2061 1742 2266 1814 lupum
2285 1745 2480 1816 cwpit,
2503 1745 2622 1800 haec
2645 1747 3011 1803 clamitauszu
3038 1751 3080 1804 Ο
3108 1758 3308 1808 sancte
3327 1756 3710 1828 Leo,patrone

2064 1833 2168 1899 mi,
2200 1833 2412 1904 adjuva
2444 1851 2536 1888 me
2563 1835 2796 1889 nuncin
2825 1839 3091 1906 praesenti
3121 1845 3177 1893 et
3200 1841 3373 1898 redde
3399 1845 3544 1900 mibi
3580 1848 3708 1902 uni-

2061 1937 2195 1975 cum
2222 1921 2408 1976 lilium
2433 1939 2624 1976 meum
2639 1965 2650 1976 .
2663 1946 2688 1970 ››
2711 1926 2846 1986 Quae
2862 1924 2952 1978 vix
2970 1923 3199 1982 locutus
3217 1928 3565 1997 fuerat,cum
3578 1951 3710 1991 ecce

2059 2009 2236 2082 lupus
2257 2011 2482 2066 dimisit
2512 2029 2759 2083 puerum
2792 2013 2873 2067 ita
2905 2013 3152 2070 illaesum
3180 2022 3242 2072 ut
3268 2017 3324 2072 in
3341 2019 3710 2080 vestimentis

2057 2115 2161 2154 nec
2183 2099 2494 2171 vestigium
2520 2099 2758 2171 quidem
2783 2109 3089 2174 appareret
3107 2105 3376 2162 dentium
3399 2108 3522 2182 lupi
3549 2112 3608 2166 in
3641 2129 3709 2169 ea

2062 2193 2223 2258 parte
2253 2205 2369 2260 qua
2399 2205 2533 2244 eum
2571 2188 2747 2262 lupus
2776 2190 3119 2262 arripuerat.
3177 2193 3464 2253 Reversus
3513 2200 3710 2273 itaque

2059 2277 2313 2332 rusticus
2345 2278 2415 2332 ad
2445 2279 2750 2349 oppidum,
2773 2278 2891 2334 huic
2909 2298 3108 2338 omnia
3132 2286 3705 2352 narravit,sentiens-

2055 2382 2169 2435 que
2198 2382 2327 2420 eam
2363 2366 2550 2437 ipsam
2583 2367 2736 2421 diem
2767 2384 2896 2423 esse
2929 2370 3357 2429 aniversariam
3387 2375 3446 2430 in
3486 2394 3705 2435 memo-

2059 2452 2204 2508 riam
2238 2453 2389 2509 beati
2424 2455 2648 2522 Leonis,
2683 2472 2828 2511 novo
2859 2473 2920 2512 se
2951 2459 3222 2516 astrinxit
3264 2469 3393 2518 voto
3451 2465 3523 2520 ad
3578 2484 3707 2524 eam

2060 2544 2378 2614 quotannis
2399 2543 2740 2600 solemniter
2760 2547 3204 2604 custodiendam
3230 2569 3242 2617 ;
3269 2554 3470 2625 sicque
3490 2557 3706 2614 nedum

2058 2633 2386 2700 Beneventi,
2420 2633 2520 2689 sed
2555 2650 2656 2705 per
2686 2640 2867 2691 totam
2900 2637 3120 2708 Apuliae
3153 2656 3333 2705 oram,
3367 2633 3703 2701 celeberri-

2061 2739 2226 2776 mum
2257 2721 2438 2777 evasit
2470 2723 2676 2778 Leonis
2709 2740 2942 2789 nomen,
2981 2731 3093 2780 Deo
3126 2727 3210 2781 sic
3241 2729 3586 2798 disponente
3646 2741 3709 2790 ut

2059 2810 2154 2864 bis
2182 2809 2240 2864 in
2272 2810 2490 2865 eisdem
2526 2810 2671 2866 locis
2705 2812 2762 2866 in
2803 2813 3038 2882 quibus,
3094 2815 3296 2885 paucis
3343 2823 3478 2874 ante
3535 2823 3707 2879 annis

2061 2898 2365 2970 proﬂigato
2391 2899 2518 2969 ejus
2549 2904 2606 2954 et
2639 2900 2901 2955 Ecclesia:
2933 2903 3207 2971 exercitu,
3270 2905 3394 2978 ipse
3443 2911 3708 2982 captivus

2060 2987 2333 3042 detentus
2363 2988 2573 3052 fuerat,
2607 2990 3006 3059 postmodum,
3039 2990 3348 3063 ingruente
3391 2997 3708 3056 miraculo-

2059 3093 2192 3130 rum
2222 3076 2352 3145 ejus
2381 3076 2556 3143 fama,
2591 3077 2768 3132 iidem
2802 3078 2900 3149 qui
2933 3080 3213 3137 adversus
3243 3101 3376 3140 eum
3428 3092 3710 3146 steterant

2057 3163 2114 3218 in
2141 3164 2335 3236 praelia
2367 3163 2666 3237 supplices
2697 3172 2753 3221 et
2781 3169 3176 3224 venerabundi
3209 3174 3336 3242 ejus
3360 3177 3703 3234 memoriam

303 3239 525 3320 nervis,
556 3256 702 3312 alter
732 3274 862 3312 vero
896 3257 1080 3330 frigus
1112 3262 1169 3312 et
1199 3257 1409 3312 febrim
1428 3273 1615 3327 usque
1642 3249 1948 3326 ad'dysen-
1982 3239 2025 3305 C
2065 3252 2410 3320 excolerent,
2443 3259 2499 3308 et
2534 3254 2722 3326 magis
2751 3273 2817 3310 ac
2850 3257 3041 3330 magis
3066 3275 3204 3331 erga
3221 3239 3483 3325 sanctam
3510 3265 3705 3322 Eccle-

203 3361 216 3372 ·
306 3347 523 3400 teriam
551 3364 754 3418 passus
780 3365 793 3414 ;
827 3363 962 3402 cum
984 3353 1224 3418 uterque
1243 3363 1306 3401 se
1328 3346 1550 3401 deferre
1578 3345 1851 3400 fecissent
1876 3345 1949 3398 ad

313 3434 640 3505 praedictam
670 3435 977 3491 ecclesiam
1001 3454 1127 3508 quae
1151 3435 1599 3491 construebatur
1620 3433 1949 3498 Beneventi,

312 3521 461 3579 illico
493 3524 994 3597 omniumjudicio
1020 3525 1390 3597 desperatam
1413 3526 1834 3594 recuperarunt
1858 3539 1950 3577 sa-

367 3669 482 3738 (55)
503 3668 736 3723 Marcus
763 3667 1074 3739 episcopus
1096 3665 1481 3722 Lucernensis
1522 3664 1734 3739 colitur
1763 3664 1950 3739 diem

290 3736 478 3807 Junii,
514 3744 573 3794 et
603 3736 936 3795 Marcianus
962 3736 1275 3810 episcopus
1311 3736 1951 3810 Frequentinus,vulgo

287 3813 577 3880 Frigento,
608 3812 702 3866 die
735 3813 798 3865 14
829 3809 1281 3881 δυιίἰζυῐιυωίυο
1310 3809 1430 3864 ἱ]ωο
1464 3809 1633 3864 sedes
1691 3821 1780 3863 est.
1839 3809 1950 3862 sub

285 3881 703 3939 Beneventana
734 3882 1062 3955 metropoli.

2062 3341 2208 3397 siam
2243 3342 2442 3398 fideles
2473 3358 2535 3398 se
2561 3349 2905 3414 praestarent
2934 3347 3005 3400 ad
3053 3345 3288 3404 laudem
3347 3355 3404 3406 et
3459 3352 3706 3425 gloriam

2061 3431 2480 3504 omnipotentis
2511 3433 2630 3500 Dei,
2656 3435 2827 3502 cujus
2859 3452 3069 3491 nomen
3104 3454 3202 3508 per
3229 3445 3438 3495 cuneta
3493 3445 3706 3500 saecula

2062 3519 2139 3575 sit
2168 3521 2563 3577 benedictum.
2599 3528 2799 3578 Anien.

2132 3665 2241 3735 (56)
2271 3663 2604 3718 \Valderius
2628 3669 2763 3719 tunc
2797 3665 3207 3722 Beneventanae
3237 3671 3504 3726 Ecclesiae
3562 3690 3704 3735 prae-

2062 3741 2203 3796 erat,
2223 3753 2376 3790 anno
2395 3739 2553 3801 1053,
2581 3738 2654 3791 ab
2679 3737 2805 3808 ipso
2833 3739 3376 3807 Leone,uttestatur
3400 3737 3699 3813 Ughellus,

2061 3813 2456 3863 consecratus.

281 4027 3704 4054 ἡ

1101 4180 1269 4281 DE

1406 4175 1984 4282 SANCTO

2131 4174 2608 4280 lEONE
2753 4176 2955 4280 IX-

1590 4370 2006 4431 PON'I‘IFICE
2061 4369 2392 4430 ROMANO

1321 4542 2668 4684 COMMENTARIUS.

1195 4773 1382 4846 (Apud
1414 4770 1676 4828 Bolland.
1709 4771 1838 4826 Acta
1864 4770 1959 4826 SS.
1992 4771 2219 4842 Aprilis,
2257 4773 2400 4826 tom.
2433 4769 2502 4838 II,
2537 4769 2630 4825 die
2672 4771 2784 4840 19.)

1820 4921 2183 4934 —

309 5047 338 5111 ᾗ
372 5045 418 5098 I.
451 5043 581 5100 Acta
615 5046 772 5100 varia
801 5047 1026 5115 scripta,
1060 5043 1334 5098 veneratio
1363 5057 1520 5096 sacra
1540 5059 1558 5096 :
1591 5042 1857 5112 retiquize.

339 5136 389 5187 1.
430 5133 727 5188 Saeculum
760 5133 976 5189 Christi
1012 5130 1388 5186 undecimum
1448 5129 1763 5185 illustravit
1794 5131 1929 5184 doe-

252 5223 417 5278 trina
454 5227 512 5278 et
551 5223 862 5279 sanctitate
890 5223 999 5278 Leo
1032 5222 1188 5293 Papa
1212 5236 1427 5286 nonus,
1453 5224 1587 5274 ante
1610 5219 1916 5274 Pontifica-

249 5315 385 5366 tum
427 5312 766 5368 Romanum
793 5312 1116 5383 Episcopus
1147 5307 1440 5364 Tullensis
1469 5309 1579 5363 sub
1614 5307 1916 5379 Metropoli

247 5401 596 5456 Trevircnri
627 5401 685 5456 in
721 5400 952 5473 Belgica
986 5399 1197 5472 prima,
1233 5397 1427 5452 Bruno
1460 5397 1806 5469 appellatus,
1850 5415 1918 5452 ex

247 5489 639 5545 nobilissima
659 5487 1098 5562 Dapsburgensi
1114 5486 1172 5542 in
1187 5485 1408 5542 Alsatia
1427 5485 1650 5541 familia
1672 5503 1918 5558 progna-

245 5581 367 5635 tus.
389 5579 514 5634 Res
533 5579 661 5650 ejus
683 5583 880 5652 gestas
909 5577 1075 5633 libris
1098 5577 1327 5632 duobus
1350 5575 1658 5631 distinctas
1686 5575 1920 5647 scripsit

243 5666 589 5738 Wibertus,
617 5667 747 5739 ejus
779 5668 933 5740 apud
967 5665 1273 5723 Tullenses
1301 5664 1784 5735 Archidiaconus,
1819 5665 1918 5737 qui

1949 5043 1997 5108 D
2030 5039 2089 5094 in
2121 5040 2366 5112 prologo
2398 5040 2676 5111 praefatur
2714 5061 2742 5090 ι(
2765 5057 2828 5096 se
2861 5041 2932 5097 de
2969 5047 3131 5099 tanto
3162 5044 3414 5102 Praasule
3435 5063 3549 5101 non
3581 5050 3700 5100 tam

2040 5126 2242 5182 audita
2271 5144 2450 5199 quam
2485 5127 2628 5197 visa,
2662 5129 2733 5182 ad
2796 5129 3254 5186 aedificationem
3315 5132 3704 5202 plurimorum

2027 5217 2688 5289 transcribere;«utpote
2706 5234 2881 5288 quem
2892 5219 3140 5290 nbenign
3154 5221 3196 5273 it
3210 5237 3274 5273 as
3288 5219 3474 5288 ipsius
3494 5217 3698 5288 digna_

2025 5309 2086 5360 ta
2115 5305 2926 5378 estfamiliariussibijugiter
2953 5306 3440 5368 assistere.»Qua2
3461 5305 3694 5365 vultau-

2027 5400 2150 5449 ctor
2177 5393 2424 5467 intelligi
2444 5396 2514 5450 de
2532 5397 2712 5451 rebus
2738 5397 2866 5465 ejus
2891 5401 3027 5450 ante
3055 5394 3471 5450 Pontiﬁcatum
3499 5395 3707 5451 Roma-

2027 5500 2171 5538 num
2198 5484 2254 5538 in
2277 5484 2598 5555 juventute
2639 5491 2694 5538 et
2729 5485 3074 5553 Episcopatu
3109 5481 3370 5538 Tulle-nsi
3415 5485 3617 5556 gestis,
3650 5490 3707 5540 et

2029 5573 2179 5628 libro
2219 5574 2408 5647 priore
2467 5573 2784 5637 indicatis;
2820 5587 2969 5642 quas
3002 5570 3238 5641 scripsit
3267 5589 3400 5628 cum
3461 5575 3584 5646 ipse
3643 5574 3701 5627 in

2031 5664 2096 5723 .P
2120 5665 2430 5721 ontilicatu
2456 5663 2716 5720 Romano
2744 5659 2936 5718 adhuc
2966 5659 3408 5730 vive1et,volens
3429 5667 3569 5720 tunc
3589 5660 3704 5719 scri
