  <div class='ocr_page' id='page_1' title='image "/cluster/home/n/w/nwhite01/storage/ocr_20150623/143/hvd.32044054760038/263.png"; bbox 0 0 4102 6174; ppageno 0'>
   <div class='ocr_carea' id='block_1_1' title="bbox 435 277 549 352">
    <p class='ocr_par' dir='ltr' id='par_1_1' title="bbox 435 277 549 352">
     <span class='ocr_line' id='line_1_1' title="bbox 435 277 549 352; baseline -0.018 0"><span class='ocrx_word' id='word_1_1' title='bbox 435 277 549 352; x_wconf 66' lang='lat' dir='ltr'>till</span> 
     </span>
    </p>
   </div>
   <div class='ocr_carea' id='block_1_2' title="bbox 1842 287 2501 353">
    <p class='ocr_par' dir='ltr' id='par_1_2' title="bbox 1842 287 2501 353">
     <span class='ocr_line' id='line_1_2' title="bbox 1842 287 2501 353; baseline 0.002 -3"><span class='ocrx_word' id='word_1_2' title='bbox 1842 289 1906 350; x_wconf 91' lang='lat' dir='ltr'>S.</span> <span class='ocrx_word' id='word_1_3' title='bbox 1954 287 2105 352; x_wconf 66' lang='grc' dir='ltr'>Ι.Εο</span> <span class='ocrx_word' id='word_1_4' title='bbox 2146 287 2227 352; x_wconf 84' lang='lat' dir='ltr'>IX</span> <span class='ocrx_word' id='word_1_5' title='bbox 2269 288 2501 353; x_wconf 83' lang='lat' dir='ltr'>PAPA.</span> 
     </span>
    </p>
   </div>
   <div class='ocr_carea' id='block_1_3' title="bbox 3718 293 3834 358">
    <p class='ocr_par' dir='ltr' id='par_1_3' title="bbox 3718 293 3834 358">
     <span class='ocr_line' id='line_1_3' title="bbox 3718 293 3834 358; baseline 0.009 -2"><span class='ocrx_word' id='word_1_6' title='bbox 3718 293 3834 358; x_wconf 69' lang='grc' dir='ltr'><strong><em>ΜΞ</em></strong></span> 
     </span>
    </p>
   </div>
   <div class='ocr_carea' id='block_1_4' title="bbox 437 405 3837 500">
    <p class='ocr_par' dir='ltr' id='par_1_4' title="bbox 437 405 3837 500">
     <span class='ocr_line' id='line_1_4' title="bbox 437 405 3837 500; baseline 0.001 -14"><span class='ocrx_word' id='word_1_7' title='bbox 437 430 629 486; x_wconf 86' lang='lat' dir='ltr'>benda</span> <span class='ocrx_word' id='word_1_8' title='bbox 649 405 928 486; x_wconf 83' lang='lat' dir='ltr'>Romanis</span> <span class='ocrx_word' id='word_1_9' title='bbox 948 425 1275 500; x_wconf 82' lang='lat' dir='ltr'>relinquere</span> <span class='ocrx_word' id='word_1_10' title='bbox 1301 441 1428 498; x_wconf 81' lang='lat' dir='ltr'>quae</span> <span class='ocrx_word' id='word_1_11' title='bbox 1449 421 1581 482; x_wconf 87' lang='lat' dir='ltr'>dein</span> <span class='ocrx_word' id='word_1_12' title='bbox 1605 423 1760 496; x_wconf 89' lang='lat' dir='ltr'>Papa</span> <span class='ocrx_word' id='word_1_13' title='bbox 1779 423 2079 484; x_wconf 85' lang='lat' dir='ltr'>Romanus</span> <span class='ocrx_word' id='word_1_14' title='bbox 2108 423 2167 493; x_wconf 84' lang='grc' dir='ltr'><strong>Α</strong></span> <span class='ocrx_word' id='word_1_15' title='bbox 2193 424 2340 483; x_wconf 87' lang='lat' dir='ltr'>Sunt</span> <span class='ocrx_word' id='word_1_16' title='bbox 2362 441 2430 484; x_wconf 91' lang='lat' dir='ltr'>ea</span> <span class='ocrx_word' id='word_1_17' title='bbox 2449 425 2647 485; x_wconf 85' lang='lat' dir='ltr'>omnia</span> <span class='ocrx_word' id='word_1_18' title='bbox 2666 426 2725 486; x_wconf 89' lang='lat' dir='ltr'>in</span> <span class='ocrx_word' id='word_1_19' title='bbox 2746 425 2924 486; x_wconf 88' lang='lat' dir='ltr'>tomis</span> <span class='ocrx_word' id='word_1_20' title='bbox 2943 425 3334 487; x_wconf 88' lang='lat' dir='ltr'>Conciliorum</span> <span class='ocrx_word' id='word_1_21' title='bbox 3352 427 3837 491; x_wconf 79' lang='lat' dir='ltr'>editasubtitulo</span> 
     </span>
    </p>
   </div>
   <div class='ocr_carea' id='block_1_5' title="bbox 435 515 2080 598">
    <p class='ocr_par' dir='ltr' id='par_1_5' title="bbox 435 515 2080 598">
     <span class='ocr_line' id='line_1_5' title="bbox 435 515 2080 598; baseline -0.005 -18"><span class='ocrx_word' id='word_1_22' title='bbox 435 523 573 598; x_wconf 85' lang='lat' dir='ltr'>egit.</span> <span class='ocrx_word' id='word_1_23' title='bbox 603 524 836 585; x_wconf 90' lang='lat' dir='ltr'>Verum,</span> <span class='ocrx_word' id='word_1_24' title='bbox 869 523 1093 576; x_wconf 90' lang='lat' dir='ltr'>mutato</span> <span class='ocrx_word' id='word_1_25' title='bbox 1124 517 1389 588; x_wconf 89' lang='lat' dir='ltr'>consilio,</span> <span class='ocrx_word' id='word_1_26' title='bbox 1422 515 1800 589; x_wconf 84' lang='lat' dir='ltr'>postmodum</span> <span class='ocrx_word' id='word_1_27' title='bbox 1833 531 1901 571; x_wconf 89' lang='lat' dir='ltr'>ea</span> <span class='ocrx_word' id='word_1_28' title='bbox 1931 515 2080 572; x_wconf 90' lang='lat' dir='ltr'>libro</span> 
     </span>
    </p>
   </div>
   <div class='ocr_carea' id='block_1_6' title="bbox 438 605 2082 684">
    <p class='ocr_par' dir='ltr' id='par_1_6' title="bbox 438 605 2082 684">
     <span class='ocr_line' id='line_1_6' title="bbox 438 605 2082 684; baseline -0.004 -15"><span class='ocrx_word' id='word_1_29' title='bbox 438 613 694 669; x_wconf 89' lang='lat' dir='ltr'>secundo</span> <span class='ocrx_word' id='word_1_30' title='bbox 739 611 1059 684; x_wconf 83' lang='lat' dir='ltr'>proposuit.</span> <span class='ocrx_word' id='word_1_31' title='bbox 1123 609 1317 664; x_wconf 86' lang='lat' dir='ltr'>Vitam</span> <span class='ocrx_word' id='word_1_32' title='bbox 1360 607 1512 663; x_wconf 90' lang='lat' dir='ltr'>hanc</span> <span class='ocrx_word' id='word_1_33' title='bbox 1579 623 1646 662; x_wconf 91' lang='lat' dir='ltr'>ex</span> <span class='ocrx_word' id='word_1_34' title='bbox 1679 607 1820 662; x_wconf 87' lang='lat' dir='ltr'>Mss.</span> <span class='ocrx_word' id='word_1_35' title='bbox 1859 605 2082 678; x_wconf 87' lang='lat' dir='ltr'>primus</span> 
     </span>
    </p>
   </div>
   <div class='ocr_carea' id='block_1_7' title="bbox 436 694 2081 768">
    <p class='ocr_par' dir='ltr' id='par_1_7' title="bbox 436 694 2081 768">
     <span class='ocr_line' id='line_1_7' title="bbox 436 694 2081 768; baseline -0.004 -11"><span class='ocrx_word' id='word_1_36' title='bbox 436 702 620 758; x_wconf 84' lang='lat' dir='ltr'>edidit</span> <span class='ocrx_word' id='word_1_37' title='bbox 643 700 900 756; x_wconf 90' lang='lat' dir='ltr'>Jacobus</span> <span class='ocrx_word' id='word_1_38' title='bbox 931 699 1278 755; x_wconf 89' lang='lat' dir='ltr'>Sirmondus</span> <span class='ocrx_word' id='word_1_39' title='bbox 1299 695 1454 768; x_wconf 80' lang='lat' dir='ltr'>typis</span> <span class='ocrx_word' id='word_1_40' title='bbox 1474 694 1906 751; x_wconf 87' lang='lat' dir='ltr'>Parisiensibus</span> <span class='ocrx_word' id='word_1_41' title='bbox 1928 712 2081 751; x_wconf 87' lang='lat' dir='ltr'>anno</span> 
     </span>
    </p>
   </div>
   <div class='ocr_carea' id='block_1_8' title="bbox 437 785 2080 859">
    <p class='ocr_par' dir='ltr' id='par_1_8' title="bbox 437 785 2080 859">
     <span class='ocr_line' id='line_1_8' title="bbox 437 785 2080 859; baseline -0.005 -12"><span class='ocrx_word' id='word_1_42' title='bbox 437 791 704 847; x_wconf 75' lang='lat' dir='ltr'>MDCXV:</span> <span class='ocrx_word' id='word_1_43' title='bbox 740 791 856 845; x_wconf 87' lang='lat' dir='ltr'>Nos</span> <span class='ocrx_word' id='word_1_44' title='bbox 887 805 1015 844; x_wconf 88' lang='lat' dir='ltr'>eam</span> <span class='ocrx_word' id='word_1_45' title='bbox 1063 787 1334 859; x_wconf 81' lang='lat' dir='ltr'>pluribus</span> <span class='ocrx_word' id='word_1_46' title='bbox 1360 785 1504 841; x_wconf 90' lang='lat' dir='ltr'>locis</span> <span class='ocrx_word' id='word_1_47' title='bbox 1534 788 1769 840; x_wconf 80' lang='lat' dir='ltr'>auctam</span> <span class='ocrx_word' id='word_1_48' title='bbox 1798 789 1854 839; x_wconf 90' lang='lat' dir='ltr'>et</span> <span class='ocrx_word' id='word_1_49' title='bbox 1883 801 2080 840; x_wconf 90' lang='lat' dir='ltr'>emen-</span> 
     </span>
    </p>
   </div>
   <div class='ocr_carea' id='block_1_9' title="bbox 435 874 2079 948">
    <p class='ocr_par' dir='ltr' id='par_1_9' title="bbox 435 874 2079 948">
     <span class='ocr_line' id='line_1_9' title="bbox 435 874 2079 948; baseline -0.004 -12"><span class='ocrx_word' id='word_1_50' title='bbox 435 882 630 936; x_wconf 90' lang='lat' dir='ltr'>datam</span> <span class='ocrx_word' id='word_1_51' title='bbox 664 881 875 934; x_wconf 89' lang='lat' dir='ltr'>damus</span> <span class='ocrx_word' id='word_1_52' title='bbox 893 893 961 932; x_wconf 83' lang='lat' dir='ltr'>ex</span> <span class='ocrx_word' id='word_1_53' title='bbox 985 875 1201 948; x_wconf 87' lang='lat' dir='ltr'>duplici</span> <span class='ocrx_word' id='word_1_54' title='bbox 1227 875 1421 931; x_wconf 90' lang='lat' dir='ltr'>codice</span> <span class='ocrx_word' id='word_1_55' title='bbox 1442 875 1572 939; x_wconf 90' lang='lat' dir='ltr'>Ms.,</span> <span class='ocrx_word' id='word_1_56' title='bbox 1601 874 1782 930; x_wconf 89' lang='lat' dir='ltr'>altero</span> <span class='ocrx_word' id='word_1_57' title='bbox 1803 883 1870 930; x_wconf 84' lang='lat' dir='ltr'>ex</span> <span class='ocrx_word' id='word_1_58' title='bbox 1896 875 2079 947; x_wconf 87' lang='lat' dir='ltr'>impe-</span> 
     </span>
    </p>
   </div>
   <div class='ocr_carea' id='block_1_10' title="bbox 433 965 2076 1039">
    <p class='ocr_par' dir='ltr' id='par_1_10' title="bbox 433 965 2076 1039">
     <span class='ocr_line' id='line_1_10' title="bbox 433 965 2076 1039; baseline -0.004 -14"><span class='ocrx_word' id='word_1_59' title='bbox 433 970 562 1026; x_wconf 89' lang='lat' dir='ltr'>riali</span> <span class='ocrx_word' id='word_1_60' title='bbox 595 967 949 1025; x_wconf 88' lang='lat' dir='ltr'>monasterio</span> <span class='ocrx_word' id='word_1_61' title='bbox 972 967 1031 1022; x_wconf 91' lang='lat' dir='ltr'>S.</span> <span class='ocrx_word' id='word_1_62' title='bbox 1066 965 1302 1022; x_wconf 83' lang='lat' dir='ltr'>Maximi</span> <span class='ocrx_word' id='word_1_63' title='bbox 1328 982 1503 1039; x_wconf 83' lang='lat' dir='ltr'>prope</span> <span class='ocrx_word' id='word_1_64' title='bbox 1523 965 1789 1020; x_wconf 83' lang='lat' dir='ltr'>Treviros</span> <span class='ocrx_word' id='word_1_65' title='bbox 1821 968 2076 1036; x_wconf 88' lang='lat' dir='ltr'>accepto,</span> 
     </span>
    </p>
   </div>
   <div class='ocr_carea' id='block_1_11' title="bbox 433 1053 2078 1121">
    <p class='ocr_par' dir='ltr' id='par_1_11' title="bbox 433 1053 2078 1121">
     <span class='ocr_line' id='line_1_11' title="bbox 433 1053 2078 1121; baseline -0.002 -7"><span class='ocrx_word' id='word_1_66' title='bbox 433 1059 613 1115; x_wconf 88' lang='lat' dir='ltr'>altero</span> <span class='ocrx_word' id='word_1_67' title='bbox 644 1058 880 1114; x_wconf 84' lang='lat' dir='ltr'>aliunde</span> <span class='ocrx_word' id='word_1_68' title='bbox 908 1056 1280 1121; x_wconf 85' lang='lat' dir='ltr'>transmisso,</span> <span class='ocrx_word' id='word_1_69' title='bbox 1315 1059 1372 1110; x_wconf 89' lang='lat' dir='ltr'>et</span> <span class='ocrx_word' id='word_1_70' title='bbox 1402 1055 1595 1110; x_wconf 83' lang='lat' dir='ltr'>forsan</span> <span class='ocrx_word' id='word_1_71' title='bbox 1630 1070 1698 1109; x_wconf 84' lang='lat' dir='ltr'>ex</span> <span class='ocrx_word' id='word_1_72' title='bbox 1726 1053 2078 1110; x_wconf 85' lang='lat' dir='ltr'>bibliotheca</span> 
     </span>
    </p>
   </div>
   <div class='ocr_carea' id='block_1_12' title="bbox 431 1143 2074 1211">
    <p class='ocr_par' dir='ltr' id='par_1_12' title="bbox 431 1143 2074 1211">
     <span class='ocr_line' id='line_1_12' title="bbox 431 1143 2074 1211; baseline -0.004 -7"><span class='ocrx_word' id='word_1_73' title='bbox 431 1147 772 1204; x_wconf 86' lang='lat' dir='ltr'>monasterii</span> <span class='ocrx_word' id='word_1_74' title='bbox 804 1149 858 1202; x_wconf 92' lang='lat' dir='ltr'>S.</span> <span class='ocrx_word' id='word_1_75' title='bbox 892 1145 1132 1202; x_wconf 89' lang='lat' dir='ltr'>Huberti</span> <span class='ocrx_word' id='word_1_76' title='bbox 1163 1146 1222 1199; x_wconf 91' lang='lat' dir='ltr'>in</span> <span class='ocrx_word' id='word_1_77' title='bbox 1252 1145 1542 1211; x_wconf 88' lang='lat' dir='ltr'>Ardenna,</span> <span class='ocrx_word' id='word_1_78' title='bbox 1594 1143 1694 1199; x_wconf 92' lang='lat' dir='ltr'>ubi</span> <span class='ocrx_word' id='word_1_79' title='bbox 1730 1144 1949 1198; x_wconf 84' lang='lat' dir='ltr'>scimus</span> <span class='ocrx_word' id='word_1_80' title='bbox 1979 1160 2074 1199; x_wconf 85' lang='lat' dir='ltr'>ex-</span> 
     </span>
    </p>
   </div>
   <div class='ocr_carea' id='block_1_13' title="bbox 429 1231 2073 1305">
    <p class='ocr_par' dir='ltr' id='par_1_13' title="bbox 429 1231 2073 1305">
     <span class='ocr_line' id='line_1_13' title="bbox 429 1231 2073 1305; baseline -0.003 -11"><span class='ocrx_word' id='word_1_81' title='bbox 429 1241 573 1295; x_wconf 87' lang='lat' dir='ltr'>tare.</span> <span class='ocrx_word' id='word_1_82' title='bbox 604 1237 875 1294; x_wconf 89' lang='lat' dir='ltr'>Molanus</span> <span class='ocrx_word' id='word_1_83' title='bbox 905 1235 962 1290; x_wconf 92' lang='lat' dir='ltr'>in</span> <span class='ocrx_word' id='word_1_84' title='bbox 994 1235 1119 1290; x_wconf 88' lang='lat' dir='ltr'>suis</span> <span class='ocrx_word' id='word_1_85' title='bbox 1151 1234 1314 1289; x_wconf 90' lang='lat' dir='ltr'>Notis</span> <span class='ocrx_word' id='word_1_86' title='bbox 1346 1234 1418 1289; x_wconf 92' lang='lat' dir='ltr'>ad</span> <span class='ocrx_word' id='word_1_87' title='bbox 1452 1232 1702 1290; x_wconf 86' lang='lat' dir='ltr'>Usuardi</span> <span class='ocrx_word' id='word_1_88' title='bbox 1731 1231 2073 1305; x_wconf 80' lang='lat' dir='ltr'>Martyrolo-</span> 
     </span>
    </p>
   </div>
   <div class='ocr_carea' id='block_1_14' title="bbox 429 1323 2072 1401">
    <p class='ocr_par' dir='ltr' id='par_1_14' title="bbox 429 1323 2072 1401">
     <span class='ocr_line' id='line_1_14' title="bbox 429 1323 2072 1401; baseline -0.004 -17"><span class='ocrx_word' id='word_1_89' title='bbox 429 1329 592 1401; x_wconf 87' lang='lat' dir='ltr'>gium</span> <span class='ocrx_word' id='word_1_90' title='bbox 621 1327 858 1393; x_wconf 86' lang='lat' dir='ltr'>indicat,</span> <span class='ocrx_word' id='word_1_91' title='bbox 889 1349 915 1376; x_wconf 85' lang='lat'><strong>«</strong></span> <span class='ocrx_word' id='word_1_92' title='bbox 951 1325 1008 1379; x_wconf 88' lang='lat' dir='ltr'>in</span> <span class='ocrx_word' id='word_1_93' title='bbox 1041 1323 1513 1380; x_wconf 88' lang='lat' dir='ltr'>Gerardi-monte</span> <span class='ocrx_word' id='word_1_94' title='bbox 1544 1323 1613 1378; x_wconf 90' lang='lat' dir='ltr'>ad</span> <span class='ocrx_word' id='word_1_95' title='bbox 1661 1323 1718 1378; x_wconf 93' lang='lat' dir='ltr'>S.</span> <span class='ocrx_word' id='word_1_96' title='bbox 1752 1323 2072 1378; x_wconf 90' lang='lat' dir='ltr'>Adrianum</span> 
     </span>
    </p>
   </div>
   <div class='ocr_carea' id='block_1_15' title="bbox 429 1410 2067 1486">
    <p class='ocr_par' dir='ltr' id='par_1_15' title="bbox 429 1410 2067 1486">
     <span class='ocr_line' id='line_1_15' title="bbox 429 1410 2067 1486; baseline -0.004 -13"><span class='ocrx_word' id='word_1_97' title='bbox 429 1434 556 1474; x_wconf 88' lang='lat' dir='ltr'>esse</span> <span class='ocrx_word' id='word_1_98' title='bbox 568 1417 760 1472; x_wconf 85' lang='lat' dir='ltr'>Vitam</span> <span class='ocrx_word' id='word_1_99' title='bbox 784 1411 1861 1486; x_wconf 86' lang='lat' dir='ltr'>ejus,percontemporaneum,duobus</span> <span class='ocrx_word' id='word_1_100' title='bbox 1882 1410 2067 1467; x_wconf 88' lang='lat' dir='ltr'>libris.</span> 
     </span>
    </p>
   </div>
   <div class='ocr_carea' id='block_1_16' title="bbox 497 1501 2064 1576">
    <p class='ocr_par' dir='ltr' id='par_1_16' title="bbox 497 1501 2064 1576">
     <span class='ocr_line' id='line_1_16' title="bbox 497 1501 2064 1576; baseline -0.004 -14"><span class='ocrx_word' id='word_1_101' title='bbox 497 1513 551 1564; x_wconf 86' lang='lat'>2.</span> <span class='ocrx_word' id='word_1_102' title='bbox 575 1507 762 1573; x_wconf 86' lang='lat' dir='ltr'>Alius,</span> <span class='ocrx_word' id='word_1_103' title='bbox 791 1509 847 1561; x_wconf 90' lang='lat' dir='ltr'>et</span> <span class='ocrx_word' id='word_1_104' title='bbox 877 1504 1114 1576; x_wconf 90' lang='lat' dir='ltr'>quidem</span> <span class='ocrx_word' id='word_1_105' title='bbox 1147 1501 1415 1558; x_wconf 85' lang='lat' dir='ltr'>oculatus</span> <span class='ocrx_word' id='word_1_106' title='bbox 1447 1501 1949 1573; x_wconf 86' lang='lat' dir='ltr'>testis,descripsit</span> <span class='ocrx_word' id='word_1_107' title='bbox 1976 1518 2064 1556; x_wconf 84' lang='lat' dir='ltr'>ae-</span> 
     </span>
    </p>
   </div>
   <div class='ocr_carea' id='block_1_17' title="bbox 429 1589 2071 1668">
    <p class='ocr_par' dir='ltr' id='par_1_17' title="bbox 429 1589 2071 1668">
     <span class='ocr_line' id='line_1_17' title="bbox 429 1589 2071 1668; baseline -0.006 -14"><span class='ocrx_word' id='word_1_108' title='bbox 429 1601 630 1654; x_wconf 90' lang='lat' dir='ltr'>curate</span> <span class='ocrx_word' id='word_1_109' title='bbox 660 1595 952 1668; x_wconf 89' lang='lat' dir='ltr'>quomodo</span> <span class='ocrx_word' id='word_1_110' title='bbox 976 1595 1034 1649; x_wconf 86' lang='lat' dir='ltr'>S.</span> <span class='ocrx_word' id='word_1_111' title='bbox 1063 1593 1166 1648; x_wconf 88' lang='lat' dir='ltr'>Leo</span> <span class='ocrx_word' id='word_1_112' title='bbox 1190 1609 1252 1647; x_wconf 88' lang='lat' dir='ltr'>se</span> <span class='ocrx_word' id='word_1_113' title='bbox 1275 1592 1481 1646; x_wconf 90' lang='lat' dir='ltr'>ultimo</span> <span class='ocrx_word' id='word_1_114' title='bbox 1503 1591 1697 1646; x_wconf 82' lang='lat' dir='ltr'>triduo</span> <span class='ocrx_word' id='word_1_115' title='bbox 1725 1589 2071 1662; x_wconf 83' lang='lat' dir='ltr'>praeparavit</span> 
     </span>
    </p>
   </div>
   <div class='ocr_carea' id='block_1_18' title="bbox 428 1677 2067 1752">
    <p class='ocr_par' dir='ltr' id='par_1_18' title="bbox 428 1677 2067 1752">
     <span class='ocr_line' id='line_1_18' title="bbox 428 1677 2067 1752; baseline -0.005 -10"><span class='ocrx_word' id='word_1_116' title='bbox 428 1686 498 1742; x_wconf 90' lang='lat' dir='ltr'>ad</span> <span class='ocrx_word' id='word_1_117' title='bbox 534 1684 759 1741; x_wconf 85' lang='lat' dir='ltr'>felicem</span> <span class='ocrx_word' id='word_1_118' title='bbox 791 1683 1013 1738; x_wconf 89' lang='lat' dir='ltr'>obitum</span> <span class='ocrx_word' id='word_1_119' title='bbox 1048 1700 1058 1736; x_wconf 88' lang='lat'><em>:</em></span> <span class='ocrx_word' id='word_1_120' title='bbox 1097 1681 1480 1752; x_wconf 75' lang='lat' dir='ltr'>adiungitque</span> <span class='ocrx_word' id='word_1_121' title='bbox 1511 1679 1764 1735; x_wconf 88' lang='lat' dir='ltr'>illustria</span> <span class='ocrx_word' id='word_1_122' title='bbox 1793 1683 1849 1734; x_wconf 91' lang='lat' dir='ltr'>et</span> <span class='ocrx_word' id='word_1_123' title='bbox 1896 1677 2067 1750; x_wconf 88' lang='lat' dir='ltr'>plane</span> 
     </span>
    </p>
   </div>
   <div class='ocr_carea' id='block_1_19' title="bbox 426 1767 2145 1868">
    <p class='ocr_par' dir='ltr' id='par_1_19' title="bbox 426 1767 2145 1868">
     <span class='ocr_line' id='line_1_19' title="bbox 426 1767 2145 1868; baseline -0.003 -40"><span class='ocrx_word' id='word_1_124' title='bbox 426 1773 695 1829; x_wconf 90' lang='lat' dir='ltr'>miranda</span> <span class='ocrx_word' id='word_1_125' title='bbox 723 1769 1024 1837; x_wconf 89' lang='lat' dir='ltr'>miracula,</span> <span class='ocrx_word' id='word_1_126' title='bbox 1067 1787 1196 1842; x_wconf 67' lang='lat' dir='ltr'>qua:</span> <span class='ocrx_word' id='word_1_127' title='bbox 1229 1770 1382 1824; x_wconf 88' lang='lat' dir='ltr'>intra</span> <span class='ocrx_word' id='word_1_128' title='bbox 1410 1786 1472 1824; x_wconf 93' lang='lat' dir='ltr'>se</span> <span class='ocrx_word' id='word_1_129' title='bbox 1501 1770 1574 1823; x_wconf 88' lang='lat' dir='ltr'>ab</span> <span class='ocrx_word' id='word_1_130' title='bbox 1633 1769 1760 1838; x_wconf 82' lang='lat' dir='ltr'>ejus</span> <span class='ocrx_word' id='word_1_131' title='bbox 1812 1767 2064 1823; x_wconf 85' lang='lat' dir='ltr'>transitu</span> <span class='ocrx_word' id='word_1_132' title='bbox 2097 1802 2145 1868; x_wconf 81' lang='grc' dir='ltr'>Β</span> 
     </span>
    </p>
   </div>
   <div class='ocr_carea' id='block_1_20' title="bbox 425 1857 2064 1931">
    <p class='ocr_par' dir='ltr' id='par_1_20' title="bbox 425 1857 2064 1931">
     <span class='ocr_line' id='line_1_20' title="bbox 425 1857 2064 1931; baseline -0.003 -14"><span class='ocrx_word' id='word_1_133' title='bbox 425 1861 822 1918; x_wconf 81' lang='lat' dir='ltr'>hebdomadas</span> <span class='ocrx_word' id='word_1_134' title='bbox 850 1860 1006 1915; x_wconf 90' lang='lat' dir='ltr'>ultra</span> <span class='ocrx_word' id='word_1_135' title='bbox 1038 1858 1412 1931; x_wconf 82' lang='lat' dir='ltr'>septuaginta</span> <span class='ocrx_word' id='word_1_136' title='bbox 1440 1858 1510 1913; x_wconf 88' lang='lat' dir='ltr'>ad</span> <span class='ocrx_word' id='word_1_137' title='bbox 1544 1858 1674 1927; x_wconf 85' lang='lat' dir='ltr'>ejus</span> <span class='ocrx_word' id='word_1_138' title='bbox 1727 1857 2064 1929; x_wconf 87' lang='lat' dir='ltr'>sepulcrum</span> 
     </span>
    </p>
   </div>
   <div class='ocr_carea' id='block_1_21' title="bbox 425 1946 2064 2023">
    <p class='ocr_par' dir='ltr' id='par_1_21' title="bbox 425 1946 2064 2023">
     <span class='ocr_line' id='line_1_21' title="bbox 425 1946 2064 2023; baseline -0.004 -17"><span class='ocrx_word' id='word_1_139' title='bbox 425 1951 617 2006; x_wconf 62' lang='lat' dir='ltr'>Romae</span> <span class='ocrx_word' id='word_1_140' title='bbox 649 1953 874 2023; x_wconf 85' lang='lat' dir='ltr'>patrata</span> <span class='ocrx_word' id='word_1_141' title='bbox 907 1953 1062 2004; x_wconf 91' lang='lat' dir='ltr'>sunt.</span> <span class='ocrx_word' id='word_1_142' title='bbox 1097 1949 1318 2004; x_wconf 89' lang='lat' dir='ltr'>Damus</span> <span class='ocrx_word' id='word_1_143' title='bbox 1347 1948 1469 2003; x_wconf 65' lang='lat' dir='ltr'>haec</span> <span class='ocrx_word' id='word_1_144' title='bbox 1501 1965 1532 2003; x_wconf 90' lang='lat' dir='ltr'>a</span> <span class='ocrx_word' id='word_1_145' title='bbox 1565 1947 1733 2002; x_wconf 88' lang='lat' dir='ltr'>nobis</span> <span class='ocrx_word' id='word_1_146' title='bbox 1763 1946 2064 2003; x_wconf 73' lang='lat' dir='ltr'>Florentiae</span> 
     </span>
    </p>
   </div>
   <div class='ocr_carea' id='block_1_22' title="bbox 423 2036 2066 2110">
    <p class='ocr_par' dir='ltr' id='par_1_22' title="bbox 423 2036 2066 2110">
     <span class='ocr_line' id='line_1_22' title="bbox 423 2036 2066 2110; baseline -0.002 -14"><span class='ocrx_word' id='word_1_147' title='bbox 423 2057 575 2097; x_wconf 87' lang='lat' dir='ltr'>anno</span> <span class='ocrx_word' id='word_1_148' title='bbox 604 2040 871 2096; x_wconf 88' lang='lat' dir='ltr'>MDCLXI</span> <span class='ocrx_word' id='word_1_149' title='bbox 895 2039 1184 2110; x_wconf 89' lang='lat' dir='ltr'>descripta</span> <span class='ocrx_word' id='word_1_150' title='bbox 1212 2055 1281 2094; x_wconf 83' lang='lat' dir='ltr'>ex</span> <span class='ocrx_word' id='word_1_151' title='bbox 1310 2037 1506 2093; x_wconf 89' lang='lat' dir='ltr'>codice</span> <span class='ocrx_word' id='word_1_152' title='bbox 1537 2036 1922 2092; x_wconf 83' lang='lat' dir='ltr'>illustrissimi</span> <span class='ocrx_word' id='word_1_153' title='bbox 1971 2038 2066 2093; x_wconf 90' lang='lat' dir='ltr'>Sc-</span> 
     </span>
    </p>
   </div>
   <div class='ocr_carea' id='block_1_23' title="bbox 423 2125 2061 2199">
    <p class='ocr_par' dir='ltr' id='par_1_23' title="bbox 423 2125 2061 2199">
     <span class='ocr_line' id='line_1_23' title="bbox 423 2125 2061 2199; baseline -0.003 -12"><span class='ocrx_word' id='word_1_154' title='bbox 423 2129 643 2187; x_wconf 86' lang='lat' dir='ltr'>natoris</span> <span class='ocrx_word' id='word_1_155' title='bbox 673 2128 858 2184; x_wconf 88' lang='lat' dir='ltr'>Caroli</span> <span class='ocrx_word' id='word_1_156' title='bbox 893 2127 1129 2193; x_wconf 87' lang='lat' dir='ltr'>Strozzi,</span> <span class='ocrx_word' id='word_1_157' title='bbox 1163 2127 1391 2199; x_wconf 85' lang='lat' dir='ltr'>signato</span> <span class='ocrx_word' id='word_1_158' title='bbox 1446 2143 1608 2182; x_wconf 89' lang='lat' dir='ltr'>num.</span> <span class='ocrx_word' id='word_1_159' title='bbox 1641 2127 1767 2192; x_wconf 81' lang='lat'>690,</span> <span class='ocrx_word' id='word_1_160' title='bbox 1800 2125 1898 2182; x_wconf 89' lang='lat' dir='ltr'>fol.</span> <span class='ocrx_word' id='word_1_161' title='bbox 1922 2128 2061 2182; x_wconf 78' lang='lat'>201:</span> 
     </span>
    </p>
   </div>
   <div class='ocr_carea' id='block_1_24' title="bbox 421 2215 2061 2288">
    <p class='ocr_par' dir='ltr' id='par_1_24' title="bbox 421 2215 2061 2288">
     <span class='ocr_line' id='line_1_24' title="bbox 421 2215 2061 2288; baseline -0.003 -13"><span class='ocrx_word' id='word_1_162' title='bbox 421 2223 476 2276; x_wconf 91' lang='lat' dir='ltr'>et</span> <span class='ocrx_word' id='word_1_163' title='bbox 508 2219 567 2275; x_wconf 92' lang='lat' dir='ltr'>in</span> <span class='ocrx_word' id='word_1_164' title='bbox 597 2219 765 2274; x_wconf 88' lang='lat' dir='ltr'>titulo</span> <span class='ocrx_word' id='word_1_165' title='bbox 797 2219 1122 2274; x_wconf 87' lang='lat' dir='ltr'>addebatur</span> <span class='ocrx_word' id='word_1_166' title='bbox 1151 2233 1216 2273; x_wconf 90' lang='lat' dir='ltr'>ea</span> <span class='ocrx_word' id='word_1_167' title='bbox 1237 2217 1549 2288; x_wconf 90' lang='lat' dir='ltr'>desumpta</span> <span class='ocrx_word' id='word_1_168' title='bbox 1580 2233 1707 2272; x_wconf 90' lang='lat' dir='ltr'>esse</span> <span class='ocrx_word' id='word_1_169' title='bbox 1737 2232 1804 2271; x_wconf 86' lang='lat' dir='ltr'>ex</span> <span class='ocrx_word' id='word_1_170' title='bbox 1846 2215 2061 2271; x_wconf 90' lang='lat' dir='ltr'>Collec-</span> 
     </span>
    </p>
   </div>
   <div class='ocr_carea' id='block_1_25' title="bbox 418 2304 2060 2376">
    <p class='ocr_par' dir='ltr' id='par_1_25' title="bbox 418 2304 2060 2376">
     <span class='ocr_line' id='line_1_25' title="bbox 418 2304 2060 2376; baseline -0.002 -12"><span class='ocrx_word' id='word_1_171' title='bbox 418 2309 576 2366; x_wconf 88' lang='lat' dir='ltr'>tione</span> <span class='ocrx_word' id='word_1_172' title='bbox 605 2308 940 2365; x_wconf 82' lang='lat' dir='ltr'>Ofﬁciorum</span> <span class='ocrx_word' id='word_1_173' title='bbox 975 2307 1122 2363; x_wconf 91' lang='lat' dir='ltr'>Mss.</span> <span class='ocrx_word' id='word_1_174' title='bbox 1153 2311 1229 2361; x_wconf 84' lang='lat' dir='ltr'>At</span> <span class='ocrx_word' id='word_1_175' title='bbox 1262 2305 1544 2361; x_wconf 89' lang='lat' dir='ltr'>miracula</span> <span class='ocrx_word' id='word_1_176' title='bbox 1576 2304 1742 2376; x_wconf 89' lang='lat' dir='ltr'>plura</span> <span class='ocrx_word' id='word_1_177' title='bbox 1801 2309 1966 2361; x_wconf 87' lang='lat' dir='ltr'>erant</span> <span class='ocrx_word' id='word_1_178' title='bbox 2001 2305 2060 2360; x_wconf 90' lang='lat' dir='ltr'>in</span> 
     </span>
    </p>
   </div>
   <div class='ocr_carea' id='block_1_26' title="bbox 421 2395 2064 2463">
    <p class='ocr_par' dir='ltr' id='par_1_26' title="bbox 421 2395 2064 2463">
     <span class='ocr_line' id='line_1_26' title="bbox 421 2395 2064 2463; baseline -0.004 -7"><span class='ocrx_word' id='word_1_179' title='bbox 421 2400 528 2456; x_wconf 91' lang='lat' dir='ltr'>Ms.</span> <span class='ocrx_word' id='word_1_180' title='bbox 562 2397 1081 2463; x_wconf 87' lang='lat' dir='ltr'>Hubertino,nobis</span> <span class='ocrx_word' id='word_1_181' title='bbox 1114 2395 1253 2452; x_wconf 91' lang='lat' dir='ltr'>olim</span> <span class='ocrx_word' id='word_1_182' title='bbox 1285 2413 1318 2451; x_wconf 90' lang='lat' dir='ltr'>a</span> <span class='ocrx_word' id='word_1_183' title='bbox 1350 2396 1415 2450; x_wconf 94' lang='lat' dir='ltr'>D.</span> <span class='ocrx_word' id='word_1_184' title='bbox 1451 2395 1777 2451; x_wconf 80' lang='lat' dir='ltr'>Romualdo</span> <span class='ocrx_word' id='word_1_185' title='bbox 1810 2395 2064 2450; x_wconf 89' lang='lat' dir='ltr'>Hancart</span> 
     </span>
    </p>
   </div>
   <div class='ocr_carea' id='block_1_27' title="bbox 420 2484 2061 2556">
    <p class='ocr_par' dir='ltr' id='par_1_27' title="bbox 420 2484 2061 2556">
     <span class='ocr_line' id='line_1_27' title="bbox 420 2484 2061 2556; baseline -0.004 -11"><span class='ocrx_word' id='word_1_186' title='bbox 420 2489 558 2545; x_wconf 89' lang='lat' dir='ltr'>dicti</span> <span class='ocrx_word' id='word_1_187' title='bbox 589 2488 929 2544; x_wconf 87' lang='lat' dir='ltr'>monasterii</span> <span class='ocrx_word' id='word_1_188' title='bbox 960 2486 1155 2542; x_wconf 87' lang='lat' dir='ltr'>Priore</span> <span class='ocrx_word' id='word_1_189' title='bbox 1186 2485 1558 2554; x_wconf 88' lang='lat' dir='ltr'>transmissa,</span> <span class='ocrx_word' id='word_1_190' title='bbox 1591 2502 1716 2556; x_wconf 58' lang='lat' dir='ltr'>quae</span> <span class='ocrx_word' id='word_1_191' title='bbox 1757 2485 1892 2540; x_wconf 88' lang='lat' dir='ltr'>inde</span> <span class='ocrx_word' id='word_1_192' title='bbox 1934 2484 2061 2541; x_wconf 85' lang='lat' dir='ltr'>edi-</span> 
     </span>
    </p>
   </div>
   <div class='ocr_carea' id='block_1_28' title="bbox 419 2572 2061 2648">
    <p class='ocr_par' dir='ltr' id='par_1_28' title="bbox 419 2572 2061 2648">
     <span class='ocr_line' id='line_1_28' title="bbox 419 2572 2061 2648; baseline -0.004 -13"><span class='ocrx_word' id='word_1_193' title='bbox 419 2579 758 2646; x_wconf 89' lang='lat' dir='ltr'>mus,etsub</span> <span class='ocrx_word' id='word_1_194' title='bbox 774 2578 947 2632; x_wconf 87' lang='lat' dir='ltr'>ﬁnem</span> <span class='ocrx_word' id='word_1_195' title='bbox 967 2593 1034 2632; x_wconf 80' lang='lat' dir='ltr'>ex</span> <span class='ocrx_word' id='word_1_196' title='bbox 1047 2576 1283 2648; x_wconf 68' lang='lat' dir='ltr'>praefato</span> <span class='ocrx_word' id='word_1_197' title='bbox 1301 2572 2061 2645; x_wconf 88' lang='lat' dir='ltr'>Ms.nonnullasupplemus</span> 
     </span>
    </p>
   </div>
   <div class='ocr_carea' id='block_1_29' title="bbox 417 2661 2059 2739">
    <p class='ocr_par' dir='ltr' id='par_1_29' title="bbox 417 2661 2059 2739">
     <span class='ocr_line' id='line_1_29' title="bbox 417 2661 2059 2739; baseline -0.004 -14"><span class='ocrx_word' id='word_1_198' title='bbox 417 2669 820 2725; x_wconf 88' lang='lat' dir='ltr'>Ferdinandus</span> <span class='ocrx_word' id='word_1_199' title='bbox 843 2663 1438 2739; x_wconf 88' lang='lat' dir='ltr'>Ughellus,tomoVIlI</span> <span class='ocrx_word' id='word_1_200' title='bbox 1467 2661 1642 2718; x_wconf 62' lang='lat' dir='ltr'>Italiae</span> <span class='ocrx_word' id='word_1_201' title='bbox 1670 2663 1933 2728; x_wconf 84' lang='lat' dir='ltr'>sacrae,iu</span> <span class='ocrx_word' id='word_1_202' title='bbox 1956 2664 2059 2718; x_wconf 88' lang='lat' dir='ltr'>Be-</span> 
     </span>
    </p>
   </div>
   <div class='ocr_carea' id='block_1_30' title="bbox 417 2752 2058 2827">
    <p class='ocr_par' dir='ltr' id='par_1_30' title="bbox 417 2752 2058 2827">
     <span class='ocr_line' id='line_1_30' title="bbox 417 2752 2058 2827; baseline -0.004 -13"><span class='ocrx_word' id='word_1_203' title='bbox 417 2754 1256 2827; x_wconf 83' lang='lat' dir='ltr'>neventanisArchiepiscopis,</span> <span class='ocrx_word' id='word_1_204' title='bbox 1287 2754 1625 2826; x_wconf 83' lang='lat' dir='ltr'>pag.l29,ex</span> <span class='ocrx_word' id='word_1_205' title='bbox 1655 2752 1850 2808; x_wconf 90' lang='lat' dir='ltr'>codice</span> <span class='ocrx_word' id='word_1_206' title='bbox 1879 2757 2058 2808; x_wconf 87' lang='lat' dir='ltr'>Bene-</span> 
     </span>
    </p>
   </div>
   <div class='ocr_carea' id='block_1_31' title="bbox 415 2841 2056 2916">
    <p class='ocr_par' dir='ltr' id='par_1_31' title="bbox 415 2841 2056 2916">
     <span class='ocr_line' id='line_1_31' title="bbox 415 2841 2056 2916; baseline -0.003 -13"><span class='ocrx_word' id='word_1_207' title='bbox 415 2853 686 2915; x_wconf 88' lang='lat' dir='ltr'>ventano,</span> <span class='ocrx_word' id='word_1_208' title='bbox 711 2846 922 2901; x_wconf 87' lang='lat' dir='ltr'>litteris</span> <span class='ocrx_word' id='word_1_209' title='bbox 945 2842 1400 2916; x_wconf 89' lang='lat' dir='ltr'>Longobardicis</span> <span class='ocrx_word' id='word_1_210' title='bbox 1422 2841 1840 2909; x_wconf 87' lang='lat' dir='ltr'>exarato,dedit</span> <span class='ocrx_word' id='word_1_211' title='bbox 1858 2842 2056 2898; x_wconf 89' lang='lat' dir='ltr'>eadem</span> 
     </span>
    </p>
   </div>
   <div class='ocr_carea' id='block_1_32' title="bbox 418 2931 2056 3009">
    <p class='ocr_par' dir='ltr' id='par_1_32' title="bbox 418 2931 2056 3009">
     <span class='ocr_line' id='line_1_32' title="bbox 418 2931 2056 3009; baseline -0.004 -17"><span class='ocrx_word' id='word_1_212' title='bbox 418 2939 489 2992; x_wconf 92' lang='lat' dir='ltr'>de</span> <span class='ocrx_word' id='word_1_213' title='bbox 519 2936 700 3009; x_wconf 83' lang='lat' dir='ltr'>gestis</span> <span class='ocrx_word' id='word_1_214' title='bbox 721 2934 915 2990; x_wconf 91' lang='lat' dir='ltr'>triduo</span> <span class='ocrx_word' id='word_1_215' title='bbox 935 2937 1066 2989; x_wconf 86' lang='lat' dir='ltr'>ante</span> <span class='ocrx_word' id='word_1_216' title='bbox 1086 2934 1395 3000; x_wconf 88' lang='lat' dir='ltr'>obitum,et</span> <span class='ocrx_word' id='word_1_217' title='bbox 1416 2931 1714 2988; x_wconf 88' lang='lat' dir='ltr'>nonnullis</span> <span class='ocrx_word' id='word_1_218' title='bbox 1734 2931 2056 3000; x_wconf 88' lang='lat' dir='ltr'>miraculis,</span> 
     </span>
    </p>
   </div>
   <div class='ocr_carea' id='block_1_33' title="bbox 411 3020 2057 3094">
    <p class='ocr_par' dir='ltr' id='par_1_33' title="bbox 411 3020 2057 3094">
     <span class='ocr_line' id='line_1_33' title="bbox 411 3020 2057 3094; baseline -0.005 -10"><span class='ocrx_word' id='word_1_219' title='bbox 411 3027 517 3084; x_wconf 80' lang='lat' dir='ltr'>sed</span> <span class='ocrx_word' id='word_1_220' title='bbox 534 3025 938 3089; x_wconf 88' lang='lat' dir='ltr'>contractiora,</span> <span class='ocrx_word' id='word_1_221' title='bbox 959 3028 1014 3080; x_wconf 90' lang='lat' dir='ltr'>et</span> <span class='ocrx_word' id='word_1_222' title='bbox 1031 3023 1167 3079; x_wconf 88' lang='lat' dir='ltr'>hinc</span> <span class='ocrx_word' id='word_1_223' title='bbox 1187 3024 1322 3078; x_wconf 90' lang='lat' dir='ltr'>inde</span> <span class='ocrx_word' id='word_1_224' title='bbox 1334 3022 1449 3078; x_wconf 87' lang='lat' dir='ltr'>alia</span> <span class='ocrx_word' id='word_1_225' title='bbox 1465 3020 1663 3094; x_wconf 91' lang='lat' dir='ltr'>phrasi</span> <span class='ocrx_word' id='word_1_226' title='bbox 1683 3021 2057 3093; x_wconf 79' lang='lat' dir='ltr'>amplificata,</span> 
     </span>
    </p>
   </div>
   <div class='ocr_carea' id='block_1_34' title="bbox 2191 516 3836 594">
    <p class='ocr_par' dir='ltr' id='par_1_34' title="bbox 2191 516 3836 594">
     <span class='ocr_line' id='line_1_34' title="bbox 2191 516 3836 594; baseline 0.003 -19"><span class='ocrx_word' id='word_1_227' title='bbox 2191 516 2429 576; x_wconf 90' lang='lat' dir='ltr'>Concilii</span> <span class='ocrx_word' id='word_1_228' title='bbox 2462 519 2766 578; x_wconf 86' lang='lat' dir='ltr'>Remensis</span> <span class='ocrx_word' id='word_1_229' title='bbox 2796 537 2949 577; x_wconf 89' lang='lat' dir='ltr'>anno</span> <span class='ocrx_word' id='word_1_230' title='bbox 2979 520 3208 578; x_wconf 85' lang='lat' dir='ltr'>MXLIX</span> <span class='ocrx_word' id='word_1_231' title='bbox 3237 519 3446 586; x_wconf 86' lang='lat' dir='ltr'>habiti,</span> <span class='ocrx_word' id='word_1_232' title='bbox 3489 537 3558 578; x_wconf 83' lang='lat' dir='ltr'>ex</span> <span class='ocrx_word' id='word_1_233' title='bbox 3615 523 3836 594; x_wconf 88' lang='lat' dir='ltr'>quibus</span> 
     </span>
    </p>
   </div>
   <div class='ocr_carea' id='block_1_35' title="bbox 2191 608 3838 686">
    <p class='ocr_par' dir='ltr' id='par_1_35' title="bbox 2191 608 3838 686">
     <span class='ocr_line' id='line_1_35' title="bbox 2191 608 3838 686; baseline 0.003 -23"><span class='ocrx_word' id='word_1_234' title='bbox 2191 608 2477 666; x_wconf 91' lang='lat' dir='ltr'>nonnulla</span> <span class='ocrx_word' id='word_1_235' title='bbox 2506 609 2842 678; x_wconf 87' lang='lat' dir='ltr'>inserimus,</span> <span class='ocrx_word' id='word_1_236' title='bbox 2877 610 3084 668; x_wconf 86' lang='lat' dir='ltr'>ceteris</span> <span class='ocrx_word' id='word_1_237' title='bbox 3116 611 3376 677; x_wconf 88' lang='lat' dir='ltr'>omissis,</span> <span class='ocrx_word' id='word_1_238' title='bbox 3401 627 3537 668; x_wconf 89' lang='lat' dir='ltr'>cum</span> <span class='ocrx_word' id='word_1_239' title='bbox 3561 610 3692 669; x_wconf 85' lang='lat' dir='ltr'>istic</span> <span class='ocrx_word' id='word_1_240' title='bbox 3722 612 3838 686; x_wconf 88' lang='lat' dir='ltr'>legi</span> 
     </span>
    </p>
   </div>
   <div class='ocr_carea' id='block_1_36' title="bbox 2190 698 3838 772">
    <p class='ocr_par' dir='ltr' id='par_1_36' title="bbox 2190 698 3838 772">
     <span class='ocr_line' id='line_1_36' title="bbox 2190 698 3838 772; baseline 0.002 -19"><span class='ocrx_word' id='word_1_241' title='bbox 2190 698 2452 770; x_wconf 88' lang='lat' dir='ltr'>possint;</span> <span class='ocrx_word' id='word_1_242' title='bbox 2488 716 2603 754; x_wconf 89' lang='lat' dir='ltr'>non</span> <span class='ocrx_word' id='word_1_243' title='bbox 2635 716 3005 758; x_wconf 88' lang='lat' dir='ltr'>recensemus</span> <span class='ocrx_word' id='word_1_244' title='bbox 3037 700 3171 767; x_wconf 90' lang='lat' dir='ltr'>alia,</span> <span class='ocrx_word' id='word_1_245' title='bbox 3196 705 3252 756; x_wconf 90' lang='lat' dir='ltr'>et</span> <span class='ocrx_word' id='word_1_246' title='bbox 3273 700 3495 772; x_wconf 91' lang='lat' dir='ltr'>passim</span> <span class='ocrx_word' id='word_1_247' title='bbox 3511 704 3648 757; x_wconf 87' lang='lat' dir='ltr'>nota</span> <span class='ocrx_word' id='word_1_248' title='bbox 3668 701 3838 758; x_wconf 92' lang='lat' dir='ltr'>chro-</span> 
     </span>
    </p>
   </div>
   <div class='ocr_carea' id='block_1_37' title="bbox 2189 787 3830 862">
    <p class='ocr_par' dir='ltr' id='par_1_37' title="bbox 2189 787 3830 862">
     <span class='ocr_line' id='line_1_37' title="bbox 2189 787 3830 862; baseline 0.002 -19"><span class='ocrx_word' id='word_1_249' title='bbox 2189 787 2340 857; x_wconf 87' lang='lat' dir='ltr'>nica,</span> <span class='ocrx_word' id='word_1_250' title='bbox 2365 792 2468 844; x_wconf 85' lang='lat' dir='ltr'>aut</span> <span class='ocrx_word' id='word_1_251' title='bbox 2527 788 2672 844; x_wconf 90' lang='lat' dir='ltr'>alios</span> <span class='ocrx_word' id='word_1_252' title='bbox 2728 791 3010 846; x_wconf 88' lang='lat' dir='ltr'>tractatus</span> <span class='ocrx_word' id='word_1_253' title='bbox 3068 790 3168 862; x_wconf 88' lang='lat' dir='ltr'>qui</span> <span class='ocrx_word' id='word_1_254' title='bbox 3228 791 3357 862; x_wconf 83' lang='lat' dir='ltr'>ejus</span> <span class='ocrx_word' id='word_1_255' title='bbox 3416 789 3830 848; x_wconf 87' lang='lat' dir='ltr'>menimerunt.</span> 
     </span>
    </p>
   </div>
   <div class='ocr_carea' id='block_1_38' title="bbox 2185 877 3551 949">
    <p class='ocr_par' dir='ltr' id='par_1_38' title="bbox 2185 877 3551 949">
     <span class='ocr_line' id='line_1_38' title="bbox 2185 877 3551 949; baseline 0.002 -16"><span class='ocrx_word' id='word_1_256' title='bbox 2185 877 2532 949; x_wconf 87' lang='lat' dir='ltr'>Aliquorum</span> <span class='ocrx_word' id='word_1_257' title='bbox 2565 878 2690 934; x_wconf 90' lang='lat' dir='ltr'>suis</span> <span class='ocrx_word' id='word_1_258' title='bbox 2719 878 2861 935; x_wconf 87' lang='lat' dir='ltr'>locis</span> <span class='ocrx_word' id='word_1_259' title='bbox 2891 879 3246 936; x_wconf 89' lang='lat' dir='ltr'>mentionem</span> <span class='ocrx_word' id='word_1_260' title='bbox 3281 880 3551 936; x_wconf 80' lang='lat' dir='ltr'>facimus.</span> 
     </span>
    </p>
   </div>
   <div class='ocr_carea' id='block_1_39' title="bbox 2257 968 3830 1041">
    <p class='ocr_par' dir='ltr' id='par_1_39' title="bbox 2257 968 3830 1041">
     <span class='ocr_line' id='line_1_39' title="bbox 2257 968 3830 1041; baseline 0.003 -19"><span class='ocrx_word' id='word_1_261' title='bbox 2257 968 2310 1022; x_wconf 85' lang='grc'>4.</span> <span class='ocrx_word' id='word_1_262' title='bbox 2342 971 2517 1023; x_wconf 88' lang='lat' dir='ltr'>Sacra</span> <span class='ocrx_word' id='word_1_263' title='bbox 2535 968 2829 1025; x_wconf 88' lang='lat' dir='ltr'>veneratio</span> <span class='ocrx_word' id='word_1_264' title='bbox 2861 985 2995 1024; x_wconf 91' lang='lat' dir='ltr'>cum</span> <span class='ocrx_word' id='word_1_265' title='bbox 3027 969 3122 1041; x_wconf 93' lang='lat' dir='ltr'>pio</span> <span class='ocrx_word' id='word_1_266' title='bbox 3148 973 3205 1024; x_wconf 95' lang='grc'>8.</span> <span class='ocrx_word' id='word_1_267' title='bbox 3266 969 3472 1026; x_wconf 88' lang='lat' dir='ltr'>Leonis</span> <span class='ocrx_word' id='word_1_268' title='bbox 3521 970 3682 1026; x_wconf 87' lang='lat' dir='ltr'>obitu</span> <span class='ocrx_word' id='word_1_269' title='bbox 3717 988 3830 1027; x_wconf 81' lang='lat' dir='ltr'>cce-</span> 
     </span>
    </p>
   </div>
   <div class='ocr_carea' id='block_1_40' title="bbox 2187 1049 3824 1132">
    <p class='ocr_par' dir='ltr' id='par_1_40' title="bbox 2187 1049 3824 1132">
     <span class='ocr_line' id='line_1_40' title="bbox 2187 1049 3824 1132; baseline 0.002 -20"><span class='ocrx_word' id='word_1_270' title='bbox 2187 1056 2292 1128; x_wconf 90' lang='lat' dir='ltr'>pit,</span> <span class='ocrx_word' id='word_1_271' title='bbox 2323 1057 2396 1112; x_wconf 92' lang='lat' dir='ltr'>ob</span> <span class='ocrx_word' id='word_1_272' title='bbox 2427 1049 2773 1130; x_wconf 85' lang='lat' dir='ltr'>multiplicia</span> <span class='ocrx_word' id='word_1_273' title='bbox 2794 1074 2923 1130; x_wconf 71' lang='lat' dir='ltr'>quae</span> <span class='ocrx_word' id='word_1_274' title='bbox 2955 1075 3090 1116; x_wconf 84' lang='lat' dir='ltr'>mox</span> <span class='ocrx_word' id='word_1_275' title='bbox 3128 1049 3500 1132; x_wconf 79' lang='lat' dir='ltr'>contigerunt</span> <span class='ocrx_word' id='word_1_276' title='bbox 3521 1059 3824 1119; x_wconf 88' lang='lat' dir='ltr'>miracula:</span> 
     </span>
    </p>
   </div>
   <div class='ocr_carea' id='block_1_41' title="bbox 2184 1145 3828 1222">
    <p class='ocr_par' dir='ltr' id='par_1_41' title="bbox 2184 1145 3828 1222">
     <span class='ocr_line' id='line_1_41' title="bbox 2184 1145 3828 1222; baseline 0.004 -21"><span class='ocrx_word' id='word_1_277' title='bbox 2184 1145 2337 1202; x_wconf 90' lang='lat' dir='ltr'>inter</span> <span class='ocrx_word' id='word_1_278' title='bbox 2357 1164 2485 1219; x_wconf 60' lang='lat' dir='ltr'>qua:</span> <span class='ocrx_word' id='word_1_279' title='bbox 2499 1152 2833 1204; x_wconf 87' lang='lat' dir='ltr'>recensetur</span> <span class='ocrx_word' id='word_1_280' title='bbox 2847 1148 3076 1222; x_wconf 88' lang='lat' dir='ltr'>lampas</span> <span class='ocrx_word' id='word_1_281' title='bbox 3088 1150 3160 1204; x_wconf 88' lang='lat' dir='ltr'>ad</span> <span class='ocrx_word' id='word_1_282' title='bbox 3173 1149 3334 1205; x_wconf 91' lang='lat' dir='ltr'>illius</span> <span class='ocrx_word' id='word_1_283' title='bbox 3352 1149 3648 1206; x_wconf 91' lang='lat' dir='ltr'>tumulum</span> <span class='ocrx_word' id='word_1_284' title='bbox 3667 1154 3828 1208; x_wconf 83' lang='lat' dir='ltr'>sexto</span> 
     </span>
    </p>
   </div>
   <div class='ocr_carea' id='block_1_42' title="bbox 2185 1237 3825 1312">
    <p class='ocr_par' dir='ltr' id='par_1_42' title="bbox 2185 1237 3825 1312">
     <span class='ocr_line' id='line_1_42' title="bbox 2185 1237 3825 1312; baseline 0.002 -20"><span class='ocrx_word' id='word_1_285' title='bbox 2185 1240 2318 1308; x_wconf 89' lang='lat' dir='ltr'>post</span> <span class='ocrx_word' id='word_1_286' title='bbox 2347 1237 2569 1293; x_wconf 89' lang='lat' dir='ltr'>obitum</span> <span class='ocrx_word' id='word_1_287' title='bbox 2620 1237 2712 1294; x_wconf 91' lang='lat' dir='ltr'>die</span> <span class='ocrx_word' id='word_1_288' title='bbox 2759 1237 2954 1294; x_wconf 91' lang='lat' dir='ltr'>divino</span> <span class='ocrx_word' id='word_1_289' title='bbox 2982 1238 3116 1311; x_wconf 88' lang='lat' dir='ltr'>igne</span> <span class='ocrx_word' id='word_1_290' title='bbox 3147 1255 3412 1307; x_wconf 90' lang='lat' dir='ltr'>accensa,</span> <span class='ocrx_word' id='word_1_291' title='bbox 3445 1242 3504 1294; x_wconf 90' lang='lat' dir='ltr'>et</span> <span class='ocrx_word' id='word_1_292' title='bbox 3556 1241 3825 1312; x_wconf 87' lang='lat' dir='ltr'>sequenti</span> 
     </span>
    </p>
   </div>
   <div class='ocr_carea' id='block_1_43' title="bbox 2185 1327 3828 1400">
    <p class='ocr_par' dir='ltr' id='par_1_43' title="bbox 2185 1327 3828 1400">
     <span class='ocr_line' id='line_1_43' title="bbox 2185 1327 3828 1400; baseline 0.004 -20"><span class='ocrx_word' id='word_1_293' title='bbox 2185 1341 2385 1382; x_wconf 88' lang='lat' dir='ltr'>mense</span> <span class='ocrx_word' id='word_1_294' title='bbox 2414 1343 2616 1383; x_wconf 89' lang='lat' dir='ltr'>cereus</span> <span class='ocrx_word' id='word_1_295' title='bbox 2647 1327 2717 1383; x_wconf 89' lang='lat' dir='ltr'>de</span> <span class='ocrx_word' id='word_1_296' title='bbox 2747 1327 2954 1382; x_wconf 88' lang='lat' dir='ltr'>tumba</span> <span class='ocrx_word' id='word_1_297' title='bbox 2977 1328 3105 1397; x_wconf 84' lang='lat' dir='ltr'>ejus</span> <span class='ocrx_word' id='word_1_298' title='bbox 3127 1331 3400 1400; x_wconf 88' lang='lat' dir='ltr'>acceptus</span> <span class='ocrx_word' id='word_1_299' title='bbox 3428 1327 3521 1384; x_wconf 90' lang='lat' dir='ltr'>bis</span> <span class='ocrx_word' id='word_1_300' title='bbox 3543 1328 3696 1385; x_wconf 89' lang='lat' dir='ltr'>ultro</span> <span class='ocrx_word' id='word_1_301' title='bbox 3727 1346 3828 1386; x_wconf 90' lang='lat' dir='ltr'>ac-</span> 
     </span>
    </p>
   </div>
   <div class='ocr_carea' id='block_1_44' title="bbox 2184 1415 3823 1475">
    <p class='ocr_par' dir='ltr' id='par_1_44' title="bbox 2184 1415 3823 1475">
     <span class='ocr_line' id='line_1_44' title="bbox 2184 1415 3823 1475; baseline 0.003 -5"><span class='ocrx_word' id='word_1_302' title='bbox 2184 1431 2418 1472; x_wconf 90' lang='lat' dir='ltr'>census.</span> <span class='ocrx_word' id='word_1_303' title='bbox 2452 1417 2522 1472; x_wconf 89' lang='lat' dir='ltr'>Et</span> <span class='ocrx_word' id='word_1_304' title='bbox 2553 1431 2669 1473; x_wconf 90' lang='lat' dir='ltr'>non</span> <span class='ocrx_word' id='word_1_305' title='bbox 2703 1415 2896 1473; x_wconf 89' lang='lat' dir='ltr'>solum</span> <span class='ocrx_word' id='word_1_306' title='bbox 2929 1416 3121 1472; x_wconf 60' lang='lat' dir='ltr'>Romae</span> <span class='ocrx_word' id='word_1_307' title='bbox 3145 1417 3245 1473; x_wconf 91' lang='lat' dir='ltr'>sed</span> <span class='ocrx_word' id='word_1_308' title='bbox 3268 1417 3578 1475; x_wconf 87' lang='lat' dir='ltr'>Beneventi</span> <span class='ocrx_word' id='word_1_309' title='bbox 3598 1435 3734 1475; x_wconf 86' lang='lat' dir='ltr'>mox</span> <span class='ocrx_word' id='word_1_310' title='bbox 3764 1420 3823 1475; x_wconf 91' lang='lat' dir='ltr'>in</span> 
     </span>
    </p>
   </div>
   <div class='ocr_carea' id='block_1_45' title="bbox 2178 1505 3817 1579">
    <p class='ocr_par' dir='ltr' id='par_1_45' title="bbox 2178 1505 3817 1579">
     <span class='ocr_line' id='line_1_45' title="bbox 2178 1505 3817 1579; baseline 0.003 -19"><span class='ocrx_word' id='word_1_311' title='bbox 2178 1505 2546 1562; x_wconf 88' lang='lat' dir='ltr'>veneratione</span> <span class='ocrx_word' id='word_1_312' title='bbox 2577 1505 2705 1578; x_wconf 89' lang='lat' dir='ltr'>fuit,</span> <span class='ocrx_word' id='word_1_313' title='bbox 2731 1505 2830 1562; x_wconf 91' lang='lat' dir='ltr'>ubi</span> <span class='ocrx_word' id='word_1_314' title='bbox 2885 1510 3073 1578; x_wconf 86' lang='lat' dir='ltr'>coepta</span> <span class='ocrx_word' id='word_1_315' title='bbox 3111 1511 3200 1563; x_wconf 89' lang='lat' dir='ltr'>est</span> <span class='ocrx_word' id='word_1_316' title='bbox 3245 1508 3318 1563; x_wconf 92' lang='lat' dir='ltr'>ad</span> <span class='ocrx_word' id='word_1_317' title='bbox 3350 1508 3479 1579; x_wconf 90' lang='lat' dir='ltr'>ejus</span> <span class='ocrx_word' id='word_1_318' title='bbox 3536 1508 3817 1565; x_wconf 86' lang='lat' dir='ltr'>honorem</span> 
     </span>
    </p>
   </div>
   <div class='ocr_carea' id='block_1_46' title="bbox 2176 1594 3817 1669">
    <p class='ocr_par' dir='ltr' id='par_1_46' title="bbox 2176 1594 3817 1669">
     <span class='ocr_line' id='line_1_46' title="bbox 2176 1594 3817 1669; baseline 0.003 -21"><span class='ocrx_word' id='word_1_319' title='bbox 2176 1594 2364 1649; x_wconf 82' lang='lat' dir='ltr'>extrui</span> <span class='ocrx_word' id='word_1_320' title='bbox 2387 1594 2646 1666; x_wconf 89' lang='lat' dir='ltr'>ecclesia,</span> <span class='ocrx_word' id='word_1_321' title='bbox 2663 1598 2718 1651; x_wconf 90' lang='lat' dir='ltr'>et</span> <span class='ocrx_word' id='word_1_322' title='bbox 2746 1611 3010 1651; x_wconf 88' lang='lat' dir='ltr'>annuum</span> <span class='ocrx_word' id='word_1_323' title='bbox 3043 1596 3256 1652; x_wconf 89' lang='lat' dir='ltr'>festum</span> <span class='ocrx_word' id='word_1_324' title='bbox 3279 1596 3407 1667; x_wconf 88' lang='lat' dir='ltr'>ejus</span> <span class='ocrx_word' id='word_1_325' title='bbox 3429 1597 3664 1669; x_wconf 88' lang='lat' dir='ltr'>publice</span> <span class='ocrx_word' id='word_1_326' title='bbox 3686 1615 3817 1669; x_wconf 89' lang='lat' dir='ltr'>pro-</span> 
     </span>
    </p>
   </div>
   <div class='ocr_carea' id='block_1_47' title="bbox 2177 1682 3824 1755">
    <p class='ocr_par' dir='ltr' id='par_1_47' title="bbox 2177 1682 3824 1755">
     <span class='ocr_line' id='line_1_47' title="bbox 2177 1682 3824 1755; baseline 0.002 -17"><span class='ocrx_word' id='word_1_327' title='bbox 2177 1682 2429 1755; x_wconf 89' lang='lat' dir='ltr'>mulgari</span> <span class='ocrx_word' id='word_1_328' title='bbox 2461 1687 2517 1739; x_wconf 92' lang='lat' dir='ltr'>et</span> <span class='ocrx_word' id='word_1_329' title='bbox 2544 1684 2745 1739; x_wconf 88' lang='lat' dir='ltr'>devote</span> <span class='ocrx_word' id='word_1_330' title='bbox 2775 1682 2906 1739; x_wconf 92' lang='lat' dir='ltr'>coli.</span> <span class='ocrx_word' id='word_1_331' title='bbox 2931 1685 3072 1754; x_wconf 86' lang='lat' dir='ltr'>Ejus</span> <span class='ocrx_word' id='word_1_332' title='bbox 3096 1683 3467 1742; x_wconf 89' lang='lat' dir='ltr'>festivitatem</span> <span class='ocrx_word' id='word_1_333' title='bbox 3487 1686 3545 1741; x_wconf 90' lang='lat' dir='ltr'>in</span> <span class='ocrx_word' id='word_1_334' title='bbox 3568 1686 3824 1742; x_wconf 88' lang='lat' dir='ltr'>Ecclesia</span> 
     </span>
    </p>
   </div>
   <div class='ocr_carea' id='block_1_48' title="bbox 2177 1771 3830 1848">
    <p class='ocr_par' dir='ltr' id='par_1_48' title="bbox 2177 1771 3830 1848">
     <span class='ocr_line' id='line_1_48' title="bbox 2177 1771 3830 1848; baseline 0.004 -22"><span class='ocrx_word' id='word_1_335' title='bbox 2177 1771 2466 1844; x_wconf 83' lang='lat' dir='ltr'>Signiensi</span> <span class='ocrx_word' id='word_1_336' title='bbox 2498 1773 2848 1830; x_wconf 88' lang='lat' dir='ltr'>celebratam</span> <span class='ocrx_word' id='word_1_337' title='bbox 2880 1773 3064 1831; x_wconf 86' lang='lat' dir='ltr'>fuisse</span> <span class='ocrx_word' id='word_1_338' title='bbox 3094 1776 3344 1830; x_wconf 84' lang='lat' dir='ltr'>testatur</span> <span class='ocrx_word' id='word_1_339' title='bbox 3361 1776 3420 1831; x_wconf 92' lang='lat' dir='ltr'>S.</span> <span class='ocrx_word' id='word_1_340' title='bbox 3445 1774 3640 1832; x_wconf 90' lang='lat' dir='ltr'>Bruno</span> <span class='ocrx_word' id='word_1_341' title='bbox 3664 1775 3830 1848; x_wconf 84' lang='lat' dir='ltr'>Epis-</span> 
     </span>
    </p>
   </div>
   <div class='ocr_carea' id='block_1_49' title="bbox 2175 1862 3821 1936">
    <p class='ocr_par' dir='ltr' id='par_1_49' title="bbox 2175 1862 3821 1936">
     <span class='ocr_line' id='line_1_49' title="bbox 2175 1862 3821 1936; baseline 0.001 -19"><span class='ocrx_word' id='word_1_342' title='bbox 2175 1862 3007 1934; x_wconf 88' lang='lat' dir='ltr'>copusSigniensis,Memoria</span> <span class='ocrx_word' id='word_1_343' title='bbox 3031 1863 3313 1936; x_wconf 87' lang='lat' dir='ltr'>inscripta</span> <span class='ocrx_word' id='word_1_344' title='bbox 3340 1865 3514 1922; x_wconf 90' lang='lat' dir='ltr'>etiam</span> <span class='ocrx_word' id='word_1_345' title='bbox 3546 1869 3638 1921; x_wconf 91' lang='lat' dir='ltr'>est</span> <span class='ocrx_word' id='word_1_346' title='bbox 3666 1864 3821 1920; x_wconf 88' lang='lat' dir='ltr'>anti-</span> 
     </span>
    </p>
   </div>
   <div class='ocr_carea' id='block_1_50' title="bbox 2175 1950 3816 2025">
    <p class='ocr_par' dir='ltr' id='par_1_50' title="bbox 2175 1950 3816 2025">
     <span class='ocr_line' id='line_1_50' title="bbox 2175 1950 3816 2025; baseline 0.002 -20"><span class='ocrx_word' id='word_1_347' title='bbox 2175 1950 2308 2022; x_wconf 90' lang='lat' dir='ltr'>quis</span> <span class='ocrx_word' id='word_1_348' title='bbox 2341 1950 2767 2025; x_wconf 84' lang='lat' dir='ltr'>Martyrologiis</span> <span class='ocrx_word' id='word_1_349' title='bbox 2792 1970 2805 2021; x_wconf 86' lang='lat'>;</span> <span class='ocrx_word' id='word_1_350' title='bbox 2829 1969 2898 2009; x_wconf 86' lang='lat' dir='ltr'>ex</span> <span class='ocrx_word' id='word_1_351' title='bbox 2925 1952 3141 2024; x_wconf 91' lang='lat' dir='ltr'>quibus</span> <span class='ocrx_word' id='word_1_352' title='bbox 3174 1951 3404 2024; x_wconf 88' lang='lat' dir='ltr'>aliquod</span> <span class='ocrx_word' id='word_1_353' title='bbox 3437 1952 3816 2022; x_wconf 88' lang='lat' dir='ltr'>Usuardi,sed</span> 
     </span>
    </p>
   </div>
   <div class='ocr_carea' id='block_1_51' title="bbox 2176 2040 3819 2114">
    <p class='ocr_par' dir='ltr' id='par_1_51' title="bbox 2176 2040 3819 2114">
     <span class='ocr_line' id='line_1_51' title="bbox 2176 2040 3819 2114; baseline 0.002 -20"><span class='ocrx_word' id='word_1_354' title='bbox 2176 2040 2374 2095; x_wconf 81' lang='lat' dir='ltr'>Remis</span> <span class='ocrx_word' id='word_1_355' title='bbox 2405 2046 2663 2109; x_wconf 90' lang='lat' dir='ltr'>auctum,</span> <span class='ocrx_word' id='word_1_356' title='bbox 2699 2042 2855 2098; x_wconf 89' lang='lat' dir='ltr'>unde</span> <span class='ocrx_word' id='word_1_357' title='bbox 2886 2041 3160 2098; x_wconf 89' lang='lat' dir='ltr'>Molanus</span> <span class='ocrx_word' id='word_1_358' title='bbox 3193 2059 3366 2098; x_wconf 88' lang='lat' dir='ltr'>suum</span> <span class='ocrx_word' id='word_1_359' title='bbox 3398 2042 3596 2110; x_wconf 86' lang='lat' dir='ltr'>edidit,</span> <span class='ocrx_word' id='word_1_360' title='bbox 3613 2041 3675 2097; x_wconf 88' lang='lat' dir='ltr'>in</span> <span class='ocrx_word' id='word_1_361' title='bbox 3697 2059 3819 2114; x_wconf 89' lang='lat' dir='ltr'>quo</span> 
     </span>
    </p>
   </div>
   <div class='ocr_carea' id='block_1_52' title="bbox 2173 2129 3818 2203">
    <p class='ocr_par' dir='ltr' id='par_1_52' title="bbox 2173 2129 3818 2203">
     <span class='ocr_line' id='line_1_52' title="bbox 2173 2129 3818 2203; baseline 0.001 -18"><span class='ocrx_word' id='word_1_362' title='bbox 2173 2131 2285 2185; x_wconf 91' lang='lat' dir='ltr'>sub</span> <span class='ocrx_word' id='word_1_363' title='bbox 2314 2129 2492 2185; x_wconf 83' lang='lat' dir='ltr'>ﬁnem</span> <span class='ocrx_word' id='word_1_364' title='bbox 2525 2130 2766 2203; x_wconf 88' lang='lat' dir='ltr'>antiquo</span> <span class='ocrx_word' id='word_1_365' title='bbox 2796 2130 3125 2188; x_wconf 76' lang='lat' dir='ltr'>charactere</span> <span class='ocrx_word' id='word_1_366' title='bbox 3155 2132 3269 2187; x_wconf 87' lang='lat' dir='ltr'>ista</span> <span class='ocrx_word' id='word_1_367' title='bbox 3297 2130 3496 2187; x_wconf 85' lang='lat' dir='ltr'>addita</span> <span class='ocrx_word' id='word_1_368' title='bbox 3551 2133 3691 2187; x_wconf 81' lang='lat' dir='ltr'>sunt</span> <span class='ocrx_word' id='word_1_369' title='bbox 3743 2132 3818 2187; x_wconf 91' lang='lat' dir='ltr'>ad</span> 
     </span>
    </p>
   </div>
   <div class='ocr_carea' id='block_1_53' title="bbox 2174 2219 3816 2292">
    <p class='ocr_par' dir='ltr' id='par_1_53' title="bbox 2174 2219 3816 2292">
     <span class='ocr_line' id='line_1_53' title="bbox 2174 2219 3816 2292; baseline 0.001 -19"><span class='ocrx_word' id='word_1_370' title='bbox 2174 2219 2327 2274; x_wconf 89' lang='lat' dir='ltr'>diem</span> <span class='ocrx_word' id='word_1_371' title='bbox 2355 2237 2452 2275; x_wconf 72' lang='lat' dir='ltr'><strong>xxx</strong></span> <span class='ocrx_word' id='word_1_372' title='bbox 2481 2219 2711 2291; x_wconf 90' lang='lat' dir='ltr'>Apriis:</span> <span class='ocrx_word' id='word_1_373' title='bbox 2746 2242 2774 2270; x_wconf 87' lang='lat'><strong>«</strong></span> <span class='ocrx_word' id='word_1_374' title='bbox 2805 2221 3023 2276; x_wconf 90' lang='lat' dir='ltr'>Eodem</span> <span class='ocrx_word' id='word_1_375' title='bbox 3069 2221 3161 2276; x_wconf 88' lang='lat' dir='ltr'>die</span> <span class='ocrx_word' id='word_1_376' title='bbox 3191 2221 3344 2292; x_wconf 86' lang='lat' dir='ltr'>apud</span> <span class='ocrx_word' id='word_1_377' title='bbox 3377 2219 3694 2276; x_wconf 85' lang='lat' dir='ltr'>Ecclesiam</span> <span class='ocrx_word' id='word_1_378' title='bbox 3755 2221 3816 2278; x_wconf 92' lang='lat' dir='ltr'>S.</span> 
     </span>
    </p>
   </div>
   <div class='ocr_carea' id='block_1_54' title="bbox 2173 2309 3818 2383">
    <p class='ocr_par' dir='ltr' id='par_1_54' title="bbox 2173 2309 3818 2383">
     <span class='ocr_line' id='line_1_54' title="bbox 2173 2309 3818 2383; baseline 0 -20"><span class='ocrx_word' id='word_1_379' title='bbox 2173 2309 2325 2364; x_wconf 88' lang='lat' dir='ltr'>Petri</span> <span class='ocrx_word' id='word_1_380' title='bbox 2356 2309 2573 2376; x_wconf 66' lang='lat' dir='ltr'>Romae,</span> <span class='ocrx_word' id='word_1_381' title='bbox 2607 2309 2890 2381; x_wconf 87' lang='lat' dir='ltr'>depositio</span> <span class='ocrx_word' id='word_1_382' title='bbox 2930 2310 3136 2366; x_wconf 91' lang='lat' dir='ltr'>Domni</span> <span class='ocrx_word' id='word_1_383' title='bbox 3183 2309 3392 2366; x_wconf 91' lang='lat' dir='ltr'>Leonis</span> <span class='ocrx_word' id='word_1_384' title='bbox 3448 2311 3615 2383; x_wconf 69' lang='lat' dir='ltr'>Papze</span> <span class='ocrx_word' id='word_1_385' title='bbox 3655 2311 3818 2382; x_wconf 85' lang='lat' dir='ltr'>noni,</span> 
     </span>
    </p>
   </div>
   <div class='ocr_carea' id='block_1_55' title="bbox 2175 2397 3818 2472">
    <p class='ocr_par' dir='ltr' id='par_1_55' title="bbox 2175 2397 3818 2472">
     <span class='ocr_line' id='line_1_55' title="bbox 2175 2397 3818 2472; baseline 0 -18"><span class='ocrx_word' id='word_1_386' title='bbox 2175 2399 2273 2470; x_wconf 90' lang='lat' dir='ltr'>qui</span> <span class='ocrx_word' id='word_1_387' title='bbox 2306 2397 2624 2455; x_wconf 88' lang='lat' dir='ltr'>Ecclesiam</span> <span class='ocrx_word' id='word_1_388' title='bbox 2657 2399 2720 2454; x_wconf 87' lang='lat' dir='ltr'>B:</span> <span class='ocrx_word' id='word_1_389' title='bbox 2756 2398 3005 2472; x_wconf 82' lang='lat' dir='ltr'>Remigii</span> <span class='ocrx_word' id='word_1_390' title='bbox 3035 2399 3342 2455; x_wconf 89' lang='lat' dir='ltr'>dedicavit.</span> <span class='ocrx_word' id='word_1_391' title='bbox 3375 2422 3403 2450; x_wconf 84' lang='lat'>»</span> <span class='ocrx_word' id='word_1_392' title='bbox 3436 2400 3616 2471; x_wconf 87' lang='lat' dir='ltr'>Cujus</span> <span class='ocrx_word' id='word_1_393' title='bbox 3646 2399 3818 2472; x_wconf 86' lang='lat' dir='ltr'>elogii</span> 
     </span>
    </p>
   </div>
   <div class='ocr_carea' id='block_1_56' title="bbox 2173 2488 3818 2562">
    <p class='ocr_par' dir='ltr' id='par_1_56' title="bbox 2173 2488 3818 2562">
     <span class='ocr_line' id='line_1_56' title="bbox 2173 2488 3818 2562; baseline -0.001 -18"><span class='ocrx_word' id='word_1_394' title='bbox 2173 2489 2333 2562; x_wconf 90' lang='lat' dir='ltr'>prior</span> <span class='ocrx_word' id='word_1_395' title='bbox 2364 2505 2499 2560; x_wconf 90' lang='lat' dir='ltr'>pars</span> <span class='ocrx_word' id='word_1_396' title='bbox 2531 2488 2828 2561; x_wconf 82' lang='lat' dir='ltr'>adscripta</span> <span class='ocrx_word' id='word_1_397' title='bbox 2858 2492 2947 2545; x_wconf 89' lang='lat' dir='ltr'>est</span> <span class='ocrx_word' id='word_1_398' title='bbox 2983 2488 3206 2545; x_wconf 85' lang='lat' dir='ltr'>Adonis</span> <span class='ocrx_word' id='word_1_399' title='bbox 3237 2489 3646 2562; x_wconf 75' lang='lat' dir='ltr'>Martyrologio</span> <span class='ocrx_word' id='word_1_400' title='bbox 3707 2489 3818 2545; x_wconf 89' lang='lat' dir='ltr'>Ms.</span> 
     </span>
    </p>
   </div>
   <div class='ocr_carea' id='block_1_57' title="bbox 2171 2576 3822 2634">
    <p class='ocr_par' dir='ltr' id='par_1_57' title="bbox 2171 2576 3822 2634">
     <span class='ocr_line' id='line_1_57' title="bbox 2171 2576 3822 2634; baseline 0 -2"><span class='ocrx_word' id='word_1_401' title='bbox 2171 2577 2474 2634; x_wconf 90' lang='lat' dir='ltr'>Leodiensi</span> <span class='ocrx_word' id='word_1_402' title='bbox 2507 2576 2753 2634; x_wconf 88' lang='lat' dir='ltr'>coenobii</span> <span class='ocrx_word' id='word_1_403' title='bbox 2789 2578 2847 2633; x_wconf 92' lang='lat' dir='ltr'>S.</span> <span class='ocrx_word' id='word_1_404' title='bbox 2882 2578 3197 2634; x_wconf 86' lang='lat' dir='ltr'>Laurentii.</span> <span class='ocrx_word' id='word_1_405' title='bbox 3227 2579 3288 2633; x_wconf 89' lang='lat' dir='ltr'>In</span> <span class='ocrx_word' id='word_1_406' title='bbox 3322 2578 3432 2634; x_wconf 90' lang='lat' dir='ltr'>Ms.</span> <span class='ocrx_word' id='word_1_407' title='bbox 3458 2577 3822 2634; x_wconf 84' lang='lat' dir='ltr'>Bruxellensi</span> 
     </span>
    </p>
   </div>
   <div class='ocr_carea' id='block_1_58' title="bbox 2170 2665 3822 2724">
    <p class='ocr_par' dir='ltr' id='par_1_58' title="bbox 2170 2665 3822 2724">
     <span class='ocr_line' id='line_1_58' title="bbox 2170 2665 3822 2724; baseline 0 0"><span class='ocrx_word' id='word_1_408' title='bbox 2170 2667 2230 2724; x_wconf 91' lang='lat' dir='ltr'>S.</span> <span class='ocrx_word' id='word_1_409' title='bbox 2265 2666 2486 2722; x_wconf 69' lang='lat' dir='ltr'>Gudilaa</span> <span class='ocrx_word' id='word_1_410' title='bbox 2518 2665 2636 2723; x_wconf 89' lang='lat' dir='ltr'>ista</span> <span class='ocrx_word' id='word_1_411' title='bbox 2655 2666 2950 2723; x_wconf 86' lang='lat' dir='ltr'>habentur</span> <span class='ocrx_word' id='word_1_412' title='bbox 2982 2684 2996 2723; x_wconf 91' lang='lat'><strong>:</strong></span> <span class='ocrx_word' id='word_1_413' title='bbox 3041 2691 3068 2718; x_wconf 85' lang='lat'><strong>«</strong></span> <span class='ocrx_word' id='word_1_414' title='bbox 3100 2668 3317 2723; x_wconf 90' lang='lat' dir='ltr'>Eodem</span> <span class='ocrx_word' id='word_1_415' title='bbox 3348 2667 3440 2723; x_wconf 91' lang='lat' dir='ltr'>die</span> <span class='ocrx_word' id='word_1_416' title='bbox 3497 2668 3557 2724; x_wconf 90' lang='lat' dir='ltr'>S.</span> <span class='ocrx_word' id='word_1_417' title='bbox 3613 2667 3822 2724; x_wconf 88' lang='lat' dir='ltr'>Leonis</span> 
     </span>
    </p>
   </div>
   <div class='ocr_carea' id='block_1_59' title="bbox 2163 2755 3819 2829">
    <p class='ocr_par' dir='ltr' id='par_1_59' title="bbox 2163 2755 3819 2829">
     <span class='ocr_line' id='line_1_59' title="bbox 2163 2755 3819 2829; baseline -0.001 -16"><span class='ocrx_word' id='word_1_418' title='bbox 2163 2756 2308 2814; x_wconf 87' lang='lat' dir='ltr'>noni</span> <span class='ocrx_word' id='word_1_419' title='bbox 2338 2760 2506 2828; x_wconf 66' lang='lat' dir='ltr'>Papae</span> <span class='ocrx_word' id='word_1_420' title='bbox 2537 2759 2594 2810; x_wconf 89' lang='lat' dir='ltr'>et</span> <span class='ocrx_word' id='word_1_421' title='bbox 2622 2755 2986 2813; x_wconf 87' lang='lat' dir='ltr'>Confessoris</span> <span class='ocrx_word' id='word_1_422' title='bbox 3011 2773 3025 2825; x_wconf 89' lang='lat'><strong>;</strong></span> <span class='ocrx_word' id='word_1_423' title='bbox 3057 2755 3158 2828; x_wconf 91' lang='lat' dir='ltr'>qui</span> <span class='ocrx_word' id='word_1_424' title='bbox 3189 2757 3449 2828; x_wconf 89' lang='lat' dir='ltr'>primum</span> <span class='ocrx_word' id='word_1_425' title='bbox 3499 2755 3819 2829; x_wconf 86' lang='lat' dir='ltr'>Episcopus</span> 
     </span>
    </p>
   </div>
   <div class='ocr_carea' id='block_1_60' title="bbox 2169 2844 3818 2918">
    <p class='ocr_par' dir='ltr' id='par_1_60' title="bbox 2169 2844 3818 2918">
     <span class='ocr_line' id='line_1_60' title="bbox 2169 2844 3818 2918; baseline 0.001 -17"><span class='ocrx_word' id='word_1_426' title='bbox 2169 2844 2463 2902; x_wconf 84' lang='lat' dir='ltr'>Tullensis</span> <span class='ocrx_word' id='word_1_427' title='bbox 2493 2845 2565 2902; x_wconf 89' lang='lat' dir='ltr'>ab</span> <span class='ocrx_word' id='word_1_428' title='bbox 2597 2846 2954 2917; x_wconf 87' lang='lat' dir='ltr'>Imperatore</span> <span class='ocrx_word' id='word_1_429' title='bbox 2985 2845 3229 2902; x_wconf 88' lang='lat' dir='ltr'>Henrico</span> <span class='ocrx_word' id='word_1_430' title='bbox 3255 2847 3328 2901; x_wconf 91' lang='lat' dir='ltr'>ad</span> <span class='ocrx_word' id='word_1_431' title='bbox 3357 2847 3644 2918; x_wconf 88' lang='lat' dir='ltr'>Papatum</span> <span class='ocrx_word' id='word_1_432' title='bbox 3676 2863 3818 2918; x_wconf 87' lang='lat' dir='ltr'>pro-</span> 
     </span>
    </p>
   </div>
   <div class='ocr_carea' id='block_1_61' title="bbox 2170 2935 3821 3008">
    <p class='ocr_par' dir='ltr' id='par_1_61' title="bbox 2170 2935 3821 3008">
     <span class='ocr_line' id='line_1_61' title="bbox 2170 2935 3821 3008; baseline -0.001 -16"><span class='ocrx_word' id='word_1_433' title='bbox 2170 2939 2389 3004; x_wconf 89' lang='lat' dir='ltr'>motus,</span> <span class='ocrx_word' id='word_1_434' title='bbox 2421 2951 2489 2991; x_wconf 88' lang='lat' dir='ltr'>ex</span> <span class='ocrx_word' id='word_1_435' title='bbox 2519 2935 2627 2990; x_wconf 92' lang='lat' dir='ltr'>hoc</span> <span class='ocrx_word' id='word_1_436' title='bbox 2656 2935 3074 2992; x_wconf 90' lang='lat' dir='ltr'>conscientiam</span> <span class='ocrx_word' id='word_1_437' title='bbox 3106 2935 3330 2992; x_wconf 89' lang='lat' dir='ltr'>habens</span> <span class='ocrx_word' id='word_1_438' title='bbox 3362 2935 3714 3008; x_wconf 88' lang='lat' dir='ltr'>resignavit:</span> <span class='ocrx_word' id='word_1_439' title='bbox 3761 2940 3821 2990; x_wconf 91' lang='lat' dir='ltr'>et</span> 
     </span>
    </p>
   </div>
   <div class='ocr_carea' id='block_1_62' title="bbox 2170 3023 3822 3097">
    <p class='ocr_par' dir='ltr' id='par_1_62' title="bbox 2170 3023 3822 3097">
     <span class='ocr_line' id='line_1_62' title="bbox 2170 3023 3822 3097; baseline 0 -17"><span class='ocrx_word' id='word_1_440' title='bbox 2170 3026 2361 3081; x_wconf 89' lang='lat' dir='ltr'>denuo</span> <span class='ocrx_word' id='word_1_441' title='bbox 2383 3024 2487 3080; x_wconf 88' lang='lat' dir='ltr'>rile</span> <span class='ocrx_word' id='word_1_442' title='bbox 2504 3024 2884 3097; x_wconf 89' lang='lat' dir='ltr'>electus,post</span> <span class='ocrx_word' id='word_1_443' title='bbox 2905 3025 3262 3082; x_wconf 87' lang='lat' dir='ltr'>laudabilem</span> <span class='ocrx_word' id='word_1_444' title='bbox 3281 3025 3461 3081; x_wconf 88' lang='lat' dir='ltr'>vitam</span> <span class='ocrx_word' id='word_1_445' title='bbox 3480 3025 3547 3094; x_wconf 44' lang='lat' dir='ltr'>in,</span> <span class='ocrx_word' id='word_1_446' title='bbox 3570 3023 3822 3082; x_wconf 85' lang='lat' dir='ltr'>ecclesia</span> 
     </span>
    </p>
   </div>
   <div class='ocr_carea' id='block_1_63' title="bbox 419 3111 3817 3190">
    <p class='ocr_par' dir='ltr' id='par_1_63' title="bbox 419 3111 3817 3190">
     <span class='ocr_line' id='line_1_63' title="bbox 419 3111 3817 3190; baseline -0.001 -17"><span class='ocrx_word' id='word_1_447' title='bbox 419 3134 546 3190; x_wconf 70' lang='lat' dir='ltr'>quas</span> <span class='ocrx_word' id='word_1_448' title='bbox 577 3113 892 3172; x_wconf 87' lang='lat' dir='ltr'>benevolus</span> <span class='ocrx_word' id='word_1_449' title='bbox 923 3115 1126 3170; x_wconf 89' lang='lat' dir='ltr'>Lector</span> <span class='ocrx_word' id='word_1_450' title='bbox 1165 3111 1375 3185; x_wconf 89' lang='lat' dir='ltr'>poterit</span> <span class='ocrx_word' id='word_1_451' title='bbox 1405 3112 1623 3168; x_wconf 87' lang='lat' dir='ltr'>ibidem</span> <span class='ocrx_word' id='word_1_452' title='bbox 1675 3111 1948 3182; x_wconf 89' lang='lat' dir='ltr'>reperire.</span> <span class='ocrx_word' id='word_1_453' title='bbox 1980 3111 2059 3165; x_wconf 81' lang='lat' dir='ltr'>Ex</span> <span class='ocrx_word' id='word_1_454' title='bbox 2096 3176 2131 3190; x_wconf 47' lang='grc' dir='ltr'><strong>Α</strong></span> <span class='ocrx_word' id='word_1_455' title='bbox 2171 3114 2230 3170; x_wconf 85' lang='grc'>8.</span> <span class='ocrx_word' id='word_1_456' title='bbox 2261 3113 2411 3170; x_wconf 91' lang='lat' dir='ltr'>Petri</span> <span class='ocrx_word' id='word_1_457' title='bbox 2443 3113 2792 3181; x_wconf 88' lang='lat' dir='ltr'>tumulatur,</span> <span class='ocrx_word' id='word_1_458' title='bbox 2827 3113 3055 3170; x_wconf 86' lang='lat' dir='ltr'>clarens</span> <span class='ocrx_word' id='word_1_459' title='bbox 3087 3112 3407 3170; x_wconf 87' lang='lat' dir='ltr'>miraculis.</span> <span class='ocrx_word' id='word_1_460' title='bbox 3446 3136 3474 3163; x_wconf 84' lang='lat'><strong>»</strong></span> <span class='ocrx_word' id='word_1_461' title='bbox 3532 3115 3817 3186; x_wconf 81' lang='lat' dir='ltr'>Ejusdem</span> 
     </span>
    </p>
   </div>
   <div class='ocr_carea' id='block_1_64' title="bbox 416 3176 3818 3275">
    <p class='ocr_par' dir='ltr' id='par_1_64' title="bbox 416 3176 3818 3275">
     <span class='ocr_line' id='line_1_64' title="bbox 416 3176 3818 3275; baseline -0.002 -12"><span class='ocrx_word' id='word_1_462' title='bbox 416 3176 572 3263; x_wconf 80' lang='lat' dir='ltr'>dicto</span> <span class='ocrx_word' id='word_1_463' title='bbox 603 3209 798 3261; x_wconf 88' lang='lat' dir='ltr'>tamen</span> <span class='ocrx_word' id='word_1_464' title='bbox 833 3208 990 3260; x_wconf 75' lang='lat' dir='ltr'>tonio</span> <span class='ocrx_word' id='word_1_465' title='bbox 1017 3176 1244 3275; x_wconf 76' lang='lat' dir='ltr'>Uglielli</span> <span class='ocrx_word' id='word_1_466' title='bbox 1279 3203 1490 3256; x_wconf 89' lang='lat' dir='ltr'>damus</span> <span class='ocrx_word' id='word_1_467' title='bbox 1523 3218 1650 3272; x_wconf 64' lang='lat' dir='ltr'>qum</span> <span class='ocrx_word' id='word_1_468' title='bbox 1681 3176 1895 3256; x_wconf 80' lang='lat' dir='ltr'>ibidem</span> <span class='ocrx_word' id='word_1_469' title='bbox 1923 3195 2057 3256; x_wconf 82' lang='lat' dir='ltr'>con-</span> <span class='ocrx_word' id='word_1_470' title='bbox 2090 3176 2132 3244; x_wconf 57' lang='grc' dir='ltr'><strong>(ἶ</strong></span> <span class='ocrx_word' id='word_1_471' title='bbox 2173 3202 2456 3260; x_wconf 83' lang='lat' dir='ltr'>memoria</span> <span class='ocrx_word' id='word_1_472' title='bbox 2471 3176 2798 3259; x_wconf 84' lang='lat' dir='ltr'>celebratur</span> <span class='ocrx_word' id='word_1_473' title='bbox 2817 3201 2876 3258; x_wconf 91' lang='lat' dir='ltr'>in</span> <span class='ocrx_word' id='word_1_474' title='bbox 2898 3203 3275 3259; x_wconf 88' lang='lat' dir='ltr'>Ms.Romano</span> <span class='ocrx_word' id='word_1_475' title='bbox 3295 3176 3818 3274; x_wconf 70' lang='lat' dir='ltr'>DucisAltempsii,</span> 
     </span>
    </p>
   </div>
   <div class='ocr_carea' id='block_1_65' title="bbox 415 3290 2060 3360">
    <p class='ocr_par' dir='ltr' id='par_1_65' title="bbox 415 3290 2060 3360">
     <span class='ocr_line' id='line_1_65' title="bbox 415 3290 2060 3360; baseline -0.005 -7"><span class='ocrx_word' id='word_1_476' title='bbox 415 3297 679 3353; x_wconf 89' lang='lat' dir='ltr'>tinentur</span> <span class='ocrx_word' id='word_1_477' title='bbox 709 3296 778 3350; x_wconf 89' lang='lat' dir='ltr'>de</span> <span class='ocrx_word' id='word_1_478' title='bbox 811 3293 1054 3350; x_wconf 90' lang='lat' dir='ltr'>ecclesia</span> <span class='ocrx_word' id='word_1_479' title='bbox 1086 3293 1143 3347; x_wconf 91' lang='lat' dir='ltr'>S.</span> <span class='ocrx_word' id='word_1_480' title='bbox 1175 3291 1382 3347; x_wconf 89' lang='lat' dir='ltr'>Leonis</span> <span class='ocrx_word' id='word_1_481' title='bbox 1413 3290 1722 3346; x_wconf 86' lang='lat' dir='ltr'>Beneventi</span> <span class='ocrx_word' id='word_1_482' title='bbox 1753 3295 1883 3360; x_wconf 90' lang='lat' dir='ltr'>post</span> <span class='ocrx_word' id='word_1_483' title='bbox 1937 3290 2060 3347; x_wconf 91' lang='lat' dir='ltr'>obi-</span> 
     </span>
    </p>
   </div>
   <div class='ocr_carea' id='block_1_66' title="bbox 415 3377 2060 3456">
    <p class='ocr_par' dir='ltr' id='par_1_66' title="bbox 415 3377 2060 3456">
     <span class='ocr_line' id='line_1_66' title="bbox 415 3377 2060 3456; baseline -0.005 -13"><span class='ocrx_word' id='word_1_484' title='bbox 415 3391 541 3442; x_wconf 88' lang='lat' dir='ltr'>tum</span> <span class='ocrx_word' id='word_1_485' title='bbox 576 3387 702 3456; x_wconf 87' lang='lat' dir='ltr'>ejus</span> <span class='ocrx_word' id='word_1_486' title='bbox 751 3386 964 3453; x_wconf 88' lang='lat' dir='ltr'>crccta,</span> <span class='ocrx_word' id='word_1_487' title='bbox 1025 3385 1079 3436; x_wconf 88' lang='lat' dir='ltr'>et</span> <span class='ocrx_word' id='word_1_488' title='bbox 1139 3378 1440 3436; x_wconf 90' lang='lat' dir='ltr'>nonnullis</span> <span class='ocrx_word' id='word_1_489' title='bbox 1489 3379 1705 3434; x_wconf 88' lang='lat' dir='ltr'>ibidem</span> <span class='ocrx_word' id='word_1_490' title='bbox 1760 3377 2060 3434; x_wconf 86' lang='lat' dir='ltr'>miraculis</span> 
     </span>
    </p>
   </div>
   <div class='ocr_carea' id='block_1_67' title="bbox 416 3468 2062 3550">
    <p class='ocr_par' dir='ltr' id='par_1_67' title="bbox 416 3468 2062 3550">
     <span class='ocr_line' id='line_1_67' title="bbox 416 3468 2062 3550; baseline -0.005 -17"><span class='ocrx_word' id='word_1_491' title='bbox 416 3475 692 3550; x_wconf 87' lang='lat' dir='ltr'>patratis:</span> <span class='ocrx_word' id='word_1_492' title='bbox 720 3489 966 3545; x_wconf 91' lang='lat' dir='ltr'>quorum</span> <span class='ocrx_word' id='word_1_493' title='bbox 993 3469 1161 3543; x_wconf 86' lang='lat' dir='ltr'>plura</span> <span class='ocrx_word' id='word_1_494' title='bbox 1183 3468 1669 3524; x_wconf 84' lang='lat' dir='ltr'>subnectimusex</span> <span class='ocrx_word' id='word_1_495' title='bbox 1689 3468 1842 3523; x_wconf 90' lang='lat' dir='ltr'>dicto</span> <span class='ocrx_word' id='word_1_496' title='bbox 1865 3468 2062 3524; x_wconf 90' lang='lat' dir='ltr'>codice</span> 
     </span>
    </p>
   </div>
   <div class='ocr_carea' id='block_1_68' title="bbox 416 3557 2058 3634">
    <p class='ocr_par' dir='ltr' id='par_1_68' title="bbox 416 3557 2058 3634">
     <span class='ocr_line' id='line_1_68' title="bbox 416 3557 2058 3634; baseline -0.005 -12"><span class='ocrx_word' id='word_1_497' title='bbox 416 3565 766 3623; x_wconf 87' lang='lat' dir='ltr'>Strozziano.</span> <span class='ocrx_word' id='word_1_498' title='bbox 790 3561 1036 3634; x_wconf 88' lang='lat' dir='ltr'>Aliquod</span> <span class='ocrx_word' id='word_1_499' title='bbox 1072 3577 1139 3615; x_wconf 79' lang='lat' dir='ltr'>ex</span> <span class='ocrx_word' id='word_1_500' title='bbox 1169 3559 1261 3613; x_wconf 89' lang='lat' dir='ltr'>his</span> <span class='ocrx_word' id='word_1_501' title='bbox 1291 3562 1612 3613; x_wconf 85' lang='lat' dir='ltr'>extractum</span> <span class='ocrx_word' id='word_1_502' title='bbox 1645 3557 2058 3629; x_wconf 90' lang='lat' dir='ltr'>compendium</span> 
     </span>
    </p>
   </div>
   <div class='ocr_carea' id='block_1_69' title="bbox 417 3645 2057 3717">
    <p class='ocr_par' dir='ltr' id='par_1_69' title="bbox 417 3645 2057 3717">
     <span class='ocr_line' id='line_1_69' title="bbox 417 3645 2057 3717; baseline -0.006 -5"><span class='ocrx_word' id='word_1_503' title='bbox 417 3655 666 3712; x_wconf 89' lang='lat' dir='ltr'>describi</span> <span class='ocrx_word' id='word_1_504' title='bbox 698 3651 1036 3710; x_wconf 88' lang='lat' dir='ltr'>curavimus</span> <span class='ocrx_word' id='word_1_505' title='bbox 1075 3650 1288 3717; x_wconf 64' lang='lat' dir='ltr'>Romae,</span> <span class='ocrx_word' id='word_1_506' title='bbox 1323 3666 1357 3704; x_wconf 91' lang='lat' dir='ltr'>a</span> <span class='ocrx_word' id='word_1_507' title='bbox 1406 3648 1568 3703; x_wconf 91' lang='lat' dir='ltr'>Petro</span> <span class='ocrx_word' id='word_1_508' title='bbox 1625 3645 1758 3704; x_wconf 88' lang='lat' dir='ltr'>Calo</span> <span class='ocrx_word' id='word_1_509' title='bbox 1818 3646 2057 3717; x_wconf 88' lang='lat' dir='ltr'>factum,</span> 
     </span>
    </p>
   </div>
   <div class='ocr_carea' id='block_1_70' title="bbox 417 3743 953 3818">
    <p class='ocr_par' dir='ltr' id='par_1_70' title="bbox 417 3743 953 3818">
     <span class='ocr_line' id='line_1_70' title="bbox 417 3743 953 3818; baseline -0.011 -17"><span class='ocrx_word' id='word_1_510' title='bbox 417 3746 571 3818; x_wconf 92' lang='lat' dir='ltr'>quod</span> <span class='ocrx_word' id='word_1_511' title='bbox 601 3743 953 3801; x_wconf 86' lang='lat' dir='ltr'>omittimus.</span> 
     </span>
    </p>
   </div>
   <div class='ocr_carea' id='block_1_71' title="bbox 485 3825 2058 3890">
    <p class='ocr_par' dir='ltr' id='par_1_71' title="bbox 485 3825 2058 3890">
     <span class='ocr_line' id='line_1_71' title="bbox 485 3825 2058 3890; baseline -0.006 0"><span class='ocrx_word' id='word_1_512' title='bbox 485 3837 538 3890; x_wconf 92' lang='lat'>3.</span> <span class='ocrx_word' id='word_1_513' title='bbox 567 3837 720 3890; x_wconf 89' lang='lat' dir='ltr'>Inter</span> <span class='ocrx_word' id='word_1_514' title='bbox 735 3829 1053 3887; x_wconf 86' lang='lat' dir='ltr'>familiares</span> <span class='ocrx_word' id='word_1_515' title='bbox 1084 3833 1141 3885; x_wconf 85' lang='lat' dir='ltr'>et</span> <span class='ocrx_word' id='word_1_516' title='bbox 1163 3829 1310 3884; x_wconf 86' lang='lat' dir='ltr'>ﬁdos</span> <span class='ocrx_word' id='word_1_517' title='bbox 1345 3826 1566 3882; x_wconf 91' lang='lat' dir='ltr'>amicos</span> <span class='ocrx_word' id='word_1_518' title='bbox 1597 3825 1803 3881; x_wconf 91' lang='lat' dir='ltr'>habuit</span> <span class='ocrx_word' id='word_1_519' title='bbox 1824 3848 1850 3874; x_wconf 94' lang='grc'>‹‹</span> <span class='ocrx_word' id='word_1_520' title='bbox 1871 3826 1929 3882; x_wconf 91' lang='lat' dir='ltr'>S.</span> <span class='ocrx_word' id='word_1_521' title='bbox 1951 3825 2058 3881; x_wconf 90' lang='lat' dir='ltr'>Leo</span> 
     </span>
    </p>
   </div>
   <div class='ocr_carea' id='block_1_72' title="bbox 416 3916 2062 3990">
    <p class='ocr_par' dir='ltr' id='par_1_72' title="bbox 416 3916 2062 3990">
     <span class='ocr_line' id='line_1_72' title="bbox 416 3916 2062 3990; baseline -0.005 -11"><span class='ocrx_word' id='word_1_522' title='bbox 416 3922 898 3987; x_wconf 87' lang='lat' dir='ltr'>Hildebrandum,</span> <span class='ocrx_word' id='word_1_523' title='bbox 922 3942 948 3969; x_wconf 82' lang='lat'>»</span> <span class='ocrx_word' id='word_1_524' title='bbox 990 3923 1192 3990; x_wconf 84' lang='lat' dir='ltr'>postea</span> <span class='ocrx_word' id='word_1_525' title='bbox 1225 3941 1244 3968; x_wconf 77' lang='grc' dir='ltr'><strong>οι</strong></span> <span class='ocrx_word' id='word_1_526' title='bbox 1275 3921 1582 3972; x_wconf 88' lang='lat' dir='ltr'>Summum</span> <span class='ocrx_word' id='word_1_527' title='bbox 1634 3916 1974 3972; x_wconf 76' lang='lat' dir='ltr'>Pontificem</span> <span class='ocrx_word' id='word_1_528' title='bbox 2006 3919 2062 3970; x_wconf 91' lang='lat' dir='ltr'>ct</span> 
     </span>
    </p>
   </div>
   <div class='ocr_carea' id='block_1_73' title="bbox 420 4005 2058 4081">
    <p class='ocr_par' dir='ltr' id='par_1_73' title="bbox 420 4005 2058 4081">
     <span class='ocr_line' id='line_1_73' title="bbox 420 4005 2058 4081; baseline -0.005 -15"><span class='ocrx_word' id='word_1_529' title='bbox 420 4010 761 4081; x_wconf 88' lang='lat' dir='ltr'>Gregorium</span> <span class='ocrx_word' id='word_1_530' title='bbox 783 4009 881 4062; x_wconf 80' lang='lat' dir='ltr'>VII</span> <span class='ocrx_word' id='word_1_531' title='bbox 906 4030 933 4057; x_wconf 89' lang='grc'>››</span> <span class='ocrx_word' id='word_1_532' title='bbox 957 4007 1305 4078; x_wconf 89' lang='lat' dir='ltr'>dictum,qui</span> <span class='ocrx_word' id='word_1_533' title='bbox 1331 4006 1559 4077; x_wconf 68' lang='lat' dir='ltr'>praefuit</span> <span class='ocrx_word' id='word_1_534' title='bbox 1587 4005 1854 4061; x_wconf 60' lang='lat' dir='ltr'>Ecclesia</span> <span class='ocrx_word' id='word_1_535' title='bbox 1870 4005 1941 4060; x_wconf 90' lang='lat' dir='ltr'>ab</span> <span class='ocrx_word' id='word_1_536' title='bbox 1956 4021 2058 4059; x_wconf 89' lang='lat' dir='ltr'>an-</span> 
     </span>
    </p>
   </div>
   <div class='ocr_carea' id='block_1_74' title="bbox 419 4094 2061 4166">
    <p class='ocr_par' dir='ltr' id='par_1_74' title="bbox 419 4094 2061 4166">
     <span class='ocr_line' id='line_1_74' title="bbox 419 4094 2061 4166; baseline -0.004 -11"><span class='ocrx_word' id='word_1_537' title='bbox 419 4116 493 4155; x_wconf 91' lang='lat' dir='ltr'>no</span> <span class='ocrx_word' id='word_1_538' title='bbox 525 4099 802 4153; x_wconf 77' lang='lat' dir='ltr'>MLXXIII</span> <span class='ocrx_word' id='word_1_539' title='bbox 830 4097 1100 4166; x_wconf 89' lang='lat' dir='ltr'>usquead</span> <span class='ocrx_word' id='word_1_540' title='bbox 1126 4095 1755 4166; x_wconf 83' lang='lat' dir='ltr'>ann.MLXXXV,quod</span> <span class='ocrx_word' id='word_1_541' title='bbox 1778 4094 1921 4150; x_wconf 92' lang='lat' dir='ltr'>obiit</span> <span class='ocrx_word' id='word_1_542' title='bbox 1948 4112 2061 4149; x_wconf 83' lang='lat' dir='ltr'>xxv</span> 
     </span>
    </p>
   </div>
   <div class='ocr_carea' id='block_1_75' title="bbox 421 4183 2063 4256">
    <p class='ocr_par' dir='ltr' id='par_1_75' title="bbox 421 4183 2063 4256">
     <span class='ocr_line' id='line_1_75' title="bbox 421 4183 2063 4256; baseline -0.004 -12"><span class='ocrx_word' id='word_1_543' title='bbox 421 4187 577 4256; x_wconf 90' lang='lat' dir='ltr'>Maii,</span> <span class='ocrx_word' id='word_1_544' title='bbox 603 4187 672 4242; x_wconf 90' lang='lat' dir='ltr'>ad</span> <span class='ocrx_word' id='word_1_545' title='bbox 707 4185 925 4241; x_wconf 87' lang='lat' dir='ltr'>dictum</span> <span class='ocrx_word' id='word_1_546' title='bbox 954 4185 1108 4239; x_wconf 89' lang='lat' dir='ltr'>diem</span> <span class='ocrx_word' id='word_1_547' title='bbox 1141 4183 1546 4256; x_wconf 81' lang='lat' dir='ltr'>Martyrologio</span> <span class='ocrx_word' id='word_1_548' title='bbox 1579 4183 2063 4240; x_wconf 81' lang='lat' dir='ltr'>Romanoinscri-</span> 
     </span>
    </p>
   </div>
   <div class='ocr_carea' id='block_1_76' title="bbox 421 4271 2060 4351">
    <p class='ocr_par' dir='ltr' id='par_1_76' title="bbox 421 4271 2060 4351">
     <span class='ocr_line' id='line_1_76' title="bbox 421 4271 2060 4351; baseline -0.004 -18"><span class='ocrx_word' id='word_1_549' title='bbox 421 4281 574 4351; x_wconf 88' lang='lat' dir='ltr'>ptus.</span> <span class='ocrx_word' id='word_1_550' title='bbox 599 4277 686 4331; x_wconf 87' lang='lat' dir='ltr'>Ab</span> <span class='ocrx_word' id='word_1_551' title='bbox 714 4275 822 4330; x_wconf 87' lang='lat' dir='ltr'>hoc</span> <span class='ocrx_word' id='word_1_552' title='bbox 844 4276 1044 4328; x_wconf 89' lang='lat' dir='ltr'>sancto</span> <span class='ocrx_word' id='word_1_553' title='bbox 1077 4271 1352 4327; x_wconf 78' lang='lat' dir='ltr'>Pontifice</span> <span class='ocrx_word' id='word_1_554' title='bbox 1374 4271 1595 4344; x_wconf 88' lang='lat' dir='ltr'>accepit</span> <span class='ocrx_word' id='word_1_555' title='bbox 1617 4271 2060 4344; x_wconf 70' lang='lat' dir='ltr'>nonnulla,quae</span> 
     </span>
    </p>
   </div>
   <div class='ocr_carea' id='block_1_77' title="bbox 420 4360 2060 4435">
    <p class='ocr_par' dir='ltr' id='par_1_77' title="bbox 420 4360 2060 4435">
     <span class='ocr_line' id='line_1_77' title="bbox 420 4360 2060 4435; baseline -0.003 -12"><span class='ocrx_word' id='word_1_556' title='bbox 420 4365 753 4424; x_wconf 84' lang='lat' dir='ltr'>ediditlib.3</span> <span class='ocrx_word' id='word_1_557' title='bbox 769 4363 1134 4435; x_wconf 81' lang='lat' dir='ltr'>Dialogorum</span> <span class='ocrx_word' id='word_1_558' title='bbox 1151 4360 1690 4417; x_wconf 88' lang='lat' dir='ltr'>DesideriusAbbas</span> <span class='ocrx_word' id='word_1_559' title='bbox 1704 4362 2060 4432; x_wconf 89' lang='lat' dir='ltr'>Casinensis,</span> 
     </span>
    </p>
   </div>
   <div class='ocr_carea' id='block_1_78' title="bbox 420 4451 2060 4531">
    <p class='ocr_par' dir='ltr' id='par_1_78' title="bbox 420 4451 2060 4531">
     <span class='ocr_line' id='line_1_78' title="bbox 420 4451 2060 4531; baseline -0.003 -19"><span class='ocrx_word' id='word_1_560' title='bbox 420 4460 621 4531; x_wconf 89' lang='lat' dir='ltr'>postea</span> <span class='ocrx_word' id='word_1_561' title='bbox 640 4454 835 4511; x_wconf 90' lang='lat' dir='ltr'>Victor</span> <span class='ocrx_word' id='word_1_562' title='bbox 877 4453 1030 4524; x_wconf 88' lang='lat' dir='ltr'>Papa</span> <span class='ocrx_word' id='word_1_563' title='bbox 1082 4451 1180 4506; x_wconf 91' lang='lat' dir='ltr'>III.</span> <span class='ocrx_word' id='word_1_564' title='bbox 1216 4451 1356 4505; x_wconf 89' lang='lat' dir='ltr'>Item</span> <span class='ocrx_word' id='word_1_565' title='bbox 1416 4451 1472 4506; x_wconf 92' lang='lat' dir='ltr'>S.</span> <span class='ocrx_word' id='word_1_566' title='bbox 1534 4452 1727 4507; x_wconf 89' lang='lat' dir='ltr'>Bruno</span> <span class='ocrx_word' id='word_1_567' title='bbox 1774 4451 2060 4522; x_wconf 88' lang='lat' dir='ltr'>Astensis,</span> 
     </span>
    </p>
   </div>
   <div class='ocr_carea' id='block_1_79' title="bbox 2172 3291 3870 3365">
    <p class='ocr_par' dir='ltr' id='par_1_79' title="bbox 2172 3291 3870 3365">
     <span class='ocr_line' id='line_1_79' title="bbox 2172 3291 3870 3365; baseline -0.003 -16"><span class='ocrx_word' id='word_1_568' title='bbox 2172 3297 2228 3350; x_wconf 90' lang='lat' dir='ltr'>et</span> <span class='ocrx_word' id='word_1_569' title='bbox 2257 3291 2627 3349; x_wconf 85' lang='lat' dir='ltr'>Ms.Florario</span> <span class='ocrx_word' id='word_1_570' title='bbox 2659 3291 3030 3358; x_wconf 89' lang='lat' dir='ltr'>Sanctorum,</span> <span class='ocrx_word' id='word_1_571' title='bbox 3053 3291 3192 3348; x_wconf 87' lang='lat' dir='ltr'>item</span> <span class='ocrx_word' id='word_1_572' title='bbox 3216 3293 3370 3365; x_wconf 90' lang='lat' dir='ltr'>apud</span> <span class='ocrx_word' id='word_1_573' title='bbox 3395 3291 3682 3349; x_wconf 90' lang='lat' dir='ltr'>Bellinum</span> <span class='ocrx_word' id='word_1_574' title='bbox 3707 3297 3818 3347; x_wconf 80' lang='lat' dir='ltr'>Pa-</span> <span class='ocrx_word' id='word_1_575' title='bbox 3855 3333 3870 3344; x_wconf 96' lang='lat'>.</span> 
     </span>
    </p>
   </div>
   <div class='ocr_carea' id='block_1_80' title="bbox 2171 3380 3817 3455">
    <p class='ocr_par' dir='ltr' id='par_1_80' title="bbox 2171 3380 3817 3455">
     <span class='ocr_line' id='line_1_80' title="bbox 2171 3380 3817 3455; baseline 0 -19"><span class='ocrx_word' id='word_1_576' title='bbox 2171 3381 2331 3438; x_wconf 89' lang='lat' dir='ltr'>risiis</span> <span class='ocrx_word' id='word_1_577' title='bbox 2352 3398 2505 3438; x_wconf 92' lang='lat' dir='ltr'>anno</span> <span class='ocrx_word' id='word_1_578' title='bbox 2523 3382 2658 3439; x_wconf 78' lang='grc'>4521</span> <span class='ocrx_word' id='word_1_579' title='bbox 2676 3396 2978 3438; x_wconf 87' lang='lat' dir='ltr'>excusum.</span> <span class='ocrx_word' id='word_1_580' title='bbox 2995 3380 3817 3455; x_wconf 80' lang='lat' dir='ltr'>Maurolycum,Galesinium,</span> 
     </span>
    </p>
   </div>
   <div class='ocr_carea' id='block_1_81' title="bbox 2171 3469 3821 3542">
    <p class='ocr_par' dir='ltr' id='par_1_81' title="bbox 2171 3469 3821 3542">
     <span class='ocr_line' id='line_1_81' title="bbox 2171 3469 3821 3542; baseline -0.002 -14"><span class='ocrx_word' id='word_1_581' title='bbox 2171 3471 2490 3539; x_wconf 89' lang='lat' dir='ltr'>Molanum,</span> <span class='ocrx_word' id='word_1_582' title='bbox 2521 3471 2889 3542; x_wconf 88' lang='lat' dir='ltr'>Saussajum,</span> <span class='ocrx_word' id='word_1_583' title='bbox 2918 3470 3240 3537; x_wconf 88' lang='lat' dir='ltr'>Canisium,</span> <span class='ocrx_word' id='word_1_584' title='bbox 3263 3475 3322 3526; x_wconf 92' lang='lat' dir='ltr'>et</span> <span class='ocrx_word' id='word_1_585' title='bbox 3351 3488 3484 3527; x_wconf 90' lang='lat' dir='ltr'>cum</span> <span class='ocrx_word' id='word_1_586' title='bbox 3507 3469 3579 3525; x_wconf 91' lang='lat' dir='ltr'>iis</span> <span class='ocrx_word' id='word_1_587' title='bbox 3613 3470 3673 3524; x_wconf 90' lang='lat' dir='ltr'>in</span> <span class='ocrx_word' id='word_1_588' title='bbox 3699 3469 3821 3525; x_wconf 87' lang='lat' dir='ltr'>ho-</span> 
     </span>
    </p>
   </div>
   <div class='ocr_carea' id='block_1_82' title="bbox 2170 3559 3821 3634">
    <p class='ocr_par' dir='ltr' id='par_1_82' title="bbox 2170 3559 3821 3634">
     <span class='ocr_line' id='line_1_82' title="bbox 2170 3559 3821 3634; baseline -0.001 -17"><span class='ocrx_word' id='word_1_589' title='bbox 2170 3561 2369 3618; x_wconf 91' lang='lat' dir='ltr'>dierno</span> <span class='ocrx_word' id='word_1_590' title='bbox 2403 3559 2811 3634; x_wconf 83' lang='lat' dir='ltr'>Martyrologio</span> <span class='ocrx_word' id='word_1_591' title='bbox 2844 3561 3105 3616; x_wconf 84' lang='lat' dir='ltr'>Romano</span> <span class='ocrx_word' id='word_1_592' title='bbox 3137 3560 3230 3615; x_wconf 89' lang='lat' dir='ltr'>his</span> <span class='ocrx_word' id='word_1_593' title='bbox 3280 3559 3471 3616; x_wconf 89' lang='lat' dir='ltr'>verbis</span> <span class='ocrx_word' id='word_1_594' title='bbox 3503 3575 3518 3614; x_wconf 88' lang='lat'>:</span> <span class='ocrx_word' id='word_1_595' title='bbox 3552 3582 3579 3608; x_wconf 86' lang='lat'><strong>«</strong></span> <span class='ocrx_word' id='word_1_596' title='bbox 3615 3559 3821 3615; x_wconf 72' lang='lat' dir='ltr'>Romae</span> 
     </span>
    </p>
   </div>
   <div class='ocr_carea' id='block_1_83' title="bbox 2168 3646 3821 3722">
    <p class='ocr_par' dir='ltr' id='par_1_83' title="bbox 2168 3646 3821 3722">
     <span class='ocr_line' id='line_1_83' title="bbox 2168 3646 3821 3722; baseline -0.001 -15"><span class='ocrx_word' id='word_1_597' title='bbox 2168 3651 2225 3707; x_wconf 92' lang='lat' dir='ltr'>S.</span> <span class='ocrx_word' id='word_1_598' title='bbox 2263 3649 2464 3706; x_wconf 87' lang='lat' dir='ltr'>Leonis</span> <span class='ocrx_word' id='word_1_599' title='bbox 2495 3651 2661 3722; x_wconf 72' lang='lat' dir='ltr'>Papae</span> <span class='ocrx_word' id='word_1_600' title='bbox 2721 3649 2879 3716; x_wconf 90' lang='lat' dir='ltr'>noni,</span> <span class='ocrx_word' id='word_1_601' title='bbox 2935 3649 3218 3705; x_wconf 89' lang='lat' dir='ltr'>virtutum</span> <span class='ocrx_word' id='word_1_602' title='bbox 3277 3654 3335 3704; x_wconf 89' lang='lat' dir='ltr'>ct</span> <span class='ocrx_word' id='word_1_603' title='bbox 3391 3646 3821 3705; x_wconf 86' lang='lat' dir='ltr'>miraculorum</span> 
     </span>
    </p>
   </div>
   <div class='ocr_carea' id='block_1_84' title="bbox 2168 3737 3819 3812">
    <p class='ocr_par' dir='ltr' id='par_1_84' title="bbox 2168 3737 3819 3812">
     <span class='ocr_line' id='line_1_84' title="bbox 2168 3737 3819 3812; baseline -0.001 -19"><span class='ocrx_word' id='word_1_604' title='bbox 2168 3738 2341 3796; x_wconf 89' lang='lat' dir='ltr'>laude</span> <span class='ocrx_word' id='word_1_605' title='bbox 2373 3739 2644 3812; x_wconf 84' lang='lat' dir='ltr'>insignis.</span> <span class='ocrx_word' id='word_1_606' title='bbox 2670 3760 2698 3789; x_wconf 85' lang='lat'><strong>»</strong></span> <span class='ocrx_word' id='word_1_607' title='bbox 2729 3739 3018 3796; x_wconf 89' lang='lat' dir='ltr'>Eumdem</span> <span class='ocrx_word' id='word_1_608' title='bbox 3048 3739 3222 3795; x_wconf 88' lang='lat' dir='ltr'>refert</span> <span class='ocrx_word' id='word_1_609' title='bbox 3243 3739 3302 3793; x_wconf 92' lang='lat' dir='ltr'>in</span> <span class='ocrx_word' id='word_1_610' title='bbox 3323 3737 3629 3794; x_wconf 85' lang='lat' dir='ltr'>Natalibus</span> <span class='ocrx_word' id='word_1_611' title='bbox 3660 3738 3819 3793; x_wconf 85' lang='lat' dir='ltr'>San-</span> 
     </span>
    </p>
   </div>
   <div class='ocr_carea' id='block_1_85' title="bbox 2169 3827 3822 3886">
    <p class='ocr_par' dir='ltr' id='par_1_85' title="bbox 2169 3827 3822 3886">
     <span class='ocr_line' id='line_1_85' title="bbox 2169 3827 3822 3886; baseline -0.001 -1"><span class='ocrx_word' id='word_1_612' title='bbox 2169 3834 2396 3886; x_wconf 89' lang='lat' dir='ltr'>ctorum</span> <span class='ocrx_word' id='word_1_613' title='bbox 2427 3828 2852 3885; x_wconf 89' lang='lat' dir='ltr'>Canonicorum</span> <span class='ocrx_word' id='word_1_614' title='bbox 2875 3829 3294 3886; x_wconf 83' lang='lat' dir='ltr'>Constantinus</span> <span class='ocrx_word' id='word_1_615' title='bbox 3317 3827 3602 3884; x_wconf 89' lang='lat' dir='ltr'>Gbinius:</span> <span class='ocrx_word' id='word_1_616' title='bbox 3629 3827 3822 3884; x_wconf 89' lang='lat' dir='ltr'>Bene-</span> 
     </span>
    </p>
   </div>
   <div class='ocr_carea' id='block_1_86' title="bbox 2169 3915 3819 3990">
    <p class='ocr_par' dir='ltr' id='par_1_86' title="bbox 2169 3915 3819 3990">
     <span class='ocr_line' id='line_1_86' title="bbox 2169 3915 3819 3990; baseline -0.001 -16"><span class='ocrx_word' id='word_1_617' title='bbox 2169 3918 2405 3975; x_wconf 88' lang='lat' dir='ltr'>dictinis</span> <span class='ocrx_word' id='word_1_618' title='bbox 2432 3916 2736 3974; x_wconf 89' lang='lat' dir='ltr'>monachis</span> <span class='ocrx_word' id='word_1_619' title='bbox 2769 3923 3162 3974; x_wconf 89' lang='lat' dir='ltr'>annumerant</span> <span class='ocrx_word' id='word_1_620' title='bbox 3200 3918 3399 3987; x_wconf 86' lang='lat' dir='ltr'>Wion,</span> <span class='ocrx_word' id='word_1_621' title='bbox 3463 3915 3819 3990; x_wconf 90' lang='lat' dir='ltr'>Dorganius,</span> 
     </span>
    </p>
   </div>
   <div class='ocr_carea' id='block_1_87' title="bbox 2169 4003 3825 4078">
    <p class='ocr_par' dir='ltr' id='par_1_87' title="bbox 2169 4003 3825 4078">
     <span class='ocr_line' id='line_1_87' title="bbox 2169 4003 3825 4078; baseline -0.002 -14"><span class='ocrx_word' id='word_1_622' title='bbox 2169 4007 2503 4078; x_wconf 86' lang='lat' dir='ltr'>Bucelinus,</span> <span class='ocrx_word' id='word_1_623' title='bbox 2526 4007 2760 4062; x_wconf 88' lang='lat' dir='ltr'>Menard</span> <span class='ocrx_word' id='word_1_624' title='bbox 2773 4023 2861 4062; x_wconf 92' lang='lat' dir='ltr'>us.</span> <span class='ocrx_word' id='word_1_625' title='bbox 2895 4008 3007 4063; x_wconf 91' lang='lat' dir='ltr'>Sed</span> <span class='ocrx_word' id='word_1_626' title='bbox 3040 4007 3133 4062; x_wconf 90' lang='lat' dir='ltr'>hic</span> <span class='ocrx_word' id='word_1_627' title='bbox 3159 4006 3407 4062; x_wconf 88' lang='lat' dir='ltr'>miratur</span> <span class='ocrx_word' id='word_1_628' title='bbox 3435 4003 3539 4063; x_wconf 92' lang='lat' dir='ltr'>lib.</span> <span class='ocrx_word' id='word_1_629' title='bbox 3565 4024 3581 4061; x_wconf 76' lang='grc' dir='ltr'><strong>Ι</strong></span> <span class='ocrx_word' id='word_1_630' title='bbox 3606 4005 3825 4062; x_wconf 90' lang='lat' dir='ltr'>Obser—</span> 
     </span>
    </p>
   </div>
   <div class='ocr_carea' id='block_1_88' title="bbox 2169 4094 3830 4154">
    <p class='ocr_par' dir='ltr' id='par_1_88' title="bbox 2169 4094 3830 4154">
     <span class='ocr_line' id='line_1_88' title="bbox 2169 4094 3830 4154; baseline -0.001 0"><span class='ocrx_word' id='word_1_631' title='bbox 2169 4097 2476 4154; x_wconf 89' lang='lat' dir='ltr'>vationum</span> <span class='ocrx_word' id='word_1_632' title='bbox 2507 4118 2534 4145; x_wconf 88' lang='grc'>‹‹</span> <span class='ocrx_word' id='word_1_633' title='bbox 2570 4095 2793 4152; x_wconf 85' lang='lat' dir='ltr'>nullam</span> <span class='ocrx_word' id='word_1_634' title='bbox 2838 4095 3197 4152; x_wconf 89' lang='lat' dir='ltr'>mentionem</span> <span class='ocrx_word' id='word_1_635' title='bbox 3257 4096 3380 4154; x_wconf 81' lang='lat' dir='ltr'>fieri</span> <span class='ocrx_word' id='word_1_636' title='bbox 3429 4094 3830 4152; x_wconf 85' lang='lat' dir='ltr'>monachatus</span> 
     </span>
    </p>
   </div>
   <div class='ocr_carea' id='block_1_89' title="bbox 2170 4184 3832 4258">
    <p class='ocr_par' dir='ltr' id='par_1_89' title="bbox 2170 4184 3832 4258">
     <span class='ocr_line' id='line_1_89' title="bbox 2170 4184 3832 4258; baseline -0.002 -15"><span class='ocrx_word' id='word_1_637' title='bbox 2170 4188 2350 4258; x_wconf 84' lang='lat' dir='ltr'>hujus</span> <span class='ocrx_word' id='word_1_638' title='bbox 2380 4187 2440 4241; x_wconf 89' lang='lat' dir='ltr'>S.</span> <span class='ocrx_word' id='word_1_639' title='bbox 2476 4184 2684 4241; x_wconf 88' lang='lat' dir='ltr'>Leonis</span> <span class='ocrx_word' id='word_1_640' title='bbox 2703 4185 2764 4240; x_wconf 91' lang='lat' dir='ltr'>in</span> <span class='ocrx_word' id='word_1_641' title='bbox 2785 4185 2914 4256; x_wconf 88' lang='lat' dir='ltr'>ejus</span> <span class='ocrx_word' id='word_1_642' title='bbox 2931 4185 3084 4252; x_wconf 90' lang='lat' dir='ltr'>Vita,</span> <span class='ocrx_word' id='word_1_643' title='bbox 3112 4208 3139 4234; x_wconf 90' lang='grc'><strong>‹‹</strong></span> <span class='ocrx_word' id='word_1_644' title='bbox 3160 4189 3218 4241; x_wconf 89' lang='lat' dir='ltr'>et</span> <span class='ocrx_word' id='word_1_645' title='bbox 3245 4189 3484 4240; x_wconf 86' lang='lat' dir='ltr'>excusat</span> <span class='ocrx_word' id='word_1_646' title='bbox 3507 4207 3533 4233; x_wconf 91' lang='grc'><strong>››</strong></span> <span class='ocrx_word' id='word_1_647' title='bbox 3558 4184 3832 4256; x_wconf 88' lang='lat' dir='ltr'>potuisse</span> 
     </span>
    </p>
   </div>
   <div class='ocr_carea' id='block_1_90' title="bbox 2170 4272 3831 4348">
    <p class='ocr_par' dir='ltr' id='par_1_90' title="bbox 2170 4272 3831 4348">
     <span class='ocr_line' id='line_1_90' title="bbox 2170 4272 3831 4348; baseline -0.002 -16"><span class='ocrx_word' id='word_1_648' title='bbox 2170 4277 2278 4332; x_wconf 89' lang='lat' dir='ltr'>hoc</span> <span class='ocrx_word' id='word_1_649' title='bbox 2310 4273 2695 4348; x_wconf 69' lang='lat' dir='ltr'>praetermitti,</span> <span class='ocrx_word' id='word_1_650' title='bbox 2727 4277 2792 4328; x_wconf 91' lang='lat' dir='ltr'>ut</span> <span class='ocrx_word' id='word_1_651' title='bbox 2821 4272 2936 4330; x_wconf 89' lang='lat' dir='ltr'>alia</span> <span class='ocrx_word' id='word_1_652' title='bbox 2967 4273 3173 4342; x_wconf 88' lang='lat' dir='ltr'>multa;</span> <span class='ocrx_word' id='word_1_653' title='bbox 3200 4291 3328 4346; x_wconf 66' lang='lat' dir='ltr'>quae</span> <span class='ocrx_word' id='word_1_654' title='bbox 3360 4275 3431 4329; x_wconf 91' lang='lat' dir='ltr'>ad</span> <span class='ocrx_word' id='word_1_655' title='bbox 3466 4274 3648 4344; x_wconf 87' lang='lat' dir='ltr'>hujus</span> <span class='ocrx_word' id='word_1_656' title='bbox 3672 4274 3831 4328; x_wconf 86' lang='lat' dir='ltr'>Pon-</span> 
     </span>
    </p>
   </div>
   <div class='ocr_carea' id='block_1_91' title="bbox 2169 4361 3835 4434">
    <p class='ocr_par' dir='ltr' id='par_1_91' title="bbox 2169 4361 3835 4434">
     <span class='ocr_line' id='line_1_91' title="bbox 2169 4361 3835 4434; baseline -0.002 -13"><span class='ocrx_word' id='word_1_657' title='bbox 2169 4365 2344 4421; x_wconf 84' lang='lat' dir='ltr'>tiﬁcis</span> <span class='ocrx_word' id='word_1_658' title='bbox 2374 4363 2551 4419; x_wconf 85' lang='lat' dir='ltr'>vitam</span> <span class='ocrx_word' id='word_1_659' title='bbox 2584 4365 2872 4434; x_wconf 91' lang='lat' dir='ltr'>spectant,</span> <span class='ocrx_word' id='word_1_660' title='bbox 2906 4379 3031 4434; x_wconf 71' lang='lat' dir='ltr'>qua:</span> <span class='ocrx_word' id='word_1_661' title='bbox 3063 4367 3259 4419; x_wconf 91' lang='lat' dir='ltr'>tamen</span> <span class='ocrx_word' id='word_1_662' title='bbox 3288 4363 3345 4417; x_wconf 91' lang='lat' dir='ltr'>in</span> <span class='ocrx_word' id='word_1_663' title='bbox 3371 4361 3502 4418; x_wconf 84' lang='lat' dir='ltr'>aliis</span> <span class='ocrx_word' id='word_1_664' title='bbox 3525 4361 3835 4418; x_wconf 87' lang='lat' dir='ltr'>historicis</span> 
     </span>
    </p>
   </div>
   <div class='ocr_carea' id='block_1_92' title="bbox 2171 4449 3837 4527">
    <p class='ocr_par' dir='ltr' id='par_1_92' title="bbox 2171 4449 3837 4527">
     <span class='ocr_line' id='line_1_92' title="bbox 2171 4449 3837 4527; baseline -0.002 -17"><span class='ocrx_word' id='word_1_665' title='bbox 2171 4452 2423 4527; x_wconf 88' lang='lat' dir='ltr'>reperire</span> <span class='ocrx_word' id='word_1_666' title='bbox 2448 4455 2569 4508; x_wconf 90' lang='lat' dir='ltr'>est:</span> <span class='ocrx_word' id='word_1_667' title='bbox 2619 4452 2730 4508; x_wconf 90' lang='lat' dir='ltr'>Sed</span> <span class='ocrx_word' id='word_1_668' title='bbox 2764 4468 2878 4507; x_wconf 89' lang='lat' dir='ltr'>non</span> <span class='ocrx_word' id='word_1_669' title='bbox 2913 4451 3138 4507; x_wconf 88' lang='lat' dir='ltr'>indicat</span> <span class='ocrx_word' id='word_1_670' title='bbox 3169 4451 3406 4523; x_wconf 87' lang='lat' dir='ltr'>quibus.</span> <span class='ocrx_word' id='word_1_671' title='bbox 3444 4473 3472 4499; x_wconf 90' lang='grc'><strong>››</strong></span> <span class='ocrx_word' id='word_1_672' title='bbox 3526 4449 3837 4507; x_wconf 87' lang='lat' dir='ltr'>Arnoldus</span> 
     </span>
    </p>
   </div>
   <div class='ocr_carea' id='block_1_93' title="bbox 420 4538 3836 4621">
    <p class='ocr_par' dir='ltr' id='par_1_93' title="bbox 420 4538 3836 4621">
     <span class='ocr_line' id='line_1_93' title="bbox 420 4538 3836 4621; baseline -0.003 -17"><span class='ocrx_word' id='word_1_673' title='bbox 420 4546 742 4620; x_wconf 88' lang='lat' dir='ltr'>Episcopus</span> <span class='ocrx_word' id='word_1_674' title='bbox 773 4541 1122 4615; x_wconf 88' lang='lat' dir='ltr'>Signiensis,</span> <span class='ocrx_word' id='word_1_675' title='bbox 1163 4539 1354 4595; x_wconf 84' lang='lat' dir='ltr'>Vitam</span> <span class='ocrx_word' id='word_1_676' title='bbox 1401 4539 1658 4612; x_wconf 88' lang='lat' dir='ltr'>aliquam</span> <span class='ocrx_word' id='word_1_677' title='bbox 1717 4540 2064 4614; x_wconf 89' lang='lat' dir='ltr'>conscripsit</span> <span class='ocrx_word' id='word_1_678' title='bbox 2092 4556 2138 4621; x_wconf 76' lang='grc' dir='ltr'>Ι)</span> <span class='ocrx_word' id='word_1_679' title='bbox 2165 4544 2343 4599; x_wconf 84' lang='lat' dir='ltr'>Wion</span> <span class='ocrx_word' id='word_1_680' title='bbox 2373 4541 2587 4613; x_wconf 88' lang='lat' dir='ltr'>allegat</span> <span class='ocrx_word' id='word_1_681' title='bbox 2615 4539 3008 4596; x_wconf 89' lang='lat' dir='ltr'>Trithemium</span> <span class='ocrx_word' id='word_1_682' title='bbox 3039 4540 3099 4594; x_wconf 93' lang='lat' dir='ltr'>in</span> <span class='ocrx_word' id='word_1_683' title='bbox 3149 4538 3431 4594; x_wconf 87' lang='lat' dir='ltr'>Chronico</span> <span class='ocrx_word' id='word_1_684' title='bbox 3476 4538 3836 4612; x_wconf 73' lang='lat' dir='ltr'>Hirsaugiae,</span> 
     </span>
    </p>
   </div>
   <div class='ocr_carea' id='block_1_94' title="bbox 420 4627 3841 4703">
    <p class='ocr_par' dir='ltr' id='par_1_94' title="bbox 420 4627 3841 4703">
     <span class='ocr_line' id='line_1_94' title="bbox 420 4627 3841 4703; baseline -0.002 -11"><span class='ocrx_word' id='word_1_685' title='bbox 420 4637 480 4692; x_wconf 89' lang='lat' dir='ltr'>S.</span> <span class='ocrx_word' id='word_1_686' title='bbox 508 4635 718 4692; x_wconf 88' lang='lat' dir='ltr'>Leonis</span> <span class='ocrx_word' id='word_1_687' title='bbox 752 4633 839 4703; x_wconf 85' lang='lat' dir='ltr'>IX,</span> <span class='ocrx_word' id='word_1_688' title='bbox 868 4633 1018 4686; x_wconf 86' lang='lat' dir='ltr'>inter</span> <span class='ocrx_word' id='word_1_689' title='bbox 1047 4629 1269 4702; x_wconf 88' lang='lat' dir='ltr'>reliqua</span> <span class='ocrx_word' id='word_1_690' title='bbox 1301 4647 1475 4702; x_wconf 88' lang='lat' dir='ltr'>opera</span> <span class='ocrx_word' id='word_1_691' title='bbox 1497 4631 1623 4701; x_wconf 91' lang='lat' dir='ltr'>ejus</span> <span class='ocrx_word' id='word_1_692' title='bbox 1637 4629 1894 4686; x_wconf 89' lang='lat' dir='ltr'>Venetiis</span> <span class='ocrx_word' id='word_1_693' title='bbox 1911 4647 2063 4685; x_wconf 91' lang='lat' dir='ltr'>anno</span> <span class='ocrx_word' id='word_1_694' title='bbox 2173 4637 2230 4690; x_wconf 88' lang='lat' dir='ltr'>et</span> <span class='ocrx_word' id='word_1_695' title='bbox 2260 4633 2520 4688; x_wconf 88' lang='lat' dir='ltr'>Fratrem</span> <span class='ocrx_word' id='word_1_696' title='bbox 2555 4628 2932 4685; x_wconf 88' lang='lat' dir='ltr'>Franciscum</span> <span class='ocrx_word' id='word_1_697' title='bbox 2965 4628 3193 4683; x_wconf 87' lang='lat' dir='ltr'>Yvanez</span> <span class='ocrx_word' id='word_1_698' title='bbox 3223 4627 3577 4683; x_wconf 87' lang='lat' dir='ltr'>monachum</span> <span class='ocrx_word' id='word_1_699' title='bbox 3640 4633 3841 4686; x_wconf 83' lang='lat' dir='ltr'>Bene—</span> 
     </span>
    </p>
   </div>
   <div class='ocr_carea' id='block_1_95' title="bbox 423 4715 3843 4792">
    <p class='ocr_par' dir='ltr' id='par_1_95' title="bbox 423 4715 3843 4792">
     <span class='ocr_line' id='line_1_95' title="bbox 423 4715 3843 4792; baseline -0.002 -11"><span class='ocrx_word' id='word_1_700' title='bbox 423 4726 955 4782; x_wconf 85' lang='lat' dir='ltr'>MDCLIexcusam:</span> <span class='ocrx_word' id='word_1_701' title='bbox 982 4735 1258 4792; x_wconf 88' lang='lat' dir='ltr'>quam,ne</span> <span class='ocrx_word' id='word_1_702' title='bbox 1273 4719 1457 4776; x_wconf 90' lang='lat' dir='ltr'>moles</span> <span class='ocrx_word' id='word_1_703' title='bbox 1470 4718 1883 4788; x_wconf 85' lang='lat' dir='ltr'>excrescat,hic</span> <span class='ocrx_word' id='word_1_704' title='bbox 1896 4720 2066 4775; x_wconf 89' lang='lat' dir='ltr'>omit-</span> <span class='ocrx_word' id='word_1_705' title='bbox 2177 4721 2462 4778; x_wconf 88' lang='lat' dir='ltr'>dietinum</span> <span class='ocrx_word' id='word_1_706' title='bbox 2492 4719 2819 4791; x_wconf 88' lang='lat' dir='ltr'>Hispanum</span> <span class='ocrx_word' id='word_1_707' title='bbox 2850 4717 2910 4771; x_wconf 92' lang='lat' dir='ltr'>in</span> <span class='ocrx_word' id='word_1_708' title='bbox 2932 4715 3199 4788; x_wconf 91' lang='lat' dir='ltr'>Epitome</span> <span class='ocrx_word' id='word_1_709' title='bbox 3215 4716 3471 4772; x_wconf 86' lang='lat' dir='ltr'>virorum</span> <span class='ocrx_word' id='word_1_710' title='bbox 3499 4715 3843 4774; x_wconf 85' lang='lat' dir='ltr'>illustrium</span> 
     </span>
    </p>
   </div>
   <div class='ocr_carea' id='block_1_96' title="bbox 421 4805 3848 4882">
    <p class='ocr_par' dir='ltr' id='par_1_96' title="bbox 421 4805 3848 4882">
     <span class='ocr_line' id='line_1_96' title="bbox 421 4805 3848 4882; baseline -0.001 -15"><span class='ocrx_word' id='word_1_711' title='bbox 421 4813 624 4877; x_wconf 90' lang='lat' dir='ltr'>timus,</span> <span class='ocrx_word' id='word_1_712' title='bbox 659 4827 790 4865; x_wconf 90' lang='lat' dir='ltr'>cum</span> <span class='ocrx_word' id='word_1_713' title='bbox 817 4827 1002 4882; x_wconf 90' lang='lat' dir='ltr'>pauca</span> <span class='ocrx_word' id='word_1_714' title='bbox 1032 4808 1231 4881; x_wconf 87' lang='lat' dir='ltr'>aliqua</span> <span class='ocrx_word' id='word_1_715' title='bbox 1259 4827 1326 4865; x_wconf 86' lang='lat' dir='ltr'>ex</span> <span class='ocrx_word' id='word_1_716' title='bbox 1349 4809 1502 4864; x_wconf 88' lang='lat' dir='ltr'>Actis</span> <span class='ocrx_word' id='word_1_717' title='bbox 1527 4812 1924 4880; x_wconf 88' lang='lat' dir='ltr'>oxcerpta,aut</span> <span class='ocrx_word' id='word_1_718' title='bbox 1947 4826 1981 4864; x_wconf 87' lang='lat' dir='ltr'>a</span> <span class='ocrx_word' id='word_1_719' title='bbox 2007 4812 2063 4862; x_wconf 91' lang='grc'>8.</span> <span class='ocrx_word' id='word_1_720' title='bbox 2177 4810 2411 4868; x_wconf 87' lang='lat' dir='ltr'>Ordinis</span> <span class='ocrx_word' id='word_1_721' title='bbox 2442 4810 2499 4866; x_wconf 91' lang='lat' dir='ltr'>S.</span> <span class='ocrx_word' id='word_1_722' title='bbox 2537 4805 2848 4865; x_wconf 90' lang='lat' dir='ltr'>Benedicti.</span> <span class='ocrx_word' id='word_1_723' title='bbox 2882 4805 3100 4861; x_wconf 89' lang='lat' dir='ltr'>Verum</span> <span class='ocrx_word' id='word_1_724' title='bbox 3138 4805 3350 4862; x_wconf 89' lang='lat' dir='ltr'>horum</span> <span class='ocrx_word' id='word_1_725' title='bbox 3381 4806 3700 4862; x_wconf 83' lang='lat' dir='ltr'>auctoritas</span> <span class='ocrx_word' id='word_1_726' title='bbox 3732 4823 3848 4862; x_wconf 79' lang='lat' dir='ltr'>va-</span> 
     </span>
    </p>
   </div>
   <div class='ocr_carea' id='block_1_97' title="bbox 423 4894 3851 4972">
    <p class='ocr_par' dir='ltr' id='par_1_97' title="bbox 423 4894 3851 4972">
     <span class='ocr_line' id='line_1_97' title="bbox 423 4894 3851 4972; baseline -0.001 -16"><span class='ocrx_word' id='word_1_727' title='bbox 423 4900 698 4972; x_wconf 89' lang='lat' dir='ltr'>Gregorio</span> <span class='ocrx_word' id='word_1_728' title='bbox 735 4899 835 4954; x_wconf 90' lang='lat' dir='ltr'>Vll</span> <span class='ocrx_word' id='word_1_729' title='bbox 888 4903 1122 4970; x_wconf 89' lang='lat' dir='ltr'>accepta</span> <span class='ocrx_word' id='word_1_730' title='bbox 1151 4898 1758 4969; x_wconf 87' lang='lat' dir='ltr'>indicentur,quorum</span> <span class='ocrx_word' id='word_1_731' title='bbox 1807 4897 1867 4952; x_wconf 91' lang='lat' dir='ltr'>in</span> <span class='ocrx_word' id='word_1_732' title='bbox 1905 4898 2069 4957; x_wconf 85' lang='lat' dir='ltr'>Notis</span> <span class='ocrx_word' id='word_1_733' title='bbox 2177 4900 2370 4958; x_wconf 89' lang='lat' dir='ltr'>cillat:</span> <span class='ocrx_word' id='word_1_734' title='bbox 2407 4897 2544 4970; x_wconf 89' lang='lat' dir='ltr'>quia</span> <span class='ocrx_word' id='word_1_735' title='bbox 2570 4899 2711 4952; x_wconf 89' lang='lat' dir='ltr'>Acta</span> <span class='ocrx_word' id='word_1_736' title='bbox 2731 4899 2863 4951; x_wconf 87' lang='lat' dir='ltr'>ante</span> <span class='ocrx_word' id='word_1_737' title='bbox 2889 4894 3330 4968; x_wconf 87' lang='lat' dir='ltr'>Episcopatum,</span> <span class='ocrx_word' id='word_1_738' title='bbox 3353 4899 3623 4952; x_wconf 86' lang='lat' dir='ltr'>accurate</span> <span class='ocrx_word' id='word_1_739' title='bbox 3645 4912 3680 4951; x_wconf 86' lang='lat' dir='ltr'>a</span> <span class='ocrx_word' id='word_1_740' title='bbox 3710 4896 3851 4952; x_wconf 64' lang='grc' dir='ltr'>Ψί-</span> 
     </span>
    </p>
   </div>
   <div class='ocr_carea' id='block_1_98' title="bbox 421 4983 3855 5057">
    <p class='ocr_par' dir='ltr' id='par_1_98' title="bbox 421 4983 3855 5057">
     <span class='ocr_line' id='line_1_98' title="bbox 421 4983 3855 5057; baseline -0.001 -11"><span class='ocrx_word' id='word_1_741' title='bbox 421 4986 2069 5055; x_wconf 77' lang='lat' dir='ltr'>mentionemfacimus,«AuselmusmonachusRemeuSis</span> <span class='ocrx_word' id='word_1_742' title='bbox 2177 4990 2340 5046; x_wconf 89' lang='lat' dir='ltr'>berto</span> <span class='ocrx_word' id='word_1_743' title='bbox 2381 4986 2654 5055; x_wconf 87' lang='lat' dir='ltr'>indicata,</span> <span class='ocrx_word' id='word_1_744' title='bbox 2715 4983 2875 5039; x_wconf 87' lang='lat' dir='ltr'>aliud</span> <span class='ocrx_word' id='word_1_745' title='bbox 2925 4983 3194 5040; x_wconf 87' lang='lat' dir='ltr'>suadent.</span> <span class='ocrx_word' id='word_1_746' title='bbox 3254 4983 3495 5041; x_wconf 87' lang='lat' dir='ltr'>Interim</span> <span class='ocrx_word' id='word_1_747' title='bbox 3552 4988 3855 5057; x_wconf 82' lang='lat' dir='ltr'>optamus</span> 
     </span>
    </p>
   </div>
   <div class='ocr_carea' id='block_1_99' title="bbox 423 5071 3852 5150">
    <p class='ocr_par' dir='ltr' id='par_1_99' title="bbox 423 5071 3852 5150">
     <span class='ocr_line' id='line_1_99' title="bbox 423 5071 3852 5150; baseline -0.001 -15"><span class='ocrx_word' id='word_1_748' title='bbox 423 5079 528 5150; x_wconf 89' lang='lat' dir='ltr'>(uti</span> <span class='ocrx_word' id='word_1_749' title='bbox 552 5077 772 5134; x_wconf 89' lang='lat' dir='ltr'>indicat</span> <span class='ocrx_word' id='word_1_750' title='bbox 789 5077 842 5132; x_wconf 86' lang='lat' dir='ltr'>Si</span> <span class='ocrx_word' id='word_1_751' title='bbox 851 5077 1125 5150; x_wconf 84' lang='lat' dir='ltr'>gebertus</span> <span class='ocrx_word' id='word_1_752' title='bbox 1137 5076 1206 5131; x_wconf 88' lang='lat' dir='ltr'>de</span> <span class='ocrx_word' id='word_1_753' title='bbox 1221 5075 1614 5148; x_wconf 87' lang='lat' dir='ltr'>Scriptoribus</span> <span class='ocrx_word' id='word_1_754' title='bbox 1629 5075 2065 5146; x_wconf 87' lang='lat' dir='ltr'>Ecclesiasticis,</span> <span class='ocrx_word' id='word_1_755' title='bbox 2179 5077 2344 5134; x_wconf 90' lang='lat' dir='ltr'>illum</span> <span class='ocrx_word' id='word_1_756' title='bbox 2364 5072 2566 5131; x_wconf 90' lang='lat' dir='ltr'>Ordini</span> <span class='ocrx_word' id='word_1_757' title='bbox 2588 5071 3054 5142; x_wconf 88' lang='lat' dir='ltr'>Benedictino,ut</span> <span class='ocrx_word' id='word_1_758' title='bbox 3069 5073 3280 5130; x_wconf 89' lang='lat' dir='ltr'>saltem</span> <span class='ocrx_word' id='word_1_759' title='bbox 3315 5073 3510 5130; x_wconf 88' lang='lat' dir='ltr'>colant</span> <span class='ocrx_word' id='word_1_760' title='bbox 3539 5078 3852 5147; x_wconf 82' lang='lat' dir='ltr'>tanquam</span> 
     </span>
    </p>
   </div>
   <div class='ocr_carea' id='block_1_100' title="bbox 421 5165 2070 5241">
    <p class='ocr_par' dir='ltr' id='par_1_100' title="bbox 421 5165 2070 5241">
     <span class='ocr_line' id='line_1_100' title="bbox 421 5165 2070 5241; baseline -0.002 -16"><span class='ocrx_word' id='word_1_761' title='bbox 421 5186 548 5241; x_wconf 91' lang='lat' dir='ltr'>cap.</span> <span class='ocrx_word' id='word_1_762' title='bbox 584 5168 706 5239; x_wconf 84' lang='grc'>153)</span> <span class='ocrx_word' id='word_1_763' title='bbox 729 5165 978 5238; x_wconf 88' lang='lat' dir='ltr'>Scripsit</span> <span class='ocrx_word' id='word_1_764' title='bbox 1019 5165 1382 5220; x_wconf 84' lang='lat' dir='ltr'>itinerarium</span> <span class='ocrx_word' id='word_1_765' title='bbox 1411 5165 1550 5222; x_wconf 79' lang='lat' dir='ltr'>noni</span> <span class='ocrx_word' id='word_1_766' title='bbox 1587 5166 1798 5223; x_wconf 89' lang='lat' dir='ltr'>Leonis</span> <span class='ocrx_word' id='word_1_767' title='bbox 1841 5166 2007 5239; x_wconf 69' lang='lat' dir='ltr'>Papae</span> <span class='ocrx_word' id='word_1_768' title='bbox 2037 5184 2070 5222; x_wconf 88' lang='lat' dir='ltr'>a</span> 
     </span>
    </p>
   </div>
   <div class='ocr_carea' id='block_1_101' title="bbox 423 5255 2070 5327">
    <p class='ocr_par' dir='ltr' id='par_1_101' title="bbox 423 5255 2070 5327">
     <span class='ocr_line' id='line_1_101' title="bbox 423 5255 2070 5327; baseline -0.002 -13"><span class='ocrx_word' id='word_1_769' title='bbox 423 5260 607 5314; x_wconf 82' lang='lat' dir='ltr'>Roma</span> <span class='ocrx_word' id='word_1_770' title='bbox 630 5257 689 5312; x_wconf 93' lang='lat' dir='ltr'>in</span> <span class='ocrx_word' id='word_1_771' title='bbox 720 5255 1035 5325; x_wconf 88' lang='lat' dir='ltr'>Gallias,ad</span> <span class='ocrx_word' id='word_1_772' title='bbox 1061 5255 1168 5311; x_wconf 93' lang='lat' dir='ltr'>hoc</span> <span class='ocrx_word' id='word_1_773' title='bbox 1187 5255 1438 5311; x_wconf 86' lang='lat' dir='ltr'>maxime</span> <span class='ocrx_word' id='word_1_774' title='bbox 1459 5259 1527 5311; x_wconf 89' lang='lat' dir='ltr'>ut</span> <span class='ocrx_word' id='word_1_775' title='bbox 1548 5255 1873 5312; x_wconf 84' lang='lat' dir='ltr'>notiﬁcaret</span> <span class='ocrx_word' id='word_1_776' title='bbox 1886 5273 2070 5327; x_wconf 87' lang='lat' dir='ltr'>quan-</span> 
     </span>
    </p>
   </div>
   <div class='ocr_carea' id='block_1_102' title="bbox 424 5343 2072 5416">
    <p class='ocr_par' dir='ltr' id='par_1_102' title="bbox 424 5343 2072 5416">
     <span class='ocr_line' id='line_1_102' title="bbox 424 5343 2072 5416; baseline 0 -16"><span class='ocrx_word' id='word_1_777' title='bbox 424 5352 480 5400; x_wconf 91' lang='lat' dir='ltr'>ta</span> <span class='ocrx_word' id='word_1_778' title='bbox 495 5345 837 5401; x_wconf 84' lang='lat' dir='ltr'>auctoritate</span> <span class='ocrx_word' id='word_1_779' title='bbox 857 5345 1055 5400; x_wconf 78' lang='lat' dir='ltr'>Remis</span> <span class='ocrx_word' id='word_1_780' title='bbox 1068 5343 1153 5399; x_wconf 85' lang='lat' dir='ltr'>vel</span> <span class='ocrx_word' id='word_1_781' title='bbox 1174 5344 1232 5398; x_wconf 85' lang='lat' dir='ltr'>in</span> <span class='ocrx_word' id='word_1_782' title='bbox 1257 5345 1386 5399; x_wconf 90' lang='lat' dir='ltr'>aliis</span> <span class='ocrx_word' id='word_1_783' title='bbox 1411 5343 1656 5400; x_wconf 84' lang='lat' dir='ltr'>urbibus</span> <span class='ocrx_word' id='word_1_784' title='bbox 1673 5345 1973 5416; x_wconf 75' lang='lat' dir='ltr'>Synodum</span> <span class='ocrx_word' id='word_1_785' title='bbox 1987 5362 2072 5401; x_wconf 86' lang='lat' dir='ltr'>ce-</span> 
     </span>
    </p>
   </div>
   <div class='ocr_carea' id='block_1_103' title="bbox 420 5433 2072 5507">
    <p class='ocr_par' dir='ltr' id='par_1_103' title="bbox 420 5433 2072 5507">
     <span class='ocr_line' id='line_1_103' title="bbox 420 5433 2072 5507; baseline 0 -18"><span class='ocrx_word' id='word_1_786' title='bbox 420 5434 692 5491; x_wconf 84' lang='lat' dir='ltr'>lebrarit:</span> <span class='ocrx_word' id='word_1_787' title='bbox 726 5439 946 5507; x_wconf 86' lang='lat' dir='ltr'>quanta</span> <span class='ocrx_word' id='word_1_788' title='bbox 964 5435 1196 5507; x_wconf 88' lang='lat' dir='ltr'>justitia</span> <span class='ocrx_word' id='word_1_789' title='bbox 1227 5439 1284 5489; x_wconf 91' lang='lat' dir='ltr'>et</span> <span class='ocrx_word' id='word_1_790' title='bbox 1304 5433 1624 5490; x_wconf 87' lang='lat' dir='ltr'>subtilitate</span> <span class='ocrx_word' id='word_1_791' title='bbox 1655 5434 2072 5492; x_wconf 83' lang='lat' dir='ltr'>cxaminaverit</span> 
     </span>
    </p>
   </div>
   <div class='ocr_carea' id='block_1_104' title="bbox 423 5521 2067 5596">
    <p class='ocr_par' dir='ltr' id='par_1_104' title="bbox 423 5521 2067 5596">
     <span class='ocr_line' id='line_1_104' title="bbox 423 5521 2067 5596; baseline 0.002 -19"><span class='ocrx_word' id='word_1_792' title='bbox 423 5540 632 5579; x_wconf 86' lang='lat' dir='ltr'>causas</span> <span class='ocrx_word' id='word_1_793' title='bbox 691 5524 1152 5580; x_wconf 87' lang='lat' dir='ltr'>ecclesiasticas:</span> <span class='ocrx_word' id='word_1_794' title='bbox 1189 5540 1305 5594; x_wconf 88' lang='lat' dir='ltr'>qua</span> <span class='ocrx_word' id='word_1_795' title='bbox 1353 5521 1702 5578; x_wconf 85' lang='lat' dir='ltr'>discretione</span> <span class='ocrx_word' id='word_1_796' title='bbox 1759 5528 2067 5596; x_wconf 85' lang='lat' dir='ltr'>peccantes</span> 
     </span>
    </p>
   </div>
   <div class='ocr_carea' id='block_1_105' title="bbox 424 5611 2064 5686">
    <p class='ocr_par' dir='ltr' id='par_1_105' title="bbox 424 5611 2064 5686">
     <span class='ocr_line' id='line_1_105' title="bbox 424 5611 2064 5686; baseline -0.005 -14"><span class='ocrx_word' id='word_1_797' title='bbox 424 5613 772 5672; x_wconf 83' lang='lat' dir='ltr'>correxerit:</span> <span class='ocrx_word' id='word_1_798' title='bbox 806 5614 1099 5686; x_wconf 88' lang='lat' dir='ltr'>quomodo</span> <span class='ocrx_word' id='word_1_799' title='bbox 1131 5612 1182 5670; x_wconf 91' lang='lat' dir='ltr'>ei</span> <span class='ocrx_word' id='word_1_800' title='bbox 1211 5613 1395 5670; x_wconf 89' lang='lat' dir='ltr'>virtus</span> <span class='ocrx_word' id='word_1_801' title='bbox 1427 5611 1527 5668; x_wconf 88' lang='lat' dir='ltr'>Dei</span> <span class='ocrx_word' id='word_1_802' title='bbox 1557 5617 1866 5685; x_wconf 77' lang='lat' dir='ltr'>coeperat-8.</span> <span class='ocrx_word' id='word_1_803' title='bbox 1895 5614 2001 5673; x_wconf 85' lang='lat' dir='ltr'>sit:</span> <span class='ocrx_word' id='word_1_804' title='bbox 2037 5636 2064 5665; x_wconf 86' lang='grc'>››</span> 
     </span>
    </p>
   </div>
   <div class='ocr_carea' id='block_1_106' title="bbox 2179 5161 3857 5238">
    <p class='ocr_par' dir='ltr' id='par_1_106' title="bbox 2179 5161 3857 5238">
     <span class='ocr_line' id='line_1_106' title="bbox 2179 5161 3857 5238; baseline -0.002 -15"><span class='ocrx_word' id='word_1_805' title='bbox 2179 5163 2540 5238; x_wconf 89' lang='lat' dir='ltr'>singularem</span> <span class='ocrx_word' id='word_1_806' title='bbox 2594 5161 3046 5232; x_wconf 83' lang='lat' dir='ltr'>benefactorem,</span> <span class='ocrx_word' id='word_1_807' title='bbox 3080 5162 3166 5219; x_wconf 90' lang='lat' dir='ltr'>uti</span> <span class='ocrx_word' id='word_1_808' title='bbox 3223 5164 3431 5219; x_wconf 88' lang='lat' dir='ltr'>merito</span> <span class='ocrx_word' id='word_1_809' title='bbox 3461 5179 3597 5220; x_wconf 90' lang='lat' dir='ltr'>eum</span> <span class='ocrx_word' id='word_1_810' title='bbox 3629 5162 3857 5220; x_wconf 82' lang='lat' dir='ltr'>colunt</span> 
     </span>
    </p>
   </div>
   <div class='ocr_carea' id='block_1_107' title="bbox 2178 5251 3856 5326">
    <p class='ocr_par' dir='ltr' id='par_1_107' title="bbox 2178 5251 3856 5326">
     <span class='ocr_line' id='line_1_107' title="bbox 2178 5251 3856 5326; baseline -0.001 -14"><span class='ocrx_word' id='word_1_811' title='bbox 2178 5251 2451 5312; x_wconf 89' lang='lat' dir='ltr'>monachi</span> <span class='ocrx_word' id='word_1_812' title='bbox 2485 5252 2801 5308; x_wconf 85' lang='lat' dir='ltr'>Remenses</span> <span class='ocrx_word' id='word_1_813' title='bbox 2831 5255 2888 5307; x_wconf 89' lang='lat' dir='ltr'>S.</span> <span class='ocrx_word' id='word_1_814' title='bbox 2939 5251 3192 5326; x_wconf 83' lang='lat' dir='ltr'>Remigii</span> <span class='ocrx_word' id='word_1_815' title='bbox 3222 5256 3282 5310; x_wconf 89' lang='lat' dir='ltr'>et</span> <span class='ocrx_word' id='word_1_816' title='bbox 3337 5253 3577 5325; x_wconf 90' lang='lat' dir='ltr'>quidem</span> <span class='ocrx_word' id='word_1_817' title='bbox 3633 5253 3856 5311; x_wconf 77' lang='lat' dir='ltr'>ofﬁcio</span> 
     </span>
    </p>
   </div>
   <div class='ocr_carea' id='block_1_108' title="bbox 2178 5339 3857 5415">
    <p class='ocr_par' dir='ltr' id='par_1_108' title="bbox 2178 5339 3857 5415">
     <span class='ocr_line' id='line_1_108' title="bbox 2178 5339 3857 5415; baseline -0.001 -14"><span class='ocrx_word' id='word_1_818' title='bbox 2178 5342 2483 5400; x_wconf 91' lang='lat' dir='ltr'>duodecim</span> <span class='ocrx_word' id='word_1_819' title='bbox 2499 5339 3168 5399; x_wconf 88' lang='lat' dir='ltr'>Lectionum.Tullenses</span> <span class='ocrx_word' id='word_1_820' title='bbox 3188 5358 3294 5415; x_wconf 89' lang='lat' dir='ltr'>per</span> <span class='ocrx_word' id='word_1_821' title='bbox 3311 5345 3494 5400; x_wconf 86' lang='lat' dir='ltr'>totam</span> <span class='ocrx_word' id='word_1_822' title='bbox 3529 5341 3857 5399; x_wconf 81' lang='lat' dir='ltr'>dioecesim</span> 
     </span>
    </p>
   </div>
   <div class='ocr_carea' id='block_1_109' title="bbox 2179 5430 3859 5508">
    <p class='ocr_par' dir='ltr' id='par_1_109' title="bbox 2179 5430 3859 5508">
     <span class='ocr_line' id='line_1_109' title="bbox 2179 5430 3859 5508; baseline 0 -18"><span class='ocrx_word' id='word_1_823' title='bbox 2179 5433 2474 5490; x_wconf 88' lang='lat' dir='ltr'>celebrant</span> <span class='ocrx_word' id='word_1_824' title='bbox 2504 5431 2722 5486; x_wconf 90' lang='lat' dir='ltr'>festum</span> <span class='ocrx_word' id='word_1_825' title='bbox 2754 5430 2948 5488; x_wconf 82' lang='lat' dir='ltr'>officio</span> <span class='ocrx_word' id='word_1_826' title='bbox 2980 5430 3230 5489; x_wconf 86' lang='lat' dir='ltr'>solemni</span> <span class='ocrx_word' id='word_1_827' title='bbox 3261 5432 3373 5490; x_wconf 91' lang='lat' dir='ltr'>sub</span> <span class='ocrx_word' id='word_1_828' title='bbox 3405 5432 3521 5488; x_wconf 89' lang='lat' dir='ltr'>ritu</span> <span class='ocrx_word' id='word_1_829' title='bbox 3553 5430 3795 5508; x_wconf 85' lang='lat' dir='ltr'>duplici</span> <span class='ocrx_word' id='word_1_830' title='bbox 3840 5452 3859 5490; x_wconf 90' lang='lat'><strong>:</strong></span> 
     </span>
    </p>
   </div>
   <div class='ocr_carea' id='block_1_110' title="bbox 2175 5519 3863 5597">
    <p class='ocr_par' dir='ltr' id='par_1_110' title="bbox 2175 5519 3863 5597">
     <span class='ocr_line' id='line_1_110' title="bbox 2175 5519 3863 5597; baseline -0.002 -16"><span class='ocrx_word' id='word_1_831' title='bbox 2175 5538 2429 5597; x_wconf 89' lang='lat' dir='ltr'>quorum</span> <span class='ocrx_word' id='word_1_832' title='bbox 2461 5519 2819 5578; x_wconf 89' lang='lat' dir='ltr'>Breviarium</span> <span class='ocrx_word' id='word_1_833' title='bbox 2846 5521 3132 5580; x_wconf 89' lang='lat' dir='ltr'>habemus</span> <span class='ocrx_word' id='word_1_834' title='bbox 3155 5541 3307 5581; x_wconf 88' lang='lat' dir='ltr'>anno</span> <span class='ocrx_word' id='word_1_835' title='bbox 3329 5521 3636 5581; x_wconf 83' lang='lat' dir='ltr'>MDXXXV</span> <span class='ocrx_word' id='word_1_836' title='bbox 3655 5537 3863 5578; x_wconf 76' lang='lat' dir='ltr'>excu-</span> 
     </span>
    </p>
   </div>
   <div class='ocr_carea' id='block_1_111' title="bbox 2176 5609 3867 5674">
    <p class='ocr_par' dir='ltr' id='par_1_111' title="bbox 2176 5609 3867 5674">
     <span class='ocr_line' id='line_1_111' title="bbox 2176 5609 3867 5674; baseline -0.001 -1"><span class='ocrx_word' id='word_1_837' title='bbox 2176 5630 2330 5674; x_wconf 89' lang='lat' dir='ltr'>sum.</span> <span class='ocrx_word' id='word_1_838' title='bbox 2359 5609 2608 5672; x_wconf 80' lang='lat' dir='ltr'>Romani</span> <span class='ocrx_word' id='word_1_839' title='bbox 2638 5610 2700 5670; x_wconf 84' lang='lat' dir='ltr'>in</span> <span class='ocrx_word' id='word_1_840' title='bbox 2730 5611 2978 5672; x_wconf 84' lang='lat' dir='ltr'>Basilica</span> <span class='ocrx_word' id='word_1_841' title='bbox 3007 5612 3290 5674; x_wconf 86' lang='lat' dir='ltr'>Vaticana</span> <span class='ocrx_word' id='word_1_842' title='bbox 3321 5613 3380 5673; x_wconf 89' lang='lat' dir='ltr'>S.</span> <span class='ocrx_word' id='word_1_843' title='bbox 3435 5611 3593 5670; x_wconf 88' lang='lat' dir='ltr'>Petri</span> <span class='ocrx_word' id='word_1_844' title='bbox 3651 5611 3867 5672; x_wconf 78' lang='lat' dir='ltr'>etiam</span> 
     </span>
    </p>
   </div>
  </div>
