4102 6174
282 303 395 367 513

1004 301 1336 368 PROLEG.
1369 335 1450 353 —
1477 297 1580 365 DE
1622 303 1687 364 S.
1719 295 2000 362 LEONIS
2046 297 2123 359 1X
2167 299 2286 360 PP.
2321 299 2967 370 COMMENTARIUS.
3007 307 3014 315 “

3571 313 3688 376 514

283 436 471 494 ofﬁcio
501 436 724 510 duplici
756 437 886 509 ejus
921 439 1137 497 festum
1177 438 1288 495 hoc
1316 437 1411 494 die
1451 438 1760 510 peragunt,
1793 449 1935 505 prae-
1965 429 2022 500 Α
2051 431 2197 487 tium
2231 432 2525 489 Februarii
2570 437 2705 492 anni
2738 438 2984 508 MXLIX,
3013 440 3060 496 si
3095 441 3184 513 (ut
3229 443 3439 502 dicitur
3471 447 3542 502 ab
3569 450 3690 504 An-

292 525 526 598 scriptis
559 525 619 582 in
663 526 844 583 Missa
890 527 1086 585 Gloria
1114 532 1170 584 et
1199 527 1402 593 Credo,
1435 543 1500 582 eo
1532 527 1686 598 quod
1734 523 1936 579 etiam-

292 631 433 672 num
465 615 809 688 possideant
837 634 1072 675 sacrum
1104 619 1234 690 ejus
1256 633 1488 689 corpus.

351 706 407 760 5.
434 728 462 753 α
490 705 774 778 Sepultus
798 729 826 756 »
849 707 988 764 olim
1021 708 1153 775 fuit,
1179 729 1208 758 ‹‹
1232 707 1382 764 sicut
1402 705 1526 778 ipse
1547 702 1936 774 disposuerat,

277 795 448 866 juxta
478 795 635 850 beati
667 795 965 854 Pontiﬁcis
986 797 1247 870 Gregorii
1277 795 1458 852 altare
1489 797 1624 849 ante
1663 793 1814 847 fores
1845 807 1940 846 ec-

283 882 501 950 clesiae,
526 907 556 931 »
580 884 666 939 uti
699 884 757 940 in
790 886 906 942 ﬁne
933 886 1080 942 Vita:
1102 886 1282 942 tradit
1299 883 1618 940 Wibertus.
1647 884 1718 936 At
1738 885 1942 938 Roma-

284 989 393 1028 nus
419 973 754 1030 Canonicus
777 975 1043 1045 ejusdem
1077 974 1350 1045 basilicae,
1374 972 1474 1046 qui
1496 971 1708 1028 saeculo
1739 985 1944 1042 praece-

283 1061 441 1118 denti
479 1062 645 1129 vixit,
675 1062 736 1118 in
777 1064 1167 1137 descriptione
1196 1062 1487 1118 Vaticana:
1533 1059 1784 1117 basilicae
1829 1059 1944 1114 ista

283 1151 493 1206 asserit
519 1169 570 1207 :«
599 1152 710 1208 Leo
731 1153 888 1224 Papa
909 1171 1098 1210 nonus
1126 1151 1440 1225 requiescit
1465 1151 1616 1206 infra
1637 1149 1940 1205 ecclesiam

283 1244 342 1294 B.
367 1240 543 1308 Petri,
569 1241 629 1295 in
664 1240 780 1313 pilo
812 1259 1139 1299 marmoreo
1171 1257 1349 1316 prope
1380 1243 1608 1314 portam
1640 1240 1941 1294 Ravenna-

285 1328 459 1384 licam
496 1345 510 1383 :
547 1329 619 1385 de
652 1347 767 1402 quo
799 1335 938 1387 sunt
967 1332 1121 1403 apud
1158 1347 1263 1386 nos
1293 1327 1480 1385 multa
1509 1333 1566 1384 et
1595 1344 1812 1399 magna
1842 1326 1945 1381 mi-

283 1417 505 1473 racula.
542 1417 646 1474 Hic
699 1420 963 1476 condidit
1010 1419 1377 1493 privilegium
1419 1418 1845 1474 Canonicorum
1880 1417 1939 1470 B.

283 1506 437 1562 Petri
475 1507 546 1562 de
577 1508 1024 1565 conﬁrmatione
1054 1525 1296 1564 suarum
1337 1507 1752 1563 Ecclesiarum.
1780 1529 1806 1555 »
1841 1506 1946 1559 Lu-

287 1595 416 1651 cius
428 1596 644 1652 Saccus
667 1595 726 1651 in
741 1597 1134 1670 descriptione
1156 1596 1433 1653 historica
1453 1597 1678 1652 Suessae
1697 1593 1945 1650 civitatis

291 1685 447 1755 (qua
469 1683 617 1741 inter
637 1684 894 1758 Capuam
919 1691 972 1742 et
995 1687 1256 1760 Cajetam
1276 1685 1337 1740 in
1364 1685 1682 1759 Campania
1702 1688 1790 1740 est
1811 1683 1945 1754 sita)

290 1772 467 1828 refert
499 1789 621 1845 cap.
643 1776 679 1828 7
707 1798 733 1824 «
760 1774 984 1846 Corpus
1015 1777 1074 1832 S.
1105 1775 1315 1831 Leonis
1361 1775 1526 1846 Papae
1575 1773 1712 1828 noni
1767 1771 1946 1828 fuisse

285 1860 397 1916 sub
430 1860 613 1916 Paulo
632 1859 682 1913 V
709 1879 861 1917 anno
893 1861 1172 1918 MDCVIII
1204 1865 1500 1934 repertum
1523 1861 1744 1931 absque
1767 1858 1946 1914 altero

285 1948 551 2016 brachio,
591 1951 746 2021 quod
780 1951 1006 2007 Suessa:
1049 1954 1400 2016 asservatur,
1425 1954 1481 2004 et
1509 1953 1647 2004 tunc
1677 1947 1859 2004 fuisse
1887 1947 1946 2002 in

282 2039 756 2110 Gongregatione
771 2038 1168 2095 Cardinalium
1184 2043 1482 2095 ostensam
1499 2036 1952 2110 epistolam,qua

282 2128 596 2183 constabat
627 2145 731 2200 per
754 2129 1053 2200 antiquam
1078 2134 1134 2185 et
1155 2129 1544 2184 indubitatam
1576 2127 1950 2183 traditionem

285 2215 516 2272 dictum
539 2217 848 2273 brachium
863 2218 1153 2275 Sinuessa
1172 2216 1761 2288 asservari.»Aliquas
1779 2216 1952 2270 etiam

284 2305 472 2376 hujus
513 2305 728 2361 Leonis
777 2306 1055 2380 reliquias
1103 2323 1232 2363 esse
1282 2305 1550 2362 Bononia:
1605 2305 1664 2359 in
1713 2303 1956 2360 ecclesia

292 2395 347 2448 S.
384 2393 699 2466 Stephani,
726 2396 904 2452 tradit
934 2396 1194 2454 Masinus
1217 2395 1276 2450 in
1297 2394 1556 2450 Bononia
1582 2392 1953 2465 perlustrata.

294 2482 560 2555 Corpora
594 2470 761 2540 sacra
791 2489 1044 2557 quatuor
1074 2486 1331 2540 Leonum
1371 2481 1716 2538 Pontiﬁcum
1748 2482 1956 2537 Roma-

298 2589 519 2628 norum
589 2573 774 2629 fuisse
835 2579 1071 2630 ostensa
1146 2572 1420 2629 Kalendis
1484 2570 1731 2643 Augusti
1805 2587 1956 2626 anno

295 2660 635 2730 MDLXXX,
657 2666 714 2717 et
734 2663 946 2719 iterum
968 2679 1079 2718 xxv
1101 2662 1234 2718 Maii
1258 2677 1410 2718 anno
1436 2659 1714 2716 MDCVIlI
1736 2659 1957 2716 dictum

293 2756 387 2806 est
419 2767 476 2805 x1
509 2750 746 2822 Aprilis,
778 2753 850 2807 ad
885 2751 1072 2808 Vitam
1105 2753 1164 2808 S.
1199 2750 1397 2806 Leonii
1437 2749 1632 2822 Magni
1666 2765 1798 2822 pag.
1831 2751 1920 2804 21.

296 2843 322 2908 §
353 2839 428 2894 II.
461 2840 628 2896 Ratio
669 2843 948 2913 temporis.
983 2843 1111 2896 Acta
1139 2842 1319 2912 primo
1347 2855 1493 2894 anno
1533 2841 1597 2894 in
1631 2839 1958 2910 Pontiﬁcum

503 2931 764 2986 Romano.
801 2931 1198 2987 Controversia
1225 2929 1513 2986 nonnulla:
1541 2929 1758 2984 decim.

294 3005 296 3007 i
365 3021 424 3074 6.
449 3019 637 3076 Natus
663 3024 750 3076 est
772 3020 831 3075 S.
860 3020 965 3076 Leo
987 3037 1083 3074 xxx
1109 3018 1270 3074 Junii
1295 3035 1446 3074 anno
1469 3018 1603 3085 ΜΙΙ;
1630 3016 1958 3090 quinquen-

297 3108 392 3164 nis
416 3113 482 3165 ut
503 3109 896 3166 instrueretur
917 3110 1173 3165 traditus
1197 3106 1506 3163 Bertholdo
1526 3106 1810 3178 Episcopo
1830 3104 1960 3160 Tul-

298 3197 472 3270 lensi,
505 3216 570 3254 ac
617 3199 752 3256 dein
803 3199 982 3270 hujus
1025 3197 1347 3254 successori
1394 3196 1769 3251 Herimanno.
1820 3175 2036 3266 Indeg

303 3287 632 3344 translatus
657 3291 728 3345 ad
762 3288 959 3344 aulam
987 3287 1236 3344 Conradi
1262 3285 1650 3358 imperatoris,
1677 3289 1733 3340 et
1759 3284 1956 3340 Diaco-

312 3393 427 3430 nus
458 3376 656 3444 factus,
687 3396 842 3434 anno
874 3377 1076 3433 MXXV
1122 3377 1180 3432 in
1213 3374 1677 3448 Longobardiam
1709 3373 1955 3429 militem

311 3464 640 3523 Tullensem
672 3469 856 3523 duxit.
881 3470 1046 3522 Anno
1079 3468 1358 3538 sequente
1388 3463 1615 3520 MXXVI
1654 3463 1867 3519 absens
1900 3463 1954 3517 in

305 3555 659 3628 Episcopum
683 3556 1021 3612 Tullensem
1053 3555 1290 3625 electus,
1318 3571 1386 3609 ex
1411 3551 1575 3608 Italia
1606 3553 1787 3607 redux
1818 3550 1956 3606 Tul-

299 3643 423 3699 lum
455 3645 616 3701 venit
655 3645 748 3701 die
785 3643 1146 3702 ascensionis
1187 3641 1426 3710 Christi,
1458 3646 1832 3697 consecratus
1865 3640 1956 3696 die

299 3750 352 3788 1x
383 3735 772 3806 Septembris.
807 3735 876 3789 Et
907 3733 1028 3789 haec
1059 3751 1126 3789 ex
1156 3731 1302 3804 ipsis
1331 3731 1489 3786 Actis
1517 3725 1674 3785 certa
1703 3733 1842 3786 sunt
1871 3733 1956 3785 at-

294 3840 411 3896 que
443 3823 799 3880 indubitata.
825 3824 902 3878 Eo
934 3826 1130 3878 autem
1163 3819 1500 3876 Tullensem
1542 3819 1955 3891 EpiscOpatum

293 3917 495 3969 sancte
512 3912 799 3985 dirigente
823 3913 1060 3968 fuerunt
1077 3909 1387 3966 Pontiﬁces
1409 3907 1677 3974 Romani,
1697 3908 1955 3963 Joannes

293 4003 448 4067 XIX,
483 4001 620 4057 dein
657 4002 1001 4058 Benedictus
1033 4001 1139 4056 1X:
1174 4017 1289 4072 quo
1330 4015 1398 4054 ex
1437 3998 1584 4054 Sede
1625 3997 1956 4069 Apostolica

293 4091 493 4163 pulso,
530 4095 588 4146 et
617 4090 934 4146 schismate
972 4089 1233 4146 Silvestri
1276 4088 1350 4145 III
1389 4088 1732 4160 composito,
1768 4087 1954 4142 factus

294 4187 384 4236 est
414 4181 576 4251 Papa
610 4179 920 4251 Gregorius
945 4179 1019 4235 Vl
1041 4194 1193 4234 anno
1217 4177 1474 4234 MXLIV.
1498 4176 1714 4232 Verum
1745 4175 1837 4232 his
1861 4175 1955 4231 tri-

293 4270 407 4325 bus
429 4269 720 4341 depositis
742 4267 962 4324 electus
984 4271 1072 4324 est
1091 4267 1358 4324 Clemens
1382 4283 1422 4321 II
1443 4269 1614 4320 antea
1635 4265 1953 4336 Episcopus

295 4357 752 4431 Bambergensis
800 4374 952 4413 anno
1002 4357 1230 4413 MXLVI
1263 4372 1275 4412 :
1311 4372 1424 4428 quo
1473 4371 1626 4410 anno
1674 4359 1954 4425 sequente

292 4448 559 4504 MXLVII
577 4451 830 4515 mortuo,
848 4448 1058 4502 iterum
1083 4446 1236 4502 sedit
1253 4444 1600 4501 Benedictus
1622 4443 1697 4498 IX
1718 4462 1730 4499 :
1752 4449 1955 4500 contra

299 4553 478 4609 quem
509 4535 733 4593 electus
755 4541 844 4592 est
865 4537 1154 4592 Damasus
1187 4535 1233 4590 ll
1264 4538 1397 4590 ante
1429 4533 1746 4606 Episc0pus
1769 4534 1954 4589 Brixi-
1981 4555 2031 4622 Β

300 4625 541 4693 Nensis,‘
577 4630 953 4682 consecratus
987 4641 1138 4681 anno
1170 4623 1469 4690 MXLVIII,
1494 4623 1585 4679 die
1614 4640 1729 4678 xvn
1759 4623 1900 4679 Julii
1935 4640 1947 4678 :

292 4716 394 4769 sed
427 4732 568 4771 cum
614 4715 864 4771 sedisset
910 4714 1032 4770 dies
1063 4731 1225 4780 xxm,
1258 4713 1548 4768 extinctus
1597 4717 1704 4781 est,
1738 4717 1803 4768 ut
1832 4729 1954 4768 cre-

292 4804 724 4870 ditur,veneno.
744 4805 878 4859 Post
898 4805 1054 4860 hunc
1071 4805 1273 4860 eodem
1296 4801 1487 4858 adhuc
1509 4819 1662 4858 anno
1688 4802 1955 4874 designa-

290 4896 388 4949 tus
409 4895 468 4948 in
492 4894 789 4949 Conventu
813 4891 1256 4958 Wormatiensi,
1281 4891 1375 4947 hic
1407 4895 1604 4947 noster
1633 4891 1953 4964 Episcopus

297 4983 616 5053 Tullensis,
635 4987 777 5038 tunc
801 4987 994 5038 Bruno
1017 4981 1334 5054 dictus,qui
1357 4997 1489 5036 cum
1510 4979 1662 5036 Tulli
1682 4979 1955 5037 Natalitia

291 5072 510 5129 Christi
545 5072 921 5143 celebrasset,
952 5090 1107 5128 xxvu
1137 5070 1473 5127 Decembris
1503 5070 1610 5124 iter
1639 5087 1953 5142 aggressus

293 5167 385 5218 est
429 5179 536 5235 per
585 5163 979 5230 Germaniam,
1023 5162 1254 5234 quando
1299 5162 1573 5232 Augustae
1621 5160 1951 5218 Vindelico-

293 5267 425 5306 rum
449 5275 477 5301 ‹‹
514 5251 740 5308 audivit
771 5251 1036 5324 angelica
1071 5267 1208 5307 voce
1245 5264 1517 5306 resonare
1545 5248 1946 5307 harmonicam

292 5340 816 5397 modulationem.»
840 5342 980 5397 Inde
1001 5341 1110 5397 iter
1133 5339 1485 5409 accelerans,
1509 5338 1582 5394 ob
1611 5338 1947 5396 inundatio-

292 5444 428 5486 nem
459 5445 753 5502 aquarum
782 5431 892 5487 fuit
914 5435 1148 5487 coactus
1173 5445 1270 5502 per
1298 5437 1500 5502 septem
1523 5428 1639 5484 dies
1669 5445 1802 5485 cum
1833 5447 1940 5487 suo

288 5519 574 5576 comitatu
605 5519 926 5578 subsistere
951 5537 962 5577 :
988 5525 1046 5578 et
1062 5523 1260 5577 tamen
1281 5517 1520 5576 hiemali
1550 5517 1649 5576 illo
1679 5522 1940 5594 tempore

291 5606 537 5668 Romam
569 5610 822 5687 appulit,
855 5611 1054 5670 forsan
1083 5610 1193 5671 sub
1216 5610 1394 5670 ﬁnem
1417 5607 1682 5670 Januarii
1703 5614 1804 5671 aut
1833 5611 1940 5672 ini-

2049 521 2232 576 selmo
2267 523 2322 577 in
2372 523 2688 599 Itinerario)
2715 550 2740 577 ‹‹
2774 529 3078 601 dignitatis
3127 533 3439 591 Pontiﬁciae
3487 535 3690 594 infulis

2050 610 2364 682 iusignilus
2396 613 2566 668 fuerit
2594 615 2653 669 in
2687 617 3023 690 l'lypapante
3053 620 3304 689 Domini,
3341 646 3360 672 »
3399 624 3516 679 sive
3546 627 3690 682 festo

2049 699 2477 757 Purilicationis
2508 703 2784 775 Deiparze,
2809 708 2940 762 dein
2965 709 3189 765 solenni
3217 711 3330 767 ritu
3355 736 3381 763 ‹‹
3407 712 3692 769 inthroni1

2049 793 2213 844 zatus
2260 808 2340 844 xu
2390 791 2684 847 Februarii
2718 794 3020 852 Dominica
3069 799 3258 869 prima
3307 801 3694 874 Quadragesi-

2051 894 2178 946 mae,
2203 901 2230 928 »
2267 879 2350 934 uti
2381 878 2437 934 in
2470 881 2596 951 ejus
2628 883 2784 938 Actis
2816 885 2993 940 tradit
3022 887 3336 944 Wibertus.

2119 1041 2173 1092 7.
2207 1038 2310 1093 Hic
2351 1039 2547 1111 aliqua
2595 1045 2986 1100 controversia
3017 1047 3278 1102 oboritur
3323 1067 3456 1105 cum
3489 1052 3697 1108 Ottone

2053 1127 2408 1199 Frisingensi
2440 1133 2494 1184 et
2525 1129 2653 1186 aliis
2684 1148 2814 1187 eum
2859 1136 3096 1203 secutis,
3130 1137 3296 1208 quasi
3329 1161 3355 1188 ‹‹
3391 1141 3446 1194 S.
3483 1141 3590 1195 Leo
3624 1142 3695 1196 ad

2052 1217 2258 1271 Sedem
2293 1217 2351 1270 Β.
2383 1219 2533 1272 Petri
2566 1220 2912 1289 destinatus,
2939 1231 3237 1297 assumpta
3268 1245 3526 1300 purpura
3547 1234 3696 1285 Pon-

2051 1305 2251 1360 tiﬁcali
2283 1322 2384 1377 per
2411 1305 2624 1362 Gallias
2656 1309 2762 1363 iter
2791 1311 3023 1381 egisset,
3048 1318 3102 1366 et
3123 1313 3377 1370 Cluniaci
3408 1319 3479 1372 ab
3513 1317 3701 1374 Hilde-
3739 1320 3745 1329 ’

2053 1395 2274 1448 brando
2297 1396 2646 1468 redargutus
2673 1415 2928 1470 purpura
2952 1402 3212 1471 deposita
3235 1406 3520 1477 peregrini
3543 1407 3701 1462 habi-

2055 1486 2182 1537 tum
2215 1484 2620 1555 assumpisset,
2650 1491 2706 1541 et
2734 1488 2952 1543 (lucens
2984 1507 3182 1546 secum
3217 1492 3700 1564 Ilildebrandum,

2057 1572 2299 1626 Romam
2342 1573 2610 1629 venisset.
2638 1576 2815 1630 »l~‘uit
2862 1577 2992 1632 Otto
3046 1579 3432 1653 Frisingensis
3477 1583 3702 1656 integro

2056 1661 2267 1716 saeculo
2291 1661 2514 1731 junior,
2545 1669 2811 1719 mortuus
2843 1684 2994 1721 anno
3038 1668 3328 1724 MCLVIII.
3354 1672 3537 1744 Magis
3568 1689 3704 1746 ergo

2058 1750 2412 1805 credendum
2428 1751 2689 1806 Wiberto
2712 1755 2844 1808 testi
2871 1756 3225 1828 oculato,qui
3248 1761 3705 1828 asserit,«Tulli,

2056 1843 2288 1910 sumpto
2312 1846 2615 1911 peregrino
2639 1841 2860 1908 habitu,
2884 1844 3209 1899 Romanum
3234 1846 3342 1902 iter
3363 1849 3706 1921 arripuisse,

2057 1931 2113 1982 at
2143 1929 2296 1999 apud
2331 1928 2536 1983 urbem
2557 1931 2880 2001 Augustam
2907 1933 3175 1999 Angelica
3196 1935 3595 1993 modulatione
3618 1953 3707 1994 re-

2060 2021 2318 2072 creatum
2355 2033 2366 2070 :
2395 2040 2422 2065 ››
2455 2034 2642 2089 neque
2674 2023 2902 2090 tempus
2937 2020 3045 2074 fuit
3093 2022 3524 2093 intermedium,
3551 2027 3705 2097 quod

2061 2105 2253 2160 itineri
2284 2105 2650 2161 Cluniacensi
2685 2108 3120 2164 attribueretur.
3154 2112 3210 2166 S.
3247 2113 3438 2169 Bruno
3471 2115 3709 2187 Episco-

2063 2209 2172 2265 pus
2206 2193 2530 2265 Signiensis
2577 2194 3033 2253 I'Iildebrandum
3069 2199 3403 2256 Wormatize
3451 2203 3708 2260 adfuisse

2064 2282 2287 2350 scribit,
2322 2283 2378 2337 in
2413 2283 2539 2355 ipsa
2559 2284 2959 2356 designatione
2991 2289 3048 2343 S.
3079 2289 3274 2345 Leonis
3301 2291 3373 2346 ad
3397 2291 3709 2348 Summum

2067 2371 2474 2427 Pontiﬁcatum
2511 2389 2556 2426 ;‹‹
2595 2372 2715 2429 lllis
2747 2375 2976 2445 diebus,
3011 2379 3210 2448 inquit,
3243 2385 3367 2437 erat
3397 2381 3476 2437 ibi
3509 2399 3710 2438 mona-

2067 2460 2211 2516 chus
2242 2461 2480 2532 quidam
2514 2463 2831 2535 Romanus,
2865 2465 3294 2525 Hildebrandus
3329 2471 3585 2541 nomine,
3610 2488 3712 2527 no-

2066 2549 2200 2604 bilis
2230 2549 2444 2606 indolis
2474 2551 2984 2620 adolescens,clari
3018 2557 3601 2632 ingenii,sanctaeque
3624 2577 3712 2616 re-

2065 2638 2323 2710 ligionis.
2363 2641 2523 2695 llunc
2555 2641 2732 2714 igitur
2771 2644 2976 2699 beatus
3022 2645 3341 2718 Episcopus
3389 2649 3609 2704 vocavit
3639 2651 3712 2704 ad

2068 2745 2148 2796 se,
2183 2733 2238 2784 et
2269 2729 2489 2800 rogavit
2534 2747 2665 2786 eun;
2700 2736 2764 2786 ut
2802 2731 2980 2786 simul
3032 2734 3271 2790 Romam
3330 2736 3611 2792 rediret...
3645 2739 3714 2792 Et

2069 2821 2208 2872 tunc
2231 2819 2550 2890 Episcopus
2578 2820 2822 2876 Romam
2854 2820 3111 2888 veniens,
3138 2825 3476 2895 praedictum
3508 2842 3710 2881 mona-

2068 2905 2245 2962 chum
2277 2923 2478 2962 secum
2509 2907 2769 2975 adduxit,
2805 2909 3056 2965 multum
3084 2911 3141 2965 in
3169 2912 3275 2967 hoc
3307 2913 3432 2985 ipso
3462 2915 3522 2969 B.
3547 2915 3712 2970 Petro

2069 2995 2348 3065 serviens,
2382 2997 2536 3067 quod
2584 2995 2753 3052 illum
2784 2997 3082 3054 hominem
3127 3017 3326 3056 secum
3377 3004 3713 3074 reducebat,

2070 3085 2240 3154 cujus
2270 3083 2512 3140 consilio
2556 3089 2613 3141 et
2659 3087 2948 3158 sapientia
2997 3088 3258 3145 Romana
3303 3091 3559 3148 Ecclesia
3609 3092 3714 3148 ali-

2072 3173 2305 3245 quando
2337 3173 2589 3245 regenda
2627 3178 2685 3229 et
2722 3175 3104 3246 gubernanda
3131 3184 3272 3233 erat.
3308 3179 3410 3234 Hic
3439 3185 3527 3234 est
3555 3182 3712 3236 enim

2069 3263 2382 3335 Gregorius
2411 3263 2708 3335 Septimus
2735 3265 2962 3336 Papa,»
2997 3270 3105 3322 etc.
3137 3269 3321 3338 Ilujus
3353 3269 3547 3324 Sancti
3571 3270 3714 3324 Pon-

2067 3352 2241 3408 tiﬁcis
2272 3352 2465 3408 Vitam
2496 3352 2741 3425 Scripsit
2771 3354 2986 3411 Paulus
3026 3355 3465 3413 Bernriedensis
3513 3363 3716 3414 auctor

2067 3459 2314 3509 cowvus,
2347 3442 2406 3497 in
2451 3459 2634 3515 eaque
2666 3444 2842 3498 tradit
2889 3444 3054 3500 illum
3088 3469 3115 3496 «
3149 3447 3517 3519 aliquantum
3566 3439 3712 3504 tem-

2067 3531 2224 3604 poris
2256 3549 2480 3587 moram
2529 3531 2734 3588 fecisse
2763 3532 2823 3588 in
2854 3533 2988 3590 aula
3018 3535 3248 3591 lIenrici
3298 3537 3668 3608 Imperatoris
3698 3556 3711 3594 :

2065 3622 2216 3676 addit
2243 3621 2441 3677 deinde
2472 3627 2717 3678 Leonem
2759 3623 2971 3696 Papam
3005 3641 3248 3692 nonum,
3281 3626 3459 3696 hujus
3505 3627 3714 3683 lauda-

2063 3711 2201 3766 bilis
2230 3712 2338 3767 viri
2371 3713 2743 3784 prudentiam
2775 3718 2832 3768 et
2859 3713 3226 3769 sanctitatem
3258 3731 3326 3769 ex
3356 3715 3528 3770 corde
3549 3731 3715 3771 vene-

2067 3805 2279 3868 ratum,
2303 3806 2359 3856 et
2389 3801 2784 3873 amplexatum
2816 3803 2943 3872 ejus
2975 3817 3078 3873 per
3107 3802 3302 3857 omnia
3332 3803 3576 3858 consilia
3609 3821 3622 3858 :
3655 3808 3713 3859 et

2064 3889 2213 3944 hanc
2246 3907 2446 3945 eorum
2486 3889 2856 3946 concordiam
2902 3890 3220 3962 plurimum
3257 3891 3314 3947 in
3345 3907 3485 3964 agro
3514 3893 3709 3947 Domi-

2063 3979 2194 4034 nico
2225 3979 2412 4050 spinis
2439 3979 2622 4034 erutis
2655 3979 3073 4036 fructiﬁcasse:
3106 3981 3325 4037 interea
3360 3981 3546 4049 illum,
3570 3983 3710 4039 sub-

2063 4067 2373 4122 diaconum
2396 4067 2467 4122 ab
2491 4068 2693 4122 eodem
2719 4068 2869 4141 Papa
2889 4069 3246 4136 ordinatum,
3274 4073 3627 4128 monasterio
3649 4073 3706 4128 S.

2063 4155 2246 4222 Pauli,
2263 4156 2675 4212 miserabiliter
2692 4157 3282 4231 desolato,przelatum
3306 4161 3504 4217 fuisse.
3517 4185 3542 4210 ››
3559 4163 3714 4218 Post-

2065 4245 2304 4300 modum
2329 4268 2355 4295 ‹‹
2377 4245 2701 4318 spiritualis
2733 4247 3004 4320 agricola,
3029 4249 3281 4306 Sanctus
3305 4251 3570 4307 videlicet
3601 4252 3710 4307 Leo

2062 4335 2628 4406 Papa,considerans
2647 4345 2703 4392 et
2720 4337 3019 4394 admirans
3043 4339 3296 4395 multum
3318 4341 3570 4396 fructum
3595 4339 3710 4413 pal-

2065 4424 2224 4479 mitis
2281 4425 2480 4497 hujus,
2513 4441 2580 4481 eo
2611 4427 2764 4498 quod
2825 4426 2949 4499 ipse
3004 4434 3266 4484 maneret
3305 4429 3361 4484 in
3395 4429 3622 4485 Christo
3653 4433 3710 4485 et

2063 4513 2330 4570 Christus
2359 4515 2415 4570 in
2447 4515 2874 4586 ipso,dilatavit
2905 4516 2963 4570 in
2995 4533 3061 4572 eo
3085 4518 3446 4572 mansionem
3469 4517 3705 4584 Christi,

2062 4621 2164 4678 per
2195 4602 2646 4676 impositionem'
2671 4605 2905 4660 Ordinis
2955 4605 3216 4673 Levitici;
3247 4610 3321 4673 et,
3356 4611 3420 4660 ut
3453 4606 3707 4663 fructum

2062 4693 2195 4766 plus
2222 4695 2451 4750 afferret
2484 4695 2754 4750 Romanae
2788 4693 3074 4758 Ecelesim,
3098 4693 3594 4751 Archidiaconum
3618 4696 3710 4752 in-

2063 4783 2308 4839 stituit.»
2336 4785 2460 4838 llazc
2492 4783 2591 4837 ibi.
2617 4783 2696 4836 Ex
2726 4782 2942 4854 quibus
2973 4783 3250 4839 omnibus
3279 4783 3610 4857 colligimus
3647 4785 3706 4842 S.

2065 4873 2315 4929 Leonem
2347 4889 2460 4928 non
2493 4871 2674 4927 fuisse
2707 4872 2765 4927 in
2796 4872 2949 4927 dicto
2979 4871 3187 4930 itinere
3209 4874 3490 4946 Cluniaci,
3521 4891 3710 4949 neque

2063 4962 2330 5030 inde,sed
2365 4980 2432 5018 ex
2463 4961 2596 5017 aula
2619 4962 2988 5033 Imperatoris
3020 4963 3334 5021 adduxisse
3370 4965 3708 5023 llildebran-

2063 5054 2236 5122 dum;
2272 5068 2459 5124 neque
2491 5052 2667 5122 hujus
2701 5051 3122 5119 admonitione,
3157 5055 3419 5128 deposita
3450 5055 3705 5110 Cluniaci

2062 5160 2341 5216 purpura,
2373 5141 2770 5214 assumpsisse
2802 5144 3091 5216 peregrini
3125 5144 3600 5214 habitum,quem
3634 5144 3706 5198 ab

2059 5233 2223 5289 initio
2247 5232 2472 5288 itineris
2495 5237 2814 5304 acceperat.
2836 5233 2966 5288 Fuit
2996 5233 3424 5288 Hildebrandus
3447 5232 3705 5303 primum

2053 5323 2470 5404 tergiversatus
2501 5321 2792 5390 invitanti,
2822 5322 3102 5393 objiciens
3125 5345 3152 5370 «
3178 5319 3317 5391 quia
3347 5337 3459 5375 non
3493 5339 3706 5380 secun-

2051 5427 2192 5483 dum
2218 5417 2572 5484 Canonicam
2592 5410 3153 5479 institutionem,sed
3176 5427 3277 5481 per
3294 5413 3631 5473 saecularem
3653 5437 3710 5498 et

2049 5520 2270 5594 regiam
2302 5510 2671 5592 potestatem,
2697 5503 3019 5559 Romanam
3047 5499 3365 5560 Ecclesiam
3397 5507 3702 5586 arriperet.

2047 5611 2154 5673 Leo
2184 5626 2337 5677 vero,
2371 5610 2436 5663 ut
2464 5603 2586 5660 erat
2613 5601 2824 5655 natura
2853 5595 3100 5669 simplex
3129 5599 3303 5668 atque
3334 5597 3704 5677 mitissimus,
