4102 6174
355 285 472 347 515

361 416 649 488 patienter
678 416 727 470 ei
760 414 1040 471 satisfecit
1071 412 1296 470 reddita
1325 413 1397 467 de
1430 409 1722 475 omnibus,
1744 408 1894 462 sicut
1917 404 2010 460 ille
2041 406 2095 471 Α

351 507 635 569 voluerat,
670 504 908 561 ratione.
937 527 965 554 »
997 504 1126 560 Haec
1158 504 1370 558 Bruno.

391 640 476 706 ,8.
495 638 691 694 Altera
712 637 1105 694 controversia
1131 634 1464 691 desumitur
1493 649 1560 688 ex
1592 630 1876 687 Chronico
1906 629 2007 684 Ca-

350 727 571 783 sinensi
605 726 812 783 Leonis
859 723 1168 780 Marsicani
1218 721 1490 794 Episcopi
1518 719 1822 787 Ostiensis,
1853 734 2005 773 anno

351 816 551 872 MCXV
581 817 701 871 vita
749 815 952 881 functi,
983 813 1082 883 qui
1127 812 1329 866 scribit
1378 811 1479 865 lib.
1516 828 1578 880 II,
1611 826 1736 880 cap.
1768 809 1857 861 81.
1882 830 1908 856 ‹‹
1943 807 2000 861 S.

347 907 598 962 Leonem
646 904 1008 969 Pontiﬁcom,
1043 902 1246 957 eodem
1281 917 1395 970 quo
1428 899 1734 954 ordinatus
1765 902 1855 954 est
1901 913 2001 951 an-

345 1012 442 1064 no,
474 994 754 1049 orationis
784 992 972 1064 gratia
1018 995 1275 1044 montem
1316 989 1648 1060 Garganum
1681 985 1936 1058 petiisse.
1971 1006 2000 1035 »

343 1083 558 1137 Verum
590 1081 650 1135 id
692 1080 1007 1151 contigisse
1061 1095 1214 1134 anno
1265 1077 1530 1148 sequenti
1579 1077 1730 1130 infra
1759 1073 1998 1146 patebit.

341 1170 584 1224 Videtur
614 1173 817 1224 auctor
847 1169 939 1222 hic
976 1184 1162 1221 annos
1203 1185 1236 1220 a
1268 1165 1546 1220 Paschate
1581 1163 1911 1233 incmpisse,
1946 1166 2004 1215 et

341 1259 426 1313 sic
459 1259 718 1331 primum
757 1258 933 1312 etiam
968 1272 1189 1310 annum
1236 1256 1293 1308 S.
1331 1254 1538 1310 Leonis
1587 1251 1915 1315 inchoasse,
1947 1255 2003 1304 et

338 1347 448 1403 hoc
471 1349 1114 1419 posito,consequenter
1136 1342 1370 1414 singula
1393 1346 1661 1397 accurate
1683 1340 1808 1395 suis
1831 1338 2001 1392 annis

339 1435 680 1490 attribuisse
711 1452 868 1500 eum,
904 1435 1055 1488 infra
1087 1432 1487 1487 ostendemus.
1520 1430 1758 1495 Verum,
1795 1433 1856 1483 ut
1885 1429 1998 1481 An-

338 1523 561 1579 selmus
605 1524 662 1577 in
704 1523 832 1593 ejus
891 1520 1191 1576 ltinerario
1253 1520 1442 1585 docet,
1475 1517 1773 1590 explevit«
1806 1516 1998 1570 Romae

337 1610 874 1685 Quadragesimalis
911 1611 1192 1680 temporis
1227 1608 1474 1680 jejunia,
1510 1605 2000 1675 succedentiaque

337 1701 653 1756 Dominicae
683 1699 1130 1755 resurrectionis
1154 1697 1466 1752 celebravit
1487 1694 1830 1750 solemnia.»
1855 1693 2000 1747 Prae-

337 1792 496 1844 terea
526 1789 897 1843 Hermannus
929 1790 1294 1849 Contractus,
1320 1783 1420 1854 qui
1467 1783 1669 1838 eodem
1703 1798 1855 1837 anno
1883 1799 1998 1853 quo
2029 1777 2078 1841 B

337 1877 396 1930 S.
431 1877 537 1930 Leo
571 1880 840 1930 mortuus
889 1880 997 1939 est,
1035 1873 1360 1928 monachus
1408 1871 1740 1943 Augiensis,
1775 1870 1998 1926 scilicet

336 1963 540 2030 MLIV,
574 1963 687 2018 ista
731 1961 932 2016 scribit
968 1978 1033 2014 ;‹‹
1071 1961 1132 2015 In
1163 1961 1625 2031 Quadragesima
1664 1959 1992 2025 ordinatus,

334 2051 543 2108 Leonis
575 2051 714 2108 noni
749 2066 961 2105 nomen
985 2051 1223 2120 accepit.
1247 2049 1352 2114 Qui
1387 2047 1444 2102 in
1479 2048 1742 2119 proximo
1773 2047 1996 2102 Pascha

335 2139 696 2207 Udalricum,
721 2138 1032 2211 Augiensis
1065 2136 1312 2193 coenobii
1342 2137 1722 2204 Provisorem,
1748 2136 1992 2191 Romam

333 2229 686 2295 venientem,
731 2228 974 2283 Abbatis
1034 2224 1886 2295 benedictioneconsecravit;
1939 2230 1996 2280 et

335 2319 604 2390 ejusdem
638 2316 973 2372 monasterii
1029 2313 1351 2387 privilegia,
1387 2313 1718 2385 antiquitus
1768 2331 1802 2367 a
1847 2314 1995 2369 Sede

332 2407 664 2481 Apostolica
708 2406 942 2472 tradita,
979 2423 1088 2461 sua
1135 2403 1481 2459 auctoritate
1531 2403 1901 2457 conﬁrmavit
1939 2407 1995 2457 et

335 2496 651 2563 innovavit,
703 2495 1026 2550 Indictione
1068 2511 1128 2558 ιι,
1164 2510 1242 2547 vn
1276 2491 1564 2547 Kalendas
1611 2491 1846 2562 Aprilis,
1876 2513 1901 2539 ››
1935 2491 1992 2546 id

335 2591 424 2642 est
454 2585 641 2658 pridie
671 2583 984 2639 Dominicae
1017 2581 1389 2647 Palmarum;
1424 2596 1559 2652 ergo
1592 2580 1743 2634 hanc
1776 2579 1997 2634 Palma-

336 2691 468 2730 rum
492 2673 866 2729 festivitatem
892 2688 1006 2726 non
1032 2670 1343 2725 celebravit
1365 2668 1516 2724 dicto
1540 2686 1692 2723 anno
1715 2669 1770 2722 in
1796 2672 1993 2723 monte

335 2762 746 2834 Casino,quod
792 2776 860 2816 ex
909 2761 1099 2815 Leone
1148 2752 1482 2814 Marsicano‘
1530 2758 1988 2813 assumebatur:

335 2853 460 2920 sed,
495 2857 558 2906 ut
589 2852 739 2905 infra
769 2850 1017 2915 dicetur,
1051 2864 1204 2903 anno
1235 2847 1525 2918 sequenti.

403 2985 458 3036 9.
485 3003 513 3032 ‹‹
547 2984 702 3037 Idem
735 2982 907 3052 Papa,
934 3003 961 3030 »
995 2980 1189 3052 inquit
1219 2981 1589 3035 Hermannus
1619 2981 1990 3046 Contractus,

336 3095 362 3120 ‹‹
380 3071 436 3125 in
458 3070 822 3126 hebdomade
842 3069 1214 3142 postAlbas,»
1232 3070 1286 3124 id
1307 3073 1392 3125 est
1411 3074 1540 3141 post
1557 3070 1913 3124 Dominicam
1931 3069 1990 3123 in

1707 277 1772 336 S.
1820 273 1971 334 LEO
2013 271 2093 333 IX
2140 270 2373 332 PAPA.

3645 269 3762 333 516

2198 427 2222 453 ‹‹
2258 405 2344 458 10.
2371 403 2631 475 Denique
2661 405 2912 460 domnus
2959 405 3134 476 Papa,
3169 421 3201 459 a
3251 406 3573 460 Leucorum
3624 408 3766 463 urbe

2116 493 2437 565 digressus,
2472 493 2581 548 iter
2613 493 2682 548 ad
2725 495 3071 549 Remensem
3106 495 3328 549 ducens
3378 495 3584 551 urbem
3617 495 3760 552 arri-

2115 583 2271 654 puit;
2307 583 2362 637 in
2388 582 2582 654 vigilia
2603 584 2661 639 S.
2687 582 2987 639 Michaelis
3009 583 3080 639 ad
3101 583 3544 641 Curmolensem
3565 584 3763 642 villam

2114 671 2272 726 venit
2295 688 2308 726 :
2335 671 2426 726 die
2449 687 2580 727 vero
2603 672 2867 742 sequenti
2891 672 2962 726 ad
2987 673 3263 728 Sanctum
3285 675 3548 745 pervenit
3571 675 3765 730 Remi-

2113 759 2771 831 gium,Archiepiscopis
2788 761 2978 815 tribus
2994 762 3767 830 comitantibus,Trevirensi

2112 847 2402 914 videlicet,
2437 849 2829 917 Lugdunensi,
2853 849 3322 917 Vesontionensi,
3347 851 3594 924 aliisque
3625 852 3766 908 viris

2116 936 2560 992 honorabilibus
2596 953 2607 989 :
2643 936 2796 990 inter
2825 953 2972 1007 quos
3003 943 3122 992 erat
3155 939 3409 994 Joannes
3445 941 3766 1013 Episcopus

2116 1025 2473 1088 Portuensis,
2502 1029 2560 1080 et
2589 1025 2795 1079 Petrus
2842 1024 3112 1081 Ecclesiae
3162 1027 3433 1082 Romanae
3472 1028 3765 1086 Diaconus

2113 1119 2170 1169 et
2191 1114 2384 1194 ipsius
2419 1113 2589 1168 Urbis
2629 1114 2957 1168 Praefectus.
2994 1115 3053 1168 In
3087 1116 3232 1170 atrio
3272 1117 3532 1171 Basilicas
3565 1118 3761 1190 dispo-

2111 1203 2272 1256 nitur
2301 1202 2713 1257 decentissima
2743 1202 3057 1272 processio,
3084 1204 3382 1276 Episcopis
3412 1206 3623 1271 tribus,
3648 1207 3763 1262 Sil-

2111 1291 2441 1346 vanectensi
2462 1290 2750 1359 videlicet,
2766 1291 3188 1362 Andegavensi,
3206 1292 3567 1361 Nivernensi,
3593 1296 3762 1368 longe

2111 1379 2368 1449 digestos
2390 1377 2624 1433 ordines
2642 1379 3140 1446 antecedentibus,
3156 1384 3498 1452 textumque
3510 1383 3762 1455 Evange-

2109 1467 2332 1521 liicum
2367 1483 2521 1538 aqua
2553 1467 2856 1522 benedicta
2885 1471 2942 1522 et
2969 1473 3296 1524 aromatum
3319 1471 3496 1526 odore
3529 1458 3758 1527 ferenti-

2109 1556 2240 1610 bus.
2267 1556 2360 1610 Sic
2379 1555 2594 1625 Papam
2627 1555 3029 1610 advenientem
3061 1557 3392 1630 suscipiunt
3421 1575 3554 1614 cum
3581 1561 3760 1633 digna

2111 1642 2506 1697 modulatione
2530 1659 2542 1698 :
2567 1643 2687 1713 qui,
2713 1642 2938 1714 expleta
2957 1646 3235 1711 oratione,
3254 1648 3554 1704 adstantes
3575 1648 3759 1704 laetiﬁ-

2108 1731 2256 1786 cavit
2279 1730 2676 1786 benedictione
2691 1730 3110 1802 Apostolica,et
3129 1734 3332 1790 exinde
3357 1736 3664 1794 deducitur
3682 1739 3756 1795 ad

2107 1820 2356 1875 civitatis
2389 1819 2621 1874 mcenia.
2654 1820 2736 1874 lbi
2770 1821 3075 1877 Remensis
3109 1821 3330 1889 Clerus,
3353 1841 3487 1880 cum
3517 1827 3755 1884 Archie-

2106 1909 2343 1980 piscopo
2365 1926 2473 1963 suo
2492 1908 2738 1979 aliisque
2751 1909 3293 1981 Episcopisobviam
3315 1916 3752 1984 procedens,us-

2106 2014 2218 2067 que
2246 1998 2315 2051 ad
2348 1997 2666 2052 Ecclesiam
2691 1998 2748 2052 S.
2775 1998 2965 2052 Mariae
2998 2001 3327 2055 comitatur.
3351 2001 3430 2056 Ibi
3462 2003 3747 2060 Sacerdo-

2103 2085 2322 2142 talibus
2344 2087 2652 2142 redimitus
2674 2086 3006 2158 insignibus
3041 2091 3321 2160 processit
3341 2091 3411 2146 ad
3439 2091 3754 2148 Missarum

2105 2176 2451 2230 celebranda
2485 2175 2768 2230 solennis.
2800 2177 2902 2231 Die
2945 2179 3324 2250 subsequenti
3355 2181 3426 2234 ad
3467 2182 3524 2235 S.
3559 2181 3754 2237 Remi-

2103 2265 2266 2336 gium
2299 2265 2596 2332 remeavit,
2623 2265 3027 2320 imminentem
3055 2267 3203 2322 tanti
3228 2268 3414 2323 Patris
3436 2253 3769 2327 solennita-i

2104 2359 2220 2408 tem
2251 2358 2310 2410 in
2342 2353 2595 2409 crastino
2627 2353 3048 2410 celebraturus.
3082 2358 3203 2421 Quo
3235 2357 3328 2412 die
3368 2358 3520 2414 circa
3548 2359 3752 2416 horam

2104 2443 2354 2509 tertiam,
2373 2442 2680 2497 redimitus
2703 2442 2905 2496 infulis
2923 2445 3491 2516 Sacerdotalibus,ad
3512 2448 3754 2520 gloriosi

2105 2532 2289 2586 Patris
2323 2531 2569 2603 Remigii
2603 2531 2936 2602 sepulcrum
2962 2537 3222 2604 procedit
3243 2552 3373 2591 cum
3407 2537 3754 2610 thymiama-

2101 2620 2266 2675 teriis
2296 2624 2352 2674 et
2382 2620 2675 2686 crucibus,
2701 2622 2938 2677 sociatis
2969 2623 3078 2677 sibi
3112 2625 3576 2699 Archiepiscopis
3606 2645 3752 2700 qua-

2101 2713 2254 2776 tuor,
2298 2709 2572 2764 Remensi
2618 2710 2902 2777 videlicet,
2956 2713 3301 2783 'l‘revirensi,
3353 2716 3750 2788 Lugdunensi,

2101 2797 2549 2852 Vesontionensi
2579 2815 2712 2852 cum
2760 2801 3114 2870 quibusdam
3147 2801 3299 2870 aliis,
3334 2805 3435 2859 sed
3477 2811 3535 2861 et
3563 2807 3755 2879 ipsius

2101 2886 2211 2941 loci
2234 2887 2475 2955 Abbate,
2496 2888 2549 2940 [ξι
2581 2903 2832 2958 mnoque
2858 2889 3098 2960 Hugone
3117 2893 3429 2948 venerabili
3454 2895 3622 2951 Patre
3643 2913 3753 2952 cce-

2102 2975 2261 3030 nobii
2292 2975 2711 3041 Cluniacensis,
2748 2985 2805 3031 et
2835 2978 2991 3034 illius
3022 2979 3255 3036 Ordinis
3291 2982 3581 3053 plurimis.
3606 2989 3751 3043 Cum

2102 3066 2316 3137 quibus
2354 3065 2558 3120 litania
2607 3067 2821 3122 facta...
2856 3073 3132 3123 feretrum
3180 3069 3441 3128 Sanctia
3470 3090 3575 3130 suo
3622 3074 3752 3134 loco

331 3160 560 3226 Albis,«
585 3160 880 3232 Synodum
907 3176 1040 3214 cum
1068 3159 1372 3230 Episcopis
1404 3157 1578 3213 Italia:
1612 3160 1806 3214 Romae
1837 3159 1983 3215 cele-
2098 3153 2406 3226 paululum
2435 3156 2710 3210 removit:
2737 3161 2811 3224 et,
2839 3157 2937 3213 ubi
2968 3164 3363 3232 competenter
3391 3163 3747 3236 dispositum

334 3249 574 3303 bravit.»
592 3248 915 3316 Scilicet,ut
930 3249 1230 3302 Wibertus
1253 3249 1403 3303 intra
1423 3249 1690 3319 explicat,
1708 3249 1984 3305 adversus

333 3337 716 3403 Simoniacos,
737 3343 791 3391 et
822 3337 1139 3408 Episcopos
1172 3336 1314 3391 tales
1338 3337 1634 3408 deposuit;
1661 3338 1797 3392 item
1831 3338 1983 3394 deci-

335 3441 564 3480 marum
589 3440 761 3478 usum
796 3425 1170 3494 praescripsit,
1189 3429 1245 3478 et
1268 3425 1520 3480 incestas
1551 3427 1786 3497 nuptias
1807 3427 1986 3483 disci-

331 3513 436 3568 dit.
461 3512 636 3566 Varia
665 3513 840 3567 etiam
867 3513 938 3567 de
966 3512 1076 3567 hac
1099 3513 1330 3584 Synodo
1355 3514 1532 3568 tradit
1553 3515 1613 3569 Β.
1644 3515 1844 3570 Petrus
1873 3517 1986 3572 Da-

331 3601 564 3656 mianus
597 3601 652 3655 in
687 3599 932 3672 epistola
963 3601 1030 3655 ad
1069 3600 1380 3655 Henricum
1427 3601 1817 3659 Ravennatem
1851 3606 1986 3678 Epi-

329 3707 562 3762 copum,
593 3707 720 3762 quis
771 3689 921 3761 apud
978 3689 1289 3744 Baronium
1326 3693 1382 3744 et
1411 3690 1468 3744 in
1504 3692 1679 3746 tomis
1713 3693 1989 3749 Concilio-

329 3797 459 3835 rum
517 3778 819 3852 allegatur.
879 3779 1110 3845 Deinde,
1159 3783 1306 3833 teste
1365 3781 1568 3835 eodem
1633 3782 1986 3853 Ilermanno,

328 3869 534 3923 «idem
568 3869 721 3939 Papa
766 3868 823 3921 in
857 3867 1229 3924 hebdomade
1278 3869 1645 3926 Pentecostes
1679 3871 1852 3928 aliam
1886 3877 1988 3948 Sy-

328 3957 547 4010 nodum
576 3956 766 4024 Papiae
801 3958 1192 4026 congregavit,
1220 3958 1472 4029 indeque
1499 3976 1600 4031 per
1622 3967 1878 4018 montem
1900 3965 1995 4026 J0-

325 4043 416 4096 vis
435 4057 571 4095 cum
597 4041 868 4112 pluribus
893 4044 1287 4100 Romanorum
1323 4048 1380 4101 in
1413 4047 1833 4121 Transalpinas
1865 4071 1994 4126 par-

327 4134 414 4185 tes
449 4129 680 4184 devenit
712 4147 724 4184 :
756 4152 776 4176 -
805 4145 871 4183 ac
898 4131 1110 4200 primo,
1138 4137 1202 4186 ut
1233 4133 1439 4188 scribit
1465 4137 1778 4196 Anselmus
1813 4143 1865 4197 in
1903 4145 1994 4199 lti-

329 4216 582 4281 nerario,
601 4238 628 4264 «
649 4216 794 4271 adiit
832 4217 1266 4288 Imperatorem,
1291 4223 1348 4274 in
1373 4224 1605 4294 regione
1629 4244 1993 4288 commoran-

327 4311 443 4362 tem
475 4305 795 4360 Saxonica:
824 4328 850 4354 »
875 4304 974 4376 qui
1019 4307 1190 4362 ambo
1219 4329 1247 4357 ‹‹
1269 4308 1564 4366 Coloniam
1601 4316 1991 4389 Agrippinam

327 4395 687 4451 advenerunt
708 4394 767 4450 in
786 4393 1193 4466 Apostolorum
1219 4395 1370 4452 Petri
1395 4402 1450 4452 et
1470 4399 1630 4456 Pauli
1654 4406 1918 4462 natalitio
1942 4429 1987 4465 εη

325 4484 663 4584 ibidemque
705 4484 763 4538 S.
798 4483 912 4584 Leo
944 4483 1304 4554 Hcrimanno,
1328 4487 1782 4565 Archiepiscopo
1821 4497 1978 4553 varia
2007 4519 2055 4584 Ι)
2102 4493 2268 4548 utilia

326 4573 627 4647 privilegia
657 4573 970 4640 concessit;
1005 4576 1063 4628 et
1101 4573 1398 4631 Herimaro
1445 4579 1652 4634 Abbati
1707 4583 1975 4642 Hennensi

325 4662 574 4718 ccenobii
607 4664 664 4718 S.
692 4661 962 4734 Remigii,
992 4661 1123 4718 istic
1156 4663 1384 4720 obviam
1419 4666 1590 4735 facto,
1615 4672 1903 4742 adrlixit,«
1930 4656 1996 4731 se.

327 4753 385 4805 in
443 4751 813 4806 solemnitate
869 4752 926 4806 S.
972 4751 1270 4808 Michaelis
1326 4755 1670 4829 Archangeli
1718 4783 1745 4808 ››
1779 4762 1989 4820 Remos

331 4859 358 4886 «
384 4842 719 4904 venturum,
739 4844 794 4891 et
815 4838 873 4891 in
899 4838 1143 4894 ecclesia
1165 4839 1227 4895 B.
1253 4842 1444 4898 Mariae
1476 4845 1787 4904 Missarum
1824 4868 1988 4908 sacra

330 4923 783 4980 celebraturum.
813 4927 1044 4981 Festum
1069 4945 1202 4983 vero
1225 4929 1462 5000 gloriosi
1506 4933 1692 4991 Patris
1715 4938 1984 5013 Remigii,

329 5012 568 5086 pretiosi
602 5013 862 5112 co.rporis
902 5015 1030 5083 ejus
1071 5016 1404 5088 elevationi;
1439 5025 1494 5076 et
1525 5012 1980 5097 subsequentem

326 5102 478 5158 diem
515 5102 767 5158 basilicae
789 5105 1235 5173 consecrationi,
1257 5114 1477 5164 ceteros
1501 5113 1710 5168 deinde
1739 5122 1855 5172 tres
1879 5122 1980 5191 Sy-

325 5193 465 5247 nodi
495 5193 738 5265 deputat
767 5191 1162 5249 celebrationi.
1183 5196 1450 5254 Ceterum
1473 5200 1626 5273 Papa
1648 5203 1881 5261 Colonia
1901 5208 1983 5262 di-

327 5296 585 5350 gressus,
610 5280 844 5338 Tullum
862 5282 921 5336 in
947 5282 1309 5342 Exaltatione
1330 5293 1541 5344 sanctae
1565 5291 1764 5349 Crucis
1785 5295 1940 5350 venit
1964 5314 1976 5352 :

327 5367 464 5423 inde
495 5370 1042 5440 cireumjacentium
1067 5374 1370 5446 regionum
1395 5377 1694 5451 Episcopis
1727 5387 1781 5436 et
1811 5383 1980 5439 abba-

326 5456 487 5512 tibus
516 5455 728 5513 litteris
761 5476 880 5515 suze
911 5462 1280 5519 auctoritatis
1313 5466 1580 5522 mandari
1612 5473 1881 5542 praecepit
1913 5476 1979 5528 ut

327 5544 389 5601 in
416 5545 650 5616 praeﬁxa
680 5547 773 5601 die
813 5548 924 5603 sibi
972 5556 1361 5619 occurrerent,
1395 5554 1464 5608 ad
1499 5555 1796 5628 Synodum
1829 5559 1975 5618 cele-

326 5633 612 5697 brandam
639 5635 700 5696 in
719 5635 964 5697 basilica
981 5640 1205 5715 prefeti
1228 5641 1584 5706 Francorum
1604 5647 1934 5725 Apoetoli...

2095 3244 2225 3311 fuit,
2251 3261 2383 3299 cum
2410 3244 2663 3316 praefatis
2681 3245 3146 3319 Archiepiscopis
3168 3254 3224 3306 et
3241 3250 3585 3320 Abbatibus,
3611 3273 3748 3328 sup-

2095 3332 2304 3404 positis
2327 3333 2586 3389 humeris
2609 3334 2749 3390 illud
2770 3336 2969 3391 devote
2986 3335 3315 3410 lacrymaus
3331 3342 3748 3400 extulit...Col-

2094 3422 2282 3479 locato
2304 3423 2450 3478 eoin
2475 3423 2717 3480 ecclesia
2737 3429 2948 3481 sancta:
2970 3426 3072 3482 Dei
3092 3428 3401 3487 Genitricis
3422 3450 3598 3505 super
3619 3452 3767 3491 san-

2097 3518 2200 3568 ctae
2251 3512 2452 3568 Crucis
2503 3511 2704 3582 altare,
2740 3515 3225 3590 Archiepiscopus
3272 3521 3754 3591 Vesontionensis

2097 3603 2406 3657 Μίδεω-ωε
2431 3601 2695 3658 solennia
2725 3604 2793 3660 de
2824 3605 3009 3676 ipsius
3034 3608 3270 3679 gloriosi
3291 3611 3476 3669 Patris
3499 3617 3756 3679 celebra-

2097 3692 2180 3745 vit
2211 3690 2534 3746 festivitate.

2174 3805 2195 3827 '(
2222 3781 2236 3832 1
2259 3779 2426 3834 l.Diei
2450 3780 2669 3836 interea
2685 3782 2880 3854 elapso
2899 3785 3327 3857 curriculo,nox
3347 3795 3755 3869 subsequitur:

2102 3886 2271 3923 [nunc
2299 3875 2488 3923 autem
2505 3869 2777 3958 rDomnus
2800 3872 2952 3945 Papa
2975 3881 3304 3936 convocatis
3326 3883 3648 3958 Episcopis,
3667 3890 3763 3945 in-

2101 3961 2188 4013 tro
2213 3957 2516 4012 dedicandi
2544 3960 2880 4016 monasterii
2905 3963 3125 4033 abdita,
3150 3968 3399 4040 singulis
3423 3957 3660 4048 singula
3679 3981 3758 4035 ad

2103 4048 2564 4102 consecrandum
2589 4048 2876 4122 delegavit
2897 4051 3102 4109 altaria
3121 4063 3178 4111 et
3199 4058 3514 4118 missarum
3540 4066 3761 4124 solem-

2103 4137 2200 4191 nia
2222 4136 2375 4191 idem
2395 4136 2655 4193 Pontifex
2672 4157 2737 4194 ex
2755 4140 3136 4200 dedicationis
3153 4147 3461 4206 celebravit
3477 4154 3760 4212 festivita-

2101 4231 2175 4282 te.
2205 4227 2374 4281 Lecto
2396 4227 2724 4299 Evangelio,
2749 4228 3043 4302 pulpitum
3064 4239 3462 4297 conscendens
3483 4243 3761 4302 exhorta-

2102 4315 2276 4371 tionis
2308 4331 2638 4371 sermonem
2667 4317 2799 4373 fecit
2829 4319 2901 4374 ad
2933 4321 3413 4384 circumstantem
3442 4334 3757 4404 populum,

2105 4404 2292 4461 multa
2322 4423 2390 4461 ex
2420 4405 2604 4476 ipsius
2641 4407 2841 4480 templi
2883 4411 3343 4473 sanctiﬁcatione
3373 4421 3761 4481 concionatus

2311 4494 2529 4584 :diem
2581 4493 2739 4550 illam
2790 4497 3075 4556 celebrem
3135 4519 3262 4559 esse
3324 4510 3600 4582 praecepit
3654 4529 3766 4584 per

2088 4582 2394 4638 Remensis
2411 4582 2700 4662 Episcopii
2727 4587 3363 4649 conﬁnia...Constituit
3392 4598 3570 4654 etiam
3594 4582 3761 4657 ut—ad

2100 4671 2301 4739 altare,
2335 4665 2488 4743 quod
2529 4672 2588 4727 in
2631 4672 2850 4730 honore
2880 4678 3291 4748 Apostolorum
3324 4685 3474 4741 Petri
3503 4693 3560 4743 et
3588 4689 3765 4745 Pauli

2098 4763 2154 4814 et
2201 4760 2514 4816 Clementis
2561 4766 2618 4816 et
2667 4761 3068 4836 Christophori
3117 4769 3438 4844 Martyrum
3484 4776 3762 4848 gloriosi-

2099 4865 2210 4921 que
2285 4849 2645 4906 Confcssoris
2704 4851 2954 4926 Remigii
3011 4869 3469 4931 consecraverat,
3523 4870 3580 4921 et
3637 4884 3766 4923 non

2095 4937 2410 4994 indiscrete
2441 4957 2474 4994 a
2507 4939 2839 5014 quibusque
2881 4944 2958 4999 Sit.
2974 4949 3034 5000 ut
3063 4946 3346 5006 hactenus
3376 4961 3764 5012 sacrosancta

2097 5028 2377 5098 mysteria
2423 5034 2729 5100 agerentur
2773 5049 2786 5085 :
2835 5034 2934 5088 sed
2985 5038 3310 5094 secundum
3360 5058 3583 5098 morem
3640 5045 3766 5099 Ro-

2096 5133 2281 5171 mana:
2342 5116 2598 5172 ecclesia:
2658 5125 2881 5190 septem
2942 5127 3348 5183 tantummodo
3406 5131 3764 5190 Sacerdotes

2091 5204 2387 5277 digniores
2443 5205 2515 5260 ad
2573 5205 2684 5262 hoc
2733 5208 2990 5264 ofﬁcium
3041 5213 3479 5286 deputarentur.
3533 5220 3767 5279 Deinde

2089 5291 2376 5364 explicitis
2425 5293 2642 5349 divinis
2693 5294 2938 5366 Ofﬁciis,
2969 5301 3302 5372 Apostolica
3347 5307 3767 5366 benedictione

2088 5382 2466 5438 sanctiﬁcans
2531 5381 2813 5454 populum
2873 5386 3120 5446 dimisit.
3187 5393 3292 5450 Die
3343 5411 3478 5453 vero
3541 5398 3759 5469 altera,

2088 5487 2212 5559 quae
2254 5475 2343 5527 est
2391 5471 2593 5543 quinto
2642 5473 2839 5531 Nonas
2889 5475 3176 5553 Octobris,
3226 5488 3563 5559 congregati
3611 5494 3769 5547 sunt

2085 5557 2144 5618 in
2187 5567 2512 5618 memorata
2551 5563 2796 5620 basilica
2836 5565 3103 5642 Episcopi
3143 5557 3370 5646 viginti,
3403 5557 3539 5632 cum
3573 5578 3760 5650 quin-

2083 5651 2367 5730 quaginta
2426 5652 2545 5714 fere
2609 5654 2934 5719 Abbatibus
3010 5664 3067 5720 et
3142 5660 3272 5725 aliis
3349 5665 3762 5734 Ecclesiastioi
