  <div class='ocr_page' id='page_1' title='image "/cluster/home/n/w/nwhite01/storage/ocr_20150623/143/hvd.32044054760038/273.png"; bbox 0 0 4102 6174; ppageno 0'>
   <div class='ocr_carea' id='block_1_1' title="bbox 430 277 545 346">
    <p class='ocr_par' dir='ltr' id='par_1_1' title="bbox 430 277 545 346">
     <span class='ocr_line' id='line_1_1' title="bbox 430 277 545 346; baseline 0.035 -4"><span class='ocrx_word' id='word_1_1' title='bbox 430 277 545 346; x_wconf 71' lang='grc'><strong>531</strong></span> 
     </span>
    </p>
   </div>
   <div class='ocr_carea' id='block_1_2' title="bbox 1804 279 2460 345">
    <p class='ocr_par' dir='ltr' id='par_1_2' title="bbox 1804 279 2460 345">
     <span class='ocr_line' id='line_1_2' title="bbox 1804 279 2460 345; baseline -0.005 -2"><span class='ocrx_word' id='word_1_2' title='bbox 1804 279 1866 343; x_wconf 90' lang='lat' dir='ltr'><strong>S.</strong></span> <span class='ocrx_word' id='word_1_3' title='bbox 1914 281 2064 345; x_wconf 85' lang='lat' dir='ltr'><strong>LEO</strong></span> <span class='ocrx_word' id='word_1_4' title='bbox 2107 280 2189 345; x_wconf 89' lang='lat' dir='ltr'><strong>IX</strong></span> <span class='ocrx_word' id='word_1_5' title='bbox 2234 280 2460 344; x_wconf 84' lang='lat' dir='ltr'><strong>PAPA.</strong></span> 
     </span>
    </p>
   </div>
   <div class='ocr_carea' id='block_1_3' title="bbox 3718 255 3892 340">
    <p class='ocr_par' dir='ltr' id='par_1_3' title="bbox 3718 255 3892 340">
     <span class='ocr_line' id='line_1_3' title="bbox 3718 255 3892 340; baseline 0.011 -2"><span class='ocrx_word' id='word_1_6' title='bbox 3718 255 3842 340; x_wconf 67' lang='lat'><strong>832</strong></span> <span class='ocrx_word' id='word_1_7' title='bbox 3889 301 3892 304; x_wconf 85' lang='lat'><strong><em>~</em></strong></span> 
     </span>
    </p>
   </div>
   <div class='ocr_carea' id='block_1_4' title="bbox 429 410 3840 488">
    <p class='ocr_par' dir='ltr' id='par_1_4' title="bbox 429 410 3840 488">
     <span class='ocr_line' id='line_1_4' title="bbox 429 410 3840 488; baseline -0.002 -11"><span class='ocrx_word' id='word_1_8' title='bbox 429 414 578 477; x_wconf 87' lang='lat' dir='ltr'><strong>lum.</strong></span> <span class='ocrx_word' id='word_1_9' title='bbox 610 418 730 476; x_wconf 88' lang='lat' dir='ltr'><strong>Hoc</strong></span> <span class='ocrx_word' id='word_1_10' title='bbox 769 414 1033 476; x_wconf 81' lang='lat' dir='ltr'><strong>videntes</strong></span> <span class='ocrx_word' id='word_1_11' title='bbox 1074 419 1450 478; x_wconf 79' lang='lat' dir='ltr'><strong>surrexerunt</strong></span> <span class='ocrx_word' id='word_1_12' title='bbox 1478 430 1511 474; x_wconf 89' lang='lat' dir='ltr'><strong>a</strong></span> <span class='ocrx_word' id='word_1_13' title='bbox 1541 429 1747 473; x_wconf 82' lang='lat' dir='ltr'>somno</span> <span class='ocrx_word' id='word_1_14' title='bbox 1780 433 1792 470; x_wconf 91' lang='lat'>:</span> <span class='ocrx_word' id='word_1_15' title='bbox 1829 419 1884 472; x_wconf 88' lang='lat' dir='ltr'><strong>et</strong></span> <span class='ocrx_word' id='word_1_16' title='bbox 1914 432 2071 472; x_wconf 83' lang='lat' dir='ltr'><strong>cam-</strong></span> <span class='ocrx_word' id='word_1_17' title='bbox 2101 418 2155 486; x_wconf 81' lang='grc' dir='ltr'><strong>Α</strong></span> <span class='ocrx_word' id='word_1_18' title='bbox 2184 415 2594 488; x_wconf 81' lang='lat' dir='ltr'><strong>obtemperans</strong></span> <span class='ocrx_word' id='word_1_19' title='bbox 2619 411 2912 472; x_wconf 84' lang='lat' dir='ltr'><strong>consentit</strong></span> <span class='ocrx_word' id='word_1_20' title='bbox 2953 411 3190 482; x_wconf 80' lang='lat' dir='ltr'><strong>servire,</strong></span> <span class='ocrx_word' id='word_1_21' title='bbox 3225 427 3436 486; x_wconf 88' lang='lat' dir='ltr'><strong>corpus</strong></span> <span class='ocrx_word' id='word_1_22' title='bbox 3483 410 3614 486; x_wconf 85' lang='lat' dir='ltr'><strong>ejus</strong></span> <span class='ocrx_word' id='word_1_23' title='bbox 3667 411 3840 486; x_wconf 89' lang='lat' dir='ltr'><strong>quasi</strong></span> 
     </span>
    </p>
   </div>
   <div class='ocr_carea' id='block_1_5' title="bbox 432 504 2076 582">
    <p class='ocr_par' dir='ltr' id='par_1_5' title="bbox 432 504 2076 582">
     <span class='ocr_line' id='line_1_5' title="bbox 432 504 2076 582; baseline -0.005 -15"><span class='ocrx_word' id='word_1_24' title='bbox 432 525 597 582; x_wconf 73' lang='lat' dir='ltr'><strong>pansa</strong></span> <span class='ocrx_word' id='word_1_25' title='bbox 626 513 922 581; x_wconf 65' lang='lat' dir='ltr'><strong>coeperunt</strong></span> <span class='ocrx_word' id='word_1_26' title='bbox 951 509 1170 581; x_wconf 91' lang='lat' dir='ltr'><strong>pulsari</strong></span> <span class='ocrx_word' id='word_1_27' title='bbox 1195 513 1457 581; x_wconf 89' lang='lat' dir='ltr'><strong>tempore</strong></span> <span class='ocrx_word' id='word_1_28' title='bbox 1489 506 1794 561; x_wconf 85' lang='lat' dir='ltr'><strong>matutino.</strong></span> <span class='ocrx_word' id='word_1_29' title='bbox 1816 504 2076 577; x_wconf 88' lang='lat' dir='ltr'><strong>Cumque</strong></span> 
     </span>
    </p>
   </div>
   <div class='ocr_carea' id='block_1_6' title="bbox 433 594 2073 670">
    <p class='ocr_par' dir='ltr' id='par_1_6' title="bbox 433 594 2073 670">
     <span class='ocr_line' id='line_1_6' title="bbox 433 594 2073 670; baseline -0.004 -15"><span class='ocrx_word' id='word_1_30' title='bbox 433 599 560 655; x_wconf 89' lang='lat' dir='ltr'><strong>dies</strong></span> <span class='ocrx_word' id='word_1_31' title='bbox 614 597 923 664; x_wconf 84' lang='lat' dir='ltr'><strong>illuxisset,</strong></span> <span class='ocrx_word' id='word_1_32' title='bbox 999 597 1364 670; x_wconf 81' lang='lat' dir='ltr'><strong>congregatis</strong></span> <span class='ocrx_word' id='word_1_33' title='bbox 1422 595 1695 651; x_wconf 90' lang='lat' dir='ltr'><strong>omnibus</strong></span> <span class='ocrx_word' id='word_1_34' title='bbox 1751 594 2073 666; x_wconf 90' lang='lat' dir='ltr'><strong>Episcopis,</strong></span> 
     </span>
    </p>
   </div>
   <div class='ocr_carea' id='block_1_7' title="bbox 431 683 2075 760">
    <p class='ocr_par' dir='ltr' id='par_1_7' title="bbox 431 683 2075 760">
     <span class='ocr_line' id='line_1_7' title="bbox 431 683 2075 760; baseline -0.004 -16"><span class='ocrx_word' id='word_1_35' title='bbox 431 687 795 760; x_wconf 84' lang='lat' dir='ltr'><strong>Presbyteris</strong></span> <span class='ocrx_word' id='word_1_36' title='bbox 824 692 880 743; x_wconf 91' lang='lat' dir='ltr'><strong>et</strong></span> <span class='ocrx_word' id='word_1_37' title='bbox 907 687 1280 753; x_wconf 89' lang='lat' dir='ltr'><strong>Diaconibus,</strong></span> <span class='ocrx_word' id='word_1_38' title='bbox 1312 689 1635 756; x_wconf 86' lang='lat' dir='ltr'><strong>cunctoque</strong></span> <span class='ocrx_word' id='word_1_39' title='bbox 1665 683 1827 738; x_wconf 92' lang='lat' dir='ltr'><strong>Clero</strong></span> <span class='ocrx_word' id='word_1_40' title='bbox 1875 687 1933 738; x_wconf 89' lang='lat' dir='ltr'><strong>et</strong></span> <span class='ocrx_word' id='word_1_41' title='bbox 1976 699 2075 755; x_wconf 91' lang='lat' dir='ltr'><strong>po-</strong></span> 
     </span>
    </p>
   </div>
   <div class='ocr_carea' id='block_1_8' title="bbox 433 771 2074 849">
    <p class='ocr_par' dir='ltr' id='par_1_8' title="bbox 433 771 2074 849">
     <span class='ocr_line' id='line_1_8' title="bbox 433 771 2074 849; baseline -0.004 -16"><span class='ocrx_word' id='word_1_42' title='bbox 433 777 572 849; x_wconf 93' lang='lat' dir='ltr'><strong>pulo</strong></span> <span class='ocrx_word' id='word_1_43' title='bbox 603 777 862 832; x_wconf 82' lang='lat' dir='ltr'><strong>Romano</strong></span> <span class='ocrx_word' id='word_1_44' title='bbox 886 776 946 831; x_wconf 92' lang='lat' dir='ltr'><strong>in</strong></span> <span class='ocrx_word' id='word_1_45' title='bbox 975 774 1220 831; x_wconf 82' lang='lat' dir='ltr'><strong>ecclesia</strong></span> <span class='ocrx_word' id='word_1_46' title='bbox 1244 776 1305 830; x_wconf 88' lang='lat' dir='ltr'><strong>B.</strong></span> <span class='ocrx_word' id='word_1_47' title='bbox 1339 774 1512 841; x_wconf 90' lang='lat' dir='ltr'><strong>Petri,</strong></span> <span class='ocrx_word' id='word_1_48' title='bbox 1546 773 1799 830; x_wconf 80' lang='lat' dir='ltr'><strong>surrexit</strong></span> <span class='ocrx_word' id='word_1_49' title='bbox 1844 773 1915 828; x_wconf 90' lang='lat' dir='ltr'><strong>de</strong></span> <span class='ocrx_word' id='word_1_50' title='bbox 1961 771 2074 828; x_wconf 90' lang='lat' dir='ltr'><strong>lec-</strong></span> 
     </span>
    </p>
   </div>
   <div class='ocr_carea' id='block_1_9' title="bbox 431 861 2074 935">
    <p class='ocr_par' dir='ltr' id='par_1_9' title="bbox 431 861 2074 935">
     <span class='ocr_line' id='line_1_9' title="bbox 431 861 2074 935; baseline -0.004 -13"><span class='ocrx_word' id='word_1_51' title='bbox 431 866 578 935; x_wconf 88' lang='lat' dir='ltr'><strong>tulo,</strong></span> <span class='ocrx_word' id='word_1_52' title='bbox 591 866 728 922; x_wconf 91' lang='lat' dir='ltr'><strong>hinc</strong></span> <span class='ocrx_word' id='word_1_53' title='bbox 757 869 816 921; x_wconf 91' lang='lat' dir='ltr'><strong>et</strong></span> <span class='ocrx_word' id='word_1_54' title='bbox 844 866 979 920; x_wconf 91' lang='lat' dir='ltr'><strong>inde</strong></span> <span class='ocrx_word' id='word_1_55' title='bbox 1009 883 1043 920; x_wconf 92' lang='lat' dir='ltr'><strong>a</strong></span> <span class='ocrx_word' id='word_1_56' title='bbox 1073 863 1359 920; x_wconf 83' lang='lat' dir='ltr'><strong>ministris</strong></span> <span class='ocrx_word' id='word_1_57' title='bbox 1390 862 1514 919; x_wconf 89' lang='lat' dir='ltr'><strong>suis</strong></span> <span class='ocrx_word' id='word_1_58' title='bbox 1543 863 1902 934; x_wconf 88' lang='lat' dir='ltr'><strong>gubernatus</strong></span> <span class='ocrx_word' id='word_1_59' title='bbox 1932 861 2074 916; x_wconf 88' lang='lat' dir='ltr'><strong>duo-</strong></span> 
     </span>
    </p>
   </div>
   <div class='ocr_carea' id='block_1_10' title="bbox 431 949 2077 1025">
    <p class='ocr_par' dir='ltr' id='par_1_10' title="bbox 431 949 2077 1025">
     <span class='ocr_line' id='line_1_10' title="bbox 431 949 2077 1025; baseline -0.004 -14"><span class='ocrx_word' id='word_1_60' title='bbox 431 956 565 1021; x_wconf 87' lang='lat' dir='ltr'><strong>bus,</strong></span> <span class='ocrx_word' id='word_1_61' title='bbox 599 955 670 1010; x_wconf 91' lang='lat' dir='ltr'><strong>ad</strong></span> <span class='ocrx_word' id='word_1_62' title='bbox 701 955 895 1025; x_wconf 88' lang='lat' dir='ltr'><strong>ipsum</strong></span> <span class='ocrx_word' id='word_1_63' title='bbox 927 957 988 1008; x_wconf 86' lang='lat' dir='ltr'><strong>B.</strong></span> <span class='ocrx_word' id='word_1_64' title='bbox 1023 954 1173 1008; x_wconf 91' lang='lat' dir='ltr'><strong>Petri</strong></span> <span class='ocrx_word' id='word_1_65' title='bbox 1205 969 1437 1008; x_wconf 91' lang='lat' dir='ltr'><strong>sacrum</strong></span> <span class='ocrx_word' id='word_1_66' title='bbox 1485 951 1665 1008; x_wconf 89' lang='lat' dir='ltr'><strong>altare</strong></span> <span class='ocrx_word' id='word_1_67' title='bbox 1699 969 1710 1006; x_wconf 93' lang='lat'>:</span> <span class='ocrx_word' id='word_1_68' title='bbox 1747 953 1879 1006; x_wconf 85' lang='lat' dir='ltr'><strong>ante</strong></span> <span class='ocrx_word' id='word_1_69' title='bbox 1922 949 2077 1021; x_wconf 93' lang='lat' dir='ltr'><strong>quod</strong></span> 
     </span>
    </p>
   </div>
   <div class='ocr_carea' id='block_1_11' title="bbox 434 1039 2078 1114">
    <p class='ocr_par' dir='ltr' id='par_1_11' title="bbox 434 1039 2078 1114">
     <span class='ocr_line' id='line_1_11' title="bbox 434 1039 2078 1114; baseline -0.003 -15"><span class='ocrx_word' id='word_1_70' title='bbox 434 1059 568 1099; x_wconf 87' lang='lat' dir='ltr'><strong>cum</strong></span> <span class='ocrx_word' id='word_1_71' title='bbox 599 1041 930 1114; x_wconf 83' lang='lat' dir='ltr'><strong>lacrymans</strong></span> <span class='ocrx_word' id='word_1_72' title='bbox 953 1045 1281 1114; x_wconf 84' lang='lat' dir='ltr'><strong>prostratus</strong></span> <span class='ocrx_word' id='word_1_73' title='bbox 1309 1042 1516 1097; x_wconf 85' lang='lat' dir='ltr'><strong>fuisset</strong></span> <span class='ocrx_word' id='word_1_74' title='bbox 1558 1041 1617 1096; x_wconf 91' lang='lat' dir='ltr'><strong>in</strong></span> <span class='ocrx_word' id='word_1_75' title='bbox 1649 1039 2078 1108; x_wconf 86' lang='lat' dir='ltr'><strong>terram,oravit</strong></span> 
     </span>
    </p>
   </div>
   <div class='ocr_carea' id='block_1_12' title="bbox 432 1128 2076 1201">
    <p class='ocr_par' dir='ltr' id='par_1_12' title="bbox 432 1128 2076 1201">
     <span class='ocr_line' id='line_1_12' title="bbox 432 1128 2076 1201; baseline -0.001 -16"><span class='ocrx_word' id='word_1_76' title='bbox 432 1129 602 1201; x_wconf 85' lang='lat' dir='ltr'><strong>quasi</strong></span> <span class='ocrx_word' id='word_1_77' title='bbox 652 1130 839 1201; x_wconf 90' lang='lat' dir='ltr'><strong>spatio</strong></span> <span class='ocrx_word' id='word_1_78' title='bbox 868 1131 1024 1186; x_wconf 70' lang='lat' dir='ltr'><strong>horze</strong></span> <span class='ocrx_word' id='word_1_79' title='bbox 1055 1131 1231 1186; x_wconf 89' lang='lat' dir='ltr'><strong>unius</strong></span> <span class='ocrx_word' id='word_1_80' title='bbox 1265 1148 1276 1186; x_wconf 95' lang='lat'>:</span> <span class='ocrx_word' id='word_1_81' title='bbox 1309 1134 1366 1185; x_wconf 88' lang='lat' dir='ltr'><strong>et</strong></span> <span class='ocrx_word' id='word_1_82' title='bbox 1395 1147 1660 1185; x_wconf 86' lang='lat' dir='ltr'><strong>reversus</strong></span> <span class='ocrx_word' id='word_1_83' title='bbox 1691 1130 1762 1184; x_wconf 89' lang='lat' dir='ltr'><strong>ad</strong></span> <span class='ocrx_word' id='word_1_84' title='bbox 1796 1128 2076 1184; x_wconf 86' lang='lat' dir='ltr'><strong>lectulum</strong></span> 
     </span>
    </p>
   </div>
   <div class='ocr_carea' id='block_1_13' title="bbox 334 1218 2079 1290">
    <p class='ocr_par' dir='ltr' id='par_1_13' title="bbox 334 1218 2079 1290">
     <span class='ocr_line' id='line_1_13' title="bbox 334 1218 2079 1290; baseline -0.002 -16"><span class='ocrx_word' id='word_1_85' title='bbox 334 1278 337 1280; x_wconf 60' lang='grc'><em>,</em></span> <span class='ocrx_word' id='word_1_86' title='bbox 422 1218 610 1289; x_wconf 86' lang='lat' dir='ltr'><strong>jussit</strong></span> <span class='ocrx_word' id='word_1_87' title='bbox 653 1218 952 1274; x_wconf 88' lang='lat' dir='ltr'><strong>silentium</strong></span> <span class='ocrx_word' id='word_1_88' title='bbox 997 1219 1144 1287; x_wconf 85' lang='lat' dir='ltr'><strong>ﬁeri,</strong></span> <span class='ocrx_word' id='word_1_89' title='bbox 1176 1236 1420 1275; x_wconf 90' lang='lat' dir='ltr'><strong>monens</strong></span> <span class='ocrx_word' id='word_1_90' title='bbox 1477 1218 1760 1290; x_wconf 87' lang='lat' dir='ltr'><strong>populum</strong></span> <span class='ocrx_word' id='word_1_91' title='bbox 1810 1233 2079 1272; x_wconf 87' lang='lat' dir='ltr'><strong>sermone</strong></span> 
     </span>
    </p>
   </div>
   <div class='ocr_carea' id='block_1_14' title="bbox 431 1304 2078 1379">
    <p class='ocr_par' dir='ltr' id='par_1_14' title="bbox 431 1304 2078 1379">
     <span class='ocr_line' id='line_1_14' title="bbox 431 1304 2078 1379; baseline -0.002 -17"><span class='ocrx_word' id='word_1_92' title='bbox 431 1306 610 1362; x_wconf 85' lang='lat' dir='ltr'><strong>brevi.</strong></span> <span class='ocrx_word' id='word_1_93' title='bbox 642 1307 786 1362; x_wconf 89' lang='lat' dir='ltr'><strong>Hinc</strong></span> <span class='ocrx_word' id='word_1_94' title='bbox 815 1307 1066 1362; x_wconf 87' lang='lat' dir='ltr'><strong>munivit</strong></span> <span class='ocrx_word' id='word_1_95' title='bbox 1091 1324 1302 1379; x_wconf 90' lang='lat' dir='ltr'><strong>corpus</strong></span> <span class='ocrx_word' id='word_1_96' title='bbox 1332 1323 1507 1362; x_wconf 89' lang='lat' dir='ltr'><strong>suum</strong></span> <span class='ocrx_word' id='word_1_97' title='bbox 1539 1306 1706 1378; x_wconf 91' lang='lat' dir='ltr'><strong>signo</strong></span> <span class='ocrx_word' id='word_1_98' title='bbox 1735 1304 2078 1377; x_wconf 88' lang='lat' dir='ltr'><strong>gloriosissi-</strong></span> 
     </span>
    </p>
   </div>
   <div class='ocr_carea' id='block_1_15' title="bbox 432 1394 2074 1467">
    <p class='ocr_par' dir='ltr' id='par_1_15' title="bbox 432 1394 2074 1467">
     <span class='ocr_line' id='line_1_15' title="bbox 432 1394 2074 1467; baseline -0.002 -17"><span class='ocrx_word' id='word_1_99' title='bbox 432 1411 542 1450; x_wconf 73' lang='lat' dir='ltr'><strong>mas</strong></span> <span class='ocrx_word' id='word_1_100' title='bbox 599 1394 797 1451; x_wconf 90' lang='lat' dir='ltr'><strong>Crucis</strong></span> <span class='ocrx_word' id='word_1_101' title='bbox 853 1394 1091 1461; x_wconf 88' lang='lat' dir='ltr'><strong>Christi,</strong></span> <span class='ocrx_word' id='word_1_102' title='bbox 1141 1399 1198 1450; x_wconf 90' lang='lat' dir='ltr'><strong>et</strong></span> <span class='ocrx_word' id='word_1_103' title='bbox 1242 1395 1461 1450; x_wconf 82' lang='lat' dir='ltr'><strong>vocatis</strong></span> <span class='ocrx_word' id='word_1_104' title='bbox 1511 1394 1809 1467; x_wconf 88' lang='lat' dir='ltr'><strong>Episc0pis</strong></span> <span class='ocrx_word' id='word_1_105' title='bbox 1851 1394 2074 1448; x_wconf 86' lang='lat' dir='ltr'><strong>confes-</strong></span> 
     </span>
    </p>
   </div>
   <div class='ocr_carea' id='block_1_16' title="bbox 432 1483 2075 1555">
    <p class='ocr_par' dir='ltr' id='par_1_16' title="bbox 432 1483 2075 1555">
     <span class='ocr_line' id='line_1_16' title="bbox 432 1483 2075 1555; baseline -0.001 -16"><span class='ocrx_word' id='word_1_106' title='bbox 432 1483 660 1539; x_wconf 86' lang='lat' dir='ltr'><strong>sionem</strong></span> <span class='ocrx_word' id='word_1_107' title='bbox 703 1483 858 1551; x_wconf 89' lang='lat' dir='ltr'><strong>fecit,</strong></span> <span class='ocrx_word' id='word_1_108' title='bbox 906 1487 963 1539; x_wconf 91' lang='lat' dir='ltr'><strong>et</strong></span> <span class='ocrx_word' id='word_1_109' title='bbox 1001 1484 1184 1554; x_wconf 88' lang='lat' dir='ltr'><strong>jussit</strong></span> <span class='ocrx_word' id='word_1_110' title='bbox 1230 1485 1341 1540; x_wconf 88' lang='lat' dir='ltr'><strong>sibi</strong></span> <span class='ocrx_word' id='word_1_111' title='bbox 1390 1485 1462 1540; x_wconf 89' lang='lat' dir='ltr'><strong>ab</strong></span> <span class='ocrx_word' id='word_1_112' title='bbox 1512 1501 1626 1538; x_wconf 92' lang='lat' dir='ltr'><strong>uno</strong></span> <span class='ocrx_word' id='word_1_113' title='bbox 1657 1483 2075 1555; x_wconf 90' lang='lat' dir='ltr'><strong>Episcoporum</strong></span> 
     </span>
    </p>
   </div>
   <div class='ocr_carea' id='block_1_17' title="bbox 434 1571 2076 1644">
    <p class='ocr_par' dir='ltr' id='par_1_17' title="bbox 434 1571 2076 1644">
     <span class='ocr_line' id='line_1_17' title="bbox 434 1571 2076 1644; baseline -0.002 -16"><span class='ocrx_word' id='word_1_114' title='bbox 434 1571 565 1628; x_wconf 86' lang='lat' dir='ltr'><strong>cani</strong></span> <span class='ocrx_word' id='word_1_115' title='bbox 621 1571 861 1627; x_wconf 84' lang='lat' dir='ltr'><strong>Missam</strong></span> <span class='ocrx_word' id='word_1_116' title='bbox 915 1589 928 1627; x_wconf 88' lang='lat'><strong>:</strong></span> <span class='ocrx_word' id='word_1_117' title='bbox 978 1590 1012 1627; x_wconf 89' lang='lat' dir='ltr'><strong>a</strong></span> <span class='ocrx_word' id='word_1_118' title='bbox 1063 1589 1177 1644; x_wconf 92' lang='lat' dir='ltr'><strong>quo</strong></span> <span class='ocrx_word' id='word_1_119' title='bbox 1235 1573 1522 1644; x_wconf 90' lang='lat' dir='ltr'><strong>accipiens</strong></span> <span class='ocrx_word' id='word_1_120' title='bbox 1578 1573 1797 1644; x_wconf 89' lang='lat' dir='ltr'><strong>Corpus</strong></span> <span class='ocrx_word' id='word_1_121' title='bbox 1863 1571 2076 1627; x_wconf 86' lang='lat' dir='ltr'><strong>Christi</strong></span> 
     </span>
    </p>
   </div>
   <div class='ocr_carea' id='block_1_18' title="bbox 433 1660 2078 1733">
    <p class='ocr_par' dir='ltr' id='par_1_18' title="bbox 433 1660 2078 1733">
     <span class='ocr_line' id='line_1_18' title="bbox 433 1660 2078 1733; baseline 0.001 -18"><span class='ocrx_word' id='word_1_122' title='bbox 433 1663 492 1715; x_wconf 85' lang='lat' dir='ltr'><strong>et</strong></span> <span class='ocrx_word' id='word_1_123' title='bbox 518 1660 890 1732; x_wconf 88' lang='lat' dir='ltr'><strong>sanguinem,</strong></span> <span class='ocrx_word' id='word_1_124' title='bbox 914 1661 1060 1716; x_wconf 88' lang='lat' dir='ltr'><strong>dixit</strong></span> <span class='ocrx_word' id='word_1_125' title='bbox 1092 1677 1104 1715; x_wconf 91' lang='lat'>:</span> <span class='ocrx_word' id='word_1_126' title='bbox 1133 1662 1342 1716; x_wconf 85' lang='lat' dir='ltr'><strong>Audite</strong></span> <span class='ocrx_word' id='word_1_127' title='bbox 1371 1665 1606 1733; x_wconf 88' lang='lat' dir='ltr'><strong>propter</strong></span> <span class='ocrx_word' id='word_1_128' title='bbox 1631 1660 2078 1727; x_wconf 82' lang='lat' dir='ltr'><strong>Dominum,ha-</strong></span> 
     </span>
    </p>
   </div>
   <div class='ocr_carea' id='block_1_19' title="bbox 431 1749 2073 1822">
    <p class='ocr_par' dir='ltr' id='par_1_19' title="bbox 431 1749 2073 1822">
     <span class='ocr_line' id='line_1_19' title="bbox 431 1749 2073 1822; baseline -0.001 -17"><span class='ocrx_word' id='word_1_129' title='bbox 431 1750 564 1806; x_wconf 87' lang='lat' dir='ltr'><strong>bete</strong></span> <span class='ocrx_word' id='word_1_130' title='bbox 603 1749 926 1816; x_wconf 84' lang='lat' dir='ltr'><strong>silentium,</strong></span> <span class='ocrx_word' id='word_1_131' title='bbox 957 1750 1201 1806; x_wconf 82' lang='lat' dir='ltr'><strong>forsitan</strong></span> <span class='ocrx_word' id='word_1_132' title='bbox 1232 1767 1463 1821; x_wconf 89' lang='lat' dir='ltr'><strong>possem</strong></span> <span class='ocrx_word' id='word_1_133' title='bbox 1497 1755 1730 1822; x_wconf 87' lang='lat' dir='ltr'><strong>propter</strong></span> <span class='ocrx_word' id='word_1_134' title='bbox 1775 1751 2073 1805; x_wconf 89' lang='lat' dir='ltr'><strong>modicum</strong></span> 
     </span>
    </p>
   </div>
   <div class='ocr_carea' id='block_1_20' title="bbox 433 1837 2077 1910">
    <p class='ocr_par' dir='ltr' id='par_1_20' title="bbox 433 1837 2077 1910">
     <span class='ocr_line' id='line_1_20' title="bbox 433 1837 2077 1910; baseline -0.001 -17"><span class='ocrx_word' id='word_1_135' title='bbox 433 1837 694 1908; x_wconf 89' lang='lat' dir='ltr'><strong>accipere</strong></span> <span class='ocrx_word' id='word_1_136' title='bbox 731 1854 1007 1892; x_wconf 89' lang='lat' dir='ltr'><strong>somnum</strong></span> <span class='ocrx_word' id='word_1_137' title='bbox 1057 1854 1070 1892; x_wconf 93' lang='lat'><strong>:</strong></span> <span class='ocrx_word' id='word_1_138' title='bbox 1127 1843 1183 1894; x_wconf 89' lang='lat' dir='ltr'><strong>et</strong></span> <span class='ocrx_word' id='word_1_139' title='bbox 1231 1856 1364 1894; x_wconf 90' lang='lat' dir='ltr'><strong>cum</strong></span> <span class='ocrx_word' id='word_1_140' title='bbox 1413 1837 1752 1894; x_wconf 89' lang='lat' dir='ltr'><strong>inclinasset</strong></span> <span class='ocrx_word' id='word_1_141' title='bbox 1799 1841 1973 1910; x_wconf 92' lang='lat' dir='ltr'><strong>caput</strong></span> <span class='ocrx_word' id='word_1_142' title='bbox 2018 1837 2077 1892; x_wconf 93' lang='lat' dir='ltr'><strong>in</strong></span> 
     </span>
    </p>
   </div>
   <div class='ocr_carea' id='block_1_21' title="bbox 430 1925 2082 1998">
    <p class='ocr_par' dir='ltr' id='par_1_21' title="bbox 430 1925 2082 1998">
     <span class='ocr_line' id='line_1_21' title="bbox 430 1925 2082 1998; baseline 0 -18"><span class='ocrx_word' id='word_1_143' title='bbox 430 1925 648 1982; x_wconf 86' lang='lat' dir='ltr'><strong>lectum</strong></span> <span class='ocrx_word' id='word_1_144' title='bbox 703 1925 873 1996; x_wconf 88' lang='lat' dir='ltr'><strong>quasi</strong></span> <span class='ocrx_word' id='word_1_145' title='bbox 930 1925 1134 1982; x_wconf 83' lang='lat' dir='ltr'><strong>horam</strong></span> <span class='ocrx_word' id='word_1_146' title='bbox 1183 1927 1487 1982; x_wconf 87' lang='lat' dir='ltr'><strong>dimidiam</strong></span> <span class='ocrx_word' id='word_1_147' title='bbox 1541 1926 1758 1998; x_wconf 88' lang='lat' dir='ltr'><strong>quievit</strong></span> <span class='ocrx_word' id='word_1_148' title='bbox 1809 1944 1820 1981; x_wconf 92' lang='lat'><strong>:</strong></span> <span class='ocrx_word' id='word_1_149' title='bbox 1866 1925 1924 1980; x_wconf 91' lang='lat' dir='ltr'><strong>in</strong></span> <span class='ocrx_word' id='word_1_150' title='bbox 1965 1942 2082 1996; x_wconf 90' lang='lat' dir='ltr'><strong>qua</strong></span> 
     </span>
    </p>
   </div>
   <div class='ocr_carea' id='block_1_22' title="bbox 435 2013 2080 2087">
    <p class='ocr_par' dir='ltr' id='par_1_22' title="bbox 435 2013 2080 2087">
     <span class='ocr_line' id='line_1_22' title="bbox 435 2013 2080 2087; baseline -0.001 -18"><span class='ocrx_word' id='word_1_151' title='bbox 435 2013 778 2086; x_wconf 90' lang='lat' dir='ltr'><strong>quietudine</strong></span> <span class='ocrx_word' id='word_1_152' title='bbox 807 2015 1158 2070; x_wconf 88' lang='lat' dir='ltr'><strong>obdormivit</strong></span> <span class='ocrx_word' id='word_1_153' title='bbox 1187 2016 1245 2070; x_wconf 89' lang='lat' dir='ltr'><strong>in</strong></span> <span class='ocrx_word' id='word_1_154' title='bbox 1277 2032 1436 2087; x_wconf 89' lang='lat' dir='ltr'><strong>pace.</strong></span> <span class='ocrx_word' id='word_1_155' title='bbox 1469 2017 1634 2070; x_wconf 90' lang='lat' dir='ltr'><strong>Tunc</strong></span> <span class='ocrx_word' id='word_1_156' title='bbox 1664 2031 1818 2070; x_wconf 89' lang='lat' dir='ltr'><strong>unus</strong></span> <span class='ocrx_word' id='word_1_157' title='bbox 1849 2014 1919 2068; x_wconf 90' lang='lat' dir='ltr'><strong>de</strong></span> <span class='ocrx_word' id='word_1_158' title='bbox 1948 2013 2080 2085; x_wconf 89' lang='lat' dir='ltr'><strong>Epi-</strong></span> 
     </span>
    </p>
   </div>
   <div class='ocr_carea' id='block_1_23' title="bbox 434 2101 2079 2175">
    <p class='ocr_par' dir='ltr' id='par_1_23' title="bbox 434 2101 2079 2175">
     <span class='ocr_line' id='line_1_23' title="bbox 434 2101 2079 2175; baseline -0.002 -16"><span class='ocrx_word' id='word_1_159' title='bbox 434 2102 628 2174; x_wconf 84' lang='lat' dir='ltr'><strong>scopis</strong></span> <span class='ocrx_word' id='word_1_160' title='bbox 666 2102 918 2158; x_wconf 85' lang='lat' dir='ltr'><strong>surrexit</strong></span> <span class='ocrx_word' id='word_1_161' title='bbox 963 2107 1020 2158; x_wconf 90' lang='lat' dir='ltr'><strong>et</strong></span> <span class='ocrx_word' id='word_1_162' title='bbox 1069 2103 1254 2175; x_wconf 90' lang='lat' dir='ltr'><strong>lctigit</strong></span> <span class='ocrx_word' id='word_1_163' title='bbox 1298 2103 1487 2169; x_wconf 91' lang='lat' dir='ltr'><strong>illum,</strong></span> <span class='ocrx_word' id='word_1_164' title='bbox 1519 2107 1732 2174; x_wconf 87' lang='lat' dir='ltr'><strong>putans</strong></span> <span class='ocrx_word' id='word_1_165' title='bbox 1773 2101 1962 2157; x_wconf 90' lang='lat' dir='ltr'><strong>vivere</strong></span> <span class='ocrx_word' id='word_1_166' title='bbox 2011 2101 2079 2155; x_wconf 91' lang='lat' dir='ltr'><strong>il-</strong></span> 
     </span>
    </p>
   </div>
   <div class='ocr_carea' id='block_1_24' title="bbox 434 2189 2082 2263">
    <p class='ocr_par' dir='ltr' id='par_1_24' title="bbox 434 2189 2082 2263">
     <span class='ocr_line' id='line_1_24' title="bbox 434 2189 2082 2263; baseline -0.001 -17"><span class='ocrx_word' id='word_1_167' title='bbox 434 2189 560 2246; x_wconf 86' lang='lat' dir='ltr'><strong>lum</strong></span> <span class='ocrx_word' id='word_1_168' title='bbox 593 2206 607 2246; x_wconf 88' lang='lat'><strong>:</strong></span> <span class='ocrx_word' id='word_1_169' title='bbox 637 2207 813 2262; x_wconf 86' lang='lat' dir='ltr'><strong>quem</strong></span> <span class='ocrx_word' id='word_1_170' title='bbox 843 2206 976 2244; x_wconf 90' lang='lat' dir='ltr'><strong>eum</strong></span> <span class='ocrx_word' id='word_1_171' title='bbox 1008 2190 1373 2263; x_wconf 86' lang='lat' dir='ltr'><strong>cognovisset</strong></span> <span class='ocrx_word' id='word_1_172' title='bbox 1401 2191 1763 2257; x_wconf 86' lang='lat' dir='ltr'><strong>defunctum,</strong></span> <span class='ocrx_word' id='word_1_173' title='bbox 1791 2191 2082 2245; x_wconf 89' lang='lat' dir='ltr'><strong>nuntiavit</strong></span> 
     </span>
    </p>
   </div>
   <div class='ocr_carea' id='block_1_25' title="bbox 436 2277 2080 2350">
    <p class='ocr_par' dir='ltr' id='par_1_25' title="bbox 436 2277 2080 2350">
     <span class='ocr_line' id='line_1_25' title="bbox 436 2277 2080 2350; baseline 0 -16"><span class='ocrx_word' id='word_1_174' title='bbox 436 2278 659 2334; x_wconf 77' lang='lat' dir='ltr'><strong>caeteris</strong></span> <span class='ocrx_word' id='word_1_175' title='bbox 689 2277 1056 2350; x_wconf 90' lang='lat' dir='ltr'><strong>Coepiscopis</strong></span> <span class='ocrx_word' id='word_1_176' title='bbox 1104 2279 1204 2349; x_wconf 89' lang='lat' dir='ltr'><strong>qui</strong></span> <span class='ocrx_word' id='word_1_177' title='bbox 1254 2279 1496 2334; x_wconf 89' lang='lat' dir='ltr'><strong>aderant</strong></span> <span class='ocrx_word' id='word_1_178' title='bbox 1532 2295 1736 2334; x_wconf 90' lang='lat' dir='ltr'><strong>omnes</strong></span> <span class='ocrx_word' id='word_1_179' title='bbox 1765 2279 2080 2334; x_wconf 90' lang='lat' dir='ltr'><strong>Dominum</strong></span> 
     </span>
    </p>
   </div>
   <div class='ocr_carea' id='block_1_26' title="bbox 435 2365 2080 2438">
    <p class='ocr_par' dir='ltr' id='par_1_26' title="bbox 435 2365 2080 2438">
     <span class='ocr_line' id='line_1_26' title="bbox 435 2365 2080 2438; baseline -0.001 -16"><span class='ocrx_word' id='word_1_180' title='bbox 435 2381 692 2422; x_wconf 83' lang='lat' dir='ltr'><strong>exorare.</strong></span> <span class='ocrx_word' id='word_1_181' title='bbox 725 2365 871 2421; x_wconf 87' lang='lat' dir='ltr'><strong>Mira</strong></span> <span class='ocrx_word' id='word_1_182' title='bbox 901 2367 1166 2422; x_wconf 89' lang='lat' dir='ltr'><strong>dicturus</strong></span> <span class='ocrx_word' id='word_1_183' title='bbox 1196 2383 1350 2434; x_wconf 88' lang='lat' dir='ltr'><strong>sum,</strong></span> <span class='ocrx_word' id='word_1_184' title='bbox 1383 2383 1510 2438; x_wconf 82' lang='lat' dir='ltr'><strong>quae</strong></span> <span class='ocrx_word' id='word_1_185' title='bbox 1541 2367 1826 2422; x_wconf 89' lang='lat' dir='ltr'><strong>Dominus</strong></span> <span class='ocrx_word' id='word_1_186' title='bbox 1857 2367 1916 2421; x_wconf 92' lang='lat' dir='ltr'><strong>in</strong></span> <span class='ocrx_word' id='word_1_187' title='bbox 1956 2366 2080 2421; x_wconf 89' lang='lat' dir='ltr'><strong>suis</strong></span> 
     </span>
    </p>
   </div>
   <div class='ocr_carea' id='block_1_27' title="bbox 433 2453 2079 2527">
    <p class='ocr_par' dir='ltr' id='par_1_27' title="bbox 433 2453 2079 2527">
     <span class='ocr_line' id='line_1_27' title="bbox 433 2453 2079 2527; baseline -0.001 -17"><span class='ocrx_word' id='word_1_188' title='bbox 433 2453 605 2510; x_wconf 87' lang='lat' dir='ltr'><strong>factis</strong></span> <span class='ocrx_word' id='word_1_189' title='bbox 636 2453 914 2527; x_wconf 89' lang='lat' dir='ltr'><strong>dignatus</strong></span> <span class='ocrx_word' id='word_1_190' title='bbox 945 2458 1221 2510; x_wconf 89' lang='lat' dir='ltr'><strong>est.Hora</strong></span> <span class='ocrx_word' id='word_1_191' title='bbox 1250 2471 1365 2526; x_wconf 90' lang='lat' dir='ltr'><strong>qua</strong></span> <span class='ocrx_word' id='word_1_192' title='bbox 1395 2455 1644 2511; x_wconf 87' lang='lat' dir='ltr'><strong>eximius</strong></span> <span class='ocrx_word' id='word_1_193' title='bbox 1674 2454 1887 2510; x_wconf 81' lang='lat' dir='ltr'><strong>Praesul</strong></span> <span class='ocrx_word' id='word_1_194' title='bbox 1911 2471 2079 2510; x_wconf 89' lang='lat' dir='ltr'><strong>suam</strong></span> 
     </span>
    </p>
   </div>
   <div class='ocr_carea' id='block_1_28' title="bbox 436 2541 2080 2608">
    <p class='ocr_par' dir='ltr' id='par_1_28' title="bbox 436 2541 2080 2608">
     <span class='ocr_line' id='line_1_28' title="bbox 436 2541 2080 2608; baseline -0.001 -9"><span class='ocrx_word' id='word_1_195' title='bbox 436 2541 695 2599; x_wconf 82' lang='lat' dir='ltr'><strong>animam</strong></span> <span class='ocrx_word' id='word_1_196' title='bbox 727 2542 953 2598; x_wconf 87' lang='lat' dir='ltr'><strong>Christo</strong></span> <span class='ocrx_word' id='word_1_197' title='bbox 1002 2544 1450 2608; x_wconf 89' lang='lat' dir='ltr'><strong>commendavit,</strong></span> <span class='ocrx_word' id='word_1_198' title='bbox 1483 2543 1644 2599; x_wconf 89' lang='lat' dir='ltr'><strong>nullo</strong></span> <span class='ocrx_word' id='word_1_199' title='bbox 1677 2544 2080 2599; x_wconf 89' lang='lat' dir='ltr'><strong>ministrorum</strong></span> 
     </span>
    </p>
   </div>
   <div class='ocr_carea' id='block_1_29' title="bbox 433 2629 2078 2705">
    <p class='ocr_par' dir='ltr' id='par_1_29' title="bbox 433 2629 2078 2705">
     <span class='ocr_line' id='line_1_29' title="bbox 433 2629 2078 2705; baseline 0 -19"><span class='ocrx_word' id='word_1_200' title='bbox 433 2629 769 2703; x_wconf 88' lang='lat' dir='ltr'><strong>pulsante,a</strong></span> <span class='ocrx_word' id='word_1_201' title='bbox 797 2648 861 2688; x_wconf 87' lang='lat' dir='ltr'><strong>se</strong></span> <span class='ocrx_word' id='word_1_202' title='bbox 891 2631 1020 2703; x_wconf 89' lang='lat' dir='ltr'><strong>ipsa</strong></span> <span class='ocrx_word' id='word_1_203' title='bbox 1047 2636 1103 2687; x_wconf 90' lang='lat' dir='ltr'><strong>S.</strong></span> <span class='ocrx_word' id='word_1_204' title='bbox 1135 2633 1286 2688; x_wconf 88' lang='lat' dir='ltr'><strong>Petri</strong></span> <span class='ocrx_word' id='word_1_205' title='bbox 1318 2650 1601 2705; x_wconf 88' lang='lat' dir='ltr'><strong>campana</strong></span> <span class='ocrx_word' id='word_1_206' title='bbox 1632 2650 1840 2688; x_wconf 90' lang='lat' dir='ltr'><strong>sonare</strong></span> <span class='ocrx_word' id='word_1_207' title='bbox 1885 2633 2078 2704; x_wconf 80' lang='lat' dir='ltr'><strong>coepit.</strong></span> 
     </span>
    </p>
   </div>
   <div class='ocr_carea' id='block_1_30' title="bbox 435 2718 2078 2792">
    <p class='ocr_par' dir='ltr' id='par_1_30' title="bbox 435 2718 2078 2792">
     <span class='ocr_line' id='line_1_30' title="bbox 435 2718 2078 2792; baseline 0 -16"><span class='ocrx_word' id='word_1_208' title='bbox 435 2719 562 2784; x_wconf 86' lang='lat' dir='ltr'><strong>Qua</strong></span> <span class='ocrx_word' id='word_1_209' title='bbox 590 2718 810 2776; x_wconf 86' lang='lat' dir='ltr'><strong>scilicet</strong></span> <span class='ocrx_word' id='word_1_210' title='bbox 837 2719 980 2775; x_wconf 92' lang='lat' dir='ltr'><strong>hora</strong></span> <span class='ocrx_word' id='word_1_211' title='bbox 1009 2721 1247 2792; x_wconf 89' lang='lat' dir='ltr'><strong>quidam</strong></span> <span class='ocrx_word' id='word_1_212' title='bbox 1287 2721 1554 2776; x_wconf 81' lang='lat' dir='ltr'><strong>Albertus</strong></span> <span class='ocrx_word' id='word_1_213' title='bbox 1603 2722 1856 2788; x_wconf 90' lang='lat' dir='ltr'><strong>nomine,</strong></span> <span class='ocrx_word' id='word_1_214' title='bbox 1891 2722 2078 2777; x_wconf 70' lang='lat' dir='ltr'><strong>caeteri</strong></span> 
     </span>
    </p>
   </div>
   <div class='ocr_carea' id='block_1_31' title="bbox 435 2807 2082 2882">
    <p class='ocr_par' dir='ltr' id='par_1_31' title="bbox 435 2807 2082 2882">
     <span class='ocr_line' id='line_1_31' title="bbox 435 2807 2082 2882; baseline 0.002 -19"><span class='ocrx_word' id='word_1_215' title='bbox 435 2807 698 2880; x_wconf 89' lang='lat' dir='ltr'><strong>quinque</strong></span> <span class='ocrx_word' id='word_1_216' title='bbox 726 2809 798 2863; x_wconf 91' lang='lat' dir='ltr'><strong>de</strong></span> <span class='ocrx_word' id='word_1_217' title='bbox 831 2809 1149 2865; x_wconf 87' lang='lat' dir='ltr'><strong>Tudertina</strong></span> <span class='ocrx_word' id='word_1_218' title='bbox 1176 2811 1320 2866; x_wconf 90' lang='lat' dir='ltr'><strong>urbe</strong></span> <span class='ocrx_word' id='word_1_219' title='bbox 1369 2811 1672 2882; x_wconf 87' lang='lat' dir='ltr'><strong>protestati</strong></span> <span class='ocrx_word' id='word_1_220' title='bbox 1699 2815 1838 2866; x_wconf 90' lang='lat' dir='ltr'><strong>sunt</strong></span> <span class='ocrx_word' id='word_1_221' title='bbox 1865 2809 2082 2866; x_wconf 87' lang='lat' dir='ltr'><strong>vidisse</strong></span> 
     </span>
    </p>
   </div>
   <div class='ocr_carea' id='block_1_32' title="bbox 433 2896 2081 2971">
    <p class='ocr_par' dir='ltr' id='par_1_32' title="bbox 433 2896 2081 2971">
     <span class='ocr_line' id='line_1_32' title="bbox 433 2896 2081 2971; baseline 0.001 -18"><span class='ocrx_word' id='word_1_222' title='bbox 433 2913 497 2953; x_wconf 86' lang='lat' dir='ltr'><strong>se</strong></span> <span class='ocrx_word' id='word_1_223' title='bbox 527 2896 695 2968; x_wconf 88' lang='lat' dir='ltr'><strong>quasi</strong></span> <span class='ocrx_word' id='word_1_224' title='bbox 728 2901 975 2953; x_wconf 85' lang='lat' dir='ltr'><strong>stratam</strong></span> <span class='ocrx_word' id='word_1_225' title='bbox 1024 2898 1220 2970; x_wconf 89' lang='lat' dir='ltr'><strong>palliis</strong></span> <span class='ocrx_word' id='word_1_226' title='bbox 1271 2899 1630 2971; x_wconf 86' lang='lat' dir='ltr'><strong>fulgentibus</strong></span> <span class='ocrx_word' id='word_1_227' title='bbox 1659 2900 1999 2954; x_wconf 89' lang='lat' dir='ltr'><strong>adornatam</strong></span> <span class='ocrx_word' id='word_1_228' title='bbox 2027 2904 2081 2954; x_wconf 89' lang='lat' dir='ltr'><strong>et</strong></span> 
     </span>
    </p>
   </div>
   <div class='ocr_carea' id='block_1_33' title="bbox 431 2983 2080 3059">
    <p class='ocr_par' dir='ltr' id='par_1_33' title="bbox 431 2983 2080 3059">
     <span class='ocr_line' id='line_1_33' title="bbox 431 2983 2080 3059; baseline 0.001 -19"><span class='ocrx_word' id='word_1_229' title='bbox 431 2983 760 3042; x_wconf 81' lang='lat' dir='ltr'><strong>innumeris</strong></span> <span class='ocrx_word' id='word_1_230' title='bbox 781 2992 1183 3042; x_wconf 90' lang='lat' dir='ltr'><strong>coruscantem</strong></span> <span class='ocrx_word' id='word_1_231' title='bbox 1206 2988 1724 3059; x_wconf 90' lang='lat' dir='ltr'><strong>lampadibus,qua</strong></span> <span class='ocrx_word' id='word_1_232' title='bbox 1745 2989 1942 3043; x_wconf 89' lang='lat' dir='ltr'><strong>anima</strong></span> <span class='ocrx_word' id='word_1_233' title='bbox 1953 2989 2080 3059; x_wconf 89' lang='lat' dir='ltr'><strong>ejus</strong></span> 
     </span>
    </p>
   </div>
   <div class='ocr_carea' id='block_1_34' title="bbox 432 3073 2078 3148">
    <p class='ocr_par' dir='ltr' id='par_1_34' title="bbox 432 3073 2078 3148">
     <span class='ocr_line' id='line_1_34' title="bbox 432 3073 2078 3148; baseline 0.001 -18"><span class='ocrx_word' id='word_1_234' title='bbox 432 3073 504 3130; x_wconf 85' lang='lat' dir='ltr'><strong>ab</strong></span> <span class='ocrx_word' id='word_1_235' title='bbox 533 3073 772 3146; x_wconf 86' lang='lat' dir='ltr'><strong>Angelis</strong></span> <span class='ocrx_word' id='word_1_236' title='bbox 800 3075 1122 3131; x_wconf 89' lang='lat' dir='ltr'><strong>ducebatur</strong></span> <span class='ocrx_word' id='word_1_237' title='bbox 1151 3077 1225 3132; x_wconf 90' lang='lat' dir='ltr'><strong>ad</strong></span> <span class='ocrx_word' id='word_1_238' title='bbox 1257 3076 1466 3133; x_wconf 69' lang='lat' dir='ltr'><strong>coelum</strong></span> <span class='ocrx_word' id='word_1_239' title='bbox 1498 3078 1628 3148; x_wconf 90' lang='lat'><strong>(67).</strong></span> <span class='ocrx_word' id='word_1_240' title='bbox 1665 3078 1854 3132; x_wconf 89' lang='lat' dir='ltr'><strong>Tanta</strong></span> <span class='ocrx_word' id='word_1_241' title='bbox 1884 3077 2078 3148; x_wconf 90' lang='lat' dir='ltr'><strong>itaque</strong></span> 
     </span>
    </p>
   </div>
   <div class='ocr_carea' id='block_1_35' title="bbox 2184 502 3840 577">
    <p class='ocr_par' dir='ltr' id='par_1_35' title="bbox 2184 502 3840 577">
     <span class='ocr_line' id='line_1_35' title="bbox 2184 502 3840 577; baseline -0.001 -17"><span class='ocrx_word' id='word_1_242' title='bbox 2184 506 2426 561; x_wconf 89' lang='lat' dir='ltr'><strong>domum</strong></span> <span class='ocrx_word' id='word_1_243' title='bbox 2479 504 2774 577; x_wconf 85' lang='lat' dir='ltr'><strong>propriam</strong></span> <span class='ocrx_word' id='word_1_244' title='bbox 2822 504 3133 570; x_wconf 90' lang='lat' dir='ltr'><strong>intramus,</strong></span> <span class='ocrx_word' id='word_1_245' title='bbox 3169 504 3324 576; x_wconf 91' lang='lat' dir='ltr'><strong>quod</strong></span> <span class='ocrx_word' id='word_1_246' title='bbox 3359 502 3597 575; x_wconf 90' lang='lat' dir='ltr'><strong>quidem</strong></span> <span class='ocrx_word' id='word_1_247' title='bbox 3651 502 3840 559; x_wconf 90' lang='lat' dir='ltr'><strong>multo</strong></span> 
     </span>
    </p>
   </div>
   <div class='ocr_carea' id='block_1_36' title="bbox 2181 580 3838 665">
    <p class='ocr_par' dir='ltr' id='par_1_36' title="bbox 2181 580 3838 665">
     <span class='ocr_line' id='line_1_36' title="bbox 2181 580 3838 665; baseline -0.002 -15"><span class='ocrx_word' id='word_1_248' title='bbox 2181 599 2442 665; x_wconf 88' lang='lat' dir='ltr'><strong>tempore</strong></span> <span class='ocrx_word' id='word_1_249' title='bbox 2474 593 2814 649; x_wconf 89' lang='lat' dir='ltr'><strong>habitamus</strong></span> <span class='ocrx_word' id='word_1_250' title='bbox 2840 593 3261 649; x_wconf 90' lang='lat' dir='ltr'><strong>occulte.Tunc</strong></span> <span class='ocrx_word' id='word_1_251' title='bbox 3291 580 3564 648; x_wconf 64' lang='lat' dir='ltr'><strong>dierunt</strong></span> <span class='ocrx_word' id='word_1_252' title='bbox 3596 592 3838 665; x_wconf 90' lang='lat' dir='ltr'><strong>quidam</strong></span> 
     </span>
    </p>
   </div>
   <div class='ocr_carea' id='block_1_37' title="bbox 2183 681 3839 749">
    <p class='ocr_par' dir='ltr' id='par_1_37' title="bbox 2183 681 3839 749">
     <span class='ocr_line' id='line_1_37' title="bbox 2183 681 3839 749; baseline 0 -11"><span class='ocrx_word' id='word_1_253' title='bbox 2183 683 2254 738; x_wconf 90' lang='lat' dir='ltr'><strong>de</strong></span> <span class='ocrx_word' id='word_1_254' title='bbox 2285 682 2696 738; x_wconf 88' lang='lat' dir='ltr'><strong>Sacerdotibus</strong></span> <span class='ocrx_word' id='word_1_255' title='bbox 2731 700 2742 738; x_wconf 95' lang='lat'><strong>:</strong></span> <span class='ocrx_word' id='word_1_256' title='bbox 2777 681 2900 748; x_wconf 93' lang='lat' dir='ltr'><strong>Dic,</strong></span> <span class='ocrx_word' id='word_1_257' title='bbox 2933 681 3232 749; x_wconf 87' lang='lat' dir='ltr'><strong>scelerate,</strong></span> <span class='ocrx_word' id='word_1_258' title='bbox 3267 685 3324 738; x_wconf 87' lang='lat' dir='ltr'><strong>et</strong></span> <span class='ocrx_word' id='word_1_259' title='bbox 3355 697 3492 737; x_wconf 88' lang='lat' dir='ltr'><strong>cum</strong></span> <span class='ocrx_word' id='word_1_260' title='bbox 3524 681 3746 739; x_wconf 91' lang='lat' dir='ltr'><strong>occulte</strong></span> <span class='ocrx_word' id='word_1_261' title='bbox 3777 683 3839 738; x_wconf 92' lang='lat' dir='ltr'><strong>in</strong></span> 
     </span>
    </p>
   </div>
   <div class='ocr_carea' id='block_1_38' title="bbox 2183 770 3841 844">
    <p class='ocr_par' dir='ltr' id='par_1_38' title="bbox 2183 770 3841 844">
     <span class='ocr_line' id='line_1_38' title="bbox 2183 770 3841 844; baseline 0.001 -17"><span class='ocrx_word' id='word_1_262' title='bbox 2183 772 2444 827; x_wconf 90' lang='lat' dir='ltr'><strong>hominis</strong></span> <span class='ocrx_word' id='word_1_263' title='bbox 2473 787 2712 843; x_wconf 89' lang='lat' dir='ltr'><strong>corpore</strong></span> <span class='ocrx_word' id='word_1_264' title='bbox 2745 770 3043 840; x_wconf 89' lang='lat' dir='ltr'><strong>habitatis,</strong></span> <span class='ocrx_word' id='word_1_265' title='bbox 3061 771 3354 843; x_wconf 88' lang='lat' dir='ltr'><strong>quomodo</strong></span> <span class='ocrx_word' id='word_1_266' title='bbox 3384 774 3523 826; x_wconf 90' lang='lat' dir='ltr'><strong>tunc</strong></span> <span class='ocrx_word' id='word_1_267' title='bbox 3553 787 3689 827; x_wconf 89' lang='lat' dir='ltr'><strong>eum</strong></span> <span class='ocrx_word' id='word_1_268' title='bbox 3720 772 3841 844; x_wconf 89' lang='lat' dir='ltr'><strong>pri-</strong></span> 
     </span>
    </p>
   </div>
   <div class='ocr_carea' id='block_1_39' title="bbox 2185 859 3838 933">
    <p class='ocr_par' dir='ltr' id='par_1_39' title="bbox 2185 859 3838 933">
     <span class='ocr_line' id='line_1_39' title="bbox 2185 859 3838 933; baseline 0 -17"><span class='ocrx_word' id='word_1_269' title='bbox 2185 877 2348 916; x_wconf 91' lang='lat' dir='ltr'><strong>mum</strong></span> <span class='ocrx_word' id='word_1_270' title='bbox 2379 860 2608 916; x_wconf 79' lang='lat' dir='ltr'><strong>laeditis.</strong></span> <span class='ocrx_word' id='word_1_271' title='bbox 2636 861 2876 916; x_wconf 67' lang='lat' dir='ltr'><strong>Daemon</strong></span> <span class='ocrx_word' id='word_1_272' title='bbox 2907 860 3210 932; x_wconf 89' lang='lat' dir='ltr'><strong>respondit</strong></span> <span class='ocrx_word' id='word_1_273' title='bbox 3242 875 3256 914; x_wconf 89' lang='lat'><strong>:</strong></span> <span class='ocrx_word' id='word_1_274' title='bbox 3290 860 3354 916; x_wconf 91' lang='lat' dir='ltr'><strong>In</strong></span> <span class='ocrx_word' id='word_1_275' title='bbox 3386 859 3593 932; x_wconf 89' lang='lat' dir='ltr'><strong>primis</strong></span> <span class='ocrx_word' id='word_1_276' title='bbox 3630 860 3838 933; x_wconf 86' lang='lat' dir='ltr'><strong>incipi-</strong></span> 
     </span>
    </p>
   </div>
   <div class='ocr_carea' id='block_1_40' title="bbox 2184 948 3839 1021">
    <p class='ocr_par' dir='ltr' id='par_1_40' title="bbox 2184 948 3839 1021">
     <span class='ocr_line' id='line_1_40' title="bbox 2184 948 3839 1021; baseline 0 -16"><span class='ocrx_word' id='word_1_277' title='bbox 2184 965 2319 1005; x_wconf 90' lang='lat' dir='ltr'><strong>mus</strong></span> <span class='ocrx_word' id='word_1_278' title='bbox 2349 949 2408 1004; x_wconf 92' lang='lat' dir='ltr'><strong>in</strong></span> <span class='ocrx_word' id='word_1_279' title='bbox 2437 948 2538 1004; x_wconf 91' lang='lat' dir='ltr'><strong>illo</strong></span> <span class='ocrx_word' id='word_1_280' title='bbox 2568 949 2797 1005; x_wconf 90' lang='lat' dir='ltr'><strong>mittere</strong></span> <span class='ocrx_word' id='word_1_281' title='bbox 2828 948 3302 1017; x_wconf 86' lang='lat' dir='ltr'><strong>somnolentiam,</strong></span> <span class='ocrx_word' id='word_1_282' title='bbox 3331 948 3599 1021; x_wconf 86' lang='lat' dir='ltr'><strong>pigitiam</strong></span> <span class='ocrx_word' id='word_1_283' title='bbox 3659 953 3716 1004; x_wconf 92' lang='lat' dir='ltr'><strong>et</strong></span> <span class='ocrx_word' id='word_1_284' title='bbox 3747 950 3839 1005; x_wconf 87' lang='lat' dir='ltr'><strong>fa-</strong></span> 
     </span>
    </p>
   </div>
   <div class='ocr_carea' id='block_1_41' title="bbox 2185 1037 3837 1111">
    <p class='ocr_par' dir='ltr' id='par_1_41' title="bbox 2185 1037 3837 1111">
     <span class='ocr_line' id='line_1_41' title="bbox 2185 1037 3837 1111; baseline 0 -17"><span class='ocrx_word' id='word_1_285' title='bbox 2185 1055 2339 1094; x_wconf 89' lang='lat' dir='ltr'><strong>mem</strong></span> <span class='ocrx_word' id='word_1_286' title='bbox 2371 1054 2383 1093; x_wconf 88' lang='lat'>:</span> <span class='ocrx_word' id='word_1_287' title='bbox 2418 1042 2474 1093; x_wconf 91' lang='lat' dir='ltr'><strong>et</strong></span> <span class='ocrx_word' id='word_1_288' title='bbox 2504 1039 2646 1093; x_wconf 90' lang='lat' dir='ltr'><strong>dum</strong></span> <span class='ocrx_word' id='word_1_289' title='bbox 2700 1037 3042 1094; x_wconf 91' lang='lat' dir='ltr'><strong>dormiendo</strong></span> <span class='ocrx_word' id='word_1_290' title='bbox 3089 1041 3147 1094; x_wconf 92' lang='lat' dir='ltr'><strong>et</strong></span> <span class='ocrx_word' id='word_1_291' title='bbox 3195 1037 3527 1111; x_wconf 87' lang='lat' dir='ltr'><strong>pigritando</strong></span> <span class='ocrx_word' id='word_1_292' title='bbox 3567 1038 3837 1110; x_wconf 88' lang='lat' dir='ltr'><strong>quiescit,</strong></span> 
     </span>
    </p>
   </div>
   <div class='ocr_carea' id='block_1_42' title="bbox 2184 1126 3841 1199">
    <p class='ocr_par' dir='ltr' id='par_1_42' title="bbox 2184 1126 3841 1199">
     <span class='ocr_line' id='line_1_42' title="bbox 2184 1126 3841 1199; baseline 0.001 -17"><span class='ocrx_word' id='word_1_293' title='bbox 2184 1127 2508 1183; x_wconf 89' lang='lat' dir='ltr'><strong>maximum</strong></span> <span class='ocrx_word' id='word_1_294' title='bbox 2539 1127 2902 1199; x_wconf 89' lang='lat' dir='ltr'><strong>acquirimus</strong></span> <span class='ocrx_word' id='word_1_295' title='bbox 2931 1127 3183 1183; x_wconf 91' lang='lat' dir='ltr'><strong>lucrum.</strong></span> <span class='ocrx_word' id='word_1_296' title='bbox 3210 1126 3472 1198; x_wconf 90' lang='lat' dir='ltr'><strong>Cumque</strong></span> <span class='ocrx_word' id='word_1_297' title='bbox 3499 1130 3689 1182; x_wconf 89' lang='lat' dir='ltr'><strong>totum</strong></span> <span class='ocrx_word' id='word_1_298' title='bbox 3719 1144 3841 1184; x_wconf 89' lang='lat' dir='ltr'><strong>cor-</strong></span> 
     </span>
    </p>
   </div>
   <div class='ocr_carea' id='block_1_43' title="bbox 2185 1216 3839 1289">
    <p class='ocr_par' dir='ltr' id='par_1_43' title="bbox 2185 1216 3839 1289">
     <span class='ocr_line' id='line_1_43' title="bbox 2185 1216 3839 1289; baseline 0.001 -19"><span class='ocrx_word' id='word_1_299' title='bbox 2185 1233 2295 1288; x_wconf 90' lang='lat' dir='ltr'><strong>pus</strong></span> <span class='ocrx_word' id='word_1_300' title='bbox 2342 1217 2470 1288; x_wconf 88' lang='lat' dir='ltr'><strong>ejus</strong></span> <span class='ocrx_word' id='word_1_301' title='bbox 2519 1220 2727 1271; x_wconf 76' lang='lat' dir='ltr'><strong>nostrae</strong></span> <span class='ocrx_word' id='word_1_302' title='bbox 2785 1216 3158 1271; x_wconf 86' lang='lat' dir='ltr'><strong>subdidimus</strong></span> <span class='ocrx_word' id='word_1_303' title='bbox 3205 1216 3500 1286; x_wconf 87' lang='lat' dir='ltr'><strong>potestati,</strong></span> <span class='ocrx_word' id='word_1_304' title='bbox 3554 1217 3839 1289; x_wconf 89' lang='lat' dir='ltr'><strong>contingit</strong></span> 
     </span>
    </p>
   </div>
   <div class='ocr_carea' id='block_1_44' title="bbox 2183 1304 3839 1374">
    <p class='ocr_par' dir='ltr' id='par_1_44' title="bbox 2183 1304 3839 1374">
     <span class='ocr_line' id='line_1_44' title="bbox 2183 1304 3839 1374; baseline 0.001 -14"><span class='ocrx_word' id='word_1_305' title='bbox 2183 1321 2319 1360; x_wconf 90' lang='lat' dir='ltr'><strong>eum</strong></span> <span class='ocrx_word' id='word_1_306' title='bbox 2349 1307 2421 1361; x_wconf 89' lang='lat' dir='ltr'><strong>ad</strong></span> <span class='ocrx_word' id='word_1_307' title='bbox 2453 1304 2758 1360; x_wconf 90' lang='lat' dir='ltr'><strong>ecclesiam</strong></span> <span class='ocrx_word' id='word_1_308' title='bbox 2787 1305 2893 1374; x_wconf 91' lang='lat' dir='ltr'><strong>ire,</strong></span> <span class='ocrx_word' id='word_1_309' title='bbox 2925 1308 2982 1360; x_wconf 90' lang='lat' dir='ltr'><strong>et</strong></span> <span class='ocrx_word' id='word_1_310' title='bbox 3013 1305 3166 1360; x_wconf 91' lang='lat' dir='ltr'><strong>inter</strong></span> <span class='ocrx_word' id='word_1_311' title='bbox 3193 1304 3381 1360; x_wconf 89' lang='lat' dir='ltr'><strong>bonos</strong></span> <span class='ocrx_word' id='word_1_312' title='bbox 3411 1307 3471 1360; x_wconf 89' lang='lat' dir='ltr'><strong>et</strong></span> <span class='ocrx_word' id='word_1_313' title='bbox 3509 1304 3839 1362; x_wconf 87' lang='lat' dir='ltr'><strong>Catholicos</strong></span> 
     </span>
    </p>
   </div>
   <div class='ocr_carea' id='block_1_45' title="bbox 2182 1393 3837 1465">
    <p class='ocr_par' dir='ltr' id='par_1_45' title="bbox 2182 1393 3837 1465">
     <span class='ocr_line' id='line_1_45' title="bbox 2182 1393 3837 1465; baseline 0.001 -17"><span class='ocrx_word' id='word_1_314' title='bbox 2182 1393 2337 1450; x_wconf 92' lang='lat' dir='ltr'><strong>viros</strong></span> <span class='ocrx_word' id='word_1_315' title='bbox 2368 1393 2764 1450; x_wconf 87' lang='lat' dir='ltr'><strong>commisceri:</strong></span> <span class='ocrx_word' id='word_1_316' title='bbox 2786 1410 3037 1465; x_wconf 92' lang='lat' dir='ltr'><strong>quorum</strong></span> <span class='ocrx_word' id='word_1_317' title='bbox 3055 1393 3449 1465; x_wconf 88' lang='lat' dir='ltr'><strong>eloquentiam</strong></span> <span class='ocrx_word' id='word_1_318' title='bbox 3473 1393 3837 1465; x_wconf 89' lang='lat' dir='ltr'><strong>spiritualem</strong></span> 
     </span>
    </p>
   </div>
   <div class='ocr_carea' id='block_1_46' title="bbox 2184 1480 3840 1554">
    <p class='ocr_par' dir='ltr' id='par_1_46' title="bbox 2184 1480 3840 1554">
     <span class='ocr_line' id='line_1_46' title="bbox 2184 1480 3840 1554; baseline 0.001 -17"><span class='ocrx_word' id='word_1_319' title='bbox 2184 1498 2301 1538; x_wconf 90' lang='lat' dir='ltr'><strong>non</strong></span> <span class='ocrx_word' id='word_1_320' title='bbox 2330 1482 2587 1538; x_wconf 87' lang='lat' dir='ltr'><strong>valentes</strong></span> <span class='ocrx_word' id='word_1_321' title='bbox 2618 1482 2881 1550; x_wconf 73' lang='lat' dir='ltr'><strong>sufferre,</strong></span> <span class='ocrx_word' id='word_1_322' title='bbox 2914 1481 3233 1554; x_wconf 88' lang='lat' dir='ltr'><strong>incipimus</strong></span> <span class='ocrx_word' id='word_1_323' title='bbox 3278 1480 3368 1537; x_wconf 90' lang='lat' dir='ltr'><strong>ira</strong></span> <span class='ocrx_word' id='word_1_324' title='bbox 3411 1482 3648 1537; x_wconf 86' lang='lat' dir='ltr'><strong>excitati</strong></span> <span class='ocrx_word' id='word_1_325' title='bbox 3685 1482 3840 1539; x_wconf 89' lang='lat' dir='ltr'><strong>lace-</strong></span> 
     </span>
    </p>
   </div>
   <div class='ocr_carea' id='block_1_47' title="bbox 2185 1570 3840 1643">
    <p class='ocr_par' dir='ltr' id='par_1_47' title="bbox 2185 1570 3840 1643">
     <span class='ocr_line' id='line_1_47' title="bbox 2185 1570 3840 1643; baseline 0.001 -17"><span class='ocrx_word' id='word_1_326' title='bbox 2185 1588 2314 1627; x_wconf 89' lang='lat' dir='ltr'><strong>rare</strong></span> <span class='ocrx_word' id='word_1_327' title='bbox 2361 1588 2573 1642; x_wconf 90' lang='lat' dir='ltr'><strong>corpus</strong></span> <span class='ocrx_word' id='word_1_328' title='bbox 2601 1572 2822 1642; x_wconf 89' lang='lat' dir='ltr'><strong>ejus,eo</strong></span> <span class='ocrx_word' id='word_1_329' title='bbox 2856 1572 3013 1643; x_wconf 91' lang='lat' dir='ltr'><strong>quod</strong></span> <span class='ocrx_word' id='word_1_330' title='bbox 3048 1570 3202 1626; x_wconf 88' lang='lat' dir='ltr'><strong>ultra</strong></span> <span class='ocrx_word' id='word_1_331' title='bbox 3244 1587 3362 1626; x_wconf 91' lang='lat' dir='ltr'><strong>non</strong></span> <span class='ocrx_word' id='word_1_332' title='bbox 3391 1587 3709 1643; x_wconf 89' lang='lat' dir='ltr'><strong>possumus</strong></span> <span class='ocrx_word' id='word_1_333' title='bbox 3739 1589 3840 1628; x_wconf 92' lang='lat' dir='ltr'><strong>oc-</strong></span> 
     </span>
    </p>
   </div>
   <div class='ocr_carea' id='block_1_48' title="bbox 2185 1659 3836 1732">
    <p class='ocr_par' dir='ltr' id='par_1_48' title="bbox 2185 1659 3836 1732">
     <span class='ocr_line' id='line_1_48' title="bbox 2185 1659 3836 1732; baseline 0.001 -17"><span class='ocrx_word' id='word_1_334' title='bbox 2185 1660 2411 1716; x_wconf 90' lang='lat' dir='ltr'><strong>cultari.</strong></span> <span class='ocrx_word' id='word_1_335' title='bbox 2434 1661 2597 1715; x_wconf 92' lang='lat' dir='ltr'><strong>Tunc</strong></span> <span class='ocrx_word' id='word_1_336' title='bbox 2628 1659 2773 1715; x_wconf 86' lang='lat' dir='ltr'><strong>dixit</strong></span> <span class='ocrx_word' id='word_1_337' title='bbox 2802 1677 2958 1715; x_wconf 91' lang='lat' dir='ltr'><strong>unus</strong></span> <span class='ocrx_word' id='word_1_338' title='bbox 2989 1660 3061 1714; x_wconf 90' lang='lat' dir='ltr'><strong>de</strong></span> <span class='ocrx_word' id='word_1_339' title='bbox 3092 1659 3466 1715; x_wconf 88' lang='lat' dir='ltr'><strong>adstantibus</strong></span> <span class='ocrx_word' id='word_1_340' title='bbox 3496 1660 3836 1732; x_wconf 88' lang='lat' dir='ltr'><strong>Episcopis:</strong></span> 
     </span>
    </p>
   </div>
   <div class='ocr_carea' id='block_1_49' title="bbox 2185 1747 3842 1820">
    <p class='ocr_par' dir='ltr' id='par_1_49' title="bbox 2185 1747 3842 1820">
     <span class='ocr_line' id='line_1_49' title="bbox 2185 1747 3842 1820; baseline 0.001 -17"><span class='ocrx_word' id='word_1_341' title='bbox 2185 1750 2408 1820; x_wconf 84' lang='lat' dir='ltr'><strong>Adjuro</strong></span> <span class='ocrx_word' id='word_1_342' title='bbox 2457 1755 2510 1804; x_wconf 86' lang='lat' dir='ltr'><strong>te</strong></span> <span class='ocrx_word' id='word_1_343' title='bbox 2560 1764 2662 1820; x_wconf 91' lang='lat' dir='ltr'><strong>per</strong></span> <span class='ocrx_word' id='word_1_344' title='bbox 2709 1749 2996 1804; x_wconf 86' lang='lat' dir='ltr'><strong>viventem</strong></span> <span class='ocrx_word' id='word_1_345' title='bbox 3029 1747 3088 1802; x_wconf 89' lang='lat' dir='ltr'><strong>in</strong></span> <span class='ocrx_word' id='word_1_346' title='bbox 3120 1747 3335 1804; x_wconf 74' lang='lat' dir='ltr'><strong>saecula</strong></span> <span class='ocrx_word' id='word_1_347' title='bbox 3377 1748 3743 1818; x_wconf 66' lang='lat' dir='ltr'><strong>saeculorum,</strong></span> <span class='ocrx_word' id='word_1_348' title='bbox 3776 1754 3842 1804; x_wconf 91' lang='lat' dir='ltr'><strong>ut</strong></span> 
     </span>
    </p>
   </div>
   <div class='ocr_carea' id='block_1_50' title="bbox 2189 1835 3842 1907">
    <p class='ocr_par' dir='ltr' id='par_1_50' title="bbox 2189 1835 3842 1907">
     <span class='ocr_line' id='line_1_50' title="bbox 2189 1835 3842 1907; baseline 0.001 -14"><span class='ocrx_word' id='word_1_349' title='bbox 2189 1838 2350 1894; x_wconf 88' lang='lat' dir='ltr'><strong>dicas</strong></span> <span class='ocrx_word' id='word_1_350' title='bbox 2378 1837 2545 1893; x_wconf 92' lang='lat' dir='ltr'><strong>nobis</strong></span> <span class='ocrx_word' id='word_1_351' title='bbox 2576 1837 2624 1892; x_wconf 92' lang='lat' dir='ltr'><strong>si</strong></span> <span class='ocrx_word' id='word_1_352' title='bbox 2658 1838 2769 1892; x_wconf 89' lang='lat' dir='ltr'><strong>Leo</strong></span> <span class='ocrx_word' id='word_1_353' title='bbox 2800 1835 2900 1892; x_wconf 90' lang='lat' dir='ltr'><strong>Dei</strong></span> <span class='ocrx_word' id='word_1_354' title='bbox 2934 1852 3136 1892; x_wconf 89' lang='lat' dir='ltr'><strong>servus</strong></span> <span class='ocrx_word' id='word_1_355' title='bbox 3165 1840 3222 1892; x_wconf 91' lang='lat' dir='ltr'><strong>et</strong></span> <span class='ocrx_word' id='word_1_356' title='bbox 3249 1840 3405 1907; x_wconf 90' lang='lat' dir='ltr'><strong>Papa</strong></span> <span class='ocrx_word' id='word_1_357' title='bbox 3425 1836 3577 1894; x_wconf 87' lang='lat' dir='ltr'><strong>inter</strong></span> <span class='ocrx_word' id='word_1_358' title='bbox 3595 1838 3842 1894; x_wconf 88' lang='lat' dir='ltr'><strong>Sanctos</strong></span> 
     </span>
    </p>
   </div>
   <div class='ocr_carea' id='block_1_51' title="bbox 2189 1925 3845 1998">
    <p class='ocr_par' dir='ltr' id='par_1_51' title="bbox 2189 1925 3845 1998">
     <span class='ocr_line' id='line_1_51' title="bbox 2189 1925 3845 1998; baseline 0.001 -18"><span class='ocrx_word' id='word_1_359' title='bbox 2189 1926 2404 1981; x_wconf 91' lang='lat' dir='ltr'><strong>fruitur</strong></span> <span class='ocrx_word' id='word_1_360' title='bbox 2451 1926 2650 1998; x_wconf 89' lang='lat' dir='ltr'><strong>aliqua</strong></span> <span class='ocrx_word' id='word_1_361' title='bbox 2702 1929 3010 1997; x_wconf 87' lang='lat' dir='ltr'><strong>potestate.</strong></span> <span class='ocrx_word' id='word_1_362' title='bbox 3059 1927 3132 1980; x_wconf 86' lang='lat' dir='ltr'><strong>At</strong></span> <span class='ocrx_word' id='word_1_363' title='bbox 3184 1925 3280 1980; x_wconf 90' lang='lat' dir='ltr'><strong>ille</strong></span> <span class='ocrx_word' id='word_1_364' title='bbox 3327 1942 3458 1980; x_wconf 89' lang='lat' dir='ltr'><strong>cum</strong></span> <span class='ocrx_word' id='word_1_365' title='bbox 3505 1926 3730 1998; x_wconf 88' lang='lat' dir='ltr'><strong>gemitu</strong></span> <span class='ocrx_word' id='word_1_366' title='bbox 3780 1931 3845 1982; x_wconf 90' lang='lat' dir='ltr'><strong>et</strong></span> 
     </span>
    </p>
   </div>
   <div class='ocr_carea' id='block_1_52' title="bbox 2189 2013 3841 2087">
    <p class='ocr_par' dir='ltr' id='par_1_52' title="bbox 2189 2013 3841 2087">
     <span class='ocr_line' id='line_1_52' title="bbox 2189 2013 3841 2087; baseline -0.001 -16"><span class='ocrx_word' id='word_1_367' title='bbox 2189 2015 2441 2087; x_wconf 88' lang='lat' dir='ltr'><strong>suspirio</strong></span> <span class='ocrx_word' id='word_1_368' title='bbox 2472 2015 2618 2069; x_wconf 90' lang='lat' dir='ltr'><strong>dixit</strong></span> <span class='ocrx_word' id='word_1_369' title='bbox 2651 2032 2663 2069; x_wconf 90' lang='lat'>:</span> <span class='ocrx_word' id='word_1_370' title='bbox 2697 2015 2740 2069; x_wconf 94' lang='grc' dir='ltr'><strong>Ο</strong></span> <span class='ocrx_word' id='word_1_371' title='bbox 2775 2013 3055 2082; x_wconf 81' lang='lat' dir='ltr'><strong>malefice,</strong></span> <span class='ocrx_word' id='word_1_372' title='bbox 3089 2030 3270 2085; x_wconf 89' lang='lat' dir='ltr'><strong>quare</strong></span> <span class='ocrx_word' id='word_1_373' title='bbox 3317 2015 3629 2070; x_wconf 88' lang='lat' dir='ltr'><strong>nominasti</strong></span> <span class='ocrx_word' id='word_1_374' title='bbox 3662 2013 3841 2070; x_wconf 87' lang='lat' dir='ltr'><strong>illum</strong></span> 
     </span>
    </p>
   </div>
   <div class='ocr_carea' id='block_1_53' title="bbox 2189 2103 3844 2176">
    <p class='ocr_par' dir='ltr' id='par_1_53' title="bbox 2189 2103 3844 2176">
     <span class='ocr_line' id='line_1_53' title="bbox 2189 2103 3844 2176; baseline 0 -16"><span class='ocrx_word' id='word_1_375' title='bbox 2189 2103 2585 2160; x_wconf 88' lang='lat' dir='ltr'><strong>adversarium</strong></span> <span class='ocrx_word' id='word_1_376' title='bbox 2619 2107 2886 2159; x_wconf 90' lang='lat' dir='ltr'><strong>nostrum</strong></span> <span class='ocrx_word' id='word_1_377' title='bbox 2917 2107 2974 2158; x_wconf 89' lang='lat' dir='ltr'><strong>et</strong></span> <span class='ocrx_word' id='word_1_378' title='bbox 3003 2103 3372 2160; x_wconf 90' lang='lat' dir='ltr'><strong>seductorem</strong></span> <span class='ocrx_word' id='word_1_379' title='bbox 3402 2103 3582 2159; x_wconf 91' lang='lat' dir='ltr'><strong>totius</strong></span> <span class='ocrx_word' id='word_1_380' title='bbox 3612 2103 3844 2176; x_wconf 91' lang='lat' dir='ltr'><strong>provin-</strong></span> 
     </span>
    </p>
   </div>
   <div class='ocr_carea' id='block_1_54' title="bbox 2189 2191 3843 2264">
    <p class='ocr_par' dir='ltr' id='par_1_54' title="bbox 2189 2191 3843 2264">
     <span class='ocr_line' id='line_1_54' title="bbox 2189 2191 3843 2264; baseline 0.002 -18"><span class='ocrx_word' id='word_1_381' title='bbox 2189 2191 2311 2258; x_wconf 67' lang='lat' dir='ltr'><strong>ciae,</strong></span> <span class='ocrx_word' id='word_1_382' title='bbox 2343 2208 2446 2264; x_wconf 92' lang='lat' dir='ltr'><strong>per</strong></span> <span class='ocrx_word' id='word_1_383' title='bbox 2475 2207 2650 2264; x_wconf 89' lang='lat' dir='ltr'><strong>quem</strong></span> <span class='ocrx_word' id='word_1_384' title='bbox 2681 2195 2845 2247; x_wconf 91' lang='lat' dir='ltr'><strong>tanta</strong></span> <span class='ocrx_word' id='word_1_385' title='bbox 2874 2207 3016 2263; x_wconf 88' lang='lat' dir='ltr'><strong>gens</strong></span> <span class='ocrx_word' id='word_1_386' title='bbox 3049 2193 3327 2248; x_wconf 89' lang='lat' dir='ltr'><strong>subversa</strong></span> <span class='ocrx_word' id='word_1_387' title='bbox 3359 2197 3467 2261; x_wconf 88' lang='lat' dir='ltr'><strong>est,</strong></span> <span class='ocrx_word' id='word_1_388' title='bbox 3491 2196 3547 2247; x_wconf 89' lang='lat' dir='ltr'><strong>et</strong></span> <span class='ocrx_word' id='word_1_389' title='bbox 3577 2210 3610 2248; x_wconf 90' lang='lat' dir='ltr'><strong>a</strong></span> <span class='ocrx_word' id='word_1_390' title='bbox 3640 2196 3843 2250; x_wconf 88' lang='lat' dir='ltr'><strong>nostro</strong></span> 
     </span>
    </p>
   </div>
   <div class='ocr_carea' id='block_1_55' title="bbox 2189 2279 3846 2353">
    <p class='ocr_par' dir='ltr' id='par_1_55' title="bbox 2189 2279 3846 2353">
     <span class='ocr_line' id='line_1_55' title="bbox 2189 2279 3846 2353; baseline 0.001 -17"><span class='ocrx_word' id='word_1_391' title='bbox 2189 2279 2428 2352; x_wconf 92' lang='lat' dir='ltr'><strong>collegio</strong></span> <span class='ocrx_word' id='word_1_392' title='bbox 2460 2284 2756 2352; x_wconf 89' lang='lat' dir='ltr'><strong>separata;</strong></span> <span class='ocrx_word' id='word_1_393' title='bbox 2790 2297 2898 2336; x_wconf 91' lang='lat' dir='ltr'><strong>nos</strong></span> <span class='ocrx_word' id='word_1_394' title='bbox 2945 2283 3120 2336; x_wconf 88' lang='lat' dir='ltr'><strong>etiam</strong></span> <span class='ocrx_word' id='word_1_395' title='bbox 3174 2281 3434 2353; x_wconf 88' lang='lat' dir='ltr'><strong>quotidie</strong></span> <span class='ocrx_word' id='word_1_396' title='bbox 3482 2280 3735 2353; x_wconf 86' lang='lat' dir='ltr'><strong>expellit,</strong></span> <span class='ocrx_word' id='word_1_397' title='bbox 3786 2287 3846 2339; x_wconf 89' lang='lat' dir='ltr'><strong>et</strong></span> 
     </span>
    </p>
   </div>
   <div class='ocr_carea' id='block_1_56' title="bbox 2189 2368 3842 2442">
    <p class='ocr_par' dir='ltr' id='par_1_56' title="bbox 2189 2368 3842 2442">
     <span class='ocr_line' id='line_1_56' title="bbox 2189 2368 3842 2442; baseline 0.002 -19"><span class='ocrx_word' id='word_1_398' title='bbox 2189 2369 2439 2426; x_wconf 89' lang='lat' dir='ltr'><strong>vinculis</strong></span> <span class='ocrx_word' id='word_1_399' title='bbox 2471 2373 2809 2426; x_wconf 89' lang='lat' dir='ltr'><strong>catenarum</strong></span> <span class='ocrx_word' id='word_1_400' title='bbox 2842 2368 3210 2442; x_wconf 88' lang='lat' dir='ltr'><strong>constringit,</strong></span> <span class='ocrx_word' id='word_1_401' title='bbox 3244 2373 3420 2441; x_wconf 88' lang='lat' dir='ltr'><strong>atque</strong></span> <span class='ocrx_word' id='word_1_402' title='bbox 3451 2369 3608 2441; x_wconf 88' lang='lat' dir='ltr'><strong>ejicit</strong></span> <span class='ocrx_word' id='word_1_403' title='bbox 3636 2371 3707 2426; x_wconf 89' lang='lat' dir='ltr'><strong>de</strong></span> <span class='ocrx_word' id='word_1_404' title='bbox 3737 2370 3842 2427; x_wconf 89' lang='lat' dir='ltr'><strong>ha-</strong></span> 
     </span>
    </p>
   </div>
   <div class='ocr_carea' id='block_1_57' title="bbox 2189 2457 3847 2532">
    <p class='ocr_par' dir='ltr' id='par_1_57' title="bbox 2189 2457 3847 2532">
     <span class='ocr_line' id='line_1_57' title="bbox 2189 2457 3847 2532; baseline 0.002 -20"><span class='ocrx_word' id='word_1_405' title='bbox 2189 2457 2460 2513; x_wconf 91' lang='lat' dir='ltr'><strong>bitaculis</strong></span> <span class='ocrx_word' id='word_1_406' title='bbox 2495 2476 2506 2513; x_wconf 94' lang='lat'>:</span> <span class='ocrx_word' id='word_1_407' title='bbox 2539 2458 2695 2512; x_wconf 91' lang='lat' dir='ltr'><strong>unde</strong></span> <span class='ocrx_word' id='word_1_408' title='bbox 2738 2458 2868 2529; x_wconf 87' lang='lat' dir='ltr'><strong>vagi</strong></span> <span class='ocrx_word' id='word_1_409' title='bbox 2915 2462 2973 2514; x_wconf 88' lang='lat' dir='ltr'><strong>et</strong></span> <span class='ocrx_word' id='word_1_410' title='bbox 3021 2457 3325 2514; x_wconf 90' lang='lat' dir='ltr'><strong>instabiles</strong></span> <span class='ocrx_word' id='word_1_411' title='bbox 3356 2475 3421 2515; x_wconf 89' lang='lat' dir='ltr'><strong>ac</strong></span> <span class='ocrx_word' id='word_1_412' title='bbox 3454 2458 3706 2527; x_wconf 83' lang='lat' dir='ltr'><strong>venales,</strong></span> <span class='ocrx_word' id='word_1_413' title='bbox 3738 2477 3847 2532; x_wconf 89' lang='lat' dir='ltr'><strong>per</strong></span> 
     </span>
    </p>
   </div>
   <div class='ocr_carea' id='block_1_58' title="bbox 2188 2545 3844 2619">
    <p class='ocr_par' dir='ltr' id='par_1_58' title="bbox 2188 2545 3844 2619">
     <span class='ocr_line' id='line_1_58' title="bbox 2188 2545 3844 2619; baseline 0.002 -18"><span class='ocrx_word' id='word_1_414' title='bbox 2188 2547 2420 2602; x_wconf 88' lang='lat' dir='ltr'><strong>deserta</strong></span> <span class='ocrx_word' id='word_1_415' title='bbox 2446 2551 2503 2602; x_wconf 91' lang='lat' dir='ltr'><strong>et</strong></span> <span class='ocrx_word' id='word_1_416' title='bbox 2530 2546 2892 2602; x_wconf 89' lang='lat' dir='ltr'><strong>infructuosa</strong></span> <span class='ocrx_word' id='word_1_417' title='bbox 2915 2545 3041 2602; x_wconf 88' lang='lat' dir='ltr'><strong>loca</strong></span> <span class='ocrx_word' id='word_1_418' title='bbox 3069 2546 3567 2619; x_wconf 89' lang='lat' dir='ltr'><strong>perambulantes,</strong></span> <span class='ocrx_word' id='word_1_419' title='bbox 3588 2548 3648 2603; x_wconf 91' lang='lat' dir='ltr'><strong>in</strong></span> <span class='ocrx_word' id='word_1_420' title='bbox 3678 2548 3844 2604; x_wconf 90' lang='lat' dir='ltr'><strong>nullo</strong></span> 
     </span>
    </p>
   </div>
   <div class='ocr_carea' id='block_1_59' title="bbox 2188 2635 3841 2709">
    <p class='ocr_par' dir='ltr' id='par_1_59' title="bbox 2188 2635 3841 2709">
     <span class='ocr_line' id='line_1_59' title="bbox 2188 2635 3841 2709; baseline 0.002 -19"><span class='ocrx_word' id='word_1_421' title='bbox 2188 2651 2446 2708; x_wconf 90' lang='lat' dir='ltr'><strong>unquam</strong></span> <span class='ocrx_word' id='word_1_422' title='bbox 2494 2635 2755 2708; x_wconf 90' lang='lat' dir='ltr'><strong>requiem</strong></span> <span class='ocrx_word' id='word_1_423' title='bbox 2804 2635 3156 2692; x_wconf 88' lang='lat' dir='ltr'><strong>invenimus.</strong></span> <span class='ocrx_word' id='word_1_424' title='bbox 3211 2637 3280 2693; x_wconf 88' lang='lat' dir='ltr'><strong>Et</strong></span> <span class='ocrx_word' id='word_1_425' title='bbox 3327 2636 3646 2709; x_wconf 90' lang='lat' dir='ltr'><strong>Episcopus</strong></span> <span class='ocrx_word' id='word_1_426' title='bbox 3690 2638 3776 2693; x_wconf 86' lang='lat' dir='ltr'><strong>ait</strong></span> <span class='ocrx_word' id='word_1_427' title='bbox 3827 2655 3841 2694; x_wconf 90' lang='lat'>:</span> 
     </span>
    </p>
   </div>
   <div class='ocr_carea' id='block_1_60' title="bbox 2186 2723 3844 2796">
    <p class='ocr_par' dir='ltr' id='par_1_60' title="bbox 2186 2723 3844 2796">
     <span class='ocr_line' id='line_1_60' title="bbox 2186 2723 3844 2796; baseline 0.001 -17"><span class='ocrx_word' id='word_1_428' title='bbox 2186 2728 2313 2780; x_wconf 89' lang='lat' dir='ltr'><strong>Non</strong></span> <span class='ocrx_word' id='word_1_429' title='bbox 2343 2725 2414 2779; x_wconf 89' lang='lat' dir='ltr'><strong>ad</strong></span> <span class='ocrx_word' id='word_1_430' title='bbox 2447 2739 2515 2780; x_wconf 88' lang='lat' dir='ltr'><strong>ea</strong></span> <span class='ocrx_word' id='word_1_431' title='bbox 2539 2741 2668 2795; x_wconf 76' lang='lat' dir='ltr'><strong>quae</strong></span> <span class='ocrx_word' id='word_1_432' title='bbox 2700 2723 3051 2796; x_wconf 87' lang='lat' dir='ltr'><strong>interrogavi</strong></span> <span class='ocrx_word' id='word_1_433' title='bbox 3082 2726 3436 2796; x_wconf 89' lang='lat' dir='ltr'><strong>respondes;</strong></span> <span class='ocrx_word' id='word_1_434' title='bbox 3471 2726 3572 2780; x_wconf 90' lang='lat' dir='ltr'><strong>sed</strong></span> <span class='ocrx_word' id='word_1_435' title='bbox 3605 2724 3718 2780; x_wconf 88' lang='lat' dir='ltr'><strong>alia</strong></span> <span class='ocrx_word' id='word_1_436' title='bbox 3753 2726 3844 2781; x_wconf 85' lang='lat' dir='ltr'><strong>vi-</strong></span> 
     </span>
    </p>
   </div>
   <div class='ocr_carea' id='block_1_61' title="bbox 2188 2811 3846 2885">
    <p class='ocr_par' dir='ltr' id='par_1_61' title="bbox 2188 2811 3846 2885">
     <span class='ocr_line' id='line_1_61' title="bbox 2188 2811 3846 2885; baseline 0.001 -17"><span class='ocrx_word' id='word_1_437' title='bbox 2188 2811 2345 2868; x_wconf 90' lang='lat' dir='ltr'><strong>deris</strong></span> <span class='ocrx_word' id='word_1_438' title='bbox 2393 2817 2645 2868; x_wconf 88' lang='lat' dir='ltr'><strong>enotare.</strong></span> <span class='ocrx_word' id='word_1_439' title='bbox 2699 2813 2768 2867; x_wconf 90' lang='lat' dir='ltr'><strong>Et</strong></span> <span class='ocrx_word' id='word_1_440' title='bbox 2817 2813 3045 2868; x_wconf 64' lang='lat' dir='ltr'><strong>damon</strong></span> <span class='ocrx_word' id='word_1_441' title='bbox 3094 2813 3439 2885; x_wconf 91' lang='lat' dir='ltr'><strong>respondit:</strong></span> <span class='ocrx_word' id='word_1_442' title='bbox 3477 2814 3609 2880; x_wconf 90' lang='lat' dir='ltr'><strong>Leo,</strong></span> <span class='ocrx_word' id='word_1_443' title='bbox 3651 2818 3846 2870; x_wconf 84' lang='lat' dir='ltr'><strong>vester</strong></span> 
     </span>
    </p>
   </div>
   <div class='ocr_carea' id='block_1_62' title="bbox 2189 2900 3848 2972">
    <p class='ocr_par' dir='ltr' id='par_1_62' title="bbox 2189 2900 3848 2972">
     <span class='ocr_line' id='line_1_62' title="bbox 2189 2900 3848 2972; baseline 0.001 -16"><span class='ocrx_word' id='word_1_444' title='bbox 2189 2901 2342 2972; x_wconf 89' lang='lat' dir='ltr'><strong>Papa</strong></span> <span class='ocrx_word' id='word_1_445' title='bbox 2389 2917 2455 2956; x_wconf 91' lang='lat' dir='ltr'><strong>ac</strong></span> <span class='ocrx_word' id='word_1_446' title='bbox 2503 2900 2807 2967; x_wconf 91' lang='lat' dir='ltr'><strong>Dominus,</strong></span> <span class='ocrx_word' id='word_1_447' title='bbox 2860 2918 2992 2956; x_wconf 89' lang='lat' dir='ltr'><strong>vere</strong></span> <span class='ocrx_word' id='word_1_448' title='bbox 3040 2901 3192 2955; x_wconf 88' lang='lat' dir='ltr'><strong>inter</strong></span> <span class='ocrx_word' id='word_1_449' title='bbox 3239 2901 3481 2958; x_wconf 87' lang='lat' dir='ltr'><strong>Sanctos</strong></span> <span class='ocrx_word' id='word_1_450' title='bbox 3529 2906 3637 2968; x_wconf 88' lang='lat' dir='ltr'><strong>est,</strong></span> <span class='ocrx_word' id='word_1_451' title='bbox 3689 2902 3848 2958; x_wconf 78' lang='lat' dir='ltr'><strong>inter</strong></span> 
     </span>
    </p>
   </div>
   <div class='ocr_carea' id='block_1_63' title="bbox 2187 2987 3848 3062">
    <p class='ocr_par' dir='ltr' id='par_1_63' title="bbox 2187 2987 3848 3062">
     <span class='ocr_line' id='line_1_63' title="bbox 2187 2987 3848 3062; baseline -0.002 -17"><span class='ocrx_word' id='word_1_452' title='bbox 2187 3006 2336 3060; x_wconf 89' lang='lat' dir='ltr'><strong>quos</strong></span> <span class='ocrx_word' id='word_1_453' title='bbox 2369 3005 2649 3062; x_wconf 89' lang='lat' dir='ltr'><strong>magnum</strong></span> <span class='ocrx_word' id='word_1_454' title='bbox 2680 2989 2902 3044; x_wconf 89' lang='lat' dir='ltr'><strong>obtinet</strong></span> <span class='ocrx_word' id='word_1_455' title='bbox 2930 2988 3297 3059; x_wconf 90' lang='lat' dir='ltr'><strong>triumphum</strong></span> <span class='ocrx_word' id='word_1_456' title='bbox 3332 3004 3344 3042; x_wconf 89' lang='lat'><strong>:</strong></span> <span class='ocrx_word' id='word_1_457' title='bbox 3378 2987 3480 3058; x_wconf 91' lang='lat' dir='ltr'><strong>qui</strong></span> <span class='ocrx_word' id='word_1_458' title='bbox 3506 3005 3620 3044; x_wconf 90' lang='lat' dir='ltr'><strong>non</strong></span> <span class='ocrx_word' id='word_1_459' title='bbox 3652 2993 3848 3044; x_wconf 87' lang='lat' dir='ltr'><strong>cessat</strong></span> 
     </span>
    </p>
   </div>
   <div class='ocr_carea' id='block_1_64' title="bbox 2187 3077 3842 3149">
    <p class='ocr_par' dir='ltr' id='par_1_64' title="bbox 2187 3077 3842 3149">
     <span class='ocr_line' id='line_1_64' title="bbox 2187 3077 3842 3149; baseline -0.001 -16"><span class='ocrx_word' id='word_1_460' title='bbox 2187 3077 2448 3149; x_wconf 90' lang='lat' dir='ltr'><strong>quotidie</strong></span> <span class='ocrx_word' id='word_1_461' title='bbox 2478 3077 2745 3149; x_wconf 90' lang='lat' dir='ltr'><strong>persequi</strong></span> <span class='ocrx_word' id='word_1_462' title='bbox 2789 3093 2916 3144; x_wconf 90' lang='lat' dir='ltr'><strong>nos,</strong></span> <span class='ocrx_word' id='word_1_463' title='bbox 2951 3081 3015 3131; x_wconf 93' lang='lat' dir='ltr'><strong>ut</strong></span> <span class='ocrx_word' id='word_1_464' title='bbox 3063 3080 3328 3132; x_wconf 89' lang='lat' dir='ltr'><strong>nostrum</strong></span> <span class='ocrx_word' id='word_1_465' title='bbox 3389 3077 3573 3148; x_wconf 86' lang='lat' dir='ltr'><strong>possit</strong></span> <span class='ocrx_word' id='word_1_466' title='bbox 3623 3093 3842 3133; x_wconf 85' lang='lat' dir='ltr'><strong>nomen</strong></span> 
     </span>
    </p>
   </div>
   <div class='ocr_carea' id='block_1_65' title="bbox 431 3152 3849 3238">
    <p class='ocr_par' dir='ltr' id='par_1_65' title="bbox 431 3152 3849 3238">
     <span class='ocr_line' id='line_1_65' title="bbox 431 3152 3849 3238; baseline 0.001 -20"><span class='ocrx_word' id='word_1_467' title='bbox 431 3161 546 3218; x_wconf 88' lang='lat' dir='ltr'><strong>fuit</strong></span> <span class='ocrx_word' id='word_1_468' title='bbox 576 3162 856 3235; x_wconf 90' lang='lat' dir='ltr'><strong>quietudo</strong></span> <span class='ocrx_word' id='word_1_469' title='bbox 887 3163 948 3219; x_wconf 93' lang='lat' dir='ltr'><strong>in</strong></span> <span class='ocrx_word' id='word_1_470' title='bbox 979 3165 1106 3234; x_wconf 89' lang='lat' dir='ltr'><strong>ejus</strong></span> <span class='ocrx_word' id='word_1_471' title='bbox 1137 3165 1298 3221; x_wconf 91' lang='lat' dir='ltr'><strong>obitu</strong></span> <span class='ocrx_word' id='word_1_472' title='bbox 1349 3182 1450 3237; x_wconf 90' lang='lat' dir='ltr'><strong>per</strong></span> <span class='ocrx_word' id='word_1_473' title='bbox 1497 3169 1675 3220; x_wconf 90' lang='lat' dir='ltr'><strong>totam</strong></span> <span class='ocrx_word' id='word_1_474' title='bbox 1727 3166 1930 3221; x_wconf 90' lang='lat' dir='ltr'><strong>urbem</strong></span> <span class='ocrx_word' id='word_1_475' title='bbox 1965 3166 2074 3221; x_wconf 84' lang='lat' dir='ltr'><strong>Ro-</strong></span> <span class='ocrx_word' id='word_1_476' title='bbox 2109 3152 2151 3218; x_wconf 85' lang='lat' dir='ltr'><strong>C</strong></span> <span class='ocrx_word' id='word_1_477' title='bbox 2191 3183 2468 3223; x_wconf 89' lang='lat' dir='ltr'><strong>evacuare</strong></span> <span class='ocrx_word' id='word_1_478' title='bbox 2499 3183 2510 3221; x_wconf 88' lang='lat'>:</span> <span class='ocrx_word' id='word_1_479' title='bbox 2543 3182 2646 3238; x_wconf 89' lang='lat' dir='ltr'><strong>per</strong></span> <span class='ocrx_word' id='word_1_480' title='bbox 2674 3182 2848 3236; x_wconf 89' lang='lat' dir='ltr'><strong>quem</strong></span> <span class='ocrx_word' id='word_1_481' title='bbox 2881 3170 2938 3220; x_wconf 90' lang='lat' dir='ltr'><strong>et</strong></span> <span class='ocrx_word' id='word_1_482' title='bbox 2966 3164 3140 3220; x_wconf 90' lang='lat' dir='ltr'><strong>hodie</strong></span> <span class='ocrx_word' id='word_1_483' title='bbox 3169 3165 3239 3220; x_wconf 89' lang='lat' dir='ltr'><strong>de</strong></span> <span class='ocrx_word' id='word_1_484' title='bbox 3269 3164 3377 3220; x_wconf 90' lang='lat' dir='ltr'><strong>hac</strong></span> <span class='ocrx_word' id='word_1_485' title='bbox 3406 3166 3580 3221; x_wconf 91' lang='lat' dir='ltr'><strong>domo</strong></span> <span class='ocrx_word' id='word_1_486' title='bbox 3611 3165 3849 3237; x_wconf 89' lang='lat' dir='ltr'><strong>ejicien-</strong></span> 
     </span>
    </p>
   </div>
   <div class='ocr_carea' id='block_1_66' title="bbox 433 3254 2082 3321">
    <p class='ocr_par' dir='ltr' id='par_1_66' title="bbox 433 3254 2082 3321">
     <span class='ocr_line' id='line_1_66' title="bbox 433 3254 2082 3321; baseline 0.002 -14"><span class='ocrx_word' id='word_1_487' title='bbox 433 3267 692 3321; x_wconf 87' lang='lat' dir='ltr'><strong>manam,</strong></span> <span class='ocrx_word' id='word_1_488' title='bbox 720 3255 783 3307; x_wconf 91' lang='lat' dir='ltr'><strong>ut</strong></span> <span class='ocrx_word' id='word_1_489' title='bbox 831 3269 936 3308; x_wconf 90' lang='lat' dir='ltr'><strong>nec</strong></span> <span class='ocrx_word' id='word_1_490' title='bbox 983 3254 1258 3309; x_wconf 89' lang='lat' dir='ltr'><strong>arborum</strong></span> <span class='ocrx_word' id='word_1_491' title='bbox 1311 3255 1546 3309; x_wconf 84' lang='lat' dir='ltr'><strong>frondes</strong></span> <span class='ocrx_word' id='word_1_492' title='bbox 1596 3271 1740 3309; x_wconf 90' lang='lat' dir='ltr'><strong>aura</strong></span> <span class='ocrx_word' id='word_1_493' title='bbox 1785 3254 2082 3310; x_wconf 89' lang='lat' dir='ltr'><strong>modicum</strong></span> 
     </span>
    </p>
   </div>
   <div class='ocr_carea' id='block_1_67' title="bbox 434 3340 2079 3412">
    <p class='ocr_par' dir='ltr' id='par_1_67' title="bbox 434 3340 2079 3412">
     <span class='ocr_line' id='line_1_67' title="bbox 434 3340 2079 3412; baseline 0.001 -16"><span class='ocrx_word' id='word_1_494' title='bbox 434 3340 863 3411; x_wconf 86' lang='lat' dir='ltr'><strong>agitaret.0biit</strong></span> <span class='ocrx_word' id='word_1_495' title='bbox 891 3341 1084 3397; x_wconf 85' lang='lat' dir='ltr'><strong>autem</strong></span> <span class='ocrx_word' id='word_1_496' title='bbox 1117 3341 1500 3397; x_wconf 90' lang='lat' dir='ltr'><strong>Beatissimus</strong></span> <span class='ocrx_word' id='word_1_497' title='bbox 1533 3343 1641 3397; x_wconf 91' lang='lat' dir='ltr'><strong>Leo</strong></span> <span class='ocrx_word' id='word_1_498' title='bbox 1665 3347 1815 3412; x_wconf 77' lang='lat' dir='ltr'><strong>Papa</strong></span> <span class='ocrx_word' id='word_1_499' title='bbox 1834 3360 1935 3397; x_wconf 80' lang='lat' dir='ltr'>x111</span> <span class='ocrx_word' id='word_1_500' title='bbox 1973 3345 2079 3398; x_wconf 88' lang='lat' dir='ltr'><strong>Ka-</strong></span> 
     </span>
    </p>
   </div>
   <div class='ocr_carea' id='block_1_68' title="bbox 435 3427 2084 3502">
    <p class='ocr_par' dir='ltr' id='par_1_68' title="bbox 435 3427 2084 3502">
     <span class='ocr_line' id='line_1_68' title="bbox 435 3427 2084 3502; baseline 0.003 -20"><span class='ocrx_word' id='word_1_501' title='bbox 435 3427 639 3482; x_wconf 87' lang='lat' dir='ltr'><strong>lendas</strong></span> <span class='ocrx_word' id='word_1_502' title='bbox 669 3427 875 3494; x_wconf 89' lang='lat' dir='ltr'><strong>Maias,</strong></span> <span class='ocrx_word' id='word_1_503' title='bbox 899 3429 1044 3484; x_wconf 88' lang='lat' dir='ltr'><strong>feria</strong></span> <span class='ocrx_word' id='word_1_504' title='bbox 1072 3446 1147 3496; x_wconf 87' lang='lat' dir='ltr'><strong>1v,</strong></span> <span class='ocrx_word' id='word_1_505' title='bbox 1181 3433 1237 3484; x_wconf 90' lang='lat' dir='ltr'><strong>et</strong></span> <span class='ocrx_word' id='word_1_506' title='bbox 1268 3429 1534 3500; x_wconf 89' lang='lat' dir='ltr'><strong>sepultus</strong></span> <span class='ocrx_word' id='word_1_507' title='bbox 1565 3435 1655 3485; x_wconf 89' lang='lat' dir='ltr'><strong>est</strong></span> <span class='ocrx_word' id='word_1_508' title='bbox 1684 3431 1743 3485; x_wconf 88' lang='lat' dir='ltr'><strong>in</strong></span> <span class='ocrx_word' id='word_1_509' title='bbox 1775 3431 2084 3502; x_wconf 85' lang='lat' dir='ltr'><strong>pace.Vere</strong></span> 
     </span>
    </p>
   </div>
   <div class='ocr_carea' id='block_1_69' title="bbox 435 3511 2084 3595">
    <p class='ocr_par' dir='ltr' id='par_1_69' title="bbox 435 3511 2084 3595">
     <span class='ocr_line' id='line_1_69' title="bbox 435 3511 2084 3595; baseline 0.004 -27"><span class='ocrx_word' id='word_1_510' title='bbox 435 3511 592 3568; x_wconf 87' lang='lat' dir='ltr'><strong>enim</strong></span> <span class='ocrx_word' id='word_1_511' title='bbox 623 3513 778 3595; x_wconf 83' lang='lat' dir='ltr'><strong>Deus</strong></span> <span class='ocrx_word' id='word_1_512' title='bbox 807 3529 914 3569; x_wconf 91' lang='lat' dir='ltr'><strong>sua</strong></span> <span class='ocrx_word' id='word_1_513' title='bbox 944 3513 1155 3586; x_wconf 88' lang='lat' dir='ltr'><strong>pietate</strong></span> <span class='ocrx_word' id='word_1_514' title='bbox 1185 3516 1350 3586; x_wconf 92' lang='lat' dir='ltr'><strong>pium</strong></span> <span class='ocrx_word' id='word_1_515' title='bbox 1396 3517 1646 3572; x_wconf 89' lang='lat' dir='ltr'><strong>Leonem</strong></span> <span class='ocrx_word' id='word_1_516' title='bbox 1678 3518 1831 3572; x_wconf 89' lang='lat' dir='ltr'><strong>fecit.</strong></span> <span class='ocrx_word' id='word_1_517' title='bbox 1868 3519 1979 3574; x_wconf 88' lang='lat' dir='ltr'><strong>Sed</strong></span> <span class='ocrx_word' id='word_1_518' title='bbox 2011 3535 2084 3574; x_wconf 91' lang='lat' dir='ltr'><strong>ne</strong></span> 
     </span>
    </p>
   </div>
   <div class='ocr_carea' id='block_1_70' title="bbox 433 3601 2079 3678">
    <p class='ocr_par' dir='ltr' id='par_1_70' title="bbox 433 3601 2079 3678">
     <span class='ocr_line' id='line_1_70' title="bbox 433 3601 2079 3678; baseline 0.002 -21"><span class='ocrx_word' id='word_1_519' title='bbox 433 3601 716 3673; x_wconf 89' lang='lat' dir='ltr'><strong>temporis</strong></span> <span class='ocrx_word' id='word_1_520' title='bbox 745 3602 991 3659; x_wconf 87' lang='lat' dir='ltr'><strong>tarditas</strong></span> <span class='ocrx_word' id='word_1_521' title='bbox 1024 3619 1116 3659; x_wconf 90' lang='lat' dir='ltr'><strong>me</strong></span> <span class='ocrx_word' id='word_1_522' title='bbox 1146 3605 1616 3676; x_wconf 90' lang='lat' dir='ltr'><strong>comprehendat,</strong></span> <span class='ocrx_word' id='word_1_523' title='bbox 1644 3607 1714 3661; x_wconf 89' lang='lat' dir='ltr'><strong>ad</strong></span> <span class='ocrx_word' id='word_1_524' title='bbox 1749 3622 1816 3661; x_wconf 91' lang='lat' dir='ltr'><strong>ea</strong></span> <span class='ocrx_word' id='word_1_525' title='bbox 1845 3623 1970 3678; x_wconf 84' lang='lat' dir='ltr'><strong>quae</strong></span> <span class='ocrx_word' id='word_1_526' title='bbox 1993 3607 2079 3661; x_wconf 87' lang='lat' dir='ltr'><strong>di-</strong></span> 
     </span>
    </p>
   </div>
   <div class='ocr_carea' id='block_1_71' title="bbox 433 3690 2081 3764">
    <p class='ocr_par' dir='ltr' id='par_1_71' title="bbox 433 3690 2081 3764">
     <span class='ocr_line' id='line_1_71' title="bbox 433 3690 2081 3764; baseline 0.003 -18"><span class='ocrx_word' id='word_1_527' title='bbox 433 3693 637 3746; x_wconf 84' lang='lat' dir='ltr'><strong>cturus</strong></span> <span class='ocrx_word' id='word_1_528' title='bbox 668 3707 800 3746; x_wconf 88' lang='lat' dir='ltr'><strong>sum</strong></span> <span class='ocrx_word' id='word_1_529' title='bbox 834 3690 1116 3764; x_wconf 88' lang='lat' dir='ltr'><strong>attingam</strong></span> <span class='ocrx_word' id='word_1_530' title='bbox 1151 3710 1164 3748; x_wconf 89' lang='lat'><strong>:</strong></span> <span class='ocrx_word' id='word_1_531' title='bbox 1199 3709 1335 3747; x_wconf 89' lang='lat' dir='ltr'><strong>nam</strong></span> <span class='ocrx_word' id='word_1_532' title='bbox 1365 3692 1479 3748; x_wconf 88' lang='lat' dir='ltr'><strong>ista</strong></span> <span class='ocrx_word' id='word_1_533' title='bbox 1510 3709 1694 3763; x_wconf 83' lang='lat' dir='ltr'><strong>pauca</strong></span> <span class='ocrx_word' id='word_1_534' title='bbox 1732 3695 2081 3751; x_wconf 89' lang='lat' dir='ltr'><strong>detersimus</strong></span> 
     </span>
    </p>
   </div>
   <div class='ocr_carea' id='block_1_72' title="bbox 433 3778 2083 3856">
    <p class='ocr_par' dir='ltr' id='par_1_72' title="bbox 433 3778 2083 3856">
     <span class='ocr_line' id='line_1_72' title="bbox 433 3778 2083 3856; baseline 0.004 -22"><span class='ocrx_word' id='word_1_535' title='bbox 433 3779 505 3834; x_wconf 89' lang='lat' dir='ltr'><strong>de</strong></span> <span class='ocrx_word' id='word_1_536' title='bbox 533 3779 662 3850; x_wconf 89' lang='lat' dir='ltr'><strong>ejus</strong></span> <span class='ocrx_word' id='word_1_537' title='bbox 690 3778 825 3835; x_wconf 90' lang='lat' dir='ltr'><strong>Vita</strong></span> <span class='ocrx_word' id='word_1_538' title='bbox 853 3780 925 3835; x_wconf 92' lang='lat' dir='ltr'><strong>de</strong></span> <span class='ocrx_word' id='word_1_539' title='bbox 955 3780 1188 3848; x_wconf 88' lang='lat' dir='ltr'><strong>multis;</strong></span> <span class='ocrx_word' id='word_1_540' title='bbox 1220 3782 1322 3836; x_wconf 91' lang='lat' dir='ltr'><strong>sed</strong></span> <span class='ocrx_word' id='word_1_541' title='bbox 1372 3782 1441 3836; x_wconf 91' lang='lat' dir='ltr'><strong>de</strong></span> <span class='ocrx_word' id='word_1_542' title='bbox 1490 3781 1790 3839; x_wconf 90' lang='lat' dir='ltr'><strong>miraculis</strong></span> <span class='ocrx_word' id='word_1_543' title='bbox 1820 3800 1946 3855; x_wconf 67' lang='lat' dir='ltr'><strong>quae</strong></span> <span class='ocrx_word' id='word_1_544' title='bbox 1981 3800 2083 3856; x_wconf 91' lang='lat' dir='ltr'><strong>per</strong></span> 
     </span>
    </p>
   </div>
   <div class='ocr_carea' id='block_1_73' title="bbox 432 3867 2078 3942">
    <p class='ocr_par' dir='ltr' id='par_1_73' title="bbox 432 3867 2078 3942">
     <span class='ocr_line' id='line_1_73' title="bbox 432 3867 2078 3942; baseline 0.004 -20"><span class='ocrx_word' id='word_1_545' title='bbox 432 3882 567 3923; x_wconf 90' lang='lat' dir='ltr'><strong>eum</strong></span> <span class='ocrx_word' id='word_1_546' title='bbox 620 3867 906 3924; x_wconf 91' lang='lat' dir='ltr'><strong>Dominus</strong></span> <span class='ocrx_word' id='word_1_547' title='bbox 957 3869 1232 3941; x_wconf 90' lang='lat' dir='ltr'><strong>dignatus</strong></span> <span class='ocrx_word' id='word_1_548' title='bbox 1281 3874 1370 3926; x_wconf 87' lang='lat' dir='ltr'><strong>est</strong></span> <span class='ocrx_word' id='word_1_549' title='bbox 1415 3875 1546 3942; x_wconf 91' lang='lat' dir='ltr'><strong>post</strong></span> <span class='ocrx_word' id='word_1_550' title='bbox 1591 3872 1718 3942; x_wconf 90' lang='lat' dir='ltr'><strong>ejus</strong></span> <span class='ocrx_word' id='word_1_551' title='bbox 1765 3875 2078 3929; x_wconf 88' lang='lat' dir='ltr'><strong>transitum</strong></span> 
     </span>
    </p>
   </div>
   <div class='ocr_carea' id='block_1_74' title="bbox 433 3955 1403 4022">
    <p class='ocr_par' dir='ltr' id='par_1_74' title="bbox 433 3955 1403 4022">
     <span class='ocr_line' id='line_1_74' title="bbox 433 3955 1403 4022; baseline 0.005 -12"><span class='ocrx_word' id='word_1_552' title='bbox 433 3955 760 4022; x_wconf 88' lang='lat' dir='ltr'><strong>ostendere,</strong></span> <span class='ocrx_word' id='word_1_553' title='bbox 794 3955 1042 4012; x_wconf 82' lang='lat' dir='ltr'><strong>fideliter</strong></span> <span class='ocrx_word' id='word_1_554' title='bbox 1067 3960 1403 4015; x_wconf 88' lang='lat' dir='ltr'><strong>doceamus.</strong></span> 
     </span>
    </p>
   </div>
   <div class='ocr_carea' id='block_1_75' title="bbox 1083 4048 1424 4104">
    <p class='ocr_par' dir='ltr' id='par_1_75' title="bbox 1083 4048 1424 4104">
     <span class='ocr_line' id='line_1_75' title="bbox 1083 4048 1424 4104; baseline 0.006 -2"><span class='ocrx_word' id='word_1_555' title='bbox 1083 4048 1316 4102; x_wconf 83' lang='lat' dir='ltr'><strong>CAPUT</strong></span> <span class='ocrx_word' id='word_1_556' title='bbox 1355 4050 1424 4104; x_wconf 90' lang='lat' dir='ltr'><strong>Il.</strong></span> 
     </span>
    </p>
   </div>
   <div class='ocr_carea' id='block_1_76' title="bbox 431 4130 2068 4206">
    <p class='ocr_par' dir='ltr' id='par_1_76' title="bbox 431 4130 2068 4206">
     <span class='ocr_line' id='line_1_76' title="bbox 431 4130 2068 4206; baseline 0.007 -20"><span class='ocrx_word' id='word_1_557' title='bbox 431 4130 698 4186; x_wconf 77' lang='lat' dir='ltr'><strong>Miracula</strong></span> <span class='ocrx_word' id='word_1_558' title='bbox 720 4134 842 4202; x_wconf 82' lang='lat' dir='ltr'><strong>post</strong></span> <span class='ocrx_word' id='word_1_559' title='bbox 868 4138 1100 4189; x_wconf 82' lang='lat' dir='ltr'><strong>mortem</strong></span> <span class='ocrx_word' id='word_1_560' title='bbox 1127 4152 1296 4206; x_wconf 81' lang='lat' dir='ltr'><strong>usque</strong></span> <span class='ocrx_word' id='word_1_561' title='bbox 1324 4136 1395 4190; x_wconf 79' lang='lat' dir='ltr'><strong>ad</strong></span> <span class='ocrx_word' id='word_1_562' title='bbox 1425 4139 1674 4205; x_wconf 79' lang='lat' dir='ltr'><strong>vigiliam</strong></span> <span class='ocrx_word' id='word_1_563' title='bbox 1705 4138 2068 4198; x_wconf 78' lang='lat' dir='ltr'><strong>Ascensionis.</strong></span> 
     </span>
    </p>
   </div>
   <div class='ocr_carea' id='block_1_77' title="bbox 505 4218 2077 4300">
    <p class='ocr_par' dir='ltr' id='par_1_77' title="bbox 505 4218 2077 4300">
     <span class='ocr_line' id='line_1_77' title="bbox 505 4218 2077 4300; baseline 0.008 -26"><span class='ocrx_word' id='word_1_564' title='bbox 505 4220 558 4274; x_wconf 89' lang='lat'><strong>8.</strong></span> <span class='ocrx_word' id='word_1_565' title='bbox 582 4218 782 4275; x_wconf 87' lang='lat' dir='ltr'><strong>Altera</strong></span> <span class='ocrx_word' id='word_1_566' title='bbox 811 4235 944 4276; x_wconf 91' lang='lat' dir='ltr'><strong>vero</strong></span> <span class='ocrx_word' id='word_1_567' title='bbox 973 4223 1067 4277; x_wconf 91' lang='lat' dir='ltr'><strong>die</strong></span> <span class='ocrx_word' id='word_1_568' title='bbox 1098 4227 1230 4294; x_wconf 88' lang='lat' dir='ltr'><strong>post</strong></span> <span class='ocrx_word' id='word_1_569' title='bbox 1259 4225 1386 4292; x_wconf 76' lang='lat' dir='ltr'><strong>ejus</strong></span> <span class='ocrx_word' id='word_1_570' title='bbox 1408 4225 1926 4300; x_wconf 68' lang='lat' dir='ltr'><strong>obitum,quaadam</strong></span> <span class='ocrx_word' id='word_1_571' title='bbox 1951 4247 2077 4285; x_wconf 90' lang='lat' dir='ltr'><strong>mu-</strong></span> 
     </span>
    </p>
   </div>
   <div class='ocr_carea' id='block_1_78' title="bbox 431 4307 2075 4381">
    <p class='ocr_par' dir='ltr' id='par_1_78' title="bbox 431 4307 2075 4381">
     <span class='ocr_line' id='line_1_78' title="bbox 431 4307 2075 4381; baseline 0.007 -18"><span class='ocrx_word' id='word_1_572' title='bbox 431 4307 539 4364; x_wconf 91' lang='lat' dir='ltr'><strong>lier</strong></span> <span class='ocrx_word' id='word_1_573' title='bbox 566 4307 638 4363; x_wconf 90' lang='lat' dir='ltr'><strong>de</strong></span> <span class='ocrx_word' id='word_1_574' title='bbox 669 4308 891 4365; x_wconf 68' lang='lat' dir='ltr'><strong>Tusciae</strong></span> <span class='ocrx_word' id='word_1_575' title='bbox 941 4311 1205 4381; x_wconf 88' lang='lat' dir='ltr'><strong>partibus</strong></span> <span class='ocrx_word' id='word_1_576' title='bbox 1253 4313 1410 4367; x_wconf 89' lang='lat' dir='ltr'><strong>venit</strong></span> <span class='ocrx_word' id='word_1_577' title='bbox 1458 4315 1530 4368; x_wconf 90' lang='lat' dir='ltr'><strong>ad</strong></span> <span class='ocrx_word' id='word_1_578' title='bbox 1579 4315 1883 4372; x_wconf 90' lang='lat' dir='ltr'><strong>ecclesiam</strong></span> <span class='ocrx_word' id='word_1_579' title='bbox 1918 4319 2075 4374; x_wconf 90' lang='lat' dir='ltr'><strong>Beati</strong></span> 
     </span>
    </p>
   </div>
   <div class='ocr_carea' id='block_1_79' title="bbox 430 4395 2075 4475">
    <p class='ocr_par' dir='ltr' id='par_1_79' title="bbox 430 4395 2075 4475">
     <span class='ocr_line' id='line_1_79' title="bbox 430 4395 2075 4475; baseline 0.007 -24"><span class='ocrx_word' id='word_1_580' title='bbox 430 4395 697 4469; x_wconf 85' lang='lat' dir='ltr'><strong>Apostoli</strong></span> <span class='ocrx_word' id='word_1_581' title='bbox 728 4413 741 4451; x_wconf 89' lang='lat'>:</span> <span class='ocrx_word' id='word_1_582' title='bbox 776 4401 833 4454; x_wconf 91' lang='lat' dir='ltr'><strong>et</strong></span> <span class='ocrx_word' id='word_1_583' title='bbox 862 4414 995 4453; x_wconf 89' lang='lat' dir='ltr'><strong>cum</strong></span> <span class='ocrx_word' id='word_1_584' title='bbox 1025 4399 1296 4471; x_wconf 63' lang='lat' dir='ltr'><strong>coepisset</strong></span> <span class='ocrx_word' id='word_1_585' title='bbox 1342 4417 1444 4473; x_wconf 91' lang='lat' dir='ltr'><strong>per</strong></span> <span class='ocrx_word' id='word_1_586' title='bbox 1488 4404 1706 4474; x_wconf 89' lang='lat' dir='ltr'><strong>gradus</strong></span> <span class='ocrx_word' id='word_1_587' title='bbox 1745 4407 2075 4475; x_wconf 90' lang='lat' dir='ltr'><strong>ascendere,</strong></span> 
     </span>
    </p>
   </div>
   <div class='ocr_carea' id='block_1_80' title="bbox 2193 3252 3848 3327">
    <p class='ocr_par' dir='ltr' id='par_1_80' title="bbox 2193 3252 3848 3327">
     <span class='ocr_line' id='line_1_80' title="bbox 2193 3252 3848 3327; baseline 0.001 -17"><span class='ocrx_word' id='word_1_588' title='bbox 2193 3257 2304 3311; x_wconf 91' lang='lat' dir='ltr'><strong>dus</strong></span> <span class='ocrx_word' id='word_1_589' title='bbox 2333 3272 2487 3310; x_wconf 90' lang='lat' dir='ltr'><strong>sum.</strong></span> <span class='ocrx_word' id='word_1_590' title='bbox 2521 3255 2680 3310; x_wconf 89' lang='lat' dir='ltr'><strong>Talia</strong></span> <span class='ocrx_word' id='word_1_591' title='bbox 2709 3270 2775 3309; x_wconf 90' lang='lat' dir='ltr'><strong>eo</strong></span> <span class='ocrx_word' id='word_1_592' title='bbox 2806 3252 3275 3320; x_wconf 89' lang='lat' dir='ltr'><strong>dicente,mulier</strong></span> <span class='ocrx_word' id='word_1_593' title='bbox 3303 3254 3572 3324; x_wconf 59' lang='lat' dir='ltr'><strong>quaedam</strong></span> <span class='ocrx_word' id='word_1_594' title='bbox 3604 3270 3848 3327; x_wconf 89' lang='lat' dir='ltr'><strong>respon-</strong></span> 
     </span>
    </p>
   </div>
   <div class='ocr_carea' id='block_1_81' title="bbox 2190 3342 3848 3414">
    <p class='ocr_par' dir='ltr' id='par_1_81' title="bbox 2190 3342 3848 3414">
     <span class='ocr_line' id='line_1_81' title="bbox 2190 3342 3848 3414; baseline 0.001 -15"><span class='ocrx_word' id='word_1_595' title='bbox 2190 3345 2454 3414; x_wconf 90' lang='lat' dir='ltr'><strong>dit,inter</strong></span> <span class='ocrx_word' id='word_1_596' title='bbox 2483 3348 2719 3398; x_wconf 66' lang='lat' dir='ltr'><strong>caeteros</strong></span> <span class='ocrx_word' id='word_1_597' title='bbox 2751 3346 2945 3398; x_wconf 90' lang='lat' dir='ltr'><strong>mente</strong></span> <span class='ocrx_word' id='word_1_598' title='bbox 2975 3343 3198 3414; x_wconf 77' lang='lat' dir='ltr'><strong>perfida</strong></span> <span class='ocrx_word' id='word_1_599' title='bbox 3247 3342 3584 3413; x_wconf 88' lang='lat' dir='ltr'><strong>dicens(68):</strong></span> <span class='ocrx_word' id='word_1_600' title='bbox 3607 3344 3669 3398; x_wconf 93' lang='lat' dir='ltr'><strong>In</strong></span> <span class='ocrx_word' id='word_1_601' title='bbox 3699 3343 3848 3400; x_wconf 87' lang='lat' dir='ltr'><strong>hora</strong></span> 
     </span>
    </p>
   </div>
   <div class='ocr_carea' id='block_1_82' title="bbox 2192 3430 3847 3504">
    <p class='ocr_par' dir='ltr' id='par_1_82' title="bbox 2192 3430 3847 3504">
     <span class='ocr_line' id='line_1_82' title="bbox 2192 3430 3847 3504; baseline 0 -16"><span class='ocrx_word' id='word_1_602' title='bbox 2192 3451 2310 3504; x_wconf 90' lang='lat' dir='ltr'><strong>qua</strong></span> <span class='ocrx_word' id='word_1_603' title='bbox 2340 3433 2452 3488; x_wconf 90' lang='lat' dir='ltr'><strong>Leo</strong></span> <span class='ocrx_word' id='word_1_604' title='bbox 2486 3437 2640 3503; x_wconf 89' lang='lat' dir='ltr'><strong>Papa</strong></span> <span class='ocrx_word' id='word_1_605' title='bbox 2669 3431 2961 3486; x_wconf 68' lang='lat' dir='ltr'><strong>daemones</strong></span> <span class='ocrx_word' id='word_1_606' title='bbox 2995 3430 3302 3502; x_wconf 85' lang='lat' dir='ltr'><strong>fugaverit,</strong></span> <span class='ocrx_word' id='word_1_607' title='bbox 3333 3447 3438 3503; x_wconf 88' lang='lat' dir='ltr'><strong>ego</strong></span> <span class='ocrx_word' id='word_1_608' title='bbox 3468 3431 3672 3503; x_wconf 87' lang='lat' dir='ltr'><strong>regina</strong></span> <span class='ocrx_word' id='word_1_609' title='bbox 3703 3449 3807 3488; x_wconf 85' lang='lat' dir='ltr'><strong>ero</strong></span> <span class='ocrx_word' id='word_1_610' title='bbox 3833 3452 3847 3502; x_wconf 90' lang='lat'><strong>;</strong></span> 
     </span>
    </p>
   </div>
   <div class='ocr_carea' id='block_1_83' title="bbox 2192 3517 3849 3592">
    <p class='ocr_par' dir='ltr' id='par_1_83' title="bbox 2192 3517 3849 3592">
     <span class='ocr_line' id='line_1_83' title="bbox 2192 3517 3849 3592; baseline 0.001 -16"><span class='ocrx_word' id='word_1_611' title='bbox 2192 3525 2249 3576; x_wconf 91' lang='lat' dir='ltr'><strong>et</strong></span> <span class='ocrx_word' id='word_1_612' title='bbox 2295 3537 2498 3576; x_wconf 90' lang='lat' dir='ltr'><strong>omnes</strong></span> <span class='ocrx_word' id='word_1_613' title='bbox 2530 3537 2675 3592; x_wconf 89' lang='lat' dir='ltr'><strong>quos</strong></span> <span class='ocrx_word' id='word_1_614' title='bbox 2707 3519 2841 3574; x_wconf 88' lang='lat' dir='ltr'><strong>fecit</strong></span> <span class='ocrx_word' id='word_1_615' title='bbox 2869 3519 3062 3592; x_wconf 90' lang='lat' dir='ltr'><strong>gladio</strong></span> <span class='ocrx_word' id='word_1_616' title='bbox 3094 3517 3322 3591; x_wconf 91' lang='lat' dir='ltr'><strong>perimi,</strong></span> <span class='ocrx_word' id='word_1_617' title='bbox 3355 3535 3460 3592; x_wconf 88' lang='lat' dir='ltr'><strong>ego</strong></span> <span class='ocrx_word' id='word_1_618' title='bbox 3501 3519 3706 3576; x_wconf 87' lang='lat' dir='ltr'><strong>statim</strong></span> <span class='ocrx_word' id='word_1_619' title='bbox 3759 3539 3849 3578; x_wconf 86' lang='lat' dir='ltr'><strong>re-</strong></span> 
     </span>
    </p>
   </div>
   <div class='ocr_carea' id='block_1_84' title="bbox 2191 3607 3852 3680">
    <p class='ocr_par' dir='ltr' id='par_1_84' title="bbox 2191 3607 3852 3680">
     <span class='ocr_line' id='line_1_84' title="bbox 2191 3607 3852 3680; baseline 0.001 -14"><span class='ocrx_word' id='word_1_620' title='bbox 2191 3610 2511 3666; x_wconf 90' lang='lat' dir='ltr'><strong>suscitabo.</strong></span> <span class='ocrx_word' id='word_1_621' title='bbox 2544 3609 2653 3664; x_wconf 87' lang='lat' dir='ltr'><strong>Vix</strong></span> <span class='ocrx_word' id='word_1_622' title='bbox 2705 3608 2845 3664; x_wconf 88' lang='lat' dir='ltr'><strong>talia</strong></span> <span class='ocrx_word' id='word_1_623' title='bbox 2892 3607 3281 3680; x_wconf 88' lang='lat' dir='ltr'><strong>compleverat</strong></span> <span class='ocrx_word' id='word_1_624' title='bbox 3323 3609 3521 3678; x_wconf 90' lang='lat' dir='ltr'><strong>verba,</strong></span> <span class='ocrx_word' id='word_1_625' title='bbox 3564 3610 3764 3666; x_wconf 88' lang='lat' dir='ltr'><strong>subito</strong></span> <span class='ocrx_word' id='word_1_626' title='bbox 3816 3628 3852 3668; x_wconf 92' lang='lat' dir='ltr'><strong>a</strong></span> 
     </span>
    </p>
   </div>
   <div class='ocr_carea' id='block_1_85' title="bbox 2191 3695 3850 3769">
    <p class='ocr_par' dir='ltr' id='par_1_85' title="bbox 2191 3695 3850 3769">
     <span class='ocr_line' id='line_1_85' title="bbox 2191 3695 3850 3769; baseline 0.001 -16"><span class='ocrx_word' id='word_1_627' title='bbox 2191 3698 2477 3754; x_wconf 68' lang='lat' dir='ltr'><strong>daemonio</strong></span> <span class='ocrx_word' id='word_1_628' title='bbox 2508 3697 2820 3753; x_wconf 89' lang='lat' dir='ltr'><strong>crudeliter</strong></span> <span class='ocrx_word' id='word_1_629' title='bbox 2849 3697 3022 3769; x_wconf 76' lang='lat' dir='ltr'><strong>cmpit</strong></span> <span class='ocrx_word' id='word_1_630' title='bbox 3048 3697 3269 3765; x_wconf 86' lang='lat' dir='ltr'><strong>vexari;</strong></span> <span class='ocrx_word' id='word_1_631' title='bbox 3312 3695 3412 3752; x_wconf 88' lang='lat' dir='ltr'><strong>illa</strong></span> <span class='ocrx_word' id='word_1_632' title='bbox 3462 3702 3656 3769; x_wconf 88' lang='lat' dir='ltr'><strong>autem</strong></span> <span class='ocrx_word' id='word_1_633' title='bbox 3705 3715 3850 3755; x_wconf 85' lang='lat' dir='ltr'><strong>mu-</strong></span> 
     </span>
    </p>
   </div>
   <div class='ocr_carea' id='block_1_86' title="bbox 2190 3787 3851 3858">
    <p class='ocr_par' dir='ltr' id='par_1_86' title="bbox 2190 3787 3851 3858">
     <span class='ocr_line' id='line_1_86' title="bbox 2190 3787 3851 3858; baseline 0.002 -15"><span class='ocrx_word' id='word_1_634' title='bbox 2190 3787 2314 3853; x_wconf 90' lang='lat' dir='ltr'><strong>lier,</strong></span> <span class='ocrx_word' id='word_1_635' title='bbox 2349 3805 2474 3858; x_wconf 66' lang='lat' dir='ltr'><strong>quae</strong></span> <span class='ocrx_word' id='word_1_636' title='bbox 2507 3804 2540 3842; x_wconf 93' lang='lat' dir='ltr'><strong>a</strong></span> <span class='ocrx_word' id='word_1_637' title='bbox 2571 3787 2796 3843; x_wconf 84' lang='lat' dir='ltr'><strong>Tusciae</strong></span> <span class='ocrx_word' id='word_1_638' title='bbox 2828 3787 3088 3858; x_wconf 89' lang='lat' dir='ltr'><strong>partibus</strong></span> <span class='ocrx_word' id='word_1_639' title='bbox 3116 3791 3370 3856; x_wconf 87' lang='lat' dir='ltr'><strong>venerat,</strong></span> <span class='ocrx_word' id='word_1_640' title='bbox 3403 3789 3609 3845; x_wconf 89' lang='lat' dir='ltr'><strong>eadem</strong></span> <span class='ocrx_word' id='word_1_641' title='bbox 3640 3789 3795 3846; x_wconf 85' lang='lat' dir='ltr'><strong>hora</strong></span> <span class='ocrx_word' id='word_1_642' title='bbox 3815 3809 3851 3847; x_wconf 87' lang='lat' dir='ltr'><strong>a</strong></span> 
     </span>
    </p>
   </div>
   <div class='ocr_carea' id='block_1_87' title="bbox 2190 3875 3851 3950">
    <p class='ocr_par' dir='ltr' id='par_1_87' title="bbox 2190 3875 3851 3950">
     <span class='ocr_line' id='line_1_87' title="bbox 2190 3875 3851 3950; baseline 0.002 -18"><span class='ocrx_word' id='word_1_643' title='bbox 2190 3877 2475 3932; x_wconf 78' lang='lat' dir='ltr'><strong>daemonio</strong></span> <span class='ocrx_word' id='word_1_644' title='bbox 2507 3880 2595 3932; x_wconf 88' lang='lat' dir='ltr'><strong>est</strong></span> <span class='ocrx_word' id='word_1_645' title='bbox 2623 3875 2888 3932; x_wconf 88' lang='lat' dir='ltr'><strong>liberata.</strong></span> <span class='ocrx_word' id='word_1_646' title='bbox 2924 3878 3088 3932; x_wconf 90' lang='lat' dir='ltr'><strong>Tunc</strong></span> <span class='ocrx_word' id='word_1_647' title='bbox 3119 3893 3321 3932; x_wconf 90' lang='lat' dir='ltr'><strong>omnes</strong></span> <span class='ocrx_word' id='word_1_648' title='bbox 3343 3877 3544 3949; x_wconf 88' lang='lat' dir='ltr'><strong>populi</strong></span> <span class='ocrx_word' id='word_1_649' title='bbox 3578 3879 3679 3950; x_wconf 89' lang='lat' dir='ltr'><strong>qui</strong></span> <span class='ocrx_word' id='word_1_650' title='bbox 3713 3879 3851 3936; x_wconf 56' lang='lat' dir='ltr'><strong>ade.</strong></span> 
     </span>
    </p>
   </div>
   <div class='ocr_carea' id='block_1_88' title="bbox 2188 3964 3852 4037">
    <p class='ocr_par' dir='ltr' id='par_1_88' title="bbox 2188 3964 3852 4037">
     <span class='ocr_line' id='line_1_88' title="bbox 2188 3964 3852 4037; baseline 0.004 -18"><span class='ocrx_word' id='word_1_651' title='bbox 2188 3970 2321 4020; x_wconf 91' lang='lat' dir='ltr'><strong>rant</strong></span> <span class='ocrx_word' id='word_1_652' title='bbox 2345 3969 2647 4036; x_wconf 63' lang='lat' dir='ltr'><strong>coeperunt</strong></span> <span class='ocrx_word' id='word_1_653' title='bbox 2677 3981 2792 4036; x_wconf 66' lang='lat' dir='ltr'><strong>pra:</strong></span> <span class='ocrx_word' id='word_1_654' title='bbox 2824 3964 3035 4021; x_wconf 89' lang='lat' dir='ltr'><strong>timore</strong></span> <span class='ocrx_word' id='word_1_655' title='bbox 3076 3981 3204 4021; x_wconf 90' lang='lat' dir='ltr'><strong>esse</strong></span> <span class='ocrx_word' id='word_1_656' title='bbox 3234 3965 3545 4037; x_wconf 88' lang='lat' dir='ltr'><strong>perterriti,</strong></span> <span class='ocrx_word' id='word_1_657' title='bbox 3576 3966 3852 4024; x_wconf 88' lang='lat' dir='ltr'><strong>claman-</strong></span> 
     </span>
    </p>
   </div>
   <div class='ocr_carea' id='block_1_89' title="bbox 2187 4053 3857 4128">
    <p class='ocr_par' dir='ltr' id='par_1_89' title="bbox 2187 4053 3857 4128">
     <span class='ocr_line' id='line_1_89' title="bbox 2187 4053 3857 4128; baseline 0.002 -18"><span class='ocrx_word' id='word_1_658' title='bbox 2187 4058 2274 4110; x_wconf 90' lang='lat' dir='ltr'><strong>tes</strong></span> <span class='ocrx_word' id='word_1_659' title='bbox 2305 4053 2662 4109; x_wconf 89' lang='lat' dir='ltr'><strong>unanimiter</strong></span> <span class='ocrx_word' id='word_1_660' title='bbox 2692 4070 2706 4109; x_wconf 90' lang='lat'><strong>:</strong></span> <span class='ocrx_word' id='word_1_661' title='bbox 2743 4054 2951 4110; x_wconf 88' lang='lat' dir='ltr'><strong>Sancte</strong></span> <span class='ocrx_word' id='word_1_662' title='bbox 2986 4055 3124 4120; x_wconf 90' lang='lat' dir='ltr'><strong>Leo,</strong></span> <span class='ocrx_word' id='word_1_663' title='bbox 3155 4070 3326 4126; x_wconf 89' lang='lat' dir='ltr'><strong>parce</strong></span> <span class='ocrx_word' id='word_1_664' title='bbox 3366 4055 3558 4124; x_wconf 90' lang='lat' dir='ltr'><strong>nobis,</strong></span> <span class='ocrx_word' id='word_1_665' title='bbox 3584 4055 3727 4128; x_wconf 89' lang='lat' dir='ltr'><strong>quia</strong></span> <span class='ocrx_word' id='word_1_666' title='bbox 3755 4059 3857 4114; x_wconf 85' lang='lat' dir='ltr'><strong>in-</strong></span> 
     </span>
    </p>
   </div>
   <div class='ocr_carea' id='block_1_90' title="bbox 2180 4143 2621 4216">
    <p class='ocr_par' dir='ltr' id='par_1_90' title="bbox 2180 4143 2621 4216">
     <span class='ocr_line' id='line_1_90' title="bbox 2180 4143 2621 4216; baseline -0.007 -16"><span class='ocrx_word' id='word_1_667' title='bbox 2180 4144 2341 4215; x_wconf 90' lang='lat' dir='ltr'><strong>juste</strong></span> <span class='ocrx_word' id='word_1_668' title='bbox 2370 4143 2621 4216; x_wconf 89' lang='lat' dir='ltr'><strong>egimus.</strong></span> 
     </span>
    </p>
   </div>
   <div class='ocr_carea' id='block_1_91' title="bbox 2256 4231 3855 4292">
    <p class='ocr_par' dir='ltr' id='par_1_91' title="bbox 2256 4231 3855 4292">
     <span class='ocr_line' id='line_1_91' title="bbox 2256 4231 3855 4292; baseline 0.004 -6"><span class='ocrx_word' id='word_1_669' title='bbox 2256 4234 2311 4287; x_wconf 89' lang='lat'><strong>9.</strong></span> <span class='ocrx_word' id='word_1_670' title='bbox 2343 4233 2404 4288; x_wconf 91' lang='lat' dir='ltr'><strong>In</strong></span> <span class='ocrx_word' id='word_1_671' title='bbox 2436 4231 2534 4286; x_wconf 90' lang='lat' dir='ltr'><strong>illa</strong></span> <span class='ocrx_word' id='word_1_672' title='bbox 2565 4232 2707 4286; x_wconf 86' lang='lat' dir='ltr'><strong>hora</strong></span> <span class='ocrx_word' id='word_1_673' title='bbox 2737 4231 2852 4286; x_wconf 90' lang='lat' dir='ltr'><strong>duo</strong></span> <span class='ocrx_word' id='word_1_674' title='bbox 2883 4231 2988 4286; x_wconf 89' lang='lat' dir='ltr'><strong>viri</strong></span> <span class='ocrx_word' id='word_1_675' title='bbox 3021 4232 3303 4288; x_wconf 89' lang='lat' dir='ltr'><strong>contracti</strong></span> <span class='ocrx_word' id='word_1_676' title='bbox 3328 4237 3614 4290; x_wconf 91' lang='lat' dir='ltr'><strong>venerunt</strong></span> <span class='ocrx_word' id='word_1_677' title='bbox 3643 4235 3718 4290; x_wconf 85' lang='lat' dir='ltr'><strong>ad</strong></span> <span class='ocrx_word' id='word_1_678' title='bbox 3753 4239 3855 4292; x_wconf 90' lang='lat' dir='ltr'><strong>tu-</strong></span> 
     </span>
    </p>
   </div>
   <div class='ocr_carea' id='block_1_92' title="bbox 2188 4320 3854 4396">
    <p class='ocr_par' dir='ltr' id='par_1_92' title="bbox 2188 4320 3854 4396">
     <span class='ocr_line' id='line_1_92' title="bbox 2188 4320 3854 4396; baseline 0.003 -21"><span class='ocrx_word' id='word_1_679' title='bbox 2188 4320 2416 4376; x_wconf 90' lang='lat' dir='ltr'><strong>mulum</strong></span> <span class='ocrx_word' id='word_1_680' title='bbox 2441 4320 2878 4392; x_wconf 88' lang='lat' dir='ltr'><strong>ejus,habentes</strong></span> <span class='ocrx_word' id='word_1_681' title='bbox 2897 4321 3116 4376; x_wconf 87' lang='lat' dir='ltr'><strong>nodosa</strong></span> <span class='ocrx_word' id='word_1_682' title='bbox 3138 4323 3196 4376; x_wconf 91' lang='lat' dir='ltr'><strong>et</strong></span> <span class='ocrx_word' id='word_1_683' title='bbox 3219 4325 3481 4378; x_wconf 88' lang='lat' dir='ltr'><strong>contorta</strong></span> <span class='ocrx_word' id='word_1_684' title='bbox 3499 4339 3692 4396; x_wconf 86' lang='lat' dir='ltr'><strong>genua</strong></span> <span class='ocrx_word' id='word_1_685' title='bbox 3715 4341 3854 4391; x_wconf 84' lang='lat' dir='ltr'><strong>sua,</strong></span> 
     </span>
    </p>
   </div>
   <div class='ocr_carea' id='block_1_93' title="bbox 2189 4408 3857 4482">
    <p class='ocr_par' dir='ltr' id='par_1_93' title="bbox 2189 4408 3857 4482">
     <span class='ocr_line' id='line_1_93' title="bbox 2189 4408 3857 4482; baseline 0.003 -18"><span class='ocrx_word' id='word_1_686' title='bbox 2189 4425 2435 4481; x_wconf 90' lang='lat' dir='ltr'><strong>quorum</strong></span> <span class='ocrx_word' id='word_1_687' title='bbox 2471 4408 2724 4465; x_wconf 87' lang='lat' dir='ltr'><strong>calcanei</strong></span> <span class='ocrx_word' id='word_1_688' title='bbox 2758 4408 2994 4464; x_wconf 88' lang='lat' dir='ltr'><strong>natibus</strong></span> <span class='ocrx_word' id='word_1_689' title='bbox 3027 4409 3402 4466; x_wconf 65' lang='lat' dir='ltr'><strong>adhaerebant</strong></span> <span class='ocrx_word' id='word_1_690' title='bbox 3435 4427 3448 4466; x_wconf 89' lang='lat'><strong>:</strong></span> <span class='ocrx_word' id='word_1_691' title='bbox 3484 4411 3584 4482; x_wconf 91' lang='lat' dir='ltr'><strong>qui</strong></span> <span class='ocrx_word' id='word_1_692' title='bbox 3605 4413 3857 4469; x_wconf 84' lang='lat' dir='ltr'><strong>venien-</strong></span> 
     </span>
    </p>
   </div>
   <div class='ocr_carea' id='block_1_94' title="bbox 431 4485 3858 4585">
    <p class='ocr_par' dir='ltr' id='par_1_94' title="bbox 431 4485 3858 4585">
     <span class='ocr_line' id='line_1_94' title="bbox 431 4485 3858 4585; baseline 0.005 -44"><span class='ocrx_word' id='word_1_693' title='bbox 431 4485 607 4585; x_wconf 69' lang='lat' dir='ltr'><strong>coepit</strong></span> <span class='ocrx_word' id='word_1_694' title='bbox 635 4502 772 4585; x_wconf 66' lang='lat' dir='ltr'><strong>eam</strong></span> <span class='ocrx_word' id='word_1_695' title='bbox 795 4487 1021 4585; x_wconf 57' lang='lat' dir='ltr'><strong>daemon</strong></span> <span class='ocrx_word' id='word_1_696' title='bbox 1051 4505 1255 4544; x_wconf 89' lang='lat' dir='ltr'><strong>vexare</strong></span> <span class='ocrx_word' id='word_1_697' title='bbox 1281 4494 1338 4544; x_wconf 89' lang='lat' dir='ltr'><strong>et</strong></span> <span class='ocrx_word' id='word_1_698' title='bbox 1366 4506 1468 4561; x_wconf 90' lang='lat' dir='ltr'><strong>per</strong></span> <span class='ocrx_word' id='word_1_699' title='bbox 1497 4509 1560 4546; x_wconf 90' lang='lat' dir='ltr'><strong>os</strong></span> <span class='ocrx_word' id='word_1_700' title='bbox 1586 4493 1713 4562; x_wconf 84' lang='lat' dir='ltr'><strong>ejus</strong></span> <span class='ocrx_word' id='word_1_701' title='bbox 1742 4493 1995 4551; x_wconf 88' lang='lat' dir='ltr'><strong>clamare</strong></span> <span class='ocrx_word' id='word_1_702' title='bbox 2025 4503 2081 4552; x_wconf 89' lang='lat' dir='ltr'><strong>et</strong></span> <span class='ocrx_word' id='word_1_703' title='bbox 2115 4522 2156 4585; x_wconf 68' lang='grc' dir='ltr'>υ</span> <span class='ocrx_word' id='word_1_704' title='bbox 2187 4499 2431 4567; x_wconf 86' lang='lat' dir='ltr'><strong>tes,sani</strong></span> <span class='ocrx_word' id='word_1_705' title='bbox 2463 4498 2675 4554; x_wconf 88' lang='lat' dir='ltr'><strong>reversi</strong></span> <span class='ocrx_word' id='word_1_706' title='bbox 2708 4497 3103 4565; x_wconf 87' lang='lat' dir='ltr'><strong>sunt,nullum</strong></span> <span class='ocrx_word' id='word_1_707' title='bbox 3134 4498 3374 4571; x_wconf 86' lang='lat' dir='ltr'><strong>signum</strong></span> <span class='ocrx_word' id='word_1_708' title='bbox 3405 4499 3688 4557; x_wconf 88' lang='lat' dir='ltr'><strong>habentes</strong></span> <span class='ocrx_word' id='word_1_709' title='bbox 3722 4503 3858 4574; x_wconf 86' lang='lat' dir='ltr'><strong>pri-</strong></span> 
     </span>
    </p>
   </div>
   <div class='ocr_carea' id='block_1_95' title="bbox 429 4574 2078 4653">
    <p class='ocr_par' dir='ltr' id='par_1_95' title="bbox 429 4574 2078 4653">
     <span class='ocr_line' id='line_1_95' title="bbox 429 4574 2078 4653; baseline 0.006 -22"><span class='ocrx_word' id='word_1_710' title='bbox 429 4574 618 4632; x_wconf 89' lang='lat' dir='ltr'><strong>dicere</strong></span> <span class='ocrx_word' id='word_1_711' title='bbox 668 4593 681 4632; x_wconf 96' lang='lat'>:</span> <span class='ocrx_word' id='word_1_712' title='bbox 735 4575 778 4631; x_wconf 94' lang='grc' dir='ltr'><strong>Ο</strong></span> <span class='ocrx_word' id='word_1_713' title='bbox 827 4577 1036 4632; x_wconf 90' lang='lat' dir='ltr'><strong>Sancte</strong></span> <span class='ocrx_word' id='word_1_714' title='bbox 1071 4578 1202 4643; x_wconf 89' lang='lat' dir='ltr'><strong>Leo,</strong></span> <span class='ocrx_word' id='word_1_715' title='bbox 1252 4594 1432 4649; x_wconf 87' lang='lat' dir='ltr'><strong>quare</strong></span> <span class='ocrx_word' id='word_1_716' title='bbox 1483 4581 1702 4636; x_wconf 88' lang='lat' dir='ltr'><strong>catenis</strong></span> <span class='ocrx_word' id='word_1_717' title='bbox 1751 4583 1937 4653; x_wconf 90' lang='lat' dir='ltr'><strong>igneis</strong></span> <span class='ocrx_word' id='word_1_718' title='bbox 1987 4602 2078 4641; x_wconf 91' lang='lat' dir='ltr'><strong>me</strong></span> 
     </span>
    </p>
   </div>
   <div class='ocr_carea' id='block_1_96' title="bbox 429 4664 2079 4740">
    <p class='ocr_par' dir='ltr' id='par_1_96' title="bbox 429 4664 2079 4740">
     <span class='ocr_line' id='line_1_96' title="bbox 429 4664 2079 4740; baseline 0.007 -21"><span class='ocrx_word' id='word_1_719' title='bbox 429 4664 691 4720; x_wconf 89' lang='lat' dir='ltr'><strong>vinctum</strong></span> <span class='ocrx_word' id='word_1_720' title='bbox 726 4664 947 4721; x_wconf 85' lang='lat' dir='ltr'><strong>trahis?</strong></span> <span class='ocrx_word' id='word_1_721' title='bbox 979 4683 1094 4721; x_wconf 90' lang='lat' dir='ltr'><strong>non</strong></span> <span class='ocrx_word' id='word_1_722' title='bbox 1123 4670 1179 4721; x_wconf 91' lang='lat' dir='ltr'><strong>te</strong></span> <span class='ocrx_word' id='word_1_723' title='bbox 1211 4665 1331 4722; x_wconf 61' lang='lat' dir='ltr'><strong>Iasi</strong></span> <span class='ocrx_word' id='word_1_724' title='bbox 1360 4671 1718 4740; x_wconf 88' lang='lat' dir='ltr'><strong>unquam.Et</strong></span> <span class='ocrx_word' id='word_1_725' title='bbox 1746 4687 1878 4726; x_wconf 89' lang='lat' dir='ltr'><strong>cum</strong></span> <span class='ocrx_word' id='word_1_726' title='bbox 1902 4673 2079 4730; x_wconf 90' lang='lat' dir='ltr'><strong>ducta</strong></span> 
     </span>
    </p>
   </div>
   <div class='ocr_carea' id='block_1_97' title="bbox 428 4750 2078 4826">
    <p class='ocr_par' dir='ltr' id='par_1_97' title="bbox 428 4750 2078 4826">
     <span class='ocr_line' id='line_1_97' title="bbox 428 4750 2078 4826; baseline 0.008 -21"><span class='ocrx_word' id='word_1_727' title='bbox 428 4750 638 4806; x_wconf 82' lang='lat' dir='ltr'><strong>fuisset</strong></span> <span class='ocrx_word' id='word_1_728' title='bbox 665 4753 737 4806; x_wconf 90' lang='lat' dir='ltr'><strong>ad</strong></span> <span class='ocrx_word' id='word_1_729' title='bbox 764 4753 1060 4809; x_wconf 89' lang='lat' dir='ltr'><strong>tumulum</strong></span> <span class='ocrx_word' id='word_1_730' title='bbox 1089 4754 1543 4826; x_wconf 67' lang='lat' dir='ltr'><strong>ejus,caeperunt</strong></span> <span class='ocrx_word' id='word_1_731' title='bbox 1571 4759 1868 4815; x_wconf 88' lang='lat' dir='ltr'><strong>adstantes</strong></span> <span class='ocrx_word' id='word_1_732' title='bbox 1888 4761 2078 4818; x_wconf 90' lang='lat' dir='ltr'><strong>incre-</strong></span> 
     </span>
    </p>
   </div>
   <div class='ocr_carea' id='block_1_98' title="bbox 428 4834 2076 4919">
    <p class='ocr_par' dir='ltr' id='par_1_98' title="bbox 428 4834 2076 4919">
     <span class='ocr_line' id='line_1_98' title="bbox 428 4834 2076 4919; baseline 0.009 -28"><span class='ocrx_word' id='word_1_733' title='bbox 428 4853 569 4908; x_wconf 84' lang='lat' dir='ltr'><strong>pare</strong></span> <span class='ocrx_word' id='word_1_734' title='bbox 591 4834 921 4895; x_wconf 73' lang='lat' dir='ltr'><strong>daamonem</strong></span> <span class='ocrx_word' id='word_1_735' title='bbox 952 4847 1009 4896; x_wconf 91' lang='lat' dir='ltr'><strong>et</strong></span> <span class='ocrx_word' id='word_1_736' title='bbox 1039 4843 1230 4898; x_wconf 89' lang='lat' dir='ltr'><strong>dicere</strong></span> <span class='ocrx_word' id='word_1_737' title='bbox 1258 4860 1270 4897; x_wconf 92' lang='lat'>:</span> <span class='ocrx_word' id='word_1_738' title='bbox 1305 4843 2076 4919; x_wconf 87' lang='lat' dir='ltr'><strong>Dic,malcdicte,quomodo</strong></span> 
     </span>
    </p>
   </div>
   <div class='ocr_carea' id='block_1_99' title="bbox 429 4924 2076 4996">
    <p class='ocr_par' dir='ltr' id='par_1_99' title="bbox 429 4924 2076 4996">
     <span class='ocr_line' id='line_1_99' title="bbox 429 4924 2076 4996; baseline 0.009 -15"><span class='ocrx_word' id='word_1_739' title='bbox 429 4924 545 4982; x_wconf 88' lang='lat' dir='ltr'><strong>huc</strong></span> <span class='ocrx_word' id='word_1_740' title='bbox 595 4927 825 4994; x_wconf 88' lang='lat' dir='ltr'><strong>venisti,</strong></span> <span class='ocrx_word' id='word_1_741' title='bbox 860 4934 960 4983; x_wconf 91' lang='lat' dir='ltr'><strong>aut</strong></span> <span class='ocrx_word' id='word_1_742' title='bbox 1004 4932 1156 4984; x_wconf 89' lang='lat' dir='ltr'><strong>unde</strong></span> <span class='ocrx_word' id='word_1_743' title='bbox 1188 4932 1246 4986; x_wconf 91' lang='lat' dir='ltr'><strong>in</strong></span> <span class='ocrx_word' id='word_1_744' title='bbox 1277 4932 1638 4989; x_wconf 88' lang='lat' dir='ltr'><strong>Christianos</strong></span> <span class='ocrx_word' id='word_1_745' title='bbox 1689 4939 1881 4993; x_wconf 88' lang='lat' dir='ltr'><strong>tantas</strong></span> <span class='ocrx_word' id='word_1_746' title='bbox 1925 4940 2076 4996; x_wconf 86' lang='lat' dir='ltr'><strong>vires</strong></span> 
     </span>
    </p>
   </div>
   <div class='ocr_carea' id='block_1_100' title="bbox 429 5014 2075 5100">
    <p class='ocr_par' dir='ltr' id='par_1_100' title="bbox 429 5014 2075 5100">
     <span class='ocr_line' id='line_1_100' title="bbox 429 5014 2075 5100; baseline 0.009 -31"><span class='ocrx_word' id='word_1_747' title='bbox 429 5014 738 5086; x_wconf 82' lang='lat' dir='ltr'><strong>sumpsisti</strong></span> <span class='ocrx_word' id='word_1_748' title='bbox 788 5016 858 5070; x_wconf 88' lang='lat' dir='ltr'><strong>ad</strong></span> <span class='ocrx_word' id='word_1_749' title='bbox 912 5017 1258 5073; x_wconf 84' lang='lat' dir='ltr'><strong>vexandum.</strong></span> <span class='ocrx_word' id='word_1_750' title='bbox 1298 5025 1524 5075; x_wconf 61' lang='lat' dir='ltr'><strong>nemon</strong></span> <span class='ocrx_word' id='word_1_751' title='bbox 1579 5026 1878 5094; x_wconf 81' lang='lat' dir='ltr'><strong>respondit</strong></span> <span class='ocrx_word' id='word_1_752' title='bbox 1914 5044 1924 5081; x_wconf 93' lang='lat'>:</span> <span class='ocrx_word' id='word_1_753' title='bbox 1961 5029 2075 5100; x_wconf 82' lang='lat' dir='ltr'><strong>Ego</strong></span> 
     </span>
    </p>
   </div>
   <div class='ocr_carea' id='block_1_101' title="bbox 429 5100 2074 5174">
    <p class='ocr_par' dir='ltr' id='par_1_101' title="bbox 429 5100 2074 5174">
     <span class='ocr_line' id='line_1_101' title="bbox 429 5100 2074 5174; baseline 0.007 -16"><span class='ocrx_word' id='word_1_754' title='bbox 429 5104 487 5158; x_wconf 87' lang='lat' dir='ltr'><strong>et</strong></span> <span class='ocrx_word' id='word_1_755' title='bbox 515 5100 556 5156; x_wconf 93' lang='lat' dir='ltr'><strong>ii</strong></span> <span class='ocrx_word' id='word_1_756' title='bbox 587 5101 688 5174; x_wconf 91' lang='lat' dir='ltr'><strong>qui</strong></span> <span class='ocrx_word' id='word_1_757' title='bbox 716 5102 932 5157; x_wconf 88' lang='lat' dir='ltr'><strong>adsunt</strong></span> <span class='ocrx_word' id='word_1_758' title='bbox 961 5103 1125 5173; x_wconf 87' lang='lat' dir='ltr'><strong>mihi,</strong></span> <span class='ocrx_word' id='word_1_759' title='bbox 1148 5105 1313 5160; x_wconf 84' lang='lat' dir='ltr'><strong>missi</strong></span> <span class='ocrx_word' id='word_1_760' title='bbox 1346 5125 1556 5164; x_wconf 88' lang='lat' dir='ltr'><strong>sumus</strong></span> <span class='ocrx_word' id='word_1_761' title='bbox 1587 5111 1921 5170; x_wconf 82' lang='lat' dir='ltr'><strong>subvertere</strong></span> <span class='ocrx_word' id='word_1_762' title='bbox 1950 5117 2074 5170; x_wconf 90' lang='lat' dir='ltr'><strong>ani-</strong></span> 
     </span>
    </p>
   </div>
   <div class='ocr_carea' id='block_1_102' title="bbox 427 5190 2073 5273">
    <p class='ocr_par' dir='ltr' id='par_1_102' title="bbox 427 5190 2073 5273">
     <span class='ocr_line' id='line_1_102' title="bbox 427 5190 2073 5273; baseline 0.007 -26"><span class='ocrx_word' id='word_1_763' title='bbox 427 5207 587 5248; x_wconf 85' lang='lat' dir='ltr'><strong>mam</strong></span> <span class='ocrx_word' id='word_1_764' title='bbox 615 5190 956 5261; x_wconf 89' lang='lat' dir='ltr'><strong>hominis,et</strong></span> <span class='ocrx_word' id='word_1_765' title='bbox 983 5193 1206 5250; x_wconf 88' lang='lat' dir='ltr'><strong>tamdiu</strong></span> <span class='ocrx_word' id='word_1_766' title='bbox 1237 5200 1460 5254; x_wconf 86' lang='lat' dir='ltr'><strong>tentare</strong></span> <span class='ocrx_word' id='word_1_767' title='bbox 1491 5201 1683 5270; x_wconf 90' lang='lat' dir='ltr'><strong>quoad</strong></span> <span class='ocrx_word' id='word_1_768' title='bbox 1717 5218 1902 5273; x_wconf 88' lang='lat' dir='ltr'><strong>usque</strong></span> <span class='ocrx_word' id='word_1_769' title='bbox 1937 5221 2073 5260; x_wconf 91' lang='lat' dir='ltr'><strong>nos-</strong></span> 
     </span>
    </p>
   </div>
   <div class='ocr_carea' id='block_1_103' title="bbox 425 5281 2072 5361">
    <p class='ocr_par' dir='ltr' id='par_1_103' title="bbox 425 5281 2072 5361">
     <span class='ocr_line' id='line_1_103' title="bbox 425 5281 2072 5361; baseline 0.007 -25"><span class='ocrx_word' id='word_1_770' title='bbox 425 5284 517 5337; x_wconf 90' lang='lat' dir='ltr'><strong>tra</strong></span> <span class='ocrx_word' id='word_1_771' title='bbox 565 5281 850 5338; x_wconf 84' lang='lat' dir='ltr'><strong>faciamus</strong></span> <span class='ocrx_word' id='word_1_772' title='bbox 900 5283 1220 5355; x_wconf 89' lang='lat' dir='ltr'><strong>adimplere</strong></span> <span class='ocrx_word' id='word_1_773' title='bbox 1261 5288 1557 5342; x_wconf 85' lang='lat' dir='ltr'><strong>mandata.</strong></span> <span class='ocrx_word' id='word_1_774' title='bbox 1592 5289 1856 5361; x_wconf 88' lang='lat' dir='ltr'><strong>Cumque</strong></span> <span class='ocrx_word' id='word_1_775' title='bbox 1905 5293 2072 5348; x_wconf 87' lang='lat' dir='ltr'><strong>nobis</strong></span> 
     </span>
    </p>
   </div>
   <div class='ocr_carea' id='block_1_104' title="bbox 496 5405 2068 5485">
    <p class='ocr_par' dir='ltr' id='par_1_104' title="bbox 496 5405 2068 5485">
     <span class='ocr_line' id='line_1_104' title="bbox 496 5405 2068 5485; baseline 0.011 -29"><span class='ocrx_word' id='word_1_776' title='bbox 496 5405 608 5485; x_wconf 62' lang='lat'><strong>(6])</strong></span> <span class='ocrx_word' id='word_1_777' title='bbox 641 5405 973 5485; x_wconf 76' lang='lat' dir='ltr'><strong>Desiderius</strong></span> <span class='ocrx_word' id='word_1_778' title='bbox 1005 5407 1334 5465; x_wconf 88' lang='lat' dir='ltr'><strong>Casinensis</strong></span> <span class='ocrx_word' id='word_1_779' title='bbox 1371 5426 1383 5464; x_wconf 89' lang='lat'>:</span> <span class='ocrx_word' id='word_1_780' title='bbox 1416 5411 1493 5464; x_wconf 83' lang='grc' dir='ltr'><strong>ΑΙ)</strong></span> <span class='ocrx_word' id='word_1_781' title='bbox 1524 5411 1625 5485; x_wconf 66' lang='lat' dir='ltr'><strong>liae</strong></span> <span class='ocrx_word' id='word_1_782' title='bbox 1654 5414 1904 5469; x_wconf 75' lang='lat' dir='ltr'><strong>instabili</strong></span> <span class='ocrx_word' id='word_1_783' title='bbox 1932 5418 2068 5485; x_wconf 80' lang='lat' dir='ltr'><strong>luce,</strong></span> 
     </span>
    </p>
   </div>
   <div class='ocr_carea' id='block_1_105' title="bbox 424 5473 2071 5550">
    <p class='ocr_par' dir='ltr' id='par_1_105' title="bbox 424 5473 2071 5550">
     <span class='ocr_line' id='line_1_105' title="bbox 424 5473 2071 5550; baseline 0.01 -23"><span class='ocrx_word' id='word_1_784' title='bbox 424 5473 496 5550; x_wconf 67' lang='lat' dir='ltr'><strong>ad</strong></span> <span class='ocrx_word' id='word_1_785' title='bbox 541 5473 840 5550; x_wconf 60' lang='lat' dir='ltr'><strong>Christum,</strong></span> <span class='ocrx_word' id='word_1_786' title='bbox 871 5480 968 5550; x_wconf 86' lang='lat' dir='ltr'><strong>qui</strong></span> <span class='ocrx_word' id='word_1_787' title='bbox 1013 5497 1139 5536; x_wconf 84' lang='lat' dir='ltr'><strong>vera</strong></span> <span class='ocrx_word' id='word_1_788' title='bbox 1188 5485 1238 5535; x_wconf 78' lang='grc' dir='ltr'><strong>(ἰ</strong></span> <span class='ocrx_word' id='word_1_789' title='bbox 1278 5485 1486 5538; x_wconf 54' lang='lat' dir='ltr'><strong>mter-na</strong></span> <span class='ocrx_word' id='word_1_790' title='bbox 1536 5483 1635 5536; x_wconf 75' lang='lat' dir='ltr'><strong>im:</strong></span> <span class='ocrx_word' id='word_1_791' title='bbox 1681 5487 1778 5550; x_wconf 78' lang='lat' dir='ltr'><strong>est,</strong></span> <span class='ocrx_word' id='word_1_792' title='bbox 1811 5473 2071 5543; x_wconf 62' lang='lat' dir='ltr'><strong>caelorum</strong></span> 
     </span>
    </p>
   </div>
   <div class='ocr_carea' id='block_1_106' title="bbox 426 5546 2069 5625">
    <p class='ocr_par' dir='ltr' id='par_1_106' title="bbox 426 5546 2069 5625">
     <span class='ocr_line' id='line_1_106' title="bbox 426 5546 2069 5625; baseline 0.01 -24"><span class='ocrx_word' id='word_1_793' title='bbox 426 5546 744 5603; x_wconf 73' lang='lat' dir='ltr'><strong>laetantibus</strong></span> <span class='ocrx_word' id='word_1_794' title='bbox 773 5546 1000 5619; x_wconf 79' lang='lat' dir='ltr'><strong>civibus,</strong></span> <span class='ocrx_word' id='word_1_795' title='bbox 1023 5553 1293 5624; x_wconf 78' lang='lat' dir='ltr'><strong>Angelicis</strong></span> <span class='ocrx_word' id='word_1_796' title='bbox 1321 5553 1599 5608; x_wconf 69' lang='lat' dir='ltr'><strong>subvectus</strong></span> <span class='ocrx_word' id='word_1_797' title='bbox 1627 5546 1900 5625; x_wconf 73' lang='lat' dir='ltr'><strong>manibus,</strong></span> <span class='ocrx_word' id='word_1_798' title='bbox 1927 5577 2069 5616; x_wconf 89' lang='lat' dir='ltr'><strong>com-</strong></span> 
     </span>
    </p>
   </div>
   <div class='ocr_carea' id='block_1_107' title="bbox 2188 4586 3856 4662">
    <p class='ocr_par' dir='ltr' id='par_1_107' title="bbox 2188 4586 3856 4662">
     <span class='ocr_line' id='line_1_107' title="bbox 2188 4586 3856 4662; baseline 0.002 -19"><span class='ocrx_word' id='word_1_799' title='bbox 2188 4589 2350 4644; x_wconf 72' lang='lat' dir='ltr'><strong>slinaa</strong></span> <span class='ocrx_word' id='word_1_800' title='bbox 2380 4587 2760 4643; x_wconf 81' lang='lat' dir='ltr'><strong>infirmitatis.</strong></span> <span class='ocrx_word' id='word_1_801' title='bbox 2798 4588 2928 4658; x_wconf 88' lang='lat' dir='ltr'><strong>Ipso</strong></span> <span class='ocrx_word' id='word_1_802' title='bbox 2959 4586 3102 4641; x_wconf 88' lang='lat' dir='ltr'><strong>item</strong></span> <span class='ocrx_word' id='word_1_803' title='bbox 3150 4587 3246 4642; x_wconf 91' lang='lat' dir='ltr'><strong>die</strong></span> <span class='ocrx_word' id='word_1_804' title='bbox 3293 4587 3441 4644; x_wconf 88' lang='lat' dir='ltr'><strong>hora</strong></span> <span class='ocrx_word' id='word_1_805' title='bbox 3487 4591 3856 4662; x_wconf 88' lang='lat' dir='ltr'><strong>vespertina,</strong></span> 
     </span>
    </p>
   </div>
   <div class='ocr_carea' id='block_1_108' title="bbox 2184 4675 3859 4747">
    <p class='ocr_par' dir='ltr' id='par_1_108' title="bbox 2184 4675 3859 4747">
     <span class='ocr_line' id='line_1_108' title="bbox 2184 4675 3859 4747; baseline 0.003 -16"><span class='ocrx_word' id='word_1_806' title='bbox 2184 4677 2339 4732; x_wconf 90' lang='lat' dir='ltr'><strong>venit</strong></span> <span class='ocrx_word' id='word_1_807' title='bbox 2354 4677 2592 4747; x_wconf 90' lang='lat' dir='ltr'><strong>quidam</strong></span> <span class='ocrx_word' id='word_1_808' title='bbox 2615 4675 2700 4730; x_wconf 92' lang='lat' dir='ltr'><strong>vir</strong></span> <span class='ocrx_word' id='word_1_809' title='bbox 2720 4679 2921 4730; x_wconf 90' lang='lat' dir='ltr'><strong>mutus</strong></span> <span class='ocrx_word' id='word_1_810' title='bbox 2945 4678 3000 4744; x_wconf 77' lang='lat' dir='ltr'><strong>et</strong></span> <span class='ocrx_word' id='word_1_811' title='bbox 3018 4676 3256 4743; x_wconf 90' lang='lat' dir='ltr'><strong>surdus,</strong></span> <span class='ocrx_word' id='word_1_812' title='bbox 3282 4682 3338 4732; x_wconf 89' lang='lat' dir='ltr'><strong>ct</strong></span> <span class='ocrx_word' id='word_1_813' title='bbox 3355 4677 3661 4733; x_wconf 89' lang='lat' dir='ltr'><strong>sinistrum</strong></span> <span class='ocrx_word' id='word_1_814' title='bbox 3684 4678 3859 4736; x_wconf 88' lang='lat' dir='ltr'><strong>latus</strong></span> 
     </span>
    </p>
   </div>
   <div class='ocr_carea' id='block_1_109' title="bbox 2185 4761 3861 4836">
    <p class='ocr_par' dir='ltr' id='par_1_109' title="bbox 2185 4761 3861 4836">
     <span class='ocr_line' id='line_1_109' title="bbox 2185 4761 3861 4836; baseline 0.004 -19"><span class='ocrx_word' id='word_1_815' title='bbox 2185 4763 2416 4817; x_wconf 90' lang='lat' dir='ltr'><strong>aridum</strong></span> <span class='ocrx_word' id='word_1_816' title='bbox 2448 4763 2972 4832; x_wconf 88' lang='lat' dir='ltr'><strong>habens,totusque</strong></span> <span class='ocrx_word' id='word_1_817' title='bbox 3000 4761 3411 4833; x_wconf 89' lang='lat' dir='ltr'><strong>phantasmate</strong></span> <span class='ocrx_word' id='word_1_818' title='bbox 3442 4765 3700 4836; x_wconf 88' lang='lat' dir='ltr'><strong>quodam</strong></span> <span class='ocrx_word' id='word_1_819' title='bbox 3724 4784 3861 4824; x_wconf 85' lang='lat' dir='ltr'><strong>ma-</strong></span> 
     </span>
    </p>
   </div>
   <div class='ocr_carea' id='block_1_110' title="bbox 2185 4850 3858 4921">
    <p class='ocr_par' dir='ltr' id='par_1_110' title="bbox 2185 4850 3858 4921">
     <span class='ocr_line' id='line_1_110' title="bbox 2185 4850 3858 4921; baseline 0.004 -14"><span class='ocrx_word' id='word_1_820' title='bbox 2185 4851 2438 4916; x_wconf 88' lang='lat' dir='ltr'><strong>culatus;</strong></span> <span class='ocrx_word' id='word_1_821' title='bbox 2471 4851 2570 4921; x_wconf 90' lang='lat' dir='ltr'><strong>qui</strong></span> <span class='ocrx_word' id='word_1_822' title='bbox 2603 4867 2735 4904; x_wconf 91' lang='lat' dir='ltr'><strong>cum</strong></span> <span class='ocrx_word' id='word_1_823' title='bbox 2766 4850 2976 4906; x_wconf 84' lang='lat' dir='ltr'><strong>fuisset</strong></span> <span class='ocrx_word' id='word_1_824' title='bbox 3004 4851 3075 4906; x_wconf 89' lang='lat' dir='ltr'><strong>ad</strong></span> <span class='ocrx_word' id='word_1_825' title='bbox 3107 4867 3342 4908; x_wconf 87' lang='lat' dir='ltr'><strong>sacrum</strong></span> <span class='ocrx_word' id='word_1_826' title='bbox 3387 4852 3684 4910; x_wconf 86' lang='lat' dir='ltr'><strong>tumulum</strong></span> <span class='ocrx_word' id='word_1_827' title='bbox 3742 4858 3858 4913; x_wconf 87' lang='lat' dir='ltr'><strong>de-</strong></span> 
     </span>
    </p>
   </div>
   <div class='ocr_carea' id='block_1_111' title="bbox 2185 4938 3860 5014">
    <p class='ocr_par' dir='ltr' id='par_1_111' title="bbox 2185 4938 3860 5014">
     <span class='ocr_line' id='line_1_111' title="bbox 2185 4938 3860 5014; baseline 0.004 -18"><span class='ocrx_word' id='word_1_828' title='bbox 2185 4938 2711 5012; x_wconf 87' lang='lat' dir='ltr'><strong>portatus,solutus</strong></span> <span class='ocrx_word' id='word_1_829' title='bbox 2740 4946 2829 4996; x_wconf 88' lang='lat' dir='ltr'><strong>est</strong></span> <span class='ocrx_word' id='word_1_830' title='bbox 2859 4956 2892 4995; x_wconf 89' lang='lat' dir='ltr'><strong>a</strong></span> <span class='ocrx_word' id='word_1_831' title='bbox 2920 4939 3169 4996; x_wconf 91' lang='lat' dir='ltr'><strong>vinculis</strong></span> <span class='ocrx_word' id='word_1_832' title='bbox 3193 4940 3410 5012; x_wconf 88' lang='lat' dir='ltr'><strong>quibus</strong></span> <span class='ocrx_word' id='word_1_833' title='bbox 3430 4959 3641 5014; x_wconf 89' lang='lat' dir='ltr'><strong>corpus</strong></span> <span class='ocrx_word' id='word_1_834' title='bbox 3673 4943 3860 5002; x_wconf 86' lang='lat' dir='ltr'><strong>illius</strong></span> 
     </span>
    </p>
   </div>
   <div class='ocr_carea' id='block_1_112' title="bbox 2186 5029 3858 5101">
    <p class='ocr_par' dir='ltr' id='par_1_112' title="bbox 2186 5029 3858 5101">
     <span class='ocr_line' id='line_1_112' title="bbox 2186 5029 3858 5101; baseline 0.004 -18"><span class='ocrx_word' id='word_1_835' title='bbox 2186 5029 2684 5084; x_wconf 32' lang='lat' dir='ltr'><strong>toncbr-iturfl‘unc</strong></span> <span class='ocrx_word' id='word_1_836' title='bbox 2714 5045 2919 5084; x_wconf 85' lang='lat' dir='ltr'><strong>omnes</strong></span> <span class='ocrx_word' id='word_1_837' title='bbox 2949 5033 3250 5101; x_wconf 75' lang='lat' dir='ltr'><strong>cmperunt</strong></span> <span class='ocrx_word' id='word_1_838' title='bbox 3281 5035 3462 5087; x_wconf 90' lang='lat' dir='ltr'><strong>Deum</strong></span> <span class='ocrx_word' id='word_1_839' title='bbox 3493 5031 3707 5089; x_wconf 86' lang='lat' dir='ltr'><strong>salutis</strong></span> <span class='ocrx_word' id='word_1_840' title='bbox 3742 5053 3858 5090; x_wconf 83' lang='lat' dir='ltr'><strong>au-</strong></span> 
     </span>
    </p>
   </div>
   <div class='ocr_carea' id='block_1_113' title="bbox 2181 5117 3862 5193">
    <p class='ocr_par' dir='ltr' id='par_1_113' title="bbox 2181 5117 3862 5193">
     <span class='ocr_line' id='line_1_113' title="bbox 2181 5117 3862 5193; baseline 0.004 -20"><span class='ocrx_word' id='word_1_841' title='bbox 2181 5123 2400 5173; x_wconf 85' lang='lat' dir='ltr'><strong>ctorem</strong></span> <span class='ocrx_word' id='word_1_842' title='bbox 2451 5117 2807 5173; x_wconf 88' lang='lat' dir='ltr'><strong>continuatis</strong></span> <span class='ocrx_word' id='word_1_843' title='bbox 2860 5117 3132 5174; x_wconf 88' lang='lat' dir='ltr'><strong>laudibus</strong></span> <span class='ocrx_word' id='word_1_844' title='bbox 3179 5119 3487 5188; x_wconf 88' lang='lat' dir='ltr'><strong>honorare,</strong></span> <span class='ocrx_word' id='word_1_845' title='bbox 3523 5121 3624 5193; x_wconf 88' lang='lat' dir='ltr'><strong>qui</strong></span> <span class='ocrx_word' id='word_1_846' title='bbox 3672 5125 3862 5180; x_wconf 84' lang='lat' dir='ltr'><strong>tanta</strong></span> 
     </span>
    </p>
   </div>
   <div class='ocr_carea' id='block_1_114' title="bbox 2182 5206 3859 5276">
    <p class='ocr_par' dir='ltr' id='par_1_114' title="bbox 2182 5206 3859 5276">
     <span class='ocr_line' id='line_1_114' title="bbox 2182 5206 3859 5276; baseline 0.005 -14"><span class='ocrx_word' id='word_1_847' title='bbox 2182 5206 2476 5263; x_wconf 91' lang='lat' dir='ltr'><strong>mirabilia</strong></span> <span class='ocrx_word' id='word_1_848' title='bbox 2505 5211 2778 5276; x_wconf 88' lang='lat' dir='ltr'><strong>operatur</strong></span> <span class='ocrx_word' id='word_1_849' title='bbox 2805 5222 2909 5276; x_wconf 90' lang='lat' dir='ltr'><strong>per</strong></span> <span class='ocrx_word' id='word_1_850' title='bbox 2937 5207 3216 5263; x_wconf 88' lang='lat' dir='ltr'><strong>Sanctum</strong></span> <span class='ocrx_word' id='word_1_851' title='bbox 3265 5210 3609 5266; x_wconf 82' lang='lat' dir='ltr'><strong>Pontiﬁcem</strong></span> <span class='ocrx_word' id='word_1_852' title='bbox 3659 5227 3859 5270; x_wconf 87' lang='lat' dir='ltr'><strong>suum</strong></span> 
     </span>
    </p>
   </div>
   <div class='ocr_carea' id='block_1_115' title="bbox 2183 5292 3857 5371">
    <p class='ocr_par' dir='ltr' id='par_1_115' title="bbox 2183 5292 3857 5371">
     <span class='ocr_line' id='line_1_115' title="bbox 2183 5292 3857 5371; baseline 0.005 -22"><span class='ocrx_word' id='word_1_853' title='bbox 2183 5297 2449 5350; x_wconf 88' lang='lat' dir='ltr'><strong>Leonem.</strong></span> <span class='ocrx_word' id='word_1_854' title='bbox 2501 5293 2743 5348; x_wconf 82' lang='lat' dir='ltr'><strong>Romani</strong></span> <span class='ocrx_word' id='word_1_855' title='bbox 2793 5292 2971 5364; x_wconf 88' lang='lat' dir='ltr'><strong>igitur</strong></span> <span class='ocrx_word' id='word_1_856' title='bbox 3015 5295 3279 5353; x_wconf 82' lang='lat' dir='ltr'><strong>videntes</strong></span> <span class='ocrx_word' id='word_1_857' title='bbox 3325 5303 3522 5354; x_wconf 89' lang='lat' dir='ltr'><strong>tantas</strong></span> <span class='ocrx_word' id='word_1_858' title='bbox 3564 5300 3857 5371; x_wconf 86' lang='lat' dir='ltr'><strong>virtutes,</strong></span> 
     </span>
    </p>
   </div>
   <div class='ocr_carea' id='block_1_116' title="bbox 2179 5427 3902 5568">
    <p class='ocr_par' dir='ltr' id='par_1_116' title="bbox 2179 5427 3902 5568">
     <span class='ocr_line' id='line_1_116' title="bbox 2179 5427 3902 5568; baseline 0.007 -24"><span class='ocrx_word' id='word_1_859' title='bbox 2179 5427 2652 5568; x_wconf 32' lang='lat' dir='ltr'><strong>ﬁngi’tgvi’t‘lurima</strong></span> <span class='ocrx_word' id='word_1_860' title='bbox 2693 5506 2761 5545; x_wconf 85' lang='lat' dir='ltr'><strong>ex</strong></span> <span class='ocrx_word' id='word_1_861' title='bbox 2807 5489 2880 5546; x_wconf 88' lang='lat' dir='ltr'><strong>iis</strong></span> <span class='ocrx_word' id='word_1_862' title='bbox 2929 5490 3145 5547; x_wconf 87' lang='lat' dir='ltr'><strong>habent</strong></span> <span class='ocrx_word' id='word_1_863' title='bbox 3192 5492 3387 5552; x_wconf 92' lang='lat' dir='ltr'><strong>Bruno</strong></span> <span class='ocrx_word' id='word_1_864' title='bbox 3417 5494 3757 5568; x_wconf 84' lang='lat' dir='ltr'><strong>Signiensis</strong></span> <span class='ocrx_word' id='word_1_865' title='bbox 3796 5505 3902 5556; x_wconf 89' lang='lat' dir='ltr'><strong>et&#39;</strong></span> 
     </span>
    </p>
   </div>
   <div class='ocr_carea' id='block_1_117' title="bbox 2181 5560 2569 5620">
    <p class='ocr_par' dir='ltr' id='par_1_117' title="bbox 2181 5560 2569 5620">
     <span class='ocr_line' id='line_1_117' title="bbox 2181 5560 2569 5620; baseline 0 -2"><span class='ocrx_word' id='word_1_866' title='bbox 2181 5560 2384 5619; x_wconf 83' lang='lat' dir='ltr'><strong>Petrus</strong></span> <span class='ocrx_word' id='word_1_867' title='bbox 2415 5560 2569 5620; x_wconf 90' lang='lat' dir='ltr'><strong>Calo.</strong></span> 
     </span>
    </p>
   </div>
  </div>
