  <div class='ocr_page' id='page_1' title='image "/cluster/home/n/w/nwhite01/storage/ocr_20150623/143/hvd.32044054760038/274.png"; bbox 0 0 4102 6174; ppageno 0'>
   <div class='ocr_carea' id='block_1_1' title="bbox 309 302 427 367">
    <p class='ocr_par' dir='ltr' id='par_1_1' title="bbox 309 302 427 367">
     <span class='ocr_line' id='line_1_1' title="bbox 309 302 427 367; baseline -0.008 0"><span class='ocrx_word' id='word_1_1' title='bbox 309 302 427 367; x_wconf 74' lang='grc'><strong>533</strong></span> 
     </span>
    </p>
   </div>
   <div class='ocr_carea' id='block_1_2' title="bbox 903 299 3133 372">
    <p class='ocr_par' dir='ltr' id='par_1_2' title="bbox 903 299 3133 372">
     <span class='ocr_line' id='line_1_2' title="bbox 903 299 3133 372; baseline 0.003 -8"><span class='ocrx_word' id='word_1_2' title='bbox 903 299 1232 367; x_wconf 81' lang='lat' dir='ltr'>PROLEG.</span> <span class='ocrx_word' id='word_1_3' title='bbox 1262 334 1340 350; x_wconf 91' lang='lat'><strong><em>—</em></strong></span> <span class='ocrx_word' id='word_1_4' title='bbox 1372 303 1739 365; x_wconf 73' lang='lat' dir='ltr'>HISTORIA</span> <span class='ocrx_word' id='word_1_5' title='bbox 1787 305 2079 368; x_wconf 79' lang='lat' dir='ltr'>MORT&#39;IS</span> <span class='ocrx_word' id='word_1_6' title='bbox 2125 306 2224 367; x_wconf 89' lang='lat' dir='ltr'>ET</span> <span class='ocrx_word' id='word_1_7' title='bbox 2271 306 2540 368; x_wconf 81' lang='lat' dir='ltr'>MIRAC.</span> <span class='ocrx_word' id='word_1_8' title='bbox 2589 307 2655 369; x_wconf 93' lang='lat' dir='ltr'>S.</span> <span class='ocrx_word' id='word_1_9' title='bbox 2703 305 2981 372; x_wconf 86' lang='lat' dir='ltr'>LEONIS</span> <span class='ocrx_word' id='word_1_10' title='bbox 3026 307 3133 372; x_wconf 88' lang='lat' dir='ltr'>IX.</span> 
     </span>
    </p>
   </div>
   <div class='ocr_carea' id='block_1_3' title="bbox 3563 315 3716 402">
    <p class='ocr_par' dir='ltr' id='par_1_3' title="bbox 3563 315 3716 402">
     <span class='ocr_line' id='line_1_3' title="bbox 3563 315 3716 402; baseline 0 -27"><span class='ocrx_word' id='word_1_11' title='bbox 3563 386 3568 394; x_wconf 49' lang='grc'><strong><em>,</em></strong></span> <span class='ocrx_word' id='word_1_12' title='bbox 3599 315 3716 402; x_wconf 56' lang='grc' dir='ltr'>δεμ</span> 
     </span>
    </p>
   </div>
   <div class='ocr_carea' id='block_1_4' title="bbox 308 435 3714 516">
    <p class='ocr_par' dir='ltr' id='par_1_4' title="bbox 308 435 3714 516">
     <span class='ocr_line' id='line_1_4' title="bbox 308 435 3714 516; baseline 0.003 -21"><span class='ocrx_word' id='word_1_13' title='bbox 308 436 623 495; x_wconf 87' lang='lat' dir='ltr'>currebant</span> <span class='ocrx_word' id='word_1_14' title='bbox 651 435 916 493; x_wconf 75' lang='lat' dir='ltr'>certatim</span> <span class='ocrx_word' id='word_1_15' title='bbox 941 451 1075 492; x_wconf 90' lang='lat' dir='ltr'>cum</span> <span class='ocrx_word' id='word_1_16' title='bbox 1108 435 1290 494; x_wconf 84' lang='lat' dir='ltr'>cereis</span> <span class='ocrx_word' id='word_1_17' title='bbox 1312 440 1367 494; x_wconf 90' lang='lat' dir='ltr'>et</span> <span class='ocrx_word' id='word_1_18' title='bbox 1387 435 1959 512; x_wconf 88' lang='lat' dir='ltr'>oblationibus,gau-</span> <span class='ocrx_word' id='word_1_19' title='bbox 1988 444 2042 510; x_wconf 79' lang='grc' dir='ltr'><strong>Α</strong></span> <span class='ocrx_word' id='word_1_20' title='bbox 2073 439 2133 494; x_wconf 92' lang='lat' dir='ltr'>in</span> <span class='ocrx_word' id='word_1_21' title='bbox 2165 437 2352 495; x_wconf 91' lang='lat' dir='ltr'>nobis.</span> <span class='ocrx_word' id='word_1_22' title='bbox 2386 439 2480 494; x_wconf 87' lang='lat' dir='ltr'>Ait</span> <span class='ocrx_word' id='word_1_23' title='bbox 2507 439 2827 514; x_wconf 85' lang='lat' dir='ltr'>Episcopus</span> <span class='ocrx_word' id='word_1_24' title='bbox 2863 457 2876 495; x_wconf 90' lang='lat'><strong>:</strong></span> <span class='ocrx_word' id='word_1_25' title='bbox 2909 441 3207 499; x_wconf 86' lang='lat' dir='ltr'>Venerunt</span> <span class='ocrx_word' id='word_1_26' title='bbox 3234 442 3343 516; x_wconf 84' lang='lat' dir='ltr'><strong>ipsi</strong></span> <span class='ocrx_word' id='word_1_27' title='bbox 3375 445 3572 504; x_wconf 82' lang='lat' dir='ltr'>Sancti</span> <span class='ocrx_word' id='word_1_28' title='bbox 3603 439 3714 506; x_wconf 81' lang='lat' dir='ltr'>Ro-</span> 
     </span>
    </p>
   </div>
   <div class='ocr_carea' id='block_1_5' title="bbox 307 525 1008 584">
    <p class='ocr_par' dir='ltr' id='par_1_5' title="bbox 307 525 1008 584">
     <span class='ocr_line' id='line_1_5' title="bbox 307 525 1008 584; baseline -0.004 -1"><span class='ocrx_word' id='word_1_29' title='bbox 307 527 510 584; x_wconf 88' lang='lat' dir='ltr'>dentes</span> <span class='ocrx_word' id='word_1_30' title='bbox 543 529 598 582; x_wconf 90' lang='lat' dir='ltr'>et</span> <span class='ocrx_word' id='word_1_31' title='bbox 630 525 1008 582; x_wconf 80' lang='lat' dir='ltr'>exsultantes.</span> 
     </span>
    </p>
   </div>
   <div class='ocr_carea' id='block_1_6' title="bbox 376 615 1958 687">
    <p class='ocr_par' dir='ltr' id='par_1_6' title="bbox 376 615 1958 687">
     <span class='ocr_line' id='line_1_6' title="bbox 376 615 1958 687; baseline -0.002 -15"><span class='ocrx_word' id='word_1_32' title='bbox 376 619 468 672; x_wconf 85' lang='grc'>10.</span> <span class='ocrx_word' id='word_1_33' title='bbox 500 615 630 671; x_wconf 86' lang='lat' dir='ltr'>Alia</span> <span class='ocrx_word' id='word_1_34' title='bbox 656 631 792 670; x_wconf 86' lang='lat' dir='ltr'>vero</span> <span class='ocrx_word' id='word_1_35' title='bbox 824 616 914 670; x_wconf 92' lang='lat' dir='ltr'>die</span> <span class='ocrx_word' id='word_1_36' title='bbox 963 617 1120 670; x_wconf 86' lang='lat' dir='ltr'>venit</span> <span class='ocrx_word' id='word_1_37' title='bbox 1150 617 1392 687; x_wconf 92' lang='lat' dir='ltr'>quidam</span> <span class='ocrx_word' id='word_1_38' title='bbox 1441 615 1530 670; x_wconf 91' lang='lat' dir='ltr'>vir</span> <span class='ocrx_word' id='word_1_39' title='bbox 1577 615 1646 670; x_wconf 91' lang='lat' dir='ltr'>de</span> <span class='ocrx_word' id='word_1_40' title='bbox 1697 615 1958 683; x_wconf 76' lang='lat' dir='ltr'>Francia,</span> 
     </span>
    </p>
   </div>
   <div class='ocr_carea' id='block_1_7' title="bbox 303 703 1957 778">
    <p class='ocr_par' dir='ltr' id='par_1_7' title="bbox 303 703 1957 778">
     <span class='ocr_line' id='line_1_7' title="bbox 303 703 1957 778; baseline -0.002 -17"><span class='ocrx_word' id='word_1_41' title='bbox 303 707 403 778; x_wconf 87' lang='lat' dir='ltr'><strong>qui</strong></span> <span class='ocrx_word' id='word_1_42' title='bbox 438 705 692 760; x_wconf 81' lang='lat' dir='ltr'>habebat</span> <span class='ocrx_word' id='word_1_43' title='bbox 721 721 935 776; x_wconf 90' lang='lat' dir='ltr'>corpus</span> <span class='ocrx_word' id='word_1_44' title='bbox 985 721 1158 760; x_wconf 82' lang='lat' dir='ltr'>suum</span> <span class='ocrx_word' id='word_1_45' title='bbox 1193 705 1375 760; x_wconf 89' lang='lat' dir='ltr'>ferreo</span> <span class='ocrx_word' id='word_1_46' title='bbox 1420 703 1654 776; x_wconf 90' lang='lat' dir='ltr'>cingulo</span> <span class='ocrx_word' id='word_1_47' title='bbox 1703 707 1957 759; x_wconf 85' lang='lat' dir='ltr'>coarcta-</span> 
     </span>
    </p>
   </div>
   <div class='ocr_carea' id='block_1_8' title="bbox 300 793 1959 864">
    <p class='ocr_par' dir='ltr' id='par_1_8' title="bbox 300 793 1959 864">
     <span class='ocr_line' id='line_1_8' title="bbox 300 793 1959 864; baseline -0.001 -16"><span class='ocrx_word' id='word_1_48' title='bbox 300 799 455 862; x_wconf 89' lang='lat' dir='ltr'>tum,</span> <span class='ocrx_word' id='word_1_49' title='bbox 490 793 574 848; x_wconf 89' lang='lat' dir='ltr'>ita</span> <span class='ocrx_word' id='word_1_50' title='bbox 605 797 668 847; x_wconf 92' lang='lat' dir='ltr'>ut</span> <span class='ocrx_word' id='word_1_51' title='bbox 719 809 821 864; x_wconf 91' lang='lat' dir='ltr'>per</span> <span class='ocrx_word' id='word_1_52' title='bbox 865 808 1070 864; x_wconf 82' lang='lat' dir='ltr'>gyrum</span> <span class='ocrx_word' id='word_1_53' title='bbox 1104 794 1361 864; x_wconf 86' lang='lat' dir='ltr'>corporis</span> <span class='ocrx_word' id='word_1_54' title='bbox 1393 794 1589 848; x_wconf 86' lang='lat' dir='ltr'>sanies</span> <span class='ocrx_word' id='word_1_55' title='bbox 1634 793 1819 848; x_wconf 89' lang='lat' dir='ltr'>multa</span> <span class='ocrx_word' id='word_1_56' title='bbox 1863 794 1959 847; x_wconf 91' lang='lat' dir='ltr'>de-</span> 
     </span>
    </p>
   </div>
   <div class='ocr_carea' id='block_1_9' title="bbox 299 881 1964 953">
    <p class='ocr_par' dir='ltr' id='par_1_9' title="bbox 299 881 1964 953">
     <span class='ocr_line' id='line_1_9' title="bbox 299 881 1964 953; baseline -0.002 -14"><span class='ocrx_word' id='word_1_57' title='bbox 299 886 569 939; x_wconf 80' lang='lat' dir='ltr'>curreret</span> <span class='ocrx_word' id='word_1_58' title='bbox 617 881 678 936; x_wconf 91' lang='lat' dir='ltr'>in</span> <span class='ocrx_word' id='word_1_59' title='bbox 737 885 957 937; x_wconf 89' lang='lat' dir='ltr'>terram</span> <span class='ocrx_word' id='word_1_60' title='bbox 992 899 1004 936; x_wconf 92' lang='lat'>:</span> <span class='ocrx_word' id='word_1_61' title='bbox 1035 883 1188 953; x_wconf 90' lang='lat' dir='ltr'>quod</span> <span class='ocrx_word' id='word_1_62' title='bbox 1245 882 1508 937; x_wconf 82' lang='lat' dir='ltr'>videntes</span> <span class='ocrx_word' id='word_1_63' title='bbox 1562 882 1659 952; x_wconf 89' lang='lat' dir='ltr'><strong>qui</strong></span> <span class='ocrx_word' id='word_1_64' title='bbox 1722 882 1964 936; x_wconf 88' lang='lat' dir='ltr'>aderant</span> 
     </span>
    </p>
   </div>
   <div class='ocr_carea' id='block_1_10' title="bbox 298 970 1959 1042">
    <p class='ocr_par' dir='ltr' id='par_1_10' title="bbox 298 970 1959 1042">
     <span class='ocr_line' id='line_1_10' title="bbox 298 970 1959 1042; baseline -0.001 -15"><span class='ocrx_word' id='word_1_65' title='bbox 298 989 476 1028; x_wconf 76' lang='lat' dir='ltr'>nares</span> <span class='ocrx_word' id='word_1_66' title='bbox 527 970 641 1026; x_wconf 89' lang='lat' dir='ltr'><strong>sibi</strong></span> <span class='ocrx_word' id='word_1_67' title='bbox 688 987 802 1042; x_wconf 78' lang='lat' dir='ltr'>prae</span> <span class='ocrx_word' id='word_1_68' title='bbox 851 970 1033 1026; x_wconf 92' lang='lat' dir='ltr'>nimio</span> <span class='ocrx_word' id='word_1_69' title='bbox 1074 987 1281 1042; x_wconf 90' lang='lat' dir='ltr'>pavore</span> <span class='ocrx_word' id='word_1_70' title='bbox 1333 976 1387 1026; x_wconf 89' lang='lat' dir='ltr'>et</span> <span class='ocrx_word' id='word_1_71' title='bbox 1437 971 1613 1026; x_wconf 84' lang='lat' dir='ltr'>fetore</span> <span class='ocrx_word' id='word_1_72' title='bbox 1657 972 1959 1026; x_wconf 89' lang='lat' dir='ltr'>obturave-</span> 
     </span>
    </p>
   </div>
   <div class='ocr_carea' id='block_1_11' title="bbox 298 1059 1958 1132">
    <p class='ocr_par' dir='ltr' id='par_1_11' title="bbox 298 1059 1958 1132">
     <span class='ocr_line' id='line_1_11' title="bbox 298 1059 1958 1132; baseline -0.001 -16"><span class='ocrx_word' id='word_1_73' title='bbox 298 1065 464 1127; x_wconf 85' lang='lat' dir='ltr'>runt,</span> <span class='ocrx_word' id='word_1_74' title='bbox 500 1061 884 1132; x_wconf 87' lang='lat' dir='ltr'>deprecantes</span> <span class='ocrx_word' id='word_1_75' title='bbox 914 1059 1228 1114; x_wconf 92' lang='lat' dir='ltr'>Dominum</span> <span class='ocrx_word' id='word_1_76' title='bbox 1275 1064 1339 1114; x_wconf 92' lang='lat' dir='ltr'>ut</span> <span class='ocrx_word' id='word_1_77' title='bbox 1378 1076 1482 1132; x_wconf 92' lang='lat' dir='ltr'>per</span> <span class='ocrx_word' id='word_1_78' title='bbox 1511 1059 1568 1114; x_wconf 92' lang='lat' dir='ltr'>S.</span> <span class='ocrx_word' id='word_1_79' title='bbox 1603 1061 1807 1115; x_wconf 90' lang='lat' dir='ltr'>Leonis</span> <span class='ocrx_word' id='word_1_80' title='bbox 1840 1076 1958 1115; x_wconf 92' lang='lat' dir='ltr'>me-</span> 
     </span>
    </p>
   </div>
   <div class='ocr_carea' id='block_1_12' title="bbox 298 1147 1958 1220">
    <p class='ocr_par' dir='ltr' id='par_1_12' title="bbox 298 1147 1958 1220">
     <span class='ocr_line' id='line_1_12' title="bbox 298 1147 1958 1220; baseline -0.001 -16"><span class='ocrx_word' id='word_1_81' title='bbox 298 1149 414 1204; x_wconf 88' lang='lat' dir='ltr'>rita</span> <span class='ocrx_word' id='word_1_82' title='bbox 450 1149 666 1203; x_wconf 89' lang='lat' dir='ltr'>misero</span> <span class='ocrx_word' id='word_1_83' title='bbox 696 1147 779 1202; x_wconf 90' lang='lat' dir='ltr'>illi</span> <span class='ocrx_word' id='word_1_84' title='bbox 830 1164 1168 1204; x_wconf 88' lang='lat' dir='ltr'>succurrere</span> <span class='ocrx_word' id='word_1_85' title='bbox 1217 1147 1574 1220; x_wconf 82' lang='lat' dir='ltr'>dignaretur.</span> <span class='ocrx_word' id='word_1_86' title='bbox 1610 1149 1722 1204; x_wconf 76' lang='lat' dir='ltr'>Iles</span> <span class='ocrx_word' id='word_1_87' title='bbox 1771 1148 1958 1203; x_wconf 82' lang='lat' dir='ltr'>mira!</span> 
     </span>
    </p>
   </div>
   <div class='ocr_carea' id='block_1_13' title="bbox 297 1236 1959 1308">
    <p class='ocr_par' dir='ltr' id='par_1_13' title="bbox 297 1236 1959 1308">
     <span class='ocr_line' id='line_1_13' title="bbox 297 1236 1959 1308; baseline -0.001 -15"><span class='ocrx_word' id='word_1_88' title='bbox 297 1238 504 1293; x_wconf 83' lang='lat' dir='ltr'>statim</span> <span class='ocrx_word' id='word_1_89' title='bbox 548 1237 769 1293; x_wconf 86' lang='lat' dir='ltr'>ferrum</span> <span class='ocrx_word' id='word_1_90' title='bbox 820 1236 1064 1308; x_wconf 88' lang='lat' dir='ltr'>crepuit,</span> <span class='ocrx_word' id='word_1_91' title='bbox 1097 1241 1154 1292; x_wconf 90' lang='lat' dir='ltr'>et</span> <span class='ocrx_word' id='word_1_92' title='bbox 1202 1237 1384 1292; x_wconf 88' lang='lat' dir='ltr'>multa</span> <span class='ocrx_word' id='word_1_93' title='bbox 1418 1238 1545 1292; x_wconf 88' lang='lat' dir='ltr'>fusa</span> <span class='ocrx_word' id='word_1_94' title='bbox 1577 1237 1739 1293; x_wconf 91' lang='lat' dir='ltr'>sanie</span> <span class='ocrx_word' id='word_1_95' title='bbox 1786 1237 1959 1291; x_wconf 89' lang='lat' dir='ltr'>homo</span> 
     </span>
    </p>
   </div>
   <div class='ocr_carea' id='block_1_14' title="bbox 296 1325 1960 1397">
    <p class='ocr_par' dir='ltr' id='par_1_14' title="bbox 296 1325 1960 1397">
     <span class='ocr_line' id='line_1_14' title="bbox 296 1325 1960 1397; baseline -0.001 -16"><span class='ocrx_word' id='word_1_96' title='bbox 296 1326 570 1382; x_wconf 78' lang='lat' dir='ltr'>redditus</span> <span class='ocrx_word' id='word_1_97' title='bbox 603 1330 692 1381; x_wconf 91' lang='lat' dir='ltr'>est</span> <span class='ocrx_word' id='word_1_98' title='bbox 720 1326 954 1397; x_wconf 87' lang='lat' dir='ltr'>penitus</span> <span class='ocrx_word' id='word_1_99' title='bbox 988 1325 1223 1381; x_wconf 79' lang='lat' dir='ltr'>sanitati</span> <span class='ocrx_word' id='word_1_100' title='bbox 1257 1343 1268 1380; x_wconf 91' lang='lat'><strong>:</strong></span> <span class='ocrx_word' id='word_1_101' title='bbox 1303 1342 1369 1380; x_wconf 84' lang='lat' dir='ltr'>ex</span> <span class='ocrx_word' id='word_1_102' title='bbox 1399 1343 1514 1396; x_wconf 89' lang='lat' dir='ltr'>quo</span> <span class='ocrx_word' id='word_1_103' title='bbox 1545 1326 1725 1397; x_wconf 80' lang='lat' dir='ltr'>gavisi</span> <span class='ocrx_word' id='word_1_104' title='bbox 1758 1343 1960 1380; x_wconf 91' lang='lat' dir='ltr'>omnes</span> 
     </span>
    </p>
   </div>
   <div class='ocr_carea' id='block_1_15' title="bbox 295 1413 1961 1471">
    <p class='ocr_par' dir='ltr' id='par_1_15' title="bbox 295 1413 1961 1471">
     <span class='ocr_line' id='line_1_15' title="bbox 295 1413 1961 1471; baseline -0.001 -1"><span class='ocrx_word' id='word_1_105' title='bbox 295 1415 486 1470; x_wconf 85' lang='lat' dir='ltr'>Deum</span> <span class='ocrx_word' id='word_1_106' title='bbox 529 1420 588 1470; x_wconf 91' lang='lat' dir='ltr'>et</span> <span class='ocrx_word' id='word_1_107' title='bbox 637 1431 867 1471; x_wconf 88' lang='lat' dir='ltr'>servum</span> <span class='ocrx_word' id='word_1_108' title='bbox 917 1431 1092 1470; x_wconf 89' lang='lat' dir='ltr'>suum</span> <span class='ocrx_word' id='word_1_109' title='bbox 1153 1415 1210 1469; x_wconf 91' lang='lat' dir='ltr'>S.</span> <span class='ocrx_word' id='word_1_110' title='bbox 1245 1413 1582 1470; x_wconf 84' lang='lat' dir='ltr'>Pontiﬁcem</span> <span class='ocrx_word' id='word_1_111' title='bbox 1632 1413 1961 1470; x_wconf 87' lang='lat' dir='ltr'>collaudarc</span> 
     </span>
    </p>
   </div>
   <div class='ocr_carea' id='block_1_16' title="bbox 295 1508 623 1576">
    <p class='ocr_par' dir='ltr' id='par_1_16' title="bbox 295 1508 623 1576">
     <span class='ocr_line' id='line_1_16' title="bbox 295 1508 623 1576; baseline -0.006 -17"><span class='ocrx_word' id='word_1_112' title='bbox 295 1508 623 1576; x_wconf 65' lang='lat' dir='ltr'>coeperunt.</span> 
     </span>
    </p>
   </div>
   <div class='ocr_carea' id='block_1_17' title="bbox 373 1591 1957 1663">
    <p class='ocr_par' dir='ltr' id='par_1_17' title="bbox 373 1591 1957 1663">
     <span class='ocr_line' id='line_1_17' title="bbox 373 1591 1957 1663; baseline -0.001 -16"><span class='ocrx_word' id='word_1_113' title='bbox 373 1595 464 1647; x_wconf 92' lang='grc'><strong>11.</strong></span> <span class='ocrx_word' id='word_1_114' title='bbox 488 1593 551 1648; x_wconf 92' lang='lat' dir='ltr'>ln</span> <span class='ocrx_word' id='word_1_115' title='bbox 581 1591 680 1647; x_wconf 91' lang='lat' dir='ltr'>illa</span> <span class='ocrx_word' id='word_1_116' title='bbox 708 1591 854 1646; x_wconf 88' lang='lat' dir='ltr'>hora</span> <span class='ocrx_word' id='word_1_117' title='bbox 881 1592 1109 1646; x_wconf 71' lang='lat' dir='ltr'>daemon</span> <span class='ocrx_word' id='word_1_118' title='bbox 1141 1607 1244 1663; x_wconf 91' lang='lat' dir='ltr'>per</span> <span class='ocrx_word' id='word_1_119' title='bbox 1263 1609 1328 1646; x_wconf 93' lang='lat' dir='ltr'>os</span> <span class='ocrx_word' id='word_1_120' title='bbox 1359 1591 1622 1646; x_wconf 88' lang='lat' dir='ltr'>mulieris</span> <span class='ocrx_word' id='word_1_121' title='bbox 1653 1591 1808 1646; x_wconf 90' lang='lat' dir='ltr'>illius</span> <span class='ocrx_word' id='word_1_122' title='bbox 1831 1608 1957 1662; x_wconf 64' lang='lat' dir='ltr'>quae</span> 
     </span>
    </p>
   </div>
   <div class='ocr_carea' id='block_1_18' title="bbox 300 1680 1958 1752">
    <p class='ocr_par' dir='ltr' id='par_1_18' title="bbox 300 1680 1958 1752">
     <span class='ocr_line' id='line_1_18' title="bbox 300 1680 1958 1752; baseline -0.001 -16"><span class='ocrx_word' id='word_1_123' title='bbox 300 1681 578 1752; x_wconf 79' lang='lat' dir='ltr'>superius</span> <span class='ocrx_word' id='word_1_124' title='bbox 606 1680 825 1734; x_wconf 82' lang='lat' dir='ltr'>dixerat</span> <span class='ocrx_word' id='word_1_125' title='bbox 850 1697 862 1734; x_wconf 88' lang='lat'><strong>:</strong></span> <span class='ocrx_word' id='word_1_126' title='bbox 887 1681 1040 1735; x_wconf 88' lang='lat' dir='ltr'>Hora</span> <span class='ocrx_word' id='word_1_127' title='bbox 1070 1697 1188 1750; x_wconf 91' lang='lat' dir='ltr'>qua</span> <span class='ocrx_word' id='word_1_128' title='bbox 1225 1681 1336 1735; x_wconf 89' lang='lat' dir='ltr'>Leo</span> <span class='ocrx_word' id='word_1_129' title='bbox 1368 1681 1522 1752; x_wconf 92' lang='lat' dir='ltr'>Papa</span> <span class='ocrx_word' id='word_1_130' title='bbox 1552 1681 1844 1735; x_wconf 67' lang='lat' dir='ltr'>daemones</span> <span class='ocrx_word' id='word_1_131' title='bbox 1875 1681 1958 1734; x_wconf 92' lang='lat' dir='ltr'>fu-</span> 
     </span>
    </p>
   </div>
   <div class='ocr_carea' id='block_1_19' title="bbox 297 1768 1955 1842">
    <p class='ocr_par' dir='ltr' id='par_1_19' title="bbox 297 1768 1955 1842">
     <span class='ocr_line' id='line_1_19' title="bbox 297 1768 1955 1842; baseline 0 -19"><span class='ocrx_word' id='word_1_132' title='bbox 297 1769 548 1842; x_wconf 83' lang='lat' dir='ltr'>gaverit,</span> <span class='ocrx_word' id='word_1_133' title='bbox 579 1785 680 1840; x_wconf 88' lang='lat' dir='ltr'>ego</span> <span class='ocrx_word' id='word_1_134' title='bbox 712 1768 914 1841; x_wconf 90' lang='lat' dir='ltr'>regina</span> <span class='ocrx_word' id='word_1_135' title='bbox 956 1785 1083 1837; x_wconf 91' lang='lat' dir='ltr'>ero;</span> <span class='ocrx_word' id='word_1_136' title='bbox 1125 1771 1182 1824; x_wconf 92' lang='lat' dir='ltr'>et</span> <span class='ocrx_word' id='word_1_137' title='bbox 1213 1785 1359 1840; x_wconf 89' lang='lat' dir='ltr'>quos</span> <span class='ocrx_word' id='word_1_138' title='bbox 1391 1769 1517 1840; x_wconf 89' lang='lat' dir='ltr'>ipse</span> <span class='ocrx_word' id='word_1_139' title='bbox 1563 1769 1699 1824; x_wconf 89' lang='lat' dir='ltr'>fecit</span> <span class='ocrx_word' id='word_1_140' title='bbox 1748 1769 1955 1840; x_wconf 91' lang='lat' dir='ltr'>perimi</span> 
     </span>
    </p>
   </div>
   <div class='ocr_carea' id='block_1_20' title="bbox 289 1857 1954 1931">
    <p class='ocr_par' dir='ltr' id='par_1_20' title="bbox 289 1857 1954 1931">
     <span class='ocr_line' id='line_1_20' title="bbox 289 1857 1954 1931; baseline 0.001 -20"><span class='ocrx_word' id='word_1_141' title='bbox 289 1857 515 1931; x_wconf 86' lang='lat' dir='ltr'>gladio,</span> <span class='ocrx_word' id='word_1_142' title='bbox 541 1874 644 1930; x_wconf 87' lang='lat' dir='ltr'>ego</span> <span class='ocrx_word' id='word_1_143' title='bbox 669 1858 1050 1925; x_wconf 88' lang='lat' dir='ltr'>resuscitabo,</span> <span class='ocrx_word' id='word_1_144' title='bbox 1073 1859 1248 1930; x_wconf 75' lang='lat' dir='ltr'>cmpit</span> <span class='ocrx_word' id='word_1_145' title='bbox 1275 1857 1524 1913; x_wconf 90' lang='lat' dir='ltr'>clamare</span> <span class='ocrx_word' id='word_1_146' title='bbox 1546 1858 1778 1913; x_wconf 92' lang='lat' dir='ltr'>dicens:</span> <span class='ocrx_word' id='word_1_147' title='bbox 1804 1858 1922 1913; x_wconf 87' lang='lat' dir='ltr'>Heu</span> <span class='ocrx_word' id='word_1_148' title='bbox 1942 1873 1954 1927; x_wconf 73' lang='grc' dir='ltr'><em>ι</em></span> 
     </span>
    </p>
   </div>
   <div class='ocr_carea' id='block_1_21' title="bbox 291 1945 1954 2018">
    <p class='ocr_par' dir='ltr' id='par_1_21' title="bbox 291 1945 1954 2018">
     <span class='ocr_line' id='line_1_21' title="bbox 291 1945 1954 2018; baseline -0.001 -16"><span class='ocrx_word' id='word_1_149' title='bbox 291 1945 440 2002; x_wconf 88' lang='lat' dir='ltr'>heu!</span> <span class='ocrx_word' id='word_1_150' title='bbox 492 1963 676 2018; x_wconf 90' lang='lat' dir='ltr'>quare</span> <span class='ocrx_word' id='word_1_151' title='bbox 720 1946 1089 2017; x_wconf 86' lang='lat' dir='ltr'>ingredimur</span> <span class='ocrx_word' id='word_1_152' title='bbox 1121 1950 1179 2000; x_wconf 92' lang='lat' dir='ltr'>et</span> <span class='ocrx_word' id='word_1_153' title='bbox 1211 1950 1576 2002; x_wconf 89' lang='lat' dir='ltr'>coarctamur</span> <span class='ocrx_word' id='word_1_154' title='bbox 1621 1947 1774 2002; x_wconf 89' lang='lat' dir='ltr'>exire</span> <span class='ocrx_word' id='word_1_155' title='bbox 1821 1963 1954 2001; x_wconf 92' lang='lat' dir='ltr'>cum</span> 
     </span>
    </p>
   </div>
   <div class='ocr_carea' id='block_1_22' title="bbox 284 2033 1954 2106">
    <p class='ocr_par' dir='ltr' id='par_1_22' title="bbox 284 2033 1954 2106">
     <span class='ocr_line' id='line_1_22' title="bbox 284 2033 1954 2106; baseline -0.001 -15"><span class='ocrx_word' id='word_1_156' title='bbox 284 2034 652 2091; x_wconf 80' lang='lat' dir='ltr'>tormentis?</span> <span class='ocrx_word' id='word_1_157' title='bbox 683 2033 838 2089; x_wconf 88' lang='lat' dir='ltr'>Nihil</span> <span class='ocrx_word' id='word_1_158' title='bbox 887 2039 942 2090; x_wconf 91' lang='lat' dir='ltr'>te</span> <span class='ocrx_word' id='word_1_159' title='bbox 986 2034 1267 2100; x_wconf 57' lang='lat' dir='ltr'>tissimus,</span> <span class='ocrx_word' id='word_1_160' title='bbox 1303 2035 1432 2101; x_wconf 89' lang='lat' dir='ltr'>Leo,</span> <span class='ocrx_word' id='word_1_161' title='bbox 1474 2051 1653 2106; x_wconf 91' lang='lat' dir='ltr'>quare</span> <span class='ocrx_word' id='word_1_162' title='bbox 1683 2052 1789 2089; x_wconf 77' lang='lat' dir='ltr'>nos</span> <span class='ocrx_word' id='word_1_163' title='bbox 1839 2052 1954 2090; x_wconf 90' lang='lat' dir='ltr'>non</span> 
     </span>
    </p>
   </div>
   <div class='ocr_carea' id='block_1_23' title="bbox 285 2121 1953 2195">
    <p class='ocr_par' dir='ltr' id='par_1_23' title="bbox 285 2121 1953 2195">
     <span class='ocr_line' id='line_1_23' title="bbox 285 2121 1953 2195; baseline 0.001 -19"><span class='ocrx_word' id='word_1_164' title='bbox 285 2122 591 2194; x_wconf 89' lang='lat' dir='ltr'>permittis</span> <span class='ocrx_word' id='word_1_165' title='bbox 612 2121 700 2177; x_wconf 91' lang='lat' dir='ltr'>vel</span> <span class='ocrx_word' id='word_1_166' title='bbox 732 2139 847 2177; x_wconf 89' lang='lat' dir='ltr'>una</span> <span class='ocrx_word' id='word_1_167' title='bbox 875 2123 1236 2193; x_wconf 88' lang='lat' dir='ltr'>requiescere</span> <span class='ocrx_word' id='word_1_168' title='bbox 1277 2122 1458 2178; x_wconf 91' lang='lat' dir='ltr'>hora?</span> <span class='ocrx_word' id='word_1_169' title='bbox 1488 2125 1650 2178; x_wconf 90' lang='lat' dir='ltr'>Tunc</span> <span class='ocrx_word' id='word_1_170' title='bbox 1682 2123 1953 2195; x_wconf 90' lang='lat' dir='ltr'>Episcopi</span> 
     </span>
    </p>
   </div>
   <div class='ocr_carea' id='block_1_24' title="bbox 286 2211 1951 2282">
    <p class='ocr_par' dir='ltr' id='par_1_24' title="bbox 286 2211 1951 2282">
     <span class='ocr_line' id='line_1_24' title="bbox 286 2211 1951 2282; baseline -0.001 -16"><span class='ocrx_word' id='word_1_171' title='bbox 286 2211 390 2282; x_wconf 85' lang='lat' dir='ltr'>qui</span> <span class='ocrx_word' id='word_1_172' title='bbox 439 2211 690 2266; x_wconf 86' lang='lat' dir='ltr'>aderant</span> <span class='ocrx_word' id='word_1_173' title='bbox 737 2211 1009 2265; x_wconf 87' lang='lat' dir='ltr'>dixerunt</span> <span class='ocrx_word' id='word_1_174' title='bbox 1045 2228 1057 2264; x_wconf 93' lang='lat'>:</span> <span class='ocrx_word' id='word_1_175' title='bbox 1093 2211 1416 2277; x_wconf 88' lang='lat' dir='ltr'>Maledicte,</span> <span class='ocrx_word' id='word_1_176' title='bbox 1465 2217 1748 2267; x_wconf 89' lang='lat' dir='ltr'>revertere</span> <span class='ocrx_word' id='word_1_177' title='bbox 1798 2212 1951 2266; x_wconf 89' lang='lat' dir='ltr'>unde</span> 
     </span>
    </p>
   </div>
   <div class='ocr_carea' id='block_1_25' title="bbox 288 2297 1951 2370">
    <p class='ocr_par' dir='ltr' id='par_1_25' title="bbox 288 2297 1951 2370">
     <span class='ocr_line' id='line_1_25' title="bbox 288 2297 1951 2370; baseline 0.001 -18"><span class='ocrx_word' id='word_1_178' title='bbox 288 2297 407 2352; x_wconf 87' lang='lat' dir='ltr'>huc</span> <span class='ocrx_word' id='word_1_179' title='bbox 439 2297 752 2365; x_wconf 81' lang='lat' dir='ltr'>advenisti,</span> <span class='ocrx_word' id='word_1_180' title='bbox 781 2302 838 2352; x_wconf 91' lang='lat' dir='ltr'>et</span> <span class='ocrx_word' id='word_1_181' title='bbox 879 2297 967 2352; x_wconf 86' lang='lat' dir='ltr'>exi</span> <span class='ocrx_word' id='word_1_182' title='bbox 1013 2298 1086 2352; x_wconf 94' lang='lat' dir='ltr'>ab</span> <span class='ocrx_word' id='word_1_183' title='bbox 1139 2297 1256 2353; x_wconf 89' lang='lat' dir='ltr'>illa.</span> <span class='ocrx_word' id='word_1_184' title='bbox 1291 2299 1394 2362; x_wconf 88' lang='lat' dir='ltr'>Qui</span> <span class='ocrx_word' id='word_1_185' title='bbox 1447 2300 1747 2370; x_wconf 89' lang='lat' dir='ltr'>respondit</span> <span class='ocrx_word' id='word_1_186' title='bbox 1778 2318 1789 2353; x_wconf 92' lang='lat'>:</span> <span class='ocrx_word' id='word_1_187' title='bbox 1826 2301 1951 2354; x_wconf 88' lang='lat' dir='ltr'>Non</span> 
     </span>
    </p>
   </div>
   <div class='ocr_carea' id='block_1_26' title="bbox 286 2386 1952 2460">
    <p class='ocr_par' dir='ltr' id='par_1_26' title="bbox 286 2386 1952 2460">
     <span class='ocr_line' id='line_1_26' title="bbox 286 2386 1952 2460; baseline 0.001 -18"><span class='ocrx_word' id='word_1_188' title='bbox 286 2403 538 2460; x_wconf 88' lang='lat' dir='ltr'>possum</span> <span class='ocrx_word' id='word_1_189' title='bbox 572 2386 778 2442; x_wconf 89' lang='lat' dir='ltr'>reverti</span> <span class='ocrx_word' id='word_1_190' title='bbox 811 2387 966 2441; x_wconf 91' lang='lat' dir='ltr'>unde</span> <span class='ocrx_word' id='word_1_191' title='bbox 1015 2387 1338 2458; x_wconf 88' lang='lat' dir='ltr'>exivi,quia</span> <span class='ocrx_word' id='word_1_192' title='bbox 1369 2388 1596 2459; x_wconf 85' lang='lat' dir='ltr'>signata</span> <span class='ocrx_word' id='word_1_193' title='bbox 1647 2393 1736 2443; x_wconf 90' lang='lat' dir='ltr'>est</span> <span class='ocrx_word' id='word_1_194' title='bbox 1769 2407 1781 2444; x_wconf 95' lang='lat'>:</span> <span class='ocrx_word' id='word_1_195' title='bbox 1815 2407 1952 2444; x_wconf 90' lang='lat' dir='ltr'>nam</span> 
     </span>
    </p>
   </div>
   <div class='ocr_carea' id='block_1_27' title="bbox 286 2474 1953 2541">
    <p class='ocr_par' dir='ltr' id='par_1_27' title="bbox 286 2474 1953 2541">
     <span class='ocr_line' id='line_1_27' title="bbox 286 2474 1953 2541; baseline 0.001 -9"><span class='ocrx_word' id='word_1_196' title='bbox 286 2475 572 2532; x_wconf 85' lang='lat' dir='ltr'>hesterno</span> <span class='ocrx_word' id='word_1_197' title='bbox 596 2475 688 2530; x_wconf 90' lang='lat' dir='ltr'>die</span> <span class='ocrx_word' id='word_1_198' title='bbox 715 2474 860 2531; x_wconf 90' lang='lat' dir='ltr'>exivi</span> <span class='ocrx_word' id='word_1_199' title='bbox 883 2475 953 2530; x_wconf 93' lang='lat' dir='ltr'>de</span> <span class='ocrx_word' id='word_1_200' title='bbox 983 2475 1156 2531; x_wconf 90' lang='lat' dir='ltr'>domo</span> <span class='ocrx_word' id='word_1_201' title='bbox 1181 2492 1328 2541; x_wconf 89' lang='lat' dir='ltr'>mea,</span> <span class='ocrx_word' id='word_1_202' title='bbox 1346 2481 1402 2531; x_wconf 91' lang='lat' dir='ltr'>et</span> <span class='ocrx_word' id='word_1_203' title='bbox 1430 2477 1576 2532; x_wconf 90' lang='lat' dir='ltr'>hanc</span> <span class='ocrx_word' id='word_1_204' title='bbox 1602 2478 1660 2532; x_wconf 91' lang='lat' dir='ltr'>in</span> <span class='ocrx_word' id='word_1_205' title='bbox 1685 2494 1953 2533; x_wconf 90' lang='lat' dir='ltr'>commu-</span> 
     </span>
    </p>
   </div>
   <div class='ocr_carea' id='block_1_28' title="bbox 284 2563 1953 2640">
    <p class='ocr_par' dir='ltr' id='par_1_28' title="bbox 284 2563 1953 2640">
     <span class='ocr_line' id='line_1_28' title="bbox 284 2563 1953 2640; baseline 0.001 -20"><span class='ocrx_word' id='word_1_206' title='bbox 284 2564 580 2621; x_wconf 83' lang='lat' dir='ltr'>tationem</span> <span class='ocrx_word' id='word_1_207' title='bbox 616 2563 825 2635; x_wconf 88' lang='lat' dir='ltr'>recepi.</span> <span class='ocrx_word' id='word_1_208' title='bbox 859 2564 1130 2637; x_wconf 88' lang='lat' dir='ltr'>Dixitque</span> <span class='ocrx_word' id='word_1_209' title='bbox 1170 2565 1494 2638; x_wconf 88' lang='lat' dir='ltr'>Episcopus</span> <span class='ocrx_word' id='word_1_210' title='bbox 1528 2583 1542 2622; x_wconf 91' lang='lat'><strong>:</strong></span> <span class='ocrx_word' id='word_1_211' title='bbox 1574 2568 1642 2621; x_wconf 89' lang='lat' dir='ltr'>Et</span> <span class='ocrx_word' id='word_1_212' title='bbox 1673 2585 1850 2640; x_wconf 91' lang='lat' dir='ltr'>quare</span> <span class='ocrx_word' id='word_1_213' title='bbox 1882 2569 1953 2622; x_wconf 91' lang='lat' dir='ltr'>de</span> 
     </span>
    </p>
   </div>
   <div class='ocr_carea' id='block_1_29' title="bbox 281 2651 1952 2725">
    <p class='ocr_par' dir='ltr' id='par_1_29' title="bbox 281 2651 1952 2725">
     <span class='ocr_line' id='line_1_29' title="bbox 281 2651 1952 2725; baseline 0.002 -17"><span class='ocrx_word' id='word_1_214' title='bbox 281 2653 400 2710; x_wconf 84' lang='lat' dir='ltr'>ista</span> <span class='ocrx_word' id='word_1_215' title='bbox 436 2653 593 2708; x_wconf 91' lang='lat' dir='ltr'>ultro</span> <span class='ocrx_word' id='word_1_216' title='bbox 625 2651 793 2708; x_wconf 84' lang='lat' dir='ltr'>exis?</span> <span class='ocrx_word' id='word_1_217' title='bbox 825 2651 925 2707; x_wconf 91' lang='lat' dir='ltr'>Ille</span> <span class='ocrx_word' id='word_1_218' title='bbox 957 2653 1294 2725; x_wconf 90' lang='lat' dir='ltr'>respondit:</span> <span class='ocrx_word' id='word_1_219' title='bbox 1328 2654 1474 2718; x_wconf 88' lang='lat' dir='ltr'>Quia</span> <span class='ocrx_word' id='word_1_220' title='bbox 1504 2655 1615 2710; x_wconf 91' lang='lat' dir='ltr'>Leo</span> <span class='ocrx_word' id='word_1_221' title='bbox 1647 2656 1788 2710; x_wconf 89' lang='lat' dir='ltr'>mihi</span> <span class='ocrx_word' id='word_1_222' title='bbox 1823 2673 1952 2712; x_wconf 88' lang='lat' dir='ltr'>eam</span> 
     </span>
    </p>
   </div>
   <div class='ocr_carea' id='block_1_30' title="bbox 284 2741 1952 2816">
    <p class='ocr_par' dir='ltr' id='par_1_30' title="bbox 284 2741 1952 2816">
     <span class='ocr_line' id='line_1_30' title="bbox 284 2741 1952 2816; baseline 0.002 -19"><span class='ocrx_word' id='word_1_223' title='bbox 284 2741 455 2797; x_wconf 89' lang='lat' dir='ltr'>dedit</span> <span class='ocrx_word' id='word_1_224' title='bbox 484 2743 558 2796; x_wconf 91' lang='lat' dir='ltr'>ad</span> <span class='ocrx_word' id='word_1_225' title='bbox 605 2741 1028 2813; x_wconf 90' lang='lat' dir='ltr'>possidendum</span> <span class='ocrx_word' id='word_1_226' title='bbox 1081 2742 1207 2797; x_wconf 92' lang='lat' dir='ltr'>heri</span> <span class='ocrx_word' id='word_1_227' title='bbox 1264 2747 1498 2814; x_wconf 88' lang='lat' dir='ltr'>propter</span> <span class='ocrx_word' id='word_1_228' title='bbox 1556 2743 1952 2816; x_wconf 89' lang='lat' dir='ltr'>blasphemias</span> 
     </span>
    </p>
   </div>
   <div class='ocr_carea' id='block_1_31' title="bbox 284 2829 1951 2904">
    <p class='ocr_par' dir='ltr' id='par_1_31' title="bbox 284 2829 1951 2904">
     <span class='ocr_line' id='line_1_31' title="bbox 284 2829 1951 2904; baseline 0.001 -18"><span class='ocrx_word' id='word_1_229' title='bbox 284 2848 438 2904; x_wconf 89' lang='lat' dir='ltr'>quas</span> <span class='ocrx_word' id='word_1_230' title='bbox 475 2829 674 2886; x_wconf 88' lang='lat' dir='ltr'>locuta</span> <span class='ocrx_word' id='word_1_231' title='bbox 699 2834 787 2884; x_wconf 90' lang='lat' dir='ltr'>est</span> <span class='ocrx_word' id='word_1_232' title='bbox 819 2830 876 2884; x_wconf 92' lang='lat' dir='ltr'>in</span> <span class='ocrx_word' id='word_1_233' title='bbox 909 2847 1079 2896; x_wconf 88' lang='lat' dir='ltr'>eum;</span> <span class='ocrx_word' id='word_1_234' title='bbox 1106 2831 1206 2886; x_wconf 90' lang='lat' dir='ltr'>sed</span> <span class='ocrx_word' id='word_1_235' title='bbox 1231 2835 1427 2886; x_wconf 89' lang='lat' dir='ltr'>tamen</span> <span class='ocrx_word' id='word_1_236' title='bbox 1461 2831 1557 2887; x_wconf 92' lang='lat' dir='ltr'>ille</span> <span class='ocrx_word' id='word_1_237' title='bbox 1588 2833 1821 2888; x_wconf 90' lang='lat' dir='ltr'>mobilis</span> <span class='ocrx_word' id='word_1_238' title='bbox 1844 2837 1951 2901; x_wconf 86' lang='lat' dir='ltr'>est,</span> 
     </span>
    </p>
   </div>
   <div class='ocr_carea' id='block_1_32' title="bbox 284 2919 1957 2990">
    <p class='ocr_par' dir='ltr' id='par_1_32' title="bbox 284 2919 1957 2990">
     <span class='ocr_line' id='line_1_32' title="bbox 284 2919 1957 2990; baseline 0.001 -14"><span class='ocrx_word' id='word_1_239' title='bbox 284 2923 344 2976; x_wconf 77' lang='lat' dir='ltr'>et</span> <span class='ocrx_word' id='word_1_240' title='bbox 377 2935 686 2976; x_wconf 82' lang='lat' dir='ltr'>sermones</span> <span class='ocrx_word' id='word_1_241' title='bbox 719 2920 846 2990; x_wconf 87' lang='lat' dir='ltr'>ejus</span> <span class='ocrx_word' id='word_1_242' title='bbox 879 2936 993 2974; x_wconf 91' lang='lat' dir='ltr'>non</span> <span class='ocrx_word' id='word_1_243' title='bbox 1029 2923 1169 2974; x_wconf 88' lang='lat' dir='ltr'>sunt</span> <span class='ocrx_word' id='word_1_244' title='bbox 1197 2921 1314 2974; x_wconf 87' lang='lat' dir='ltr'>veri</span> <span class='ocrx_word' id='word_1_245' title='bbox 1343 2938 1354 2974; x_wconf 90' lang='lat'><strong>:</strong></span> <span class='ocrx_word' id='word_1_246' title='bbox 1380 2919 1652 2977; x_wconf 90' lang='lat' dir='ltr'>hesterno</span> <span class='ocrx_word' id='word_1_247' title='bbox 1680 2923 1772 2976; x_wconf 89' lang='lat' dir='ltr'>die</span> <span class='ocrx_word' id='word_1_248' title='bbox 1798 2923 1957 2977; x_wconf 88' lang='lat' dir='ltr'>dedit</span> 
     </span>
    </p>
   </div>
   <div class='ocr_carea' id='block_1_33' title="bbox 286 3007 1953 3079">
    <p class='ocr_par' dir='ltr' id='par_1_33' title="bbox 286 3007 1953 3079">
     <span class='ocr_line' id='line_1_33' title="bbox 286 3007 1953 3079; baseline 0.001 -16"><span class='ocrx_word' id='word_1_249' title='bbox 286 3010 464 3064; x_wconf 89' lang='lat' dir='ltr'>nobis</span> <span class='ocrx_word' id='word_1_250' title='bbox 495 3014 553 3063; x_wconf 90' lang='lat' dir='ltr'>et</span> <span class='ocrx_word' id='word_1_251' title='bbox 585 3008 756 3064; x_wconf 88' lang='lat' dir='ltr'>hodie</span> <span class='ocrx_word' id='word_1_252' title='bbox 790 3007 983 3079; x_wconf 91' lang='lat' dir='ltr'>ejiciet</span> <span class='ocrx_word' id='word_1_253' title='bbox 1006 3025 1111 3064; x_wconf 90' lang='lat' dir='ltr'>nos</span> <span class='ocrx_word' id='word_1_254' title='bbox 1144 3009 1213 3063; x_wconf 91' lang='lat' dir='ltr'>de</span> <span class='ocrx_word' id='word_1_255' title='bbox 1245 3009 1356 3064; x_wconf 92' lang='lat' dir='ltr'>ista</span> <span class='ocrx_word' id='word_1_256' title='bbox 1388 3008 1764 3066; x_wconf 88' lang='lat' dir='ltr'>habitatione.</span> <span class='ocrx_word' id='word_1_257' title='bbox 1791 3012 1953 3065; x_wconf 90' lang='lat' dir='ltr'>Tunc</span> 
     </span>
    </p>
   </div>
   <div class='ocr_carea' id='block_1_34' title="bbox 285 3097 1953 3170">
    <p class='ocr_par' dir='ltr' id='par_1_34' title="bbox 285 3097 1953 3170">
     <span class='ocr_line' id='line_1_34' title="bbox 285 3097 1953 3170; baseline 0.002 -18"><span class='ocrx_word' id='word_1_258' title='bbox 285 3097 434 3153; x_wconf 81' lang='lat' dir='ltr'>dixit</span> <span class='ocrx_word' id='word_1_259' title='bbox 463 3098 788 3170; x_wconf 86' lang='lat' dir='ltr'>Episcopus</span> <span class='ocrx_word' id='word_1_260' title='bbox 825 3115 836 3152; x_wconf 94' lang='lat'><strong>:</strong></span> <span class='ocrx_word' id='word_1_261' title='bbox 870 3098 939 3152; x_wconf 90' lang='lat' dir='ltr'>Et</span> <span class='ocrx_word' id='word_1_262' title='bbox 972 3097 1126 3152; x_wconf 88' lang='lat' dir='ltr'>unde</span> <span class='ocrx_word' id='word_1_263' title='bbox 1172 3098 1286 3153; x_wconf 88' lang='lat' dir='ltr'>scis</span> <span class='ocrx_word' id='word_1_264' title='bbox 1337 3100 1488 3170; x_wconf 91' lang='lat' dir='ltr'>quod</span> <span class='ocrx_word' id='word_1_265' title='bbox 1522 3099 1692 3154; x_wconf 85' lang='lat' dir='ltr'>hodie</span> <span class='ocrx_word' id='word_1_266' title='bbox 1722 3100 1953 3170; x_wconf 88' lang='lat' dir='ltr'>ejiciet?</span> 
     </span>
    </p>
   </div>
   <div class='ocr_carea' id='block_1_35' title="bbox 2067 528 3717 604">
    <p class='ocr_par' dir='ltr' id='par_1_35' title="bbox 2067 528 3717 604">
     <span class='ocr_line' id='line_1_35' title="bbox 2067 528 3717 604; baseline 0.007 -22"><span class='ocrx_word' id='word_1_267' title='bbox 2067 528 2267 583; x_wconf 88' lang='lat' dir='ltr'>mam?</span> <span class='ocrx_word' id='word_1_268' title='bbox 2299 528 2617 600; x_wconf 81' lang='lat' dir='ltr'>Respondit</span> <span class='ocrx_word' id='word_1_269' title='bbox 2639 531 2864 585; x_wconf 67' lang='lat' dir='ltr'>daemon</span> <span class='ocrx_word' id='word_1_270' title='bbox 2891 548 2902 584; x_wconf 91' lang='lat'>:</span> <span class='ocrx_word' id='word_1_271' title='bbox 2928 532 3093 597; x_wconf 83' lang='lat' dir='ltr'>Vere,</span> <span class='ocrx_word' id='word_1_272' title='bbox 3118 532 3410 604; x_wconf 91' lang='lat' dir='ltr'>inquiens,</span> <span class='ocrx_word' id='word_1_273' title='bbox 3435 536 3605 592; x_wconf 88' lang='lat' dir='ltr'>hodie</span> <span class='ocrx_word' id='word_1_274' title='bbox 3624 531 3717 594; x_wconf 84' lang='lat' dir='ltr'>ve-</span> 
     </span>
    </p>
   </div>
   <div class='ocr_carea' id='block_1_36' title="bbox 2069 615 3718 693">
    <p class='ocr_par' dir='ltr' id='par_1_36' title="bbox 2069 615 3718 693">
     <span class='ocr_line' id='line_1_36' title="bbox 2069 615 3718 693; baseline 0.005 -21"><span class='ocrx_word' id='word_1_275' title='bbox 2069 615 2241 672; x_wconf 90' lang='lat' dir='ltr'>niunt</span> <span class='ocrx_word' id='word_1_276' title='bbox 2269 633 2402 672; x_wconf 91' lang='lat' dir='ltr'>cum</span> <span class='ocrx_word' id='word_1_277' title='bbox 2435 619 2590 690; x_wconf 90' lang='lat' dir='ltr'>Papa</span> <span class='ocrx_word' id='word_1_278' title='bbox 2639 621 2843 675; x_wconf 90' lang='lat' dir='ltr'>Leone.</span> <span class='ocrx_word' id='word_1_279' title='bbox 2876 619 3156 676; x_wconf 88' lang='lat' dir='ltr'>Dixerunt</span> <span class='ocrx_word' id='word_1_280' title='bbox 3185 621 3426 693; x_wconf 90' lang='lat' dir='ltr'>quidam</span> <span class='ocrx_word' id='word_1_281' title='bbox 3461 625 3532 679; x_wconf 87' lang='lat' dir='ltr'>de</span> <span class='ocrx_word' id='word_1_282' title='bbox 3577 626 3718 682; x_wconf 91' lang='lat' dir='ltr'>Pre-</span> 
     </span>
    </p>
   </div>
   <div class='ocr_carea' id='block_1_37' title="bbox 2070 705 3718 778">
    <p class='ocr_par' dir='ltr' id='par_1_37' title="bbox 2070 705 3718 778">
     <span class='ocr_line' id='line_1_37' title="bbox 2070 705 3718 778; baseline 0.006 -19"><span class='ocrx_word' id='word_1_283' title='bbox 2070 705 2339 777; x_wconf 81' lang='lat' dir='ltr'>sbyteris,</span> <span class='ocrx_word' id='word_1_284' title='bbox 2365 707 2460 777; x_wconf 86' lang='lat' dir='ltr'>qui</span> <span class='ocrx_word' id='word_1_285' title='bbox 2509 714 2824 778; x_wconf 73' lang='lat' dir='ltr'>praesentes</span> <span class='ocrx_word' id='word_1_286' title='bbox 2864 710 3105 765; x_wconf 91' lang='lat' dir='ltr'>aderant</span> <span class='ocrx_word' id='word_1_287' title='bbox 3138 728 3149 765; x_wconf 94' lang='lat'><strong>:</strong></span> <span class='ocrx_word' id='word_1_288' title='bbox 3183 711 3252 765; x_wconf 90' lang='lat' dir='ltr'>Et</span> <span class='ocrx_word' id='word_1_289' title='bbox 3281 711 3436 766; x_wconf 89' lang='lat' dir='ltr'>unde</span> <span class='ocrx_word' id='word_1_290' title='bbox 3466 712 3718 771; x_wconf 86' lang='lat' dir='ltr'>sciemus</span> 
     </span>
    </p>
   </div>
   <div class='ocr_carea' id='block_1_38' title="bbox 2071 794 3720 873">
    <p class='ocr_par' dir='ltr' id='par_1_38' title="bbox 2071 794 3720 873">
     <span class='ocr_line' id='line_1_38' title="bbox 2071 794 3720 873; baseline 0.005 -25"><span class='ocrx_word' id='word_1_291' title='bbox 2071 795 2305 865; x_wconf 85' lang='lat' dir='ltr'>quando</span> <span class='ocrx_word' id='word_1_292' title='bbox 2330 794 2442 849; x_wconf 91' lang='lat' dir='ltr'>huc</span> <span class='ocrx_word' id='word_1_293' title='bbox 2464 795 2731 851; x_wconf 88' lang='lat' dir='ltr'>venient?</span> <span class='ocrx_word' id='word_1_294' title='bbox 2751 802 2852 852; x_wconf 91' lang='lat' dir='ltr'>aut</span> <span class='ocrx_word' id='word_1_295' title='bbox 2874 799 3109 868; x_wconf 92' lang='lat' dir='ltr'>quando</span> <span class='ocrx_word' id='word_1_296' title='bbox 3131 815 3476 872; x_wconf 89' lang='lat' dir='ltr'>cognoscere</span> <span class='ocrx_word' id='word_1_297' title='bbox 3509 795 3720 873; x_wconf 83' lang='lat' dir='ltr'>poteri-</span> 
     </span>
    </p>
   </div>
   <div class='ocr_carea' id='block_1_39' title="bbox 2071 883 3720 962">
    <p class='ocr_par' dir='ltr' id='par_1_39' title="bbox 2071 883 3720 962">
     <span class='ocr_line' id='line_1_39' title="bbox 2071 883 3720 962; baseline 0.008 -28"><span class='ocrx_word' id='word_1_298' title='bbox 2071 883 2244 936; x_wconf 88' lang='lat' dir='ltr'>mus?</span> <span class='ocrx_word' id='word_1_299' title='bbox 2273 883 2507 938; x_wconf 84' lang='lat' dir='ltr'>Daemon</span> <span class='ocrx_word' id='word_1_300' title='bbox 2532 886 2872 956; x_wconf 82' lang='lat' dir='ltr'>respondit?</span> <span class='ocrx_word' id='word_1_301' title='bbox 2902 888 3082 942; x_wconf 86' lang='lat' dir='ltr'>Citius</span> <span class='ocrx_word' id='word_1_302' title='bbox 3105 889 3230 958; x_wconf 89' lang='lat' dir='ltr'>jam</span> <span class='ocrx_word' id='word_1_303' title='bbox 3263 906 3441 962; x_wconf 91' lang='lat' dir='ltr'>prope</span> <span class='ocrx_word' id='word_1_304' title='bbox 3473 890 3720 946; x_wconf 82' lang='lat' dir='ltr'>Romam</span> 
     </span>
    </p>
   </div>
   <div class='ocr_carea' id='block_1_40' title="bbox 2071 973 3719 1048">
    <p class='ocr_par' dir='ltr' id='par_1_40' title="bbox 2071 973 3719 1048">
     <span class='ocr_line' id='line_1_40' title="bbox 2071 973 3719 1048; baseline 0.007 -24"><span class='ocrx_word' id='word_1_305' title='bbox 2071 975 2210 1024; x_wconf 91' lang='lat' dir='ltr'>sunt</span> <span class='ocrx_word' id='word_1_306' title='bbox 2244 989 2256 1026; x_wconf 89' lang='lat'><strong>:</strong></span> <span class='ocrx_word' id='word_1_307' title='bbox 2292 973 2507 1043; x_wconf 88' lang='lat' dir='ltr'>quibus</span> <span class='ocrx_word' id='word_1_308' title='bbox 2556 975 2921 1030; x_wconf 85' lang='lat' dir='ltr'>venientibus</span> <span class='ocrx_word' id='word_1_309' title='bbox 2952 992 3056 1048; x_wconf 91' lang='lat' dir='ltr'>ego</span> <span class='ocrx_word' id='word_1_310' title='bbox 3097 976 3192 1032; x_wconf 89' lang='lat' dir='ltr'>hic</span> <span class='ocrx_word' id='word_1_311' title='bbox 3224 981 3380 1033; x_wconf 89' lang='lat' dir='ltr'>stare</span> <span class='ocrx_word' id='word_1_312' title='bbox 3416 979 3573 1034; x_wconf 91' lang='lat' dir='ltr'>ultra</span> <span class='ocrx_word' id='word_1_313' title='bbox 3602 996 3719 1035; x_wconf 92' lang='lat' dir='ltr'>non</span> 
     </span>
    </p>
   </div>
   <div class='ocr_carea' id='block_1_41' title="bbox 2071 1061 3717 1134">
    <p class='ocr_par' dir='ltr' id='par_1_41' title="bbox 2071 1061 3717 1134">
     <span class='ocr_line' id='line_1_41' title="bbox 2071 1061 3717 1134; baseline 0.006 -22"><span class='ocrx_word' id='word_1_314' title='bbox 2071 1063 2290 1129; x_wconf 89' lang='lat' dir='ltr'>potero.</span> <span class='ocrx_word' id='word_1_315' title='bbox 2316 1061 2463 1115; x_wconf 89' lang='lat' dir='ltr'>Sunt</span> <span class='ocrx_word' id='word_1_316' title='bbox 2493 1061 2644 1115; x_wconf 89' lang='lat' dir='ltr'>enim</span> <span class='ocrx_word' id='word_1_317' title='bbox 2679 1062 2773 1116; x_wconf 92' lang='lat' dir='ltr'>hic</span> <span class='ocrx_word' id='word_1_318' title='bbox 2803 1066 2861 1118; x_wconf 90' lang='lat' dir='ltr'>et</span> <span class='ocrx_word' id='word_1_319' title='bbox 2892 1063 2990 1118; x_wconf 91' lang='lat' dir='ltr'>alii</span> <span class='ocrx_word' id='word_1_320' title='bbox 3040 1064 3245 1120; x_wconf 83' lang='lat' dir='ltr'>fratres</span> <span class='ocrx_word' id='word_1_321' title='bbox 3277 1066 3424 1134; x_wconf 90' lang='lat' dir='ltr'>mei;</span> <span class='ocrx_word' id='word_1_322' title='bbox 3458 1067 3599 1122; x_wconf 91' lang='lat' dir='ltr'>dum</span> <span class='ocrx_word' id='word_1_323' title='bbox 3632 1067 3717 1122; x_wconf 89' lang='lat' dir='ltr'>illi</span> 
     </span>
    </p>
   </div>
   <div class='ocr_carea' id='block_1_42' title="bbox 2069 1141 3716 1225">
    <p class='ocr_par' dir='ltr' id='par_1_42' title="bbox 2069 1141 3716 1225">
     <span class='ocr_line' id='line_1_42' title="bbox 2069 1141 3716 1225; baseline 0.005 -25"><span class='ocrx_word' id='word_1_324' title='bbox 2069 1148 2352 1215; x_wconf 91' lang='lat' dir='ltr'>venerint,</span> <span class='ocrx_word' id='word_1_325' title='bbox 2388 1166 2589 1205; x_wconf 88' lang='lat' dir='ltr'>omnes</span> <span class='ocrx_word' id='word_1_326' title='bbox 2622 1167 2849 1205; x_wconf 89' lang='lat' dir='ltr'>mecum</span> <span class='ocrx_word' id='word_1_327' title='bbox 2891 1152 3089 1223; x_wconf 84' lang='lat' dir='ltr'>fugam</span> <span class='ocrx_word' id='word_1_328' title='bbox 3130 1153 3426 1225; x_wconf 80' lang='lat' dir='ltr'>arripiant.</span> <span class='ocrx_word' id='word_1_329' title='bbox 3461 1158 3576 1210; x_wconf 89' lang='lat' dir='ltr'>Vos</span> <span class='ocrx_word' id='word_1_330' title='bbox 3607 1141 3716 1210; x_wconf 85' lang='lat' dir='ltr'>au-</span> 
     </span>
    </p>
   </div>
   <div class='ocr_carea' id='block_1_43' title="bbox 2071 1236 3712 1313">
    <p class='ocr_par' dir='ltr' id='par_1_43' title="bbox 2071 1236 3712 1313">
     <span class='ocr_line' id='line_1_43' title="bbox 2071 1236 3712 1313; baseline 0.006 -25"><span class='ocrx_word' id='word_1_331' title='bbox 2071 1238 2188 1289; x_wconf 90' lang='lat' dir='ltr'>tem</span> <span class='ocrx_word' id='word_1_332' title='bbox 2222 1236 2462 1308; x_wconf 87' lang='lat' dir='ltr'>aspicite</span> <span class='ocrx_word' id='word_1_333' title='bbox 2496 1238 2552 1292; x_wconf 92' lang='lat' dir='ltr'>in</span> <span class='ocrx_word' id='word_1_334' title='bbox 2591 1237 2861 1311; x_wconf 89' lang='lat' dir='ltr'>lampade</span> <span class='ocrx_word' id='word_1_335' title='bbox 2908 1245 3041 1295; x_wconf 89' lang='lat' dir='ltr'>ante</span> <span class='ocrx_word' id='word_1_336' title='bbox 3089 1241 3324 1313; x_wconf 88' lang='lat' dir='ltr'>signum</span> <span class='ocrx_word' id='word_1_337' title='bbox 3357 1244 3505 1312; x_wconf 85' lang='lat' dir='ltr'>ejus,</span> <span class='ocrx_word' id='word_1_338' title='bbox 3529 1246 3586 1298; x_wconf 92' lang='lat' dir='ltr'>et</span> <span class='ocrx_word' id='word_1_339' title='bbox 3613 1259 3712 1298; x_wconf 91' lang='lat' dir='ltr'>co-</span> 
     </span>
    </p>
   </div>
   <div class='ocr_carea' id='block_1_44' title="bbox 2071 1324 3713 1397">
    <p class='ocr_par' dir='ltr' id='par_1_44' title="bbox 2071 1324 3713 1397">
     <span class='ocr_line' id='line_1_44' title="bbox 2071 1324 3713 1397; baseline 0.005 -20"><span class='ocrx_word' id='word_1_340' title='bbox 2071 1324 2363 1393; x_wconf 89' lang='lat' dir='ltr'>gnoscetis</span> <span class='ocrx_word' id='word_1_341' title='bbox 2409 1325 2644 1397; x_wconf 90' lang='lat' dir='ltr'>signum</span> <span class='ocrx_word' id='word_1_342' title='bbox 2695 1328 2976 1383; x_wconf 88' lang='lat' dir='ltr'>adventus</span> <span class='ocrx_word' id='word_1_343' title='bbox 3005 1344 3226 1383; x_wconf 89' lang='lat' dir='ltr'>eorum.</span> <span class='ocrx_word' id='word_1_344' title='bbox 3256 1331 3418 1384; x_wconf 90' lang='lat' dir='ltr'>Tunc</span> <span class='ocrx_word' id='word_1_345' title='bbox 3445 1346 3577 1385; x_wconf 89' lang='lat' dir='ltr'>vere</span> <span class='ocrx_word' id='word_1_346' title='bbox 3622 1345 3713 1385; x_wconf 90' lang='lat' dir='ltr'>se-</span> 
     </span>
    </p>
   </div>
   <div class='ocr_carea' id='block_1_45' title="bbox 2068 1413 3717 1489">
    <p class='ocr_par' dir='ltr' id='par_1_45' title="bbox 2068 1413 3717 1489">
     <span class='ocr_line' id='line_1_45' title="bbox 2068 1413 3717 1489; baseline 0.005 -23"><span class='ocrx_word' id='word_1_347' title='bbox 2068 1413 2326 1468; x_wconf 92' lang='lat' dir='ltr'>cundum</span> <span class='ocrx_word' id='word_1_348' title='bbox 2359 1415 2640 1470; x_wconf 63' lang='lat' dir='ltr'>daemonis</span> <span class='ocrx_word' id='word_1_349' title='bbox 2667 1417 2906 1483; x_wconf 81' lang='lat' dir='ltr'>dictum,</span> <span class='ocrx_word' id='word_1_350' title='bbox 2930 1417 3099 1487; x_wconf 89' lang='lat' dir='ltr'>quasi</span> <span class='ocrx_word' id='word_1_351' title='bbox 3130 1417 3282 1473; x_wconf 91' lang='lat' dir='ltr'>circa</span> <span class='ocrx_word' id='word_1_352' title='bbox 3311 1418 3514 1473; x_wconf 90' lang='lat' dir='ltr'>horam</span> <span class='ocrx_word' id='word_1_353' title='bbox 3546 1435 3717 1489; x_wconf 91' lang='lat' dir='ltr'>quar-</span> 
     </span>
    </p>
   </div>
   <div class='ocr_carea' id='block_1_46' title="bbox 2071 1503 3712 1578">
    <p class='ocr_par' dir='ltr' id='par_1_46' title="bbox 2071 1503 3712 1578">
     <span class='ocr_line' id='line_1_46' title="bbox 2071 1503 3712 1578; baseline 0.005 -23"><span class='ocrx_word' id='word_1_354' title='bbox 2071 1504 2210 1567; x_wconf 87' lang='lat' dir='ltr'>tam,</span> <span class='ocrx_word' id='word_1_355' title='bbox 2236 1503 2378 1558; x_wconf 91' lang='lat' dir='ltr'>odor</span> <span class='ocrx_word' id='word_1_356' title='bbox 2409 1521 2657 1576; x_wconf 89' lang='lat' dir='ltr'>magnus</span> <span class='ocrx_word' id='word_1_357' title='bbox 2689 1506 2875 1560; x_wconf 91' lang='lat' dir='ltr'>factus</span> <span class='ocrx_word' id='word_1_358' title='bbox 2906 1510 2994 1560; x_wconf 91' lang='lat' dir='ltr'>est</span> <span class='ocrx_word' id='word_1_359' title='bbox 3035 1522 3134 1578; x_wconf 91' lang='lat' dir='ltr'>per</span> <span class='ocrx_word' id='word_1_360' title='bbox 3161 1510 3341 1562; x_wconf 89' lang='lat' dir='ltr'>totam</span> <span class='ocrx_word' id='word_1_361' title='bbox 3374 1506 3712 1576; x_wconf 87' lang='lat' dir='ltr'>ecclesiam;</span> 
     </span>
    </p>
   </div>
   <div class='ocr_carea' id='block_1_47' title="bbox 2067 1591 3715 1666">
    <p class='ocr_par' dir='ltr' id='par_1_47' title="bbox 2067 1591 3715 1666">
     <span class='ocr_line' id='line_1_47' title="bbox 2067 1591 3715 1666; baseline 0.005 -22"><span class='ocrx_word' id='word_1_362' title='bbox 2067 1594 2123 1644; x_wconf 92' lang='lat' dir='ltr'>et</span> <span class='ocrx_word' id='word_1_363' title='bbox 2148 1591 2566 1662; x_wconf 88' lang='lat' dir='ltr'>aspicientibus</span> <span class='ocrx_word' id='word_1_364' title='bbox 2596 1594 2652 1647; x_wconf 92' lang='lat' dir='ltr'>in</span> <span class='ocrx_word' id='word_1_365' title='bbox 2679 1593 3030 1666; x_wconf 88' lang='lat' dir='ltr'>lampadem,</span> <span class='ocrx_word' id='word_1_366' title='bbox 3053 1596 3326 1651; x_wconf 89' lang='lat' dir='ltr'>viderunt</span> <span class='ocrx_word' id='word_1_367' title='bbox 3353 1613 3480 1652; x_wconf 85' lang='lat' dir='ltr'>eam</span> <span class='ocrx_word' id='word_1_368' title='bbox 3515 1613 3715 1652; x_wconf 90' lang='lat' dir='ltr'>ascen-</span> 
     </span>
    </p>
   </div>
   <div class='ocr_carea' id='block_1_48' title="bbox 2068 1679 3716 1756">
    <p class='ocr_par' dir='ltr' id='par_1_48' title="bbox 2068 1679 3716 1756">
     <span class='ocr_line' id='line_1_48' title="bbox 2068 1679 3716 1756; baseline 0.005 -24"><span class='ocrx_word' id='word_1_369' title='bbox 2068 1679 2204 1734; x_wconf 91' lang='lat' dir='ltr'>dere</span> <span class='ocrx_word' id='word_1_370' title='bbox 2235 1698 2411 1752; x_wconf 88' lang='lat' dir='ltr'>prope</span> <span class='ocrx_word' id='word_1_371' title='bbox 2441 1682 2691 1736; x_wconf 67' lang='lat' dir='ltr'>ecclesiaa</span> <span class='ocrx_word' id='word_1_372' title='bbox 2731 1687 3044 1754; x_wconf 72' lang='lat' dir='ltr'>tegmenta,</span> <span class='ocrx_word' id='word_1_373' title='bbox 3077 1701 3211 1739; x_wconf 90' lang='lat' dir='ltr'>cum</span> <span class='ocrx_word' id='word_1_374' title='bbox 3245 1702 3360 1756; x_wconf 90' lang='lat' dir='ltr'>qua</span> <span class='ocrx_word' id='word_1_375' title='bbox 3389 1690 3446 1740; x_wconf 91' lang='lat' dir='ltr'>et</span> <span class='ocrx_word' id='word_1_376' title='bbox 3475 1689 3594 1742; x_wconf 88' lang='lat' dir='ltr'>tres</span> <span class='ocrx_word' id='word_1_377' title='bbox 3625 1701 3716 1740; x_wconf 86' lang='lat' dir='ltr'>ar-</span> 
     </span>
    </p>
   </div>
   <div class='ocr_carea' id='block_1_49' title="bbox 1989 1767 3718 1873">
    <p class='ocr_par' dir='ltr' id='par_1_49' title="bbox 1989 1767 3718 1873">
     <span class='ocr_line' id='line_1_49' title="bbox 1989 1767 3718 1873; baseline 0.004 -53"><span class='ocrx_word' id='word_1_378' title='bbox 1989 1809 2036 1873; x_wconf 83' lang='lat' dir='ltr'><strong>B</strong></span> <span class='ocrx_word' id='word_1_379' title='bbox 2074 1767 2210 1822; x_wconf 88' lang='lat' dir='ltr'>dere</span> <span class='ocrx_word' id='word_1_380' title='bbox 2240 1768 2541 1840; x_wconf 89' lang='lat' dir='ltr'>lampades</span> <span class='ocrx_word' id='word_1_381' title='bbox 2587 1770 2781 1824; x_wconf 89' lang='lat' dir='ltr'>visum</span> <span class='ocrx_word' id='word_1_382' title='bbox 2812 1775 2919 1825; x_wconf 91' lang='lat' dir='ltr'>est.</span> <span class='ocrx_word' id='word_1_383' title='bbox 2957 1773 3017 1825; x_wconf 89' lang='lat' dir='ltr'>In</span> <span class='ocrx_word' id='word_1_384' title='bbox 3051 1771 3179 1841; x_wconf 88' lang='lat' dir='ltr'>ipsa</span> <span class='ocrx_word' id='word_1_385' title='bbox 3226 1773 3368 1826; x_wconf 87' lang='lat' dir='ltr'>hora</span> <span class='ocrx_word' id='word_1_386' title='bbox 3397 1774 3570 1844; x_wconf 73' lang='lat' dir='ltr'>coepit</span> <span class='ocrx_word' id='word_1_387' title='bbox 3598 1774 3718 1827; x_wconf 71' lang='lat' dir='ltr'>daa-</span> 
     </span>
    </p>
   </div>
   <div class='ocr_carea' id='block_1_50' title="bbox 2070 1856 3717 1928">
    <p class='ocr_par' dir='ltr' id='par_1_50' title="bbox 2070 1856 3717 1928">
     <span class='ocr_line' id='line_1_50' title="bbox 2070 1856 3717 1928; baseline 0.004 -20"><span class='ocrx_word' id='word_1_388' title='bbox 2070 1871 2205 1909; x_wconf 87' lang='lat' dir='ltr'>mon</span> <span class='ocrx_word' id='word_1_389' title='bbox 2243 1856 2464 1912; x_wconf 89' lang='lat' dir='ltr'>ululare</span> <span class='ocrx_word' id='word_1_390' title='bbox 2497 1857 2646 1911; x_wconf 91' lang='lat' dir='ltr'>sicut</span> <span class='ocrx_word' id='word_1_391' title='bbox 2677 1857 2872 1928; x_wconf 91' lang='lat' dir='ltr'>lupus,</span> <span class='ocrx_word' id='word_1_392' title='bbox 2906 1861 2962 1912; x_wconf 89' lang='lat' dir='ltr'>et</span> <span class='ocrx_word' id='word_1_393' title='bbox 3004 1858 3300 1913; x_wconf 89' lang='lat' dir='ltr'>modicum</span> <span class='ocrx_word' id='word_1_394' title='bbox 3332 1877 3547 1916; x_wconf 87' lang='lat' dir='ltr'>vexans</span> <span class='ocrx_word' id='word_1_395' title='bbox 3586 1876 3717 1915; x_wconf 89' lang='lat' dir='ltr'>mu-</span> 
     </span>
    </p>
   </div>
   <div class='ocr_carea' id='block_1_51' title="bbox 2067 1941 3719 2020">
    <p class='ocr_par' dir='ltr' id='par_1_51' title="bbox 2067 1941 3719 2020">
     <span class='ocr_line' id='line_1_51' title="bbox 2067 1941 3719 2020; baseline 0.004 -25"><span class='ocrx_word' id='word_1_396' title='bbox 2067 1941 2268 1998; x_wconf 90' lang='lat' dir='ltr'>lierem</span> <span class='ocrx_word' id='word_1_397' title='bbox 2310 1945 2483 1999; x_wconf 86' lang='lat' dir='ltr'>exivit</span> <span class='ocrx_word' id='word_1_398' title='bbox 2513 1947 2584 1999; x_wconf 87' lang='lat' dir='ltr'>ab</span> <span class='ocrx_word' id='word_1_399' title='bbox 2614 1962 2699 2000; x_wconf 93' lang='lat' dir='ltr'>ea.</span> <span class='ocrx_word' id='word_1_400' title='bbox 2724 1947 2888 2001; x_wconf 89' lang='lat' dir='ltr'>Tunc</span> <span class='ocrx_word' id='word_1_401' title='bbox 2927 1947 3376 2003; x_wconf 90' lang='lat' dir='ltr'>circumstantes</span> <span class='ocrx_word' id='word_1_402' title='bbox 3421 1952 3719 2020; x_wconf 81' lang='lat' dir='ltr'>cmperunt</span> 
     </span>
    </p>
   </div>
   <div class='ocr_carea' id='block_1_52' title="bbox 2067 2029 3623 2108">
    <p class='ocr_par' dir='ltr' id='par_1_52' title="bbox 2067 2029 3623 2108">
     <span class='ocr_line' id='line_1_52' title="bbox 2067 2029 3623 2108; baseline 0.003 -23"><span class='ocrx_word' id='word_1_403' title='bbox 2067 2029 2306 2087; x_wconf 89' lang='lat' dir='ltr'>laudare</span> <span class='ocrx_word' id='word_1_404' title='bbox 2340 2033 2518 2088; x_wconf 88' lang='lat' dir='ltr'>Deum</span> <span class='ocrx_word' id='word_1_405' title='bbox 2554 2038 2607 2088; x_wconf 90' lang='lat' dir='ltr'>et</span> <span class='ocrx_word' id='word_1_406' title='bbox 2639 2034 2700 2089; x_wconf 85' lang='grc' dir='ltr'>Β.</span> <span class='ocrx_word' id='word_1_407' title='bbox 2737 2036 2981 2090; x_wconf 90' lang='lat' dir='ltr'>Leonem</span> <span class='ocrx_word' id='word_1_408' title='bbox 3015 2034 3301 2091; x_wconf 81' lang='lat' dir='ltr'>famulum</span> <span class='ocrx_word' id='word_1_409' title='bbox 3335 2037 3461 2106; x_wconf 87' lang='lat' dir='ltr'>ejus</span> <span class='ocrx_word' id='word_1_410' title='bbox 3489 2037 3623 2108; x_wconf 90' lang='grc'><strong>(71).</strong></span> 
     </span>
    </p>
   </div>
   <div class='ocr_carea' id='block_1_53' title="bbox 2137 2122 3712 2196">
    <p class='ocr_par' dir='ltr' id='par_1_53' title="bbox 2137 2122 3712 2196">
     <span class='ocr_line' id='line_1_53' title="bbox 2137 2122 3712 2196; baseline 0.003 -22"><span class='ocrx_word' id='word_1_411' title='bbox 2137 2123 2221 2175; x_wconf 76' lang='grc'><strong>12.</strong></span> <span class='ocrx_word' id='word_1_412' title='bbox 2257 2122 2453 2177; x_wconf 87' lang='lat' dir='ltr'>Tertia</span> <span class='ocrx_word' id='word_1_413' title='bbox 2491 2123 2582 2177; x_wconf 89' lang='lat' dir='ltr'>die</span> <span class='ocrx_word' id='word_1_414' title='bbox 2633 2127 2764 2194; x_wconf 89' lang='lat' dir='ltr'>post</span> <span class='ocrx_word' id='word_1_415' title='bbox 2804 2123 3166 2196; x_wconf 88' lang='lat' dir='ltr'>sepulturam</span> <span class='ocrx_word' id='word_1_416' title='bbox 3201 2124 3264 2178; x_wconf 94' lang='lat' dir='ltr'>B.</span> <span class='ocrx_word' id='word_1_417' title='bbox 3299 2125 3508 2181; x_wconf 92' lang='lat' dir='ltr'>Leonis</span> <span class='ocrx_word' id='word_1_418' title='bbox 3564 2122 3712 2181; x_wconf 81' lang='grc' dir='ltr'>Νοῃὶ</span> 
     </span>
    </p>
   </div>
   <div class='ocr_carea' id='block_1_54' title="bbox 2062 2209 3713 2286">
    <p class='ocr_par' dir='ltr' id='par_1_54' title="bbox 2062 2209 3713 2286">
     <span class='ocr_line' id='line_1_54' title="bbox 2062 2209 3713 2286; baseline 0.004 -23"><span class='ocrx_word' id='word_1_419' title='bbox 2062 2209 2250 2282; x_wconf 83' lang='lat' dir='ltr'>Papae,</span> <span class='ocrx_word' id='word_1_420' title='bbox 2277 2211 2425 2265; x_wconf 91' lang='lat' dir='ltr'>facta</span> <span class='ocrx_word' id='word_1_421' title='bbox 2455 2216 2595 2266; x_wconf 91' lang='lat' dir='ltr'>sunt</span> <span class='ocrx_word' id='word_1_422' title='bbox 2623 2212 2737 2268; x_wconf 92' lang='lat' dir='ltr'>duo</span> <span class='ocrx_word' id='word_1_423' title='bbox 2769 2212 3053 2268; x_wconf 88' lang='lat' dir='ltr'>miracula</span> <span class='ocrx_word' id='word_1_424' title='bbox 3082 2214 3153 2268; x_wconf 89' lang='lat' dir='ltr'>ad</span> <span class='ocrx_word' id='word_1_425' title='bbox 3176 2213 3470 2268; x_wconf 89' lang='lat' dir='ltr'>tumulum</span> <span class='ocrx_word' id='word_1_426' title='bbox 3501 2213 3713 2286; x_wconf 89' lang='lat' dir='ltr'>ipsius,</span> 
     </span>
    </p>
   </div>
   <div class='ocr_carea' id='block_1_55' title="bbox 2060 2298 3708 2374">
    <p class='ocr_par' dir='ltr' id='par_1_55' title="bbox 2060 2298 3708 2374">
     <span class='ocr_line' id='line_1_55' title="bbox 2060 2298 3708 2374; baseline 0.004 -22"><span class='ocrx_word' id='word_1_427' title='bbox 2060 2298 2329 2354; x_wconf 88' lang='lat' dir='ltr'>videlicet</span> <span class='ocrx_word' id='word_1_428' title='bbox 2363 2300 2476 2354; x_wconf 93' lang='lat' dir='ltr'>duo</span> <span class='ocrx_word' id='word_1_429' title='bbox 2510 2300 2797 2367; x_wconf 89' lang='lat' dir='ltr'>homines,</span> <span class='ocrx_word' id='word_1_430' title='bbox 2822 2301 2923 2373; x_wconf 90' lang='lat' dir='ltr'>qui</span> <span class='ocrx_word' id='word_1_431' title='bbox 2945 2303 3043 2356; x_wconf 91' lang='lat' dir='ltr'>diu</span> <span class='ocrx_word' id='word_1_432' title='bbox 3070 2307 3203 2357; x_wconf 90' lang='lat' dir='ltr'>ante</span> <span class='ocrx_word' id='word_1_433' title='bbox 3226 2303 3441 2371; x_wconf 88' lang='lat' dir='ltr'>januas</span> <span class='ocrx_word' id='word_1_434' title='bbox 3469 2304 3708 2374; x_wconf 86' lang='lat' dir='ltr'>Aposto-</span> 
     </span>
    </p>
   </div>
   <div class='ocr_carea' id='block_1_56' title="bbox 2063 2387 3711 2462">
    <p class='ocr_par' dir='ltr' id='par_1_56' title="bbox 2063 2387 3711 2462">
     <span class='ocr_line' id='line_1_56' title="bbox 2063 2387 3711 2462; baseline 0.004 -21"><span class='ocrx_word' id='word_1_435' title='bbox 2063 2387 2251 2444; x_wconf 89' lang='lat' dir='ltr'>lorum</span> <span class='ocrx_word' id='word_1_436' title='bbox 2300 2388 2587 2461; x_wconf 88' lang='lat' dir='ltr'>Principis</span> <span class='ocrx_word' id='word_1_437' title='bbox 2625 2391 2934 2460; x_wconf 89' lang='lat' dir='ltr'>jacuerant</span> <span class='ocrx_word' id='word_1_438' title='bbox 2965 2391 3395 2462; x_wconf 92' lang='lat' dir='ltr'>contracti,per</span> <span class='ocrx_word' id='word_1_439' title='bbox 3436 2391 3711 2447; x_wconf 89' lang='lat' dir='ltr'>meritum</span> 
     </span>
    </p>
   </div>
   <div class='ocr_carea' id='block_1_57' title="bbox 2065 2478 3716 2551">
    <p class='ocr_par' dir='ltr' id='par_1_57' title="bbox 2065 2478 3716 2551">
     <span class='ocr_line' id='line_1_57' title="bbox 2065 2478 3716 2551; baseline 0.002 -19"><span class='ocrx_word' id='word_1_440' title='bbox 2065 2479 2124 2533; x_wconf 89' lang='grc' dir='ltr'>Β.</span> <span class='ocrx_word' id='word_1_441' title='bbox 2162 2478 2370 2534; x_wconf 90' lang='lat' dir='ltr'>Leonis</span> <span class='ocrx_word' id='word_1_442' title='bbox 2394 2479 2558 2551; x_wconf 68' lang='lat' dir='ltr'>Papae</span> <span class='ocrx_word' id='word_1_443' title='bbox 2582 2481 2852 2535; x_wconf 91' lang='lat' dir='ltr'>abierunt</span> <span class='ocrx_word' id='word_1_444' title='bbox 2881 2480 3078 2547; x_wconf 90' lang='lat' dir='ltr'>erecti,</span> <span class='ocrx_word' id='word_1_445' title='bbox 3102 2484 3158 2534; x_wconf 92' lang='lat' dir='ltr'>et</span> <span class='ocrx_word' id='word_1_446' title='bbox 3188 2479 3296 2534; x_wconf 91' lang='lat' dir='ltr'>hoc</span> <span class='ocrx_word' id='word_1_447' title='bbox 3319 2497 3464 2551; x_wconf 90' lang='lat' dir='ltr'>pene</span> <span class='ocrx_word' id='word_1_448' title='bbox 3486 2483 3610 2536; x_wconf 90' lang='lat' dir='ltr'>tota</span> <span class='ocrx_word' id='word_1_449' title='bbox 3639 2480 3716 2536; x_wconf 89' lang='lat' dir='ltr'>ci-</span> 
     </span>
    </p>
   </div>
   <div class='ocr_carea' id='block_1_58' title="bbox 2063 2569 3715 2640">
    <p class='ocr_par' dir='ltr' id='par_1_58' title="bbox 2063 2569 3715 2640">
     <span class='ocr_line' id='line_1_58' title="bbox 2063 2569 3715 2640; baseline 0.002 -19"><span class='ocrx_word' id='word_1_450' title='bbox 2063 2569 2209 2622; x_wconf 88' lang='lat' dir='ltr'>vitas</span> <span class='ocrx_word' id='word_1_451' title='bbox 2244 2569 2420 2632; x_wconf 90' lang='lat' dir='ltr'>novit,</span> <span class='ocrx_word' id='word_1_452' title='bbox 2448 2586 2576 2640; x_wconf 64' lang='lat' dir='ltr'>quae</span> <span class='ocrx_word' id='word_1_453' title='bbox 2617 2585 2714 2624; x_wconf 92' lang='lat' dir='ltr'>eos</span> <span class='ocrx_word' id='word_1_454' title='bbox 2754 2573 3080 2624; x_wconf 88' lang='lat' dir='ltr'>contractos</span> <span class='ocrx_word' id='word_1_455' title='bbox 3110 2573 3278 2622; x_wconf 91' lang='lat' dir='ltr'>antea</span> <span class='ocrx_word' id='word_1_456' title='bbox 3307 2569 3471 2622; x_wconf 88' lang='lat' dir='ltr'>vidit.</span> <span class='ocrx_word' id='word_1_457' title='bbox 3508 2569 3715 2625; x_wconf 90' lang='lat' dir='ltr'>Mulier</span> 
     </span>
    </p>
   </div>
   <div class='ocr_carea' id='block_1_59' title="bbox 2064 2656 3713 2730">
    <p class='ocr_par' dir='ltr' id='par_1_59' title="bbox 2064 2656 3713 2730">
     <span class='ocr_line' id='line_1_59' title="bbox 2064 2656 3713 2730; baseline 0.002 -20"><span class='ocrx_word' id='word_1_458' title='bbox 2064 2658 2351 2727; x_wconf 69' lang='lat' dir='ltr'>quaedam,</span> <span class='ocrx_word' id='word_1_459' title='bbox 2379 2658 2566 2730; x_wconf 86' lang='lat' dir='ltr'>spatio</span> <span class='ocrx_word' id='word_1_460' title='bbox 2592 2658 2845 2712; x_wconf 86' lang='lat' dir='ltr'>sedecim</span> <span class='ocrx_word' id='word_1_461' title='bbox 2868 2674 3156 2712; x_wconf 90' lang='lat' dir='ltr'>annorum</span> <span class='ocrx_word' id='word_1_462' title='bbox 3183 2656 3470 2727; x_wconf 88' lang='lat' dir='ltr'>languens</span> <span class='ocrx_word' id='word_1_463' title='bbox 3491 2661 3548 2710; x_wconf 90' lang='lat' dir='ltr'>et</span> <span class='ocrx_word' id='word_1_464' title='bbox 3575 2673 3713 2712; x_wconf 89' lang='lat' dir='ltr'>con-</span> 
     </span>
    </p>
   </div>
   <div class='ocr_carea' id='block_1_60' title="bbox 2063 2743 3717 2817">
    <p class='ocr_par' dir='ltr' id='par_1_60' title="bbox 2063 2743 3717 2817">
     <span class='ocr_line' id='line_1_60' title="bbox 2063 2743 3717 2817; baseline 0.001 -19"><span class='ocrx_word' id='word_1_465' title='bbox 2063 2748 2268 2811; x_wconf 87' lang='lat' dir='ltr'>tracta,</span> <span class='ocrx_word' id='word_1_466' title='bbox 2295 2747 2502 2815; x_wconf 91' lang='lat' dir='ltr'>jacens</span> <span class='ocrx_word' id='word_1_467' title='bbox 2529 2745 2584 2800; x_wconf 90' lang='lat' dir='ltr'>in</span> <span class='ocrx_word' id='word_1_468' title='bbox 2618 2747 2878 2817; x_wconf 88' lang='lat' dir='ltr'>grabato,</span> <span class='ocrx_word' id='word_1_469' title='bbox 2902 2746 3030 2815; x_wconf 91' lang='lat' dir='ltr'>ejus</span> <span class='ocrx_word' id='word_1_470' title='bbox 3052 2745 3122 2798; x_wconf 90' lang='lat' dir='ltr'>ad</span> <span class='ocrx_word' id='word_1_471' title='bbox 3153 2743 3448 2798; x_wconf 90' lang='lat' dir='ltr'>tumulum</span> <span class='ocrx_word' id='word_1_472' title='bbox 3479 2744 3717 2800; x_wconf 87' lang='lat' dir='ltr'>devecta</span> 
     </span>
    </p>
   </div>
   <div class='ocr_carea' id='block_1_61' title="bbox 2063 2831 3716 2905">
    <p class='ocr_par' dir='ltr' id='par_1_61' title="bbox 2063 2831 3716 2905">
     <span class='ocr_line' id='line_1_61' title="bbox 2063 2831 3716 2905; baseline -0.001 -17"><span class='ocrx_word' id='word_1_473' title='bbox 2063 2838 2187 2888; x_wconf 88' lang='lat' dir='ltr'>est:</span> <span class='ocrx_word' id='word_1_474' title='bbox 2213 2838 2268 2887; x_wconf 91' lang='lat' dir='ltr'>et</span> <span class='ocrx_word' id='word_1_475' title='bbox 2299 2833 2436 2905; x_wconf 86' lang='lat' dir='ltr'>quia</span> <span class='ocrx_word' id='word_1_476' title='bbox 2474 2833 2722 2888; x_wconf 82' lang='lat' dir='ltr'>fideliter</span> <span class='ocrx_word' id='word_1_477' title='bbox 2754 2832 3016 2895; x_wconf 89' lang='lat' dir='ltr'>credidit,</span> <span class='ocrx_word' id='word_1_478' title='bbox 3053 2849 3196 2887; x_wconf 91' lang='lat' dir='ltr'>sana</span> <span class='ocrx_word' id='word_1_479' title='bbox 3239 2836 3295 2886; x_wconf 92' lang='lat' dir='ltr'>et</span> <span class='ocrx_word' id='word_1_480' title='bbox 3335 2835 3524 2888; x_wconf 89' lang='lat' dir='ltr'>erecta</span> <span class='ocrx_word' id='word_1_481' title='bbox 3554 2831 3716 2887; x_wconf 90' lang='lat' dir='ltr'>illinc</span> 
     </span>
    </p>
   </div>
   <div class='ocr_carea' id='block_1_62' title="bbox 2064 2919 3714 2977">
    <p class='ocr_par' dir='ltr' id='par_1_62' title="bbox 2064 2919 3714 2977">
     <span class='ocr_line' id='line_1_62' title="bbox 2064 2919 3714 2977; baseline 0.001 -1"><span class='ocrx_word' id='word_1_482' title='bbox 2064 2922 2269 2976; x_wconf 88' lang='lat' dir='ltr'>rediit:</span> <span class='ocrx_word' id='word_1_483' title='bbox 2297 2925 2352 2976; x_wconf 90' lang='lat' dir='ltr'>et</span> <span class='ocrx_word' id='word_1_484' title='bbox 2383 2922 2503 2976; x_wconf 63' lang='lat' dir='ltr'>haec</span> <span class='ocrx_word' id='word_1_485' title='bbox 2535 2920 2803 2976; x_wconf 90' lang='lat' dir='ltr'>similiter</span> <span class='ocrx_word' id='word_1_486' title='bbox 2823 2921 3047 2975; x_wconf 90' lang='lat' dir='ltr'>civibus</span> <span class='ocrx_word' id='word_1_487' title='bbox 3072 2924 3209 2975; x_wconf 90' lang='lat' dir='ltr'>nota</span> <span class='ocrx_word' id='word_1_488' title='bbox 3234 2925 3339 2975; x_wconf 92' lang='lat' dir='ltr'>est.</span> <span class='ocrx_word' id='word_1_489' title='bbox 3359 2919 3552 2976; x_wconf 89' lang='lat' dir='ltr'>Altera</span> <span class='ocrx_word' id='word_1_490' title='bbox 3581 2938 3714 2977; x_wconf 91' lang='lat' dir='ltr'>vero</span> 
     </span>
    </p>
   </div>
   <div class='ocr_carea' id='block_1_63' title="bbox 2065 3007 3715 3080">
    <p class='ocr_par' dir='ltr' id='par_1_63' title="bbox 2065 3007 3715 3080">
     <span class='ocr_line' id='line_1_63' title="bbox 2065 3007 3715 3080; baseline 0.002 -18"><span class='ocrx_word' id='word_1_491' title='bbox 2065 3009 2277 3063; x_wconf 90' lang='lat' dir='ltr'>mulier</span> <span class='ocrx_word' id='word_1_492' title='bbox 2306 3010 2375 3064; x_wconf 92' lang='lat' dir='ltr'>de</span> <span class='ocrx_word' id='word_1_493' title='bbox 2408 3009 2728 3076; x_wconf 78' lang='lat' dir='ltr'>Lateranis,</span> <span class='ocrx_word' id='word_1_494' title='bbox 2753 3007 3050 3078; x_wconf 87' lang='lat' dir='ltr'>Stephana</span> <span class='ocrx_word' id='word_1_495' title='bbox 3071 3008 3325 3075; x_wconf 90' lang='lat' dir='ltr'>nomine,</span> <span class='ocrx_word' id='word_1_496' title='bbox 3353 3025 3496 3064; x_wconf 82' lang='lat' dir='ltr'>uxor</span> <span class='ocrx_word' id='word_1_497' title='bbox 3521 3010 3715 3080; x_wconf 91' lang='lat' dir='ltr'>cujus-</span> 
     </span>
    </p>
   </div>
   <div class='ocr_carea' id='block_1_64' title="bbox 2064 3096 3711 3164">
    <p class='ocr_par' dir='ltr' id='par_1_64' title="bbox 2064 3096 3711 3164">
     <span class='ocr_line' id='line_1_64' title="bbox 2064 3096 3711 3164; baseline 0.001 -13"><span class='ocrx_word' id='word_1_498' title='bbox 2064 3097 2198 3151; x_wconf 89' lang='lat' dir='ltr'>dam</span> <span class='ocrx_word' id='word_1_499' title='bbox 2232 3097 2403 3163; x_wconf 88' lang='lat' dir='ltr'>Petri,</span> <span class='ocrx_word' id='word_1_500' title='bbox 2433 3097 2788 3150; x_wconf 83' lang='lat' dir='ltr'>daemonium</span> <span class='ocrx_word' id='word_1_501' title='bbox 2829 3096 3073 3164; x_wconf 89' lang='lat' dir='ltr'>habens,</span> <span class='ocrx_word' id='word_1_502' title='bbox 3097 3096 3167 3150; x_wconf 91' lang='lat' dir='ltr'>ad</span> <span class='ocrx_word' id='word_1_503' title='bbox 3216 3096 3513 3152; x_wconf 89' lang='lat' dir='ltr'>tumulum</span> <span class='ocrx_word' id='word_1_504' title='bbox 3552 3097 3711 3153; x_wconf 88' lang='lat' dir='ltr'>illius</span> 
     </span>
    </p>
   </div>
   <div class='ocr_carea' id='block_1_65' title="bbox 289 3170 3710 3259">
    <p class='ocr_par' dir='ltr' id='par_1_65' title="bbox 289 3170 3710 3259">
     <span class='ocr_line' id='line_1_65' title="bbox 289 3170 3710 3259; baseline 0 -19"><span class='ocrx_word' id='word_1_505' title='bbox 289 3186 616 3256; x_wconf 70' lang='lat' dir='ltr'>Respondit</span> <span class='ocrx_word' id='word_1_506' title='bbox 639 3187 864 3241; x_wconf 68' lang='lat' dir='ltr'>dazmon</span> <span class='ocrx_word' id='word_1_507' title='bbox 893 3205 904 3242; x_wconf 91' lang='lat'>:</span> <span class='ocrx_word' id='word_1_508' title='bbox 931 3186 1135 3242; x_wconf 90' lang='lat' dir='ltr'>Vidisti</span> <span class='ocrx_word' id='word_1_509' title='bbox 1159 3187 1308 3252; x_wconf 89' lang='lat' dir='ltr'>heri,</span> <span class='ocrx_word' id='word_1_510' title='bbox 1339 3189 1571 3259; x_wconf 87' lang='lat' dir='ltr'>quando</span> <span class='ocrx_word' id='word_1_511' title='bbox 1596 3193 1818 3243; x_wconf 87' lang='lat' dir='ltr'>mutam</span> <span class='ocrx_word' id='word_1_512' title='bbox 1841 3188 1952 3257; x_wconf 90' lang='lat' dir='ltr'>lin_</span> <span class='ocrx_word' id='word_1_513' title='bbox 1983 3170 2025 3236; x_wconf 87' lang='lat' dir='ltr'>C</span> <span class='ocrx_word' id='word_1_514' title='bbox 2063 3184 2219 3239; x_wconf 90' lang='lat' dir='ltr'>venit</span> <span class='ocrx_word' id='word_1_515' title='bbox 2253 3203 2264 3239; x_wconf 76' lang='grc' dir='ltr'>ε</span> <span class='ocrx_word' id='word_1_516' title='bbox 2301 3185 2397 3238; x_wconf 89' lang='lat' dir='ltr'>ubi</span> <span class='ocrx_word' id='word_1_517' title='bbox 2446 3184 2792 3256; x_wconf 89' lang='lat' dir='ltr'>sanguinem</span> <span class='ocrx_word' id='word_1_518' title='bbox 2842 3200 3082 3239; x_wconf 90' lang='lat' dir='ltr'>vomens</span> <span class='ocrx_word' id='word_1_519' title='bbox 3119 3187 3175 3239; x_wconf 88' lang='lat' dir='ltr'>et</span> <span class='ocrx_word' id='word_1_520' title='bbox 3203 3183 3470 3239; x_wconf 89' lang='lat' dir='ltr'>volutans</span> <span class='ocrx_word' id='word_1_521' title='bbox 3500 3201 3562 3240; x_wconf 91' lang='lat' dir='ltr'>se</span> <span class='ocrx_word' id='word_1_522' title='bbox 3592 3189 3710 3241; x_wconf 89' lang='lat' dir='ltr'>tres</span> 
     </span>
    </p>
   </div>
   <div class='ocr_carea' id='block_1_66' title="bbox 295 3273 1955 3348">
    <p class='ocr_par' dir='ltr' id='par_1_66' title="bbox 295 3273 1955 3348">
     <span class='ocr_line' id='line_1_66' title="bbox 295 3273 1955 3348; baseline 0.001 -21"><span class='ocrx_word' id='word_1_523' title='bbox 295 3290 481 3346; x_wconf 82' lang='lat' dir='ltr'>guam</span> <span class='ocrx_word' id='word_1_524' title='bbox 503 3273 750 3339; x_wconf 84' lang='lat' dir='ltr'>resolvit,</span> <span class='ocrx_word' id='word_1_525' title='bbox 771 3275 898 3346; x_wconf 89' lang='lat' dir='ltr'>ipsa</span> <span class='ocrx_word' id='word_1_526' title='bbox 921 3274 1067 3330; x_wconf 91' lang='lat' dir='ltr'>hora</span> <span class='ocrx_word' id='word_1_527' title='bbox 1089 3275 1339 3346; x_wconf 87' lang='lat' dir='ltr'>perrexit</span> <span class='ocrx_word' id='word_1_528' title='bbox 1361 3293 1490 3332; x_wconf 89' lang='lat' dir='ltr'>cum</span> <span class='ocrx_word' id='word_1_529' title='bbox 1511 3276 1701 3330; x_wconf 89' lang='lat' dir='ltr'>Marco</span> <span class='ocrx_word' id='word_1_530' title='bbox 1727 3277 1955 3348; x_wconf 86' lang='lat' dir='ltr'>Episco.</span> 
     </span>
    </p>
   </div>
   <div class='ocr_carea' id='block_1_67' title="bbox 296 3360 1951 3436">
    <p class='ocr_par' dir='ltr' id='par_1_67' title="bbox 296 3360 1951 3436">
     <span class='ocr_line' id='line_1_67' title="bbox 296 3360 1951 3436; baseline 0.002 -20"><span class='ocrx_word' id='word_1_531' title='bbox 296 3377 378 3433; x_wconf 87' lang='lat' dir='ltr'>po</span> <span class='ocrx_word' id='word_1_532' title='bbox 400 3360 618 3432; x_wconf 71' lang='lat' dir='ltr'>Apuliae</span> <span class='ocrx_word' id='word_1_533' title='bbox 647 3369 698 3417; x_wconf 88' lang='lat' dir='ltr'>et</span> <span class='ocrx_word' id='word_1_534' title='bbox 727 3380 862 3418; x_wconf 92' lang='lat' dir='ltr'>cum</span> <span class='ocrx_word' id='word_1_535' title='bbox 897 3363 1191 3419; x_wconf 86' lang='lat' dir='ltr'>Marciano</span> <span class='ocrx_word' id='word_1_536' title='bbox 1224 3365 1505 3435; x_wconf 84' lang='lat' dir='ltr'>Episcopo</span> <span class='ocrx_word' id='word_1_537' title='bbox 1529 3365 1640 3434; x_wconf 82' lang='lat'>(69)</span> <span class='ocrx_word' id='word_1_538' title='bbox 1663 3365 1951 3436; x_wconf 84' lang='lat' dir='ltr'>Frequen-</span> 
     </span>
    </p>
   </div>
   <div class='ocr_carea' id='block_1_68' title="bbox 297 3448 1949 3525">
    <p class='ocr_par' dir='ltr' id='par_1_68' title="bbox 297 3448 1949 3525">
     <span class='ocr_line' id='line_1_68' title="bbox 297 3448 1949 3525; baseline 0.002 -21"><span class='ocrx_word' id='word_1_539' title='bbox 297 3448 440 3504; x_wconf 71' lang='lat' dir='ltr'>tinae</span> <span class='ocrx_word' id='word_1_540' title='bbox 474 3451 586 3520; x_wconf 87' lang='lat'>(70)</span> <span class='ocrx_word' id='word_1_541' title='bbox 616 3451 878 3507; x_wconf 66' lang='lat' dir='ltr'>Ecclesiae</span> <span class='ocrx_word' id='word_1_542' title='bbox 928 3453 1344 3508; x_wconf 90' lang='lat' dir='ltr'>Beneventum.</span> <span class='ocrx_word' id='word_1_543' title='bbox 1380 3451 1532 3506; x_wconf 87' lang='lat' dir='ltr'>Dixit</span> <span class='ocrx_word' id='word_1_544' title='bbox 1581 3452 1898 3525; x_wconf 88' lang='lat' dir='ltr'>Episcopus</span> <span class='ocrx_word' id='word_1_545' title='bbox 1938 3473 1949 3508; x_wconf 92' lang='lat'>:</span> 
     </span>
    </p>
   </div>
   <div class='ocr_carea' id='block_1_69' title="bbox 288 3539 1948 3613">
    <p class='ocr_par' dir='ltr' id='par_1_69' title="bbox 288 3539 1948 3613">
     <span class='ocr_line' id='line_1_69' title="bbox 288 3539 1948 3613; baseline 0.002 -19"><span class='ocrx_word' id='word_1_546' title='bbox 288 3539 402 3594; x_wconf 89' lang='lat' dir='ltr'>Pro</span> <span class='ocrx_word' id='word_1_547' title='bbox 448 3556 568 3611; x_wconf 88' lang='lat' dir='ltr'>qua</span> <span class='ocrx_word' id='word_1_548' title='bbox 624 3556 805 3596; x_wconf 91' lang='lat' dir='ltr'>causa</span> <span class='ocrx_word' id='word_1_549' title='bbox 860 3546 1257 3612; x_wconf 90' lang='lat' dir='ltr'>perrexerunt.</span> <span class='ocrx_word' id='word_1_550' title='bbox 1294 3541 1615 3613; x_wconf 75' lang='lat' dir='ltr'>Respondit</span> <span class='ocrx_word' id='word_1_551' title='bbox 1673 3543 1948 3613; x_wconf 64' lang='lat' dir='ltr'>daemon;</span> 
     </span>
    </p>
   </div>
   <div class='ocr_carea' id='block_1_70' title="bbox 289 3627 1949 3703">
    <p class='ocr_par' dir='ltr' id='par_1_70' title="bbox 289 3627 1949 3703">
     <span class='ocr_line' id='line_1_70' title="bbox 289 3627 1949 3703; baseline 0.002 -21"><span class='ocrx_word' id='word_1_552' title='bbox 289 3627 524 3696; x_wconf 86' lang='lat' dir='ltr'>Nescio,</span> <span class='ocrx_word' id='word_1_553' title='bbox 551 3629 652 3684; x_wconf 89' lang='lat' dir='ltr'>sed</span> <span class='ocrx_word' id='word_1_554' title='bbox 703 3629 823 3684; x_wconf 90' lang='lat' dir='ltr'>scio</span> <span class='ocrx_word' id='word_1_555' title='bbox 853 3630 992 3700; x_wconf 92' lang='lat' dir='ltr'>quia</span> <span class='ocrx_word' id='word_1_556' title='bbox 1023 3631 1080 3684; x_wconf 93' lang='lat' dir='ltr'>in</span> <span class='ocrx_word' id='word_1_557' title='bbox 1111 3629 1320 3701; x_wconf 90' lang='lat' dir='ltr'>Apulia</span> <span class='ocrx_word' id='word_1_558' title='bbox 1350 3635 1508 3696; x_wconf 92' lang='lat' dir='ltr'>sunt,</span> <span class='ocrx_word' id='word_1_559' title='bbox 1543 3631 1642 3684; x_wconf 91' lang='lat' dir='ltr'>ubi</span> <span class='ocrx_word' id='word_1_560' title='bbox 1692 3647 1949 3703; x_wconf 88' lang='lat' dir='ltr'>pugnam</span> 
     </span>
    </p>
   </div>
   <div class='ocr_carea' id='block_1_71' title="bbox 275 3717 1954 3790">
    <p class='ocr_par' dir='ltr' id='par_1_71' title="bbox 275 3717 1954 3790">
     <span class='ocr_line' id='line_1_71' title="bbox 275 3717 1954 3790; baseline 0.002 -19"><span class='ocrx_word' id='word_1_561' title='bbox 275 3721 485 3772; x_wconf 84' lang='lat' dir='ltr'>contra</span> <span class='ocrx_word' id='word_1_562' title='bbox 517 3717 767 3773; x_wconf 90' lang='lat' dir='ltr'>Sanctos</span> <span class='ocrx_word' id='word_1_563' title='bbox 786 3717 1107 3773; x_wconf 89' lang='lat' dir='ltr'>Normanni</span> <span class='ocrx_word' id='word_1_564' title='bbox 1141 3717 1695 3781; x_wconf 88' lang='lat' dir='ltr'>commiserunt.Ait</span> <span class='ocrx_word' id='word_1_565' title='bbox 1719 3721 1954 3790; x_wconf 86' lang='lat' dir='ltr'>Episco-</span> 
     </span>
    </p>
   </div>
   <div class='ocr_carea' id='block_1_72' title="bbox 272 3806 1952 3878">
    <p class='ocr_par' dir='ltr' id='par_1_72' title="bbox 272 3806 1952 3878">
     <span class='ocr_line' id='line_1_72' title="bbox 272 3806 1952 3878; baseline 0.002 -18"><span class='ocrx_word' id='word_1_566' title='bbox 272 3822 389 3878; x_wconf 86' lang='lat' dir='ltr'>pus</span> <span class='ocrx_word' id='word_1_567' title='bbox 422 3823 436 3861; x_wconf 89' lang='lat'><strong>:</strong></span> <span class='ocrx_word' id='word_1_568' title='bbox 468 3806 616 3861; x_wconf 87' lang='lat' dir='ltr'>Vere</span> <span class='ocrx_word' id='word_1_569' title='bbox 649 3811 789 3862; x_wconf 91' lang='lat' dir='ltr'>sunt</span> <span class='ocrx_word' id='word_1_570' title='bbox 818 3807 1002 3862; x_wconf 90' lang='lat' dir='ltr'>sancti</span> <span class='ocrx_word' id='word_1_571' title='bbox 1045 3806 1379 3875; x_wconf 89' lang='lat' dir='ltr'>Alemanni,</span> <span class='ocrx_word' id='word_1_572' title='bbox 1414 3806 1517 3878; x_wconf 90' lang='lat' dir='ltr'>qui</span> <span class='ocrx_word' id='word_1_573' title='bbox 1566 3813 1708 3862; x_wconf 88' lang='lat' dir='ltr'>sunt</span> <span class='ocrx_word' id='word_1_574' title='bbox 1738 3809 1952 3864; x_wconf 88' lang='lat' dir='ltr'>ibidem</span> 
     </span>
    </p>
   </div>
   <div class='ocr_carea' id='block_1_73' title="bbox 273 3893 1950 3968">
    <p class='ocr_par' dir='ltr' id='par_1_73' title="bbox 273 3893 1950 3968">
     <span class='ocr_line' id='line_1_73' title="bbox 273 3893 1950 3968; baseline 0.004 -21"><span class='ocrx_word' id='word_1_575' title='bbox 273 3893 621 3949; x_wconf 85' lang='lat' dir='ltr'>interfecti?</span> <span class='ocrx_word' id='word_1_576' title='bbox 669 3895 763 3950; x_wconf 79' lang='lat' dir='ltr'>Ait</span> <span class='ocrx_word' id='word_1_577' title='bbox 810 3895 1021 3951; x_wconf 92' lang='lat' dir='ltr'>demon</span> <span class='ocrx_word' id='word_1_578' title='bbox 1057 3913 1068 3950; x_wconf 92' lang='lat'><strong>:</strong></span> <span class='ocrx_word' id='word_1_579' title='bbox 1103 3895 1372 3967; x_wconf 89' lang='lat' dir='ltr'>Triginta</span> <span class='ocrx_word' id='word_1_580' title='bbox 1419 3901 1474 3950; x_wconf 91' lang='lat' dir='ltr'>et</span> <span class='ocrx_word' id='word_1_581' title='bbox 1515 3897 1775 3968; x_wconf 89' lang='lat' dir='ltr'>quinque</span> <span class='ocrx_word' id='word_1_582' title='bbox 1809 3904 1950 3954; x_wconf 88' lang='lat' dir='ltr'>sunt</span> 
     </span>
    </p>
   </div>
   <div class='ocr_carea' id='block_1_74' title="bbox 282 3982 1957 4055">
    <p class='ocr_par' dir='ltr' id='par_1_74' title="bbox 282 3982 1957 4055">
     <span class='ocr_line' id='line_1_74' title="bbox 282 3982 1957 4055; baseline 0 -17"><span class='ocrx_word' id='word_1_583' title='bbox 282 3982 648 4038; x_wconf 81' lang='lat' dir='ltr'>sanctiﬁcati</span> <span class='ocrx_word' id='word_1_584' title='bbox 675 3999 742 4038; x_wconf 87' lang='lat' dir='ltr'>ex</span> <span class='ocrx_word' id='word_1_585' title='bbox 769 3984 852 4039; x_wconf 87' lang='lat' dir='ltr'>eis</span> <span class='ocrx_word' id='word_1_586' title='bbox 883 4001 985 4055; x_wconf 88' lang='lat' dir='ltr'>per</span> <span class='ocrx_word' id='word_1_587' title='bbox 1024 4000 1171 4055; x_wconf 88' lang='lat' dir='ltr'>quos</span> <span class='ocrx_word' id='word_1_588' title='bbox 1202 3985 1372 4054; x_wconf 89' lang='lat' dir='ltr'>signa</span> <span class='ocrx_word' id='word_1_589' title='bbox 1402 3989 1458 4039; x_wconf 91' lang='lat' dir='ltr'>et</span> <span class='ocrx_word' id='word_1_590' title='bbox 1488 3983 1778 4040; x_wconf 90' lang='lat' dir='ltr'>mirabilia</span> <span class='ocrx_word' id='word_1_591' title='bbox 1807 3987 1957 4040; x_wconf 83' lang='lat' dir='ltr'>fiunt</span> 
     </span>
    </p>
   </div>
   <div class='ocr_carea' id='block_1_75' title="bbox 280 4070 1956 4144">
    <p class='ocr_par' dir='ltr' id='par_1_75' title="bbox 280 4070 1956 4144">
     <span class='ocr_line' id='line_1_75' title="bbox 280 4070 1956 4144; baseline 0 -20"><span class='ocrx_word' id='word_1_592' title='bbox 280 4071 344 4126; x_wconf 91' lang='lat' dir='ltr'>in</span> <span class='ocrx_word' id='word_1_593' title='bbox 377 4071 511 4126; x_wconf 85' lang='lat' dir='ltr'>loco</span> <span class='ocrx_word' id='word_1_594' title='bbox 542 4070 666 4139; x_wconf 92' lang='lat' dir='ltr'>illo,</span> <span class='ocrx_word' id='word_1_595' title='bbox 690 4089 755 4127; x_wconf 91' lang='lat' dir='ltr'>eo</span> <span class='ocrx_word' id='word_1_596' title='bbox 787 4074 940 4143; x_wconf 91' lang='lat' dir='ltr'>quod</span> <span class='ocrx_word' id='word_1_597' title='bbox 974 4077 1180 4144; x_wconf 89' lang='lat' dir='ltr'>sponte</span> <span class='ocrx_word' id='word_1_598' title='bbox 1209 4077 1495 4128; x_wconf 85' lang='lat' dir='ltr'>venerunt</span> <span class='ocrx_word' id='word_1_599' title='bbox 1524 4078 1579 4127; x_wconf 88' lang='lat' dir='ltr'>et</span> <span class='ocrx_word' id='word_1_600' title='bbox 1611 4090 1744 4128; x_wconf 91' lang='lat' dir='ltr'>cum</span> <span class='ocrx_word' id='word_1_601' title='bbox 1778 4074 1956 4129; x_wconf 81' lang='lat' dir='ltr'>fideli-</span> 
     </span>
    </p>
   </div>
   <div class='ocr_carea' id='block_1_76' title="bbox 282 4159 1954 4232">
    <p class='ocr_par' dir='ltr' id='par_1_76' title="bbox 282 4159 1954 4232">
     <span class='ocr_line' id='line_1_76' title="bbox 282 4159 1954 4232; baseline 0.002 -19"><span class='ocrx_word' id='word_1_602' title='bbox 282 4164 409 4215; x_wconf 85' lang='lat' dir='ltr'>tate</span> <span class='ocrx_word' id='word_1_603' title='bbox 456 4176 562 4230; x_wconf 89' lang='lat' dir='ltr'>pro</span> <span class='ocrx_word' id='word_1_604' title='bbox 603 4160 837 4230; x_wconf 89' lang='lat' dir='ltr'>justitia</span> <span class='ocrx_word' id='word_1_605' title='bbox 888 4177 1152 4232; x_wconf 87' lang='lat' dir='ltr'>pugnare</span> <span class='ocrx_word' id='word_1_606' title='bbox 1200 4159 1554 4215; x_wconf 89' lang='lat' dir='ltr'>maluerunt.</span> <span class='ocrx_word' id='word_1_607' title='bbox 1589 4162 1786 4216; x_wconf 70' lang='lat' dir='ltr'>Caeteri</span> <span class='ocrx_word' id='word_1_608' title='bbox 1837 4162 1954 4218; x_wconf 90' lang='lat' dir='ltr'>illic</span> 
     </span>
    </p>
   </div>
   <div class='ocr_carea' id='block_1_77' title="bbox 275 4249 1956 4321">
    <p class='ocr_par' dir='ltr' id='par_1_77' title="bbox 275 4249 1956 4321">
     <span class='ocr_line' id='line_1_77' title="bbox 275 4249 1956 4321; baseline 0.001 -17"><span class='ocrx_word' id='word_1_609' title='bbox 275 4254 427 4304; x_wconf 84' lang='lat' dir='ltr'>tunc</span> <span class='ocrx_word' id='word_1_610' title='bbox 461 4249 678 4303; x_wconf 91' lang='lat' dir='ltr'>mortui</span> <span class='ocrx_word' id='word_1_611' title='bbox 703 4249 761 4303; x_wconf 90' lang='lat' dir='ltr'>in</span> <span class='ocrx_word' id='word_1_612' title='bbox 788 4249 1060 4320; x_wconf 88' lang='lat' dir='ltr'>paradiso</span> <span class='ocrx_word' id='word_1_613' title='bbox 1083 4254 1223 4304; x_wconf 88' lang='lat' dir='ltr'>sunt</span> <span class='ocrx_word' id='word_1_614' title='bbox 1245 4266 1470 4314; x_wconf 90' lang='lat' dir='ltr'>omnes,</span> <span class='ocrx_word' id='word_1_615' title='bbox 1497 4249 1595 4304; x_wconf 90' lang='lat' dir='ltr'>sed</span> <span class='ocrx_word' id='word_1_616' title='bbox 1620 4251 1758 4321; x_wconf 91' lang='lat' dir='ltr'>quia</span> <span class='ocrx_word' id='word_1_617' title='bbox 1779 4251 1956 4307; x_wconf 91' lang='lat' dir='ltr'>invite</span> 
     </span>
    </p>
   </div>
   <div class='ocr_carea' id='block_1_78' title="bbox 272 4337 1952 4411">
    <p class='ocr_par' dir='ltr' id='par_1_78' title="bbox 272 4337 1952 4411">
     <span class='ocr_line' id='line_1_78' title="bbox 272 4337 1952 4411; baseline 0.001 -19"><span class='ocrx_word' id='word_1_618' title='bbox 272 4341 597 4404; x_wconf 88' lang='lat' dir='ltr'>venerunt,</span> <span class='ocrx_word' id='word_1_619' title='bbox 621 4337 774 4392; x_wconf 91' lang='lat' dir='ltr'>inter</span> <span class='ocrx_word' id='word_1_620' title='bbox 803 4337 936 4394; x_wconf 90' lang='lat' dir='ltr'>illos</span> <span class='ocrx_word' id='word_1_621' title='bbox 958 4338 1201 4393; x_wconf 88' lang='lat' dir='ltr'>minime</span> <span class='ocrx_word' id='word_1_622' title='bbox 1224 4337 1485 4409; x_wconf 90' lang='lat' dir='ltr'>deputati</span> <span class='ocrx_word' id='word_1_623' title='bbox 1510 4345 1666 4394; x_wconf 88' lang='lat' dir='ltr'>sunt.</span> <span class='ocrx_word' id='word_1_624' title='bbox 1699 4339 1781 4394; x_wconf 93' lang='lat' dir='ltr'>llli</span> <span class='ocrx_word' id='word_1_625' title='bbox 1812 4358 1952 4411; x_wconf 92' lang='lat' dir='ltr'>quo-</span> 
     </span>
    </p>
   </div>
   <div class='ocr_carea' id='block_1_79' title="bbox 279 4426 1951 4500">
    <p class='ocr_par' dir='ltr' id='par_1_79' title="bbox 279 4426 1951 4500">
     <span class='ocr_line' id='line_1_79' title="bbox 279 4426 1951 4500; baseline 0 -18"><span class='ocrx_word' id='word_1_626' title='bbox 279 4443 401 4500; x_wconf 87' lang='lat' dir='ltr'>que</span> <span class='ocrx_word' id='word_1_627' title='bbox 454 4426 697 4497; x_wconf 86' lang='lat' dir='ltr'>triginta</span> <span class='ocrx_word' id='word_1_628' title='bbox 727 4427 988 4500; x_wconf 88' lang='lat' dir='ltr'>quinque</span> <span class='ocrx_word' id='word_1_629' title='bbox 1037 4427 1273 4499; x_wconf 84' lang='lat' dir='ltr'>propria</span> <span class='ocrx_word' id='word_1_630' title='bbox 1304 4426 1600 4482; x_wconf 82' lang='lat' dir='ltr'>voluntate</span> <span class='ocrx_word' id='word_1_631' title='bbox 1651 4433 1951 4496; x_wconf 88' lang='lat' dir='ltr'>venerunt,</span> 
     </span>
    </p>
   </div>
   <div class='ocr_carea' id='block_1_80' title="bbox 2066 3271 3711 3345">
    <p class='ocr_par' dir='ltr' id='par_1_80' title="bbox 2066 3271 3711 3345">
     <span class='ocr_line' id='line_1_80' title="bbox 2066 3271 3711 3345; baseline 0 -17"><span class='ocrx_word' id='word_1_632' title='bbox 2066 3274 2265 3345; x_wconf 88' lang='lat' dir='ltr'>nigros</span> <span class='ocrx_word' id='word_1_633' title='bbox 2296 3274 2576 3328; x_wconf 87' lang='lat' dir='ltr'>carbones</span> <span class='ocrx_word' id='word_1_634' title='bbox 2618 3289 2714 3328; x_wconf 92' lang='lat' dir='ltr'>ore</span> <span class='ocrx_word' id='word_1_635' title='bbox 2762 3272 3044 3340; x_wconf 87' lang='lat' dir='ltr'>reddidit;</span> <span class='ocrx_word' id='word_1_636' title='bbox 3080 3289 3214 3328; x_wconf 90' lang='lat' dir='ltr'>cum</span> <span class='ocrx_word' id='word_1_637' title='bbox 3263 3271 3479 3343; x_wconf 88' lang='lat' dir='ltr'>quibus</span> <span class='ocrx_word' id='word_1_638' title='bbox 3509 3277 3566 3328; x_wconf 91' lang='lat' dir='ltr'>et</span> <span class='ocrx_word' id='word_1_639' title='bbox 3594 3273 3711 3328; x_wconf 67' lang='lat' dir='ltr'>dw-</span> 
     </span>
    </p>
   </div>
   <div class='ocr_carea' id='block_1_81' title="bbox 2067 3361 3710 3433">
    <p class='ocr_par' dir='ltr' id='par_1_81' title="bbox 2067 3361 3710 3433">
     <span class='ocr_line' id='line_1_81' title="bbox 2067 3361 3710 3433; baseline 0.002 -17"><span class='ocrx_word' id='word_1_640' title='bbox 2067 3363 2329 3416; x_wconf 90' lang='lat' dir='ltr'>monium</span> <span class='ocrx_word' id='word_1_641' title='bbox 2363 3361 2663 3429; x_wconf 87' lang='lat' dir='ltr'>abscessit,</span> <span class='ocrx_word' id='word_1_642' title='bbox 2697 3366 2752 3417; x_wconf 89' lang='lat' dir='ltr'>et</span> <span class='ocrx_word' id='word_1_643' title='bbox 2783 3362 2900 3429; x_wconf 92' lang='lat' dir='ltr'>illa,</span> <span class='ocrx_word' id='word_1_644' title='bbox 2952 3378 3129 3417; x_wconf 91' lang='lat' dir='ltr'>sensu</span> <span class='ocrx_word' id='word_1_645' title='bbox 3179 3364 3428 3433; x_wconf 89' lang='lat' dir='ltr'>recepto,</span> <span class='ocrx_word' id='word_1_646' title='bbox 3461 3361 3710 3419; x_wconf 89' lang='lat' dir='ltr'>laudans</span> 
     </span>
    </p>
   </div>
   <div class='ocr_carea' id='block_1_82' title="bbox 2064 3449 2464 3505">
    <p class='ocr_par' dir='ltr' id='par_1_82' title="bbox 2064 3449 2464 3505">
     <span class='ocr_line' id='line_1_82' title="bbox 2064 3449 2464 3505; baseline -0.003 0"><span class='ocrx_word' id='word_1_647' title='bbox 2064 3451 2246 3505; x_wconf 90' lang='lat' dir='ltr'>Deum</span> <span class='ocrx_word' id='word_1_648' title='bbox 2274 3449 2464 3504; x_wconf 91' lang='lat' dir='ltr'>rediit.</span> 
     </span>
    </p>
   </div>
   <div class='ocr_carea' id='block_1_83' title="bbox 2138 3538 3718 3613">
    <p class='ocr_par' dir='ltr' id='par_1_83' title="bbox 2138 3538 3718 3613">
     <span class='ocr_line' id='line_1_83' title="bbox 2138 3538 3718 3613; baseline 0.003 -21"><span class='ocrx_word' id='word_1_649' title='bbox 2138 3540 2220 3593; x_wconf 87' lang='grc'><strong>13.</strong></span> <span class='ocrx_word' id='word_1_650' title='bbox 2244 3539 2306 3593; x_wconf 93' lang='lat' dir='ltr'>In</span> <span class='ocrx_word' id='word_1_651' title='bbox 2332 3538 2568 3594; x_wconf 89' lang='lat' dir='ltr'>Letania</span> <span class='ocrx_word' id='word_1_652' title='bbox 2595 3540 2836 3609; x_wconf 87' lang='lat' dir='ltr'>majore,</span> <span class='ocrx_word' id='word_1_653' title='bbox 2864 3539 2934 3594; x_wconf 90' lang='lat' dir='ltr'>ad</span> <span class='ocrx_word' id='word_1_654' title='bbox 2971 3540 3261 3596; x_wconf 92' lang='lat' dir='ltr'>tumulum</span> <span class='ocrx_word' id='word_1_655' title='bbox 3296 3540 3457 3597; x_wconf 90' lang='lat' dir='ltr'>illius</span> <span class='ocrx_word' id='word_1_656' title='bbox 3490 3540 3718 3613; x_wconf 88' lang='lat' dir='ltr'>lampas</span> 
     </span>
    </p>
   </div>
   <div class='ocr_carea' id='block_1_84' title="bbox 2065 3627 3716 3700">
    <p class='ocr_par' dir='ltr' id='par_1_84' title="bbox 2065 3627 3716 3700">
     <span class='ocr_line' id='line_1_84' title="bbox 2065 3627 3716 3700; baseline 0.002 -19"><span class='ocrx_word' id='word_1_657' title='bbox 2065 3627 2258 3683; x_wconf 89' lang='lat' dir='ltr'>divino</span> <span class='ocrx_word' id='word_1_658' title='bbox 2290 3627 2423 3700; x_wconf 87' lang='lat' dir='ltr'>igne</span> <span class='ocrx_word' id='word_1_659' title='bbox 2456 3645 2699 3682; x_wconf 86' lang='lat' dir='ltr'>accensa</span> <span class='ocrx_word' id='word_1_660' title='bbox 2731 3633 2837 3683; x_wconf 92' lang='lat' dir='ltr'>est.</span> <span class='ocrx_word' id='word_1_661' title='bbox 2862 3629 2977 3683; x_wconf 91' lang='lat' dir='ltr'>Nec</span> <span class='ocrx_word' id='word_1_662' title='bbox 3011 3629 3119 3684; x_wconf 92' lang='lat' dir='ltr'>hoc</span> <span class='ocrx_word' id='word_1_663' title='bbox 3161 3628 3340 3685; x_wconf 91' lang='lat' dir='ltr'>semel</span> <span class='ocrx_word' id='word_1_664' title='bbox 3372 3634 3590 3694; x_wconf 88' lang='lat' dir='ltr'>actum,</span> <span class='ocrx_word' id='word_1_665' title='bbox 3613 3630 3716 3684; x_wconf 90' lang='lat' dir='ltr'>sed</span> 
     </span>
    </p>
   </div>
   <div class='ocr_carea' id='block_1_85' title="bbox 2065 3716 3720 3788">
    <p class='ocr_par' dir='ltr' id='par_1_85' title="bbox 2065 3716 3720 3788">
     <span class='ocr_line' id='line_1_85' title="bbox 2065 3716 3720 3788; baseline 0 -17"><span class='ocrx_word' id='word_1_666' title='bbox 2065 3717 2158 3772; x_wconf 92' lang='lat' dir='ltr'>bis</span> <span class='ocrx_word' id='word_1_667' title='bbox 2187 3721 2243 3772; x_wconf 89' lang='lat' dir='ltr'>et</span> <span class='ocrx_word' id='word_1_668' title='bbox 2273 3721 2378 3785; x_wconf 90' lang='lat' dir='ltr'>ter,</span> <span class='ocrx_word' id='word_1_669' title='bbox 2404 3722 2460 3772; x_wconf 93' lang='lat' dir='ltr'>et</span> <span class='ocrx_word' id='word_1_670' title='bbox 2507 3717 2614 3771; x_wconf 93' lang='lat' dir='ltr'>hoc</span> <span class='ocrx_word' id='word_1_671' title='bbox 2644 3716 2786 3771; x_wconf 90' lang='lat' dir='ltr'>vidit</span> <span class='ocrx_word' id='word_1_672' title='bbox 2821 3735 2946 3788; x_wconf 84' lang='lat' dir='ltr'>quae</span> <span class='ocrx_word' id='word_1_673' title='bbox 2981 3717 3080 3771; x_wconf 89' lang='lat' dir='ltr'>illa</span> <span class='ocrx_word' id='word_1_674' title='bbox 3109 3718 3202 3772; x_wconf 90' lang='lat' dir='ltr'>die</span> <span class='ocrx_word' id='word_1_675' title='bbox 3233 3716 3399 3771; x_wconf 85' lang='lat' dir='ltr'>ﬂuxit</span> <span class='ocrx_word' id='word_1_676' title='bbox 3427 3718 3498 3771; x_wconf 91' lang='lat' dir='ltr'>ad</span> <span class='ocrx_word' id='word_1_677' title='bbox 3531 3717 3720 3771; x_wconf 85' lang='lat' dir='ltr'>eccle-</span> 
     </span>
    </p>
   </div>
   <div class='ocr_carea' id='block_1_86' title="bbox 2066 3804 3719 3860">
    <p class='ocr_par' dir='ltr' id='par_1_86' title="bbox 2066 3804 3719 3860">
     <span class='ocr_line' id='line_1_86' title="bbox 2066 3804 3719 3860; baseline -0.001 0"><span class='ocrx_word' id='word_1_678' title='bbox 2066 3806 2215 3860; x_wconf 90' lang='lat' dir='ltr'>siam</span> <span class='ocrx_word' id='word_1_679' title='bbox 2250 3806 2312 3860; x_wconf 92' lang='lat' dir='ltr'>B.</span> <span class='ocrx_word' id='word_1_680' title='bbox 2341 3805 2490 3860; x_wconf 88' lang='lat' dir='ltr'>Petri</span> <span class='ocrx_word' id='word_1_681' title='bbox 2521 3805 2714 3859; x_wconf 88' lang='lat' dir='ltr'>omnis</span> <span class='ocrx_word' id='word_1_682' title='bbox 2746 3806 3006 3860; x_wconf 81' lang='lat' dir='ltr'>Romana</span> <span class='ocrx_word' id='word_1_683' title='bbox 3032 3804 3369 3860; x_wconf 89' lang='lat' dir='ltr'>multitudo.</span> <span class='ocrx_word' id='word_1_684' title='bbox 3397 3806 3458 3859; x_wconf 92' lang='lat' dir='ltr'>In</span> <span class='ocrx_word' id='word_1_685' title='bbox 3490 3804 3719 3859; x_wconf 91' lang='lat' dir='ltr'>Mercu—</span> 
     </span>
    </p>
   </div>
   <div class='ocr_carea' id='block_1_87' title="bbox 2065 3892 3719 3965">
    <p class='ocr_par' dir='ltr' id='par_1_87' title="bbox 2065 3892 3719 3965">
     <span class='ocr_line' id='line_1_87' title="bbox 2065 3892 3719 3965; baseline 0 -17"><span class='ocrx_word' id='word_1_686' title='bbox 2065 3894 2200 3948; x_wconf 87' lang='lat' dir='ltr'>lana</span> <span class='ocrx_word' id='word_1_687' title='bbox 2220 3894 2572 3965; x_wconf 80' lang='lat' dir='ltr'>regione(72)</span> <span class='ocrx_word' id='word_1_688' title='bbox 2589 3893 2851 3964; x_wconf 68' lang='lat' dir='ltr'>quredam</span> <span class='ocrx_word' id='word_1_689' title='bbox 2873 3893 3330 3964; x_wconf 81' lang='lat' dir='ltr'>mulier,Rogata</span> <span class='ocrx_word' id='word_1_690' title='bbox 3352 3892 3719 3960; x_wconf 88' lang='lat' dir='ltr'>nomine,ha-</span> 
     </span>
    </p>
   </div>
   <div class='ocr_carea' id='block_1_88' title="bbox 2065 3981 3720 4052">
    <p class='ocr_par' dir='ltr' id='par_1_88' title="bbox 2065 3981 3720 4052">
     <span class='ocr_line' id='line_1_88' title="bbox 2065 3981 3720 4052; baseline 0 -15"><span class='ocrx_word' id='word_1_691' title='bbox 2065 3984 2209 4038; x_wconf 91' lang='lat' dir='ltr'>bens</span> <span class='ocrx_word' id='word_1_692' title='bbox 2232 3982 2586 4036; x_wconf 70' lang='lat' dir='ltr'>daemonium</span> <span class='ocrx_word' id='word_1_693' title='bbox 2621 3982 2690 4036; x_wconf 91' lang='lat' dir='ltr'>ab</span> <span class='ocrx_word' id='word_1_694' title='bbox 2726 3983 2850 4052; x_wconf 86' lang='lat' dir='ltr'>ipsa</span> <span class='ocrx_word' id='word_1_695' title='bbox 2881 3981 3145 4052; x_wconf 84' lang='lat' dir='ltr'>infantia,</span> <span class='ocrx_word' id='word_1_696' title='bbox 3171 3981 3386 4037; x_wconf 89' lang='lat' dir='ltr'>auditis</span> <span class='ocrx_word' id='word_1_697' title='bbox 3420 3981 3720 4038; x_wconf 87' lang='lat' dir='ltr'>miraculis</span> 
     </span>
    </p>
   </div>
   <div class='ocr_carea' id='block_1_89' title="bbox 2067 4070 3722 4144">
    <p class='ocr_par' dir='ltr' id='par_1_89' title="bbox 2067 4070 3722 4144">
     <span class='ocr_line' id='line_1_89' title="bbox 2067 4070 3722 4144; baseline 0.001 -18"><span class='ocrx_word' id='word_1_698' title='bbox 2067 4073 2138 4126; x_wconf 92' lang='lat' dir='ltr'>ad</span> <span class='ocrx_word' id='word_1_699' title='bbox 2163 4070 2460 4126; x_wconf 89' lang='lat' dir='ltr'>tumulum</span> <span class='ocrx_word' id='word_1_700' title='bbox 2478 4070 2773 4125; x_wconf 80' lang='lat' dir='ltr'>venitzubi</span> <span class='ocrx_word' id='word_1_701' title='bbox 2791 4072 2996 4141; x_wconf 89' lang='lat' dir='ltr'>jacens</span> <span class='ocrx_word' id='word_1_702' title='bbox 3017 4071 3358 4126; x_wconf 91' lang='lat' dir='ltr'>immundos</span> <span class='ocrx_word' id='word_1_703' title='bbox 3377 4070 3620 4144; x_wconf 91' lang='lat' dir='ltr'>spiritus</span> <span class='ocrx_word' id='word_1_704' title='bbox 3641 4071 3722 4127; x_wconf 92' lang='lat' dir='ltr'>ita</span> 
     </span>
    </p>
   </div>
   <div class='ocr_carea' id='block_1_90' title="bbox 2068 4157 3720 4234">
    <p class='ocr_par' dir='ltr' id='par_1_90' title="bbox 2068 4157 3720 4234">
     <span class='ocr_line' id='line_1_90' title="bbox 2068 4157 3720 4234; baseline 0.001 -20"><span class='ocrx_word' id='word_1_705' title='bbox 2068 4159 2341 4226; x_wconf 90' lang='lat' dir='ltr'>reddidit,</span> <span class='ocrx_word' id='word_1_706' title='bbox 2366 4157 2631 4214; x_wconf 81' lang='lat' dir='ltr'>videlicet</span> <span class='ocrx_word' id='word_1_707' title='bbox 2679 4160 2841 4230; x_wconf 90' lang='lat' dir='ltr'>prius</span> <span class='ocrx_word' id='word_1_708' title='bbox 2882 4176 3106 4215; x_wconf 89' lang='lat' dir='ltr'>murem</span> <span class='ocrx_word' id='word_1_709' title='bbox 3139 4161 3250 4214; x_wconf 88' lang='lat' dir='ltr'>tria</span> <span class='ocrx_word' id='word_1_710' title='bbox 3279 4161 3470 4234; x_wconf 89' lang='lat' dir='ltr'>capita</span> <span class='ocrx_word' id='word_1_711' title='bbox 3500 4160 3720 4216; x_wconf 89' lang='lat' dir='ltr'>baben-</span> 
     </span>
    </p>
   </div>
   <div class='ocr_carea' id='block_1_91' title="bbox 2068 4248 3725 4321">
    <p class='ocr_par' dir='ltr' id='par_1_91' title="bbox 2068 4248 3725 4321">
     <span class='ocr_line' id='line_1_91' title="bbox 2068 4248 3725 4321; baseline 0.001 -17"><span class='ocrx_word' id='word_1_712' title='bbox 2068 4254 2182 4304; x_wconf 92' lang='lat' dir='ltr'>tem</span> <span class='ocrx_word' id='word_1_713' title='bbox 2196 4250 2471 4313; x_wconf 72' lang='lat' dir='ltr'>,secunrlo</span> <span class='ocrx_word' id='word_1_714' title='bbox 2496 4248 3086 4316; x_wconf 89' lang='lat' dir='ltr'>ranunculum,tertio</span> <span class='ocrx_word' id='word_1_715' title='bbox 3104 4249 3622 4321; x_wconf 87' lang='lat' dir='ltr'>lacertam,quarto</span> <span class='ocrx_word' id='word_1_716' title='bbox 3641 4267 3725 4305; x_wconf 89' lang='lat' dir='ltr'>ra-</span> 
     </span>
    </p>
   </div>
   <div class='ocr_carea' id='block_1_92' title="bbox 2068 4337 3723 4410">
    <p class='ocr_par' dir='ltr' id='par_1_92' title="bbox 2068 4337 3723 4410">
     <span class='ocr_line' id='line_1_92' title="bbox 2068 4337 3723 4410; baseline 0.001 -18"><span class='ocrx_word' id='word_1_717' title='bbox 2068 4337 2914 4410; x_wconf 81' lang='lat' dir='ltr'>nam,quintoscabronem(73)</span> <span class='ocrx_word' id='word_1_718' title='bbox 2937 4344 3022 4394; x_wconf 88' lang='lat' dir='ltr'>:et</span> <span class='ocrx_word' id='word_1_719' title='bbox 3052 4343 3184 4410; x_wconf 91' lang='lat' dir='ltr'>post</span> <span class='ocrx_word' id='word_1_720' title='bbox 3215 4339 3462 4394; x_wconf 88' lang='lat' dir='ltr'>multam</span> <span class='ocrx_word' id='word_1_721' title='bbox 3495 4338 3723 4393; x_wconf 73' lang='lat' dir='ltr'>effusio-</span> 
     </span>
    </p>
   </div>
   <div class='ocr_carea' id='block_1_93' title="bbox 2068 4426 3720 4496">
    <p class='ocr_par' dir='ltr' id='par_1_93' title="bbox 2068 4426 3720 4496">
     <span class='ocr_line' id='line_1_93' title="bbox 2068 4426 3720 4496; baseline -0.001 -15"><span class='ocrx_word' id='word_1_722' title='bbox 2068 4443 2200 4480; x_wconf 91' lang='lat' dir='ltr'>nem</span> <span class='ocrx_word' id='word_1_723' title='bbox 2235 4426 2563 4496; x_wconf 80' lang='lat' dir='ltr'>sar-guinis,</span> <span class='ocrx_word' id='word_1_724' title='bbox 2598 4426 2830 4481; x_wconf 87' lang='lat' dir='ltr'>sanitati</span> <span class='ocrx_word' id='word_1_725' title='bbox 2883 4427 3152 4482; x_wconf 89' lang='lat' dir='ltr'>restituta</span> <span class='ocrx_word' id='word_1_726' title='bbox 3194 4431 3301 4492; x_wconf 90' lang='lat' dir='ltr'>est,</span> <span class='ocrx_word' id='word_1_727' title='bbox 3322 4426 3526 4481; x_wconf 91' lang='lat' dir='ltr'>multis</span> <span class='ocrx_word' id='word_1_728' title='bbox 3559 4427 3720 4482; x_wconf 90' lang='lat' dir='ltr'>testi-</span> 
     </span>
    </p>
   </div>
   <div class='ocr_carea' id='block_1_94' title="bbox 273 4511 3724 4600">
    <p class='ocr_par' dir='ltr' id='par_1_94' title="bbox 273 4511 3724 4600">
     <span class='ocr_line' id='line_1_94' title="bbox 273 4511 3724 4600; baseline -0.001 -29"><span class='ocrx_word' id='word_1_729' title='bbox 273 4521 335 4571; x_wconf 90' lang='lat' dir='ltr'>et</span> <span class='ocrx_word' id='word_1_730' title='bbox 364 4516 703 4588; x_wconf 80' lang='lat' dir='ltr'>gaudentes</span> <span class='ocrx_word' id='word_1_731' title='bbox 736 4516 908 4571; x_wconf 89' lang='lat' dir='ltr'>morti</span> <span class='ocrx_word' id='word_1_732' title='bbox 958 4532 1019 4572; x_wconf 88' lang='lat' dir='ltr'>se</span> <span class='ocrx_word' id='word_1_733' title='bbox 1063 4517 1452 4582; x_wconf 88' lang='lat' dir='ltr'>tradiderunt,</span> <span class='ocrx_word' id='word_1_734' title='bbox 1487 4521 1722 4588; x_wconf 90' lang='lat' dir='ltr'>propter</span> <span class='ocrx_word' id='word_1_735' title='bbox 1771 4518 1948 4572; x_wconf 90' lang='lat' dir='ltr'>Deum</span> <span class='ocrx_word' id='word_1_736' title='bbox 1988 4535 2035 4600; x_wconf 82' lang='lat' dir='ltr'><strong>D</strong></span> <span class='ocrx_word' id='word_1_737' title='bbox 2071 4515 2181 4569; x_wconf 92' lang='lat' dir='ltr'>bus</span> <span class='ocrx_word' id='word_1_738' title='bbox 2214 4530 2328 4568; x_wconf 81' lang='lat' dir='ltr'>non</span> <span class='ocrx_word' id='word_1_739' title='bbox 2364 4513 2555 4567; x_wconf 88' lang='lat' dir='ltr'>solum</span> <span class='ocrx_word' id='word_1_740' title='bbox 2589 4513 2794 4568; x_wconf 89' lang='lat' dir='ltr'>auditu</span> <span class='ocrx_word' id='word_1_741' title='bbox 2825 4514 2922 4568; x_wconf 88' lang='lat' dir='ltr'>sed</span> <span class='ocrx_word' id='word_1_742' title='bbox 2947 4517 3003 4568; x_wconf 92' lang='lat' dir='ltr'>et</span> <span class='ocrx_word' id='word_1_743' title='bbox 3022 4513 3147 4600; x_wconf 86' lang='lat' dir='ltr'>visu</span> <span class='ocrx_word' id='word_1_744' title='bbox 3172 4511 3577 4600; x_wconf 86' lang='lat' dir='ltr'>probantibus.</span> <span class='ocrx_word' id='word_1_745' title='bbox 3604 4511 3724 4600; x_wconf 41' lang='lat' dir='ltr'>Itiu-</span> 
     </span>
    </p>
   </div>
   <div class='ocr_carea' id='block_1_95' title="bbox 271 4597 3720 4678">
    <p class='ocr_par' dir='ltr' id='par_1_95' title="bbox 271 4597 3720 4678">
     <span class='ocr_line' id='line_1_95' title="bbox 271 4597 3720 4678; baseline -0.002 -18"><span class='ocrx_word' id='word_1_746' title='bbox 271 4621 470 4677; x_wconf 84' lang='lat' dir='ltr'>quem</span> <span class='ocrx_word' id='word_1_747' title='bbox 502 4603 830 4672; x_wconf 89' lang='lat' dir='ltr'>coluerunt,</span> <span class='ocrx_word' id='word_1_748' title='bbox 862 4610 918 4661; x_wconf 91' lang='lat' dir='ltr'>et</span> <span class='ocrx_word' id='word_1_749' title='bbox 949 4622 1050 4678; x_wconf 92' lang='lat' dir='ltr'>per</span> <span class='ocrx_word' id='word_1_750' title='bbox 1078 4607 1242 4677; x_wconf 91' lang='lat' dir='ltr'>ipsos</span> <span class='ocrx_word' id='word_1_751' title='bbox 1287 4605 1473 4661; x_wconf 90' lang='lat' dir='ltr'>multa</span> <span class='ocrx_word' id='word_1_752' title='bbox 1503 4605 1658 4661; x_wconf 89' lang='lat' dir='ltr'>mala</span> <span class='ocrx_word' id='word_1_753' title='bbox 1689 4613 1962 4661; x_wconf 84' lang='lat' dir='ltr'>crescunt</span> <span class='ocrx_word' id='word_1_754' title='bbox 1989 4597 2022 4600; x_wconf 57' lang='lat'><strong><em>—</em></strong></span> <span class='ocrx_word' id='word_1_755' title='bbox 2070 4601 2176 4657; x_wconf 89' lang='lat' dir='ltr'>licr</span> <span class='ocrx_word' id='word_1_756' title='bbox 2206 4601 2749 4672; x_wconf 73' lang='lat' dir='ltr'>qumdam,nomine</span> <span class='ocrx_word' id='word_1_757' title='bbox 2773 4598 3107 4670; x_wconf 85' lang='lat' dir='ltr'>Stephania,</span> <span class='ocrx_word' id='word_1_758' title='bbox 3130 4599 3404 4654; x_wconf 87' lang='lat' dir='ltr'>habitans</span> <span class='ocrx_word' id='word_1_759' title='bbox 3434 4602 3598 4653; x_wconf 90' lang='lat' dir='ltr'>trans</span> <span class='ocrx_word' id='word_1_760' title='bbox 3628 4597 3720 4654; x_wconf 88' lang='lat' dir='ltr'>Ti-</span> 
     </span>
    </p>
   </div>
   <div class='ocr_carea' id='block_1_96' title="bbox 350 4728 1964 4801">
    <p class='ocr_par' dir='ltr' id='par_1_96' title="bbox 350 4728 1964 4801">
     <span class='ocr_line' id='line_1_96' title="bbox 350 4728 1964 4801; baseline 0.001 -17"><span class='ocrx_word' id='word_1_761' title='bbox 350 4730 482 4801; x_wconf 81' lang='lat'>(6&#39;.))</span> <span class='ocrx_word' id='word_1_762' title='bbox 512 4729 662 4801; x_wconf 83' lang='lat' dir='ltr'>Sunt</span> <span class='ocrx_word' id='word_1_763' title='bbox 693 4728 753 4784; x_wconf 91' lang='lat' dir='ltr'>hi</span> <span class='ocrx_word' id='word_1_764' title='bbox 775 4730 889 4786; x_wconf 91' lang='lat' dir='ltr'>duo</span> <span class='ocrx_word' id='word_1_765' title='bbox 913 4730 1110 4786; x_wconf 89' lang='lat' dir='ltr'>Sancti</span> <span class='ocrx_word' id='word_1_766' title='bbox 1141 4729 1200 4784; x_wconf 93' lang='lat' dir='ltr'>in</span> <span class='ocrx_word' id='word_1_767' title='bbox 1233 4747 1448 4800; x_wconf 80' lang='lat' dir='ltr'>magna</span> <span class='ocrx_word' id='word_1_768' title='bbox 1471 4730 1836 4786; x_wconf 88' lang='lat' dir='ltr'>veneratione</span> <span class='ocrx_word' id='word_1_769' title='bbox 1859 4733 1964 4786; x_wconf 90' lang='lat' dir='ltr'>Be-</span> 
     </span>
    </p>
   </div>
   <div class='ocr_carea' id='block_1_97' title="bbox 274 4799 1962 4873">
    <p class='ocr_par' dir='ltr' id='par_1_97' title="bbox 274 4799 1962 4873">
     <span class='ocr_line' id='line_1_97' title="bbox 274 4799 1962 4873; baseline 0.001 -18"><span class='ocrx_word' id='word_1_770' title='bbox 274 4799 632 4873; x_wconf 77' lang='lat' dir='ltr'>neventi,_S.</span> <span class='ocrx_word' id='word_1_771' title='bbox 663 4801 872 4856; x_wconf 80' lang='lat' dir='ltr'>Marcus</span> <span class='ocrx_word' id='word_1_772' title='bbox 901 4803 1224 4873; x_wconf 89' lang='lat' dir='ltr'>Episcopus</span> <span class='ocrx_word' id='word_1_773' title='bbox 1248 4802 1650 4873; x_wconf 86' lang='lat' dir='ltr'>Lucernensis,</span> <span class='ocrx_word' id='word_1_774' title='bbox 1685 4807 1740 4856; x_wconf 80' lang='lat' dir='ltr'>et</span> <span class='ocrx_word' id='word_1_775' title='bbox 1764 4803 1962 4858; x_wconf 84' lang='lat' dir='ltr'>Patro-</span> 
     </span>
    </p>
   </div>
   <div class='ocr_carea' id='block_1_98' title="bbox 277 4871 889 4928">
    <p class='ocr_par' dir='ltr' id='par_1_98' title="bbox 277 4871 889 4928">
     <span class='ocr_line' id='line_1_98' title="bbox 277 4871 889 4928; baseline -0.002 -1"><span class='ocrx_word' id='word_1_776' title='bbox 277 4889 403 4927; x_wconf 87' lang='lat' dir='ltr'>nus</span> <span class='ocrx_word' id='word_1_777' title='bbox 443 4871 788 4928; x_wconf 90' lang='lat' dir='ltr'>Bovinensis</span> <span class='ocrx_word' id='word_1_778' title='bbox 832 4874 889 4927; x_wconf 90' lang='lat' dir='ltr'>in</span> 
     </span>
    </p>
   </div>
   <div class='ocr_carea' id='block_1_99' title="bbox 275 4943 1967 5016">
    <p class='ocr_par' dir='ltr' id='par_1_99' title="bbox 275 4943 1967 5016">
     <span class='ocr_line' id='line_1_99' title="bbox 275 4943 1967 5016; baseline 0.002 -19"><span class='ocrx_word' id='word_1_779' title='bbox 275 4943 338 4998; x_wconf 89' lang='lat' dir='ltr'>S.</span> <span class='ocrx_word' id='word_1_780' title='bbox 382 4945 723 5016; x_wconf 50' lang='lat' dir='ltr'>Marcianus</span> <span class='ocrx_word' id='word_1_781' title='bbox 769 4943 1092 5016; x_wconf 76' lang='lat' dir='ltr'>Episcopus</span> <span class='ocrx_word' id='word_1_782' title='bbox 1142 4943 1591 5016; x_wconf 81' lang='lat' dir='ltr'>Frequentinus,</span> <span class='ocrx_word' id='word_1_783' title='bbox 1625 4945 1718 5013; x_wconf 89' lang='lat' dir='ltr'>qui</span> <span class='ocrx_word' id='word_1_784' title='bbox 1757 4945 1967 5001; x_wconf 84' lang='lat' dir='ltr'>colitur</span> 
     </span>
    </p>
   </div>
   <div class='ocr_carea' id='block_1_100' title="bbox 281 5013 1640 5085">
    <p class='ocr_par' dir='ltr' id='par_1_100' title="bbox 281 5013 1640 5085">
     <span class='ocr_line' id='line_1_100' title="bbox 281 5013 1640 5085; baseline -0.001 -16"><span class='ocrx_word' id='word_1_785' title='bbox 281 5017 352 5069; x_wconf 75' lang='grc'><strong>14</strong></span> <span class='ocrx_word' id='word_1_786' title='bbox 392 5013 574 5079; x_wconf 86' lang='lat' dir='ltr'>Julii;</span> <span class='ocrx_word' id='word_1_787' title='bbox 615 5015 786 5070; x_wconf 87' lang='lat' dir='ltr'>ambo</span> <span class='ocrx_word' id='word_1_788' title='bbox 816 5013 927 5070; x_wconf 77' lang='lat' dir='ltr'>sub</span> <span class='ocrx_word' id='word_1_789' title='bbox 960 5013 1640 5085; x_wconf 66' lang='lat' dir='ltr'>MetropoliBenevento.</span> 
     </span>
    </p>
   </div>
   <div class='ocr_carea' id='block_1_101' title="bbox 363 5086 1966 5158">
    <p class='ocr_par' dir='ltr' id='par_1_101' title="bbox 363 5086 1966 5158">
     <span class='ocr_line' id='line_1_101' title="bbox 363 5086 1966 5158; baseline 0.003 -22"><span class='ocrx_word' id='word_1_790' title='bbox 363 5086 491 5158; x_wconf 71' lang='lat'>(70)</span> <span class='ocrx_word' id='word_1_791' title='bbox 526 5087 889 5158; x_wconf 67' lang='lat' dir='ltr'>Frequenlum</span> <span class='ocrx_word' id='word_1_792' title='bbox 926 5087 1098 5156; x_wconf 76' lang='lat' dir='ltr'>vulgo</span> <span class='ocrx_word' id='word_1_793' title='bbox 1148 5087 1830 5158; x_wconf 12' lang='lat' dir='ltr'>Frigento,il—lirpiuorum</span> <span class='ocrx_word' id='word_1_794' title='bbox 1865 5106 1966 5142; x_wconf 87' lang='lat' dir='ltr'>au-</span> 
     </span>
    </p>
   </div>
   <div class='ocr_carea' id='block_1_102' title="bbox 284 5156 1964 5228">
    <p class='ocr_par' dir='ltr' id='par_1_102' title="bbox 284 5156 1964 5228">
     <span class='ocr_line' id='line_1_102' title="bbox 284 5156 1964 5228; baseline 0.001 -17"><span class='ocrx_word' id='word_1_795' title='bbox 284 5156 648 5227; x_wconf 79' lang='lat' dir='ltr'>tiquissima</span> <span class='ocrx_word' id='word_1_796' title='bbox 677 5157 898 5223; x_wconf 88' lang='lat' dir='ltr'>civitas,</span> <span class='ocrx_word' id='word_1_797' title='bbox 935 5159 989 5211; x_wconf 91' lang='lat' dir='ltr'>in</span> <span class='ocrx_word' id='word_1_798' title='bbox 1024 5157 1357 5228; x_wconf 82' lang='lat' dir='ltr'>Principatu</span> <span class='ocrx_word' id='word_1_799' title='bbox 1392 5156 1686 5224; x_wconf 80' lang='lat' dir='ltr'>ulteriore,</span> <span class='ocrx_word' id='word_1_800' title='bbox 1724 5162 1788 5212; x_wconf 78' lang='lat'>1&#39;2</span> <span class='ocrx_word' id='word_1_801' title='bbox 1821 5160 1964 5213; x_wconf 87' lang='lat' dir='ltr'>mill.</span> 
     </span>
    </p>
   </div>
   <div class='ocr_carea' id='block_1_103' title="bbox 280 5229 1183 5300">
    <p class='ocr_par' dir='ltr' id='par_1_103' title="bbox 280 5229 1183 5300">
     <span class='ocr_line' id='line_1_103' title="bbox 280 5229 1183 5300; baseline 0.001 -18"><span class='ocrx_word' id='word_1_802' title='bbox 280 5244 595 5300; x_wconf 86' lang='lat' dir='ltr'>passuum</span> <span class='ocrx_word' id='word_1_803' title='bbox 628 5233 952 5284; x_wconf 87' lang='lat' dir='ltr'>Benevento</span> <span class='ocrx_word' id='word_1_804' title='bbox 983 5229 1183 5300; x_wconf 87' lang='lat' dir='ltr'>distat.</span> 
     </span>
    </p>
   </div>
   <div class='ocr_carea' id='block_1_104' title="bbox 368 5298 1968 5370">
    <p class='ocr_par' dir='ltr' id='par_1_104' title="bbox 368 5298 1968 5370">
     <span class='ocr_line' id='line_1_104' title="bbox 368 5298 1968 5370; baseline 0.002 -19"><span class='ocrx_word' id='word_1_805' title='bbox 368 5301 498 5368; x_wconf 84' lang='grc'>(71)</span> <span class='ocrx_word' id='word_1_806' title='bbox 526 5299 841 5370; x_wconf 89' lang='lat' dir='ltr'>Sequentia</span> <span class='ocrx_word' id='word_1_807' title='bbox 871 5299 1156 5356; x_wconf 90' lang='lat' dir='ltr'>miracula</span> <span class='ocrx_word' id='word_1_808' title='bbox 1197 5299 1256 5353; x_wconf 91' lang='lat' dir='ltr'>in</span> <span class='ocrx_word' id='word_1_809' title='bbox 1289 5299 1394 5354; x_wconf 90' lang='lat' dir='ltr'>Ms.</span> <span class='ocrx_word' id='word_1_810' title='bbox 1434 5298 1748 5354; x_wconf 65' lang='lat' dir='ltr'>Ituliertino</span> <span class='ocrx_word' id='word_1_811' title='bbox 1798 5317 1968 5354; x_wconf 89' lang='lat' dir='ltr'>accu-</span> 
     </span>
    </p>
   </div>
   <div class='ocr_carea' id='block_1_105' title="bbox 286 5369 1967 5443">
    <p class='ocr_par' dir='ltr' id='par_1_105' title="bbox 286 5369 1967 5443">
     <span class='ocr_line' id='line_1_105' title="bbox 286 5369 1967 5443; baseline 0.001 -19"><span class='ocrx_word' id='word_1_812' title='bbox 286 5369 499 5443; x_wconf 83' lang='lat' dir='ltr'>ratius</span> <span class='ocrx_word' id='word_1_813' title='bbox 531 5369 807 5443; x_wconf 75' lang='lat' dir='ltr'>notantur</span> <span class='ocrx_word' id='word_1_814' title='bbox 841 5391 852 5427; x_wconf 88' lang='lat'>:</span> <span class='ocrx_word' id='word_1_815' title='bbox 889 5389 1069 5443; x_wconf 87' lang='lat' dir='ltr'>quaro</span> <span class='ocrx_word' id='word_1_816' title='bbox 1099 5389 1166 5426; x_wconf 89' lang='lat' dir='ltr'>ea</span> <span class='ocrx_word' id='word_1_817' title='bbox 1195 5371 1391 5442; x_wconf 90' lang='lat' dir='ltr'>potius</span> <span class='ocrx_word' id='word_1_818' title='bbox 1443 5370 1576 5424; x_wconf 90' lang='lat' dir='ltr'>inde</span> <span class='ocrx_word' id='word_1_819' title='bbox 1625 5371 1967 5442; x_wconf 85' lang='lat' dir='ltr'>accipimus,</span> 
     </span>
    </p>
   </div>
   <div class='ocr_carea' id='block_1_106' title="bbox 283 5441 1503 5499">
    <p class='ocr_par' dir='ltr' id='par_1_106' title="bbox 283 5441 1503 5499">
     <span class='ocr_line' id='line_1_106' title="bbox 283 5441 1503 5499; baseline -0.001 -3"><span class='ocrx_word' id='word_1_820' title='bbox 283 5442 466 5496; x_wconf 79' lang='lat' dir='ltr'>facta</span> <span class='ocrx_word' id='word_1_821' title='bbox 497 5441 801 5497; x_wconf 86' lang='lat' dir='ltr'>collatione</span> <span class='ocrx_word' id='word_1_822' title='bbox 832 5441 967 5499; x_wconf 81' lang='lat' dir='ltr'>cum</span> <span class='ocrx_word' id='word_1_823' title='bbox 1003 5445 1110 5498; x_wconf 89' lang='lat' dir='ltr'>Ms.</span> <span class='ocrx_word' id='word_1_824' title='bbox 1146 5441 1503 5498; x_wconf 85' lang='lat' dir='ltr'>Strozziano.</span> 
     </span>
    </p>
   </div>
   <div class='ocr_carea' id='block_1_107' title="bbox 393 5513 1970 5586">
    <p class='ocr_par' dir='ltr' id='par_1_107' title="bbox 393 5513 1970 5586">
     <span class='ocr_line' id='line_1_107' title="bbox 393 5513 1970 5586; baseline -0.001 -18"><span class='ocrx_word' id='word_1_825' title='bbox 393 5513 498 5586; x_wconf 68' lang='lat'>72)</span> <span class='ocrx_word' id='word_1_826' title='bbox 535 5513 926 5586; x_wconf 87' lang='lat' dir='ltr'>Nominantur</span> <span class='ocrx_word' id='word_1_827' title='bbox 983 5515 1156 5571; x_wconf 91' lang='lat' dir='ltr'>hodie</span> <span class='ocrx_word' id='word_1_828' title='bbox 1214 5513 1658 5586; x_wconf 85' lang='lat' dir='ltr'>quatuordecim</span> <span class='ocrx_word' id='word_1_829' title='bbox 1715 5515 1970 5584; x_wconf 69' lang='lat' dir='ltr'>Regiones</span> 
     </span>
    </p>
   </div>
   <div class='ocr_carea' id='block_1_108' title="bbox 288 5583 1971 5657">
    <p class='ocr_par' dir='ltr' id='par_1_108' title="bbox 288 5583 1971 5657">
     <span class='ocr_line' id='line_1_108' title="bbox 288 5583 1971 5657; baseline -0.001 -17"><span class='ocrx_word' id='word_1_830' title='bbox 288 5583 699 5657; x_wconf 82' lang='lat' dir='ltr'>Urbis,vulgo</span> <span class='ocrx_word' id='word_1_831' title='bbox 730 5589 893 5642; x_wconf 78' lang='lat' dir='ltr'>Itiom&#39;</span> <span class='ocrx_word' id='word_1_832' title='bbox 915 5605 934 5642; x_wconf 89' lang='lat'><strong><em>:</em></strong></span> <span class='ocrx_word' id='word_1_833' title='bbox 957 5587 1059 5643; x_wconf 90' lang='lat' dir='ltr'>sed</span> <span class='ocrx_word' id='word_1_834' title='bbox 1091 5602 1169 5642; x_wconf 69' lang='lat' dir='ltr'>eae</span> <span class='ocrx_word' id='word_1_835' title='bbox 1201 5583 1288 5643; x_wconf 76' lang='lat' dir='ltr'>vel</span> <span class='ocrx_word' id='word_1_836' title='bbox 1324 5602 1477 5641; x_wconf 90' lang='lat' dir='ltr'>nunc</span> <span class='ocrx_word' id='word_1_837' title='bbox 1503 5584 1670 5641; x_wconf 88' lang='lat' dir='ltr'>aliter</span> <span class='ocrx_word' id='word_1_838' title='bbox 1689 5583 1971 5641; x_wconf 78' lang='lat' dir='ltr'>distinctae</span> 
     </span>
    </p>
   </div>
   <div class='ocr_carea' id='block_1_109' title="bbox 986 4872 1989 4945">
    <p class='ocr_par' dir='ltr' id='par_1_109' title="bbox 986 4872 1989 4945">
     <span class='ocr_line' id='line_1_109' title="bbox 986 4872 1989 4945; baseline 0.005 -19"><span class='ocrx_word' id='word_1_839' title='bbox 986 4872 1166 4945; x_wconf 81' lang='lat' dir='ltr'>pulia,</span> <span class='ocrx_word' id='word_1_840' title='bbox 1201 4873 1300 4944; x_wconf 90' lang='lat' dir='ltr'>qui</span> <span class='ocrx_word' id='word_1_841' title='bbox 1350 4872 1559 4928; x_wconf 89' lang='lat' dir='ltr'>colitur</span> <span class='ocrx_word' id='word_1_842' title='bbox 1591 4875 1654 4927; x_wconf 82' lang='grc'><strong>14</strong></span> <span class='ocrx_word' id='word_1_843' title='bbox 1683 4873 1876 4940; x_wconf 87' lang='lat' dir='ltr'>Junii;</span> <span class='ocrx_word' id='word_1_844' title='bbox 1911 4879 1989 4944; x_wconf 16' lang='lat' dir='ltr'>et.</span> 
     </span>
    </p>
   </div>
   <div class='ocr_carea' id='block_1_110' title="bbox 2076 4722 3725 4796">
    <p class='ocr_par' dir='ltr' id='par_1_110' title="bbox 2076 4722 3725 4796">
     <span class='ocr_line' id='line_1_110' title="bbox 2076 4722 3725 4796; baseline -0.001 -15"><span class='ocrx_word' id='word_1_845' title='bbox 2076 4731 2213 4782; x_wconf 90' lang='lat' dir='ltr'>sunt</span> <span class='ocrx_word' id='word_1_846' title='bbox 2242 4743 2417 4796; x_wconf 82' lang='lat' dir='ltr'>quam</span> <span class='ocrx_word' id='word_1_847' title='bbox 2451 4724 2712 4791; x_wconf 89' lang='lat' dir='ltr'>olim,vel</span> <span class='ocrx_word' id='word_1_848' title='bbox 2747 4724 2804 4777; x_wconf 91' lang='lat' dir='ltr'>in</span> <span class='ocrx_word' id='word_1_849' title='bbox 2839 4724 3036 4796; x_wconf 90' lang='lat' dir='ltr'>plures</span> <span class='ocrx_word' id='word_1_850' title='bbox 3057 4728 3250 4796; x_wconf 82' lang='lat' dir='ltr'>partes</span> <span class='ocrx_word' id='word_1_851' title='bbox 3273 4722 3587 4778; x_wconf 72' lang='lat' dir='ltr'>subdivisae</span> <span class='ocrx_word' id='word_1_852' title='bbox 3608 4723 3725 4779; x_wconf 87' lang='lat' dir='ltr'>sin-</span> 
     </span>
    </p>
   </div>
   <div class='ocr_carea' id='block_1_111' title="bbox 2075 4795 3722 4871">
    <p class='ocr_par' dir='ltr' id='par_1_111' title="bbox 2075 4795 3722 4871">
     <span class='ocr_line' id='line_1_111' title="bbox 2075 4795 3722 4871; baseline -0.001 -19"><span class='ocrx_word' id='word_1_853' title='bbox 2075 4795 2518 4871; x_wconf 42' lang='lat' dir='ltr'>gulaefquarum</span> <span class='ocrx_word' id='word_1_854' title='bbox 2554 4795 2672 4871; x_wconf 55' lang='lat' dir='ltr'>hinc</span> <span class='ocrx_word' id='word_1_855' title='bbox 2713 4812 2840 4871; x_wconf 68' lang='lat' dir='ltr'>una</span> <span class='ocrx_word' id='word_1_856' title='bbox 2889 4795 3082 4871; x_wconf 82' lang='lat' dir='ltr'>fuerit,</span> <span class='ocrx_word' id='word_1_857' title='bbox 3110 4795 3196 4849; x_wconf 89' lang='lat' dir='ltr'>vel</span> <span class='ocrx_word' id='word_1_858' title='bbox 3245 4796 3568 4871; x_wconf 82' lang='lat' dir='ltr'>etiamnum</span> <span class='ocrx_word' id='word_1_859' title='bbox 3599 4796 3722 4871; x_wconf 66' lang='lat' dir='ltr'>sit;</span> 
     </span>
    </p>
   </div>
   <div class='ocr_carea' id='block_1_112' title="bbox 2077 4866 3725 4938">
    <p class='ocr_par' dir='ltr' id='par_1_112' title="bbox 2077 4866 3725 4938">
     <span class='ocr_line' id='line_1_112' title="bbox 2077 4866 3725 4938; baseline -0.002 -13"><span class='ocrx_word' id='word_1_860' title='bbox 2077 4866 2212 4925; x_wconf 75' lang='lat' dir='ltr'>nam</span> <span class='ocrx_word' id='word_1_861' title='bbox 2243 4866 2358 4938; x_wconf 84' lang='lat' dir='ltr'>qua</span> <span class='ocrx_word' id='word_1_862' title='bbox 2392 4868 2610 4922; x_wconf 88' lang='lat' dir='ltr'>ratione</span> <span class='ocrx_word' id='word_1_863' title='bbox 2642 4866 2794 4920; x_wconf 82' lang='lat' dir='ltr'>infra</span> <span class='ocrx_word' id='word_1_864' title='bbox 2823 4867 3162 4921; x_wconf 90' lang='lat' dir='ltr'>nominatur</span> <span class='ocrx_word' id='word_1_865' title='bbox 3189 4869 3340 4937; x_wconf 82' lang='lat' dir='ltr'>regio</span> <span class='ocrx_word' id='word_1_866' title='bbox 3372 4867 3647 4934; x_wconf 69' lang='lat' dir='ltr'>Colossaei,</span> <span class='ocrx_word' id='word_1_867' title='bbox 3667 4867 3725 4922; x_wconf 91' lang='lat' dir='ltr'>id</span> 
     </span>
    </p>
   </div>
   <div class='ocr_carea' id='block_1_113' title="bbox 2076 4938 3726 5010">
    <p class='ocr_par' dir='ltr' id='par_1_113' title="bbox 2076 4938 3726 5010">
     <span class='ocr_line' id='line_1_113' title="bbox 2076 4938 3726 5010; baseline -0.002 -14"><span class='ocrx_word' id='word_1_868' title='bbox 2076 4947 2164 4996; x_wconf 89' lang='lat' dir='ltr'>est</span> <span class='ocrx_word' id='word_1_869' title='bbox 2194 4938 2619 5010; x_wconf 80' lang='lat' dir='ltr'>Amphitheatri</span> <span class='ocrx_word' id='word_1_870' title='bbox 2643 4943 2794 5009; x_wconf 68' lang='lat' dir='ltr'>(qua:</span> <span class='ocrx_word' id='word_1_871' title='bbox 2819 4938 2953 4992; x_wconf 86' lang='lat' dir='ltr'>alibi</span> <span class='ocrx_word' id='word_1_872' title='bbox 2977 4955 3154 5009; x_wconf 88' lang='lat' dir='ltr'>quam</span> <span class='ocrx_word' id='word_1_873' title='bbox 3180 4938 3375 4994; x_wconf 66' lang='lat' dir='ltr'>Romae</span> <span class='ocrx_word' id='word_1_874' title='bbox 3397 4939 3577 5010; x_wconf 77' lang='lat' dir='ltr'>quaeri</span> <span class='ocrx_word' id='word_1_875' title='bbox 3611 4956 3726 4993; x_wconf 91' lang='lat' dir='ltr'>non</span> 
     </span>
    </p>
   </div>
   <div class='ocr_carea' id='block_1_114' title="bbox 2077 5011 3726 5080">
    <p class='ocr_par' dir='ltr' id='par_1_114' title="bbox 2077 5011 3726 5080">
     <span class='ocr_line' id='line_1_114' title="bbox 2077 5011 3726 5080; baseline -0.001 -16"><span class='ocrx_word' id='word_1_876' title='bbox 2077 5013 2266 5075; x_wconf 74' lang='lat' dir='ltr'>dt;&#39;l)(,&#39;~l.,</span> <span class='ocrx_word' id='word_1_877' title='bbox 2292 5017 2346 5064; x_wconf 85' lang='lat' dir='ltr'>et</span> <span class='ocrx_word' id='word_1_878' title='bbox 2379 5017 2568 5063; x_wconf 72' lang='lat' dir='ltr'>tamen</span> <span class='ocrx_word' id='word_1_879' title='bbox 2607 5027 2715 5063; x_wconf 78' lang='lat' dir='ltr'>non</span> <span class='ocrx_word' id='word_1_880' title='bbox 2751 5016 2841 5064; x_wconf 80' lang='lat' dir='ltr'>est</span> <span class='ocrx_word' id='word_1_881' title='bbox 2871 5027 2986 5064; x_wconf 90' lang='lat' dir='ltr'>una</span> <span class='ocrx_word' id='word_1_882' title='bbox 3018 5029 3083 5065; x_wconf 87' lang='lat' dir='ltr'>ex</span> <span class='ocrx_word' id='word_1_883' title='bbox 3123 5011 3190 5064; x_wconf 78' lang='grc'><strong>14</strong></span> <span class='ocrx_word' id='word_1_884' title='bbox 3235 5011 3428 5076; x_wconf 89' lang='lat' dir='ltr'>dictis,</span> <span class='ocrx_word' id='word_1_885' title='bbox 3462 5011 3561 5065; x_wconf 87' lang='lat' dir='ltr'>sed</span> <span class='ocrx_word' id='word_1_886' title='bbox 3594 5027 3726 5080; x_wconf 91' lang='lat' dir='ltr'>per-</span> 
     </span>
    </p>
   </div>
   <div class='ocr_carea' id='block_1_115' title="bbox 2077 5082 3725 5153">
    <p class='ocr_par' dir='ltr' id='par_1_115' title="bbox 2077 5082 3725 5153">
     <span class='ocr_line' id='line_1_115' title="bbox 2077 5082 3725 5153; baseline -0.004 -15"><span class='ocrx_word' id='word_1_887' title='bbox 2077 5087 2219 5138; x_wconf 81' lang='lat' dir='ltr'>tinet</span> <span class='ocrx_word' id='word_1_888' title='bbox 2252 5085 2321 5135; x_wconf 53' lang='grc' dir='ltr'>(ιιι</span> <span class='ocrx_word' id='word_1_889' title='bbox 2357 5082 2670 5153; x_wconf 65' lang='lat' dir='ltr'>[legionem</span> <span class='ocrx_word' id='word_1_890' title='bbox 2714 5083 3020 5152; x_wconf 86' lang='lat' dir='ltr'>Montium)</span> <span class='ocrx_word' id='word_1_891' title='bbox 3053 5082 3133 5136; x_wconf 89' lang='lat' dir='ltr'>ita</span> <span class='ocrx_word' id='word_1_892' title='bbox 3173 5082 3599 5153; x_wconf 68' lang='lat' dir='ltr'>persuademus</span> <span class='ocrx_word' id='word_1_893' title='bbox 3624 5096 3725 5153; x_wconf 83' lang='lat' dir='ltr'>no-</span> 
     </span>
    </p>
   </div>
   <div class='ocr_carea' id='block_1_116' title="bbox 2077 5149 3726 5222">
    <p class='ocr_par' dir='ltr' id='par_1_116' title="bbox 2077 5149 3726 5222">
     <span class='ocr_line' id='line_1_116' title="bbox 2077 5149 3726 5222; baseline -0.003 -14"><span class='ocrx_word' id='word_1_894' title='bbox 2077 5155 2167 5208; x_wconf 87' lang='lat' dir='ltr'>bis</span> <span class='ocrx_word' id='word_1_895' title='bbox 2199 5154 2345 5208; x_wconf 90' lang='lat' dir='ltr'>alias</span> <span class='ocrx_word' id='word_1_896' title='bbox 2373 5149 2627 5222; x_wconf 83' lang='lat' dir='ltr'>quoque,</span> <span class='ocrx_word' id='word_1_897' title='bbox 2662 5152 2755 5206; x_wconf 91' lang='lat' dir='ltr'>hic</span> <span class='ocrx_word' id='word_1_898' title='bbox 2796 5149 3151 5217; x_wconf 82' lang='lat' dir='ltr'>nominatas,</span> <span class='ocrx_word' id='word_1_899' title='bbox 3173 5149 3312 5208; x_wconf 48' lang='lat' dir='ltr'>&#39;esse</span> <span class='ocrx_word' id='word_1_900' title='bbox 3341 5152 3525 5222; x_wconf 83' lang='lat' dir='ltr'>ipsius</span> <span class='ocrx_word' id='word_1_901' title='bbox 3557 5149 3726 5222; x_wconf 80' lang='lat' dir='ltr'>Urbis</span> 
     </span>
    </p>
   </div>
   <div class='ocr_carea' id='block_1_117' title="bbox 2079 5219 3725 5296">
    <p class='ocr_par' dir='ltr' id='par_1_117' title="bbox 2079 5219 3725 5296">
     <span class='ocr_line' id='line_1_117' title="bbox 2079 5219 3725 5296; baseline -0.004 -16"><span class='ocrx_word' id='word_1_902' title='bbox 2079 5219 2410 5296; x_wconf 55' lang='lat' dir='ltr'>Regiones}</span> <span class='ocrx_word' id='word_1_903' title='bbox 2447 5219 2592 5286; x_wconf 76' lang='lat' dir='ltr'>quas</span> <span class='ocrx_word' id='word_1_904' title='bbox 2615 5219 2620 5220; x_wconf 23' lang='grc' dir='ltr'>ί</span> <span class='ocrx_word' id='word_1_905' title='bbox 2646 5224 2924 5279; x_wconf 70' lang='lat' dir='ltr'>Romanis</span> <span class='ocrx_word' id='word_1_906' title='bbox 2969 5225 3190 5279; x_wconf 90' lang='lat' dir='ltr'>civibus</span> <span class='ocrx_word' id='word_1_907' title='bbox 3239 5219 3625 5296; x_wconf 74' lang='lat' dir='ltr'>relinquimus</span> <span class='ocrx_word' id='word_1_908' title='bbox 3657 5220 3725 5296; x_wconf 58' lang='lat' dir='ltr'>il:</span> 
     </span>
    </p>
   </div>
   <div class='ocr_carea' id='block_1_118' title="bbox 2079 5289 3724 5366">
    <p class='ocr_par' dir='ltr' id='par_1_118' title="bbox 2079 5289 3724 5366">
     <span class='ocr_line' id='line_1_118' title="bbox 2079 5289 3724 5366; baseline -0.003 -16"><span class='ocrx_word' id='word_1_909' title='bbox 2079 5289 2435 5360; x_wconf 54' lang='lat' dir='ltr'>lustrandas,</span> <span class='ocrx_word' id='word_1_910' title='bbox 2470 5296 2747 5366; x_wconf 88' lang='lat' dir='ltr'>quoniam</span> <span class='ocrx_word' id='word_1_911' title='bbox 2781 5296 3311 5366; x_wconf 79' lang='lat' dir='ltr'>(horographorum</span> <span class='ocrx_word' id='word_1_912' title='bbox 3336 5289 3638 5366; x_wconf 57' lang='lat' dir='ltr'>diligentia</span> <span class='ocrx_word' id='word_1_913' title='bbox 3655 5291 3724 5345; x_wconf 90' lang='lat' dir='ltr'>ad</span> 
     </span>
    </p>
   </div>
   <div class='ocr_carea' id='block_1_119' title="bbox 2079 5358 3725 5436">
    <p class='ocr_par' dir='ltr' id='par_1_119' title="bbox 2079 5358 3725 5436">
     <span class='ocr_line' id='line_1_119' title="bbox 2079 5358 3725 5436; baseline -0.003 -14"><span class='ocrx_word' id='word_1_914' title='bbox 2079 5369 2251 5422; x_wconf 87' lang='lat' dir='ltr'>hasce</span> <span class='ocrx_word' id='word_1_915' title='bbox 2286 5358 2569 5420; x_wconf 82' lang='lat' dir='ltr'>minutias</span> <span class='ocrx_word' id='word_1_916' title='bbox 2610 5384 2737 5421; x_wconf 77' lang='lat' dir='ltr'>sese</span> <span class='ocrx_word' id='word_1_917' title='bbox 2781 5358 3085 5420; x_wconf 70' lang='lat' dir='ltr'>extendere</span> <span class='ocrx_word' id='word_1_918' title='bbox 3129 5363 3352 5436; x_wconf 87' lang='lat' dir='ltr'>nequit.</span> <span class='ocrx_word' id='word_1_919' title='bbox 3383 5358 3640 5436; x_wconf 64' lang='lat' dir='ltr'>Ecclesia</span> <span class='ocrx_word' id='word_1_920' title='bbox 3668 5366 3725 5417; x_wconf 91' lang='lat' dir='ltr'>S.</span> 
     </span>
    </p>
   </div>
   <div class='ocr_carea' id='block_1_120' title="bbox 2079 5433 3730 5510">
    <p class='ocr_par' dir='ltr' id='par_1_120' title="bbox 2079 5433 3730 5510">
     <span class='ocr_line' id='line_1_120' title="bbox 2079 5433 3730 5510; baseline -0.003 -17"><span class='ocrx_word' id='word_1_921' title='bbox 2079 5438 2362 5507; x_wconf 67' lang='lat' dir='ltr'>Matthtei,</span> <span class='ocrx_word' id='word_1_922' title='bbox 2393 5440 2463 5491; x_wconf 68' lang='lat'>22</span> <span class='ocrx_word' id='word_1_923' title='bbox 2512 5440 2566 5491; x_wconf 87' lang='lat' dir='ltr'>in</span> <span class='ocrx_word' id='word_1_924' title='bbox 2619 5439 2870 5510; x_wconf 77' lang='lat' dir='ltr'>ltegionc</span> <span class='ocrx_word' id='word_1_925' title='bbox 2929 5435 3232 5500; x_wconf 87' lang='lat' dir='ltr'>Montium,</span> <span class='ocrx_word' id='word_1_926' title='bbox 3279 5434 3332 5487; x_wconf 83' lang='lat' dir='ltr'>S.</span> <span class='ocrx_word' id='word_1_927' title='bbox 3380 5433 3623 5490; x_wconf 54' lang='lat' dir='ltr'>Matthxi</span> <span class='ocrx_word' id='word_1_928' title='bbox 3670 5437 3730 5490; x_wconf 83' lang='lat' dir='ltr'>in</span> 
     </span>
    </p>
   </div>
   <div class='ocr_carea' id='block_1_121' title="bbox 2079 5510 2624 5565">
    <p class='ocr_par' dir='ltr' id='par_1_121' title="bbox 2079 5510 2624 5565">
     <span class='ocr_line' id='line_1_121' title="bbox 2079 5510 2624 5565; baseline -0.006 0"><span class='ocrx_word' id='word_1_929' title='bbox 2079 5511 2364 5565; x_wconf 72' lang='lat' dir='ltr'>Merulam</span> <span class='ocrx_word' id='word_1_930' title='bbox 2391 5510 2624 5564; x_wconf 88' lang='lat' dir='ltr'>dicitur.</span> 
     </span>
    </p>
   </div>
   <div class='ocr_carea' id='block_1_122' title="bbox 2150 5577 3394 5652">
    <p class='ocr_par' dir='ltr' id='par_1_122' title="bbox 2150 5577 3394 5652">
     <span class='ocr_line' id='line_1_122' title="bbox 2150 5577 3394 5652; baseline -0.002 -18"><span class='ocrx_word' id='word_1_931' title='bbox 2150 5583 2261 5652; x_wconf 82' lang='lat'>(73)</span> <span class='ocrx_word' id='word_1_932' title='bbox 2292 5581 2538 5638; x_wconf 89' lang='lat' dir='ltr'>Videtur</span> <span class='ocrx_word' id='word_1_933' title='bbox 2566 5581 2702 5652; x_wconf 91' lang='lat' dir='ltr'>poni</span> <span class='ocrx_word' id='word_1_934' title='bbox 2737 5598 2838 5652; x_wconf 88' lang='lat' dir='ltr'>pro</span> <span class='ocrx_word' id='word_1_935' title='bbox 2869 5577 3130 5634; x_wconf 83' lang='lat' dir='ltr'>Scamch</span> <span class='ocrx_word' id='word_1_936' title='bbox 3163 5577 3394 5647; x_wconf 87' lang='lat' dir='ltr'>majori.</span> 
     </span>
    </p>
   </div>
  </div>
