4102 6174
437 358 561 425 838
1818 353 1882 418 S.
1928 351 2048 418 LEl

2171 352 2207 416 Κ
2245 352 2473 417 ΡΑΡΑ.
3727 358 3849 423 536

440 495 654 563 berim,
670 490 958 550 dmmonio
985 498 1185 550 vexata
1205 490 1378 565 longo
1399 494 1677 564 tempore,
1702 489 1902 545 audita
1933 490 2088 544 fama
2116 489 2170 554 Α
2199 488 2297 559 qui
2323 488 2629 544 sinistrum
2653 489 2858 562 pedem
2880 488 3132 547 habebat
3150 487 3402 548 aridum.
3426 487 3531 546 Hic
3549 505 3654 566 per
3675 494 3846 549 meri-

443 583 599 641 beati
637 581 910 656 Corporis
956 582 1132 648 venit,
1169 585 1228 638 et
1265 582 1412 637 duos
1460 580 1740 636 carbones
1790 595 1907 633 una
1955 593 2089 633 eum
2199 581 2326 633 tum
2345 577 2624 634 B.Leonis
2646 579 2880 635 sanitati
2905 581 3230 648 restitutus,
3245 580 3510 652 gaudens
3529 596 3663 636 cum
3687 586 3848 654 patre

439 672 630 732 multo
663 673 948 745 sanguine
987 669 1261 728 evomuit.
1285 671 1409 734 Qua
1457 669 1606 724 facto
1655 667 1889 724 sanitati
1923 667 2087 722 resti-
2201 667 2654 731 rediit.Quidam
2677 668 3033 736 vir,nomine
3055 673 3283 734 Petrus,
3297 668 3454 724 ﬁlius
3475 669 3850 743 Nuceiiphle—

441 765 574 820 tuta
594 764 768 830 est,et
787 764 980 816 mente
1002 763 1232 831 recepta
1249 758 1374 813 visa
1397 761 1485 813 est
1505 758 1576 813 ab
1595 757 1871 812 omnibus
1894 760 2090 812 astan-
2201 756 2600 827 botomatoris,
2622 757 2915 813 habitator
2942 757 3130 830 ipsius
3151 757 3426 830 regionis,
3451 759 3523 814 ab
3545 762 3708 816 utero
3733 777 3850 817 ma-

442 851 603 909 tibus
628 849 816 907 redire
839 849 1041 904 libera.
1067 849 1128 902 In
1154 846 1387 918 regione
1418 846 1670 902 Arenula
1691 848 1823 917 (74),
1849 845 2088 917 quidam
2199 845 2306 900 tris
2363 850 2582 914 mutus,
2633 846 2963 901 astantibus
3012 846 3218 902 multis
3264 845 3559 918 loquelam
3612 850 3846 923 recepit.

441 939 747 998 habitabat
771 938 1027 996 Joannes
1067 937 1331 1004 nomine,
1359 936 1480 1008 qui,
1514 935 1704 991 nervis
1753 933 2088 1001 contractis,
2199 935 2474 1001 Quaedam
2505 935 2715 990 mulier
2743 936 2813 991 de
2845 934 3051 991 Fallari
3073 936 3207 1004 (78),
3241 935 3502 992 daemone
3520 942 3744 1006 vexata,
3777 939 3846 995 ad

441 1044 684 1088 manum
715 1026 939 1083 aridam
968 1026 1040 1081 ab
1071 1029 1235 1082 utero
1267 1025 1473 1080 matris
1505 1024 1775 1080 habebat.
1807 1023 1909 1078 Hic
1936 1022 2088 1078 beati
2196 1022 2493 1079 tumulum
2524 1025 2702 1093 venit,
2725 1024 2924 1098 ibique
2947 1024 3190 1081 liberata
3208 1027 3316 1080 est.
3340 1025 3551 1082 Mulier
3581 1029 3847 1100 quaedam

437 1116 548 1172 viri
576 1114 818 1172 veniens
839 1115 911 1171 ad
937 1113 1256 1181 tumulum,
1278 1117 1574 1170 extensam
1603 1117 1658 1168 et
1674 1112 1926 1168 validam
1959 1127 2088 1167 eam
2197 1112 2269 1168 de
2297 1114 2773 1186 Aquapendente,
2798 1130 3037 1170 manum
3089 1113 3311 1170 habens
3360 1115 3607 1185 aridam,
3631 1119 3848 1175 auditis

438 1205 772 1278 reportavit.
2197 1200 2520 1268 miraculis,
2535 1203 2604 1258 ad
2630 1203 2822 1258 locum
2839 1202 3014 1271 venit,
3030 1206 3087 1258 et
3101 1203 3165 1258 of
3164 1202 3357 1258 licium
3377 1220 3592 1261 manus
3613 1208 3845 1280 recepit.

515 1295 598 1350 14.
633 1295 815 1350 Homo
845 1291 1360 1364 quidam,veniens
1381 1292 1450 1346 de
1470 1290 1807 1364 longinquis
1837 1289 2086 1362 regioni-
2197 1290 2446 1356 Quidam
2466 1290 2574 1360 vir,
2599 1296 2762 1346 ortus
2786 1293 2856 1348 de
2878 1291 3168 1348 Tuscanis
3191 1292 3460 1364 partibus
3485 1310 3727 1351 manum
3753 1296 3848 1352 ha-

437 1385 572 1449 bus,
591 1383 651 1438 in
677 1381 1020 1454 pmnitentia
1049 1382 1198 1437 ferro
1229 1380 1463 1452 ligatus,
1489 1385 1623 1436 ante
1652 1379 1946 1435 tumulum
1971 1383 2089 1436 ste-
2197 1378 2341 1434 hens
2363 1380 2611 1445 aridam,
2636 1397 2738 1452 per
2763 1381 3038 1436 meritum
3062 1381 3124 1435 B.
3151 1381 3361 1436 Leonis
3385 1383 3667 1457 [sanitati]
3689 1386 3850 1442 resti-

439 1471 596 1537 tit,et
618 1472 758 1526 dum
776 1470 1000 1526 diutius
1021 1469 1368 1525 incumbens
1387 1469 1630 1525 orationi
1651 1468 1966 1525 commissa
1981 1486 2090 1526 sua
2195 1470 2360 1523 tutus
2389 1473 2496 1524 est.
2525 1470 2798 1534 Quadam
2823 1467 3055 1539 mulier,
3079 1469 3263 1524 Maria
3291 1470 3553 1539 nomine,
3576 1471 3849 1530 habitans

439 1560 698 1627 defieret,
723 1559 939 1614 Divinaa
987 1558 1219 1630 pietatis
1262 1559 1434 1625 dono,
1476 1559 1716 1626 ferrum,
1740 1558 1840 1612 ubi
1899 1558 2088 1630 magis
2196 1554 2257 1611 in
2278 1558 2478 1612 Castro
2500 1561 2854 1626 Cornazano,
2882 1575 3123 1614 manum
3149 1557 3449 1615 sinistram
3484 1559 3708 1618 habens
3737 1563 3847 1618 ari-

440 1649 699 1708 solidum
721 1648 930 1713 fuerat,
951 1647 1194 1719 crepuit.
1219 1647 1692 1702 Sanctimoniaiis
1714 1648 1978 1718 quaedam
2009 1646 2088 1702 si-
2197 1645 2444 1714 dam,ad
2475 1645 2770 1702 tumulum
2801 1647 2960 1702 venit
2993 1664 3004 1703 :
3042 1646 3241 1719 ibique
3273 1651 3479 1704 sanata
3523 1653 3632 1705 est.
3659 1650 3852 1708 Altera

434 1737 658 1794 rmiliter
686 1737 836 1792 ferro
866 1735 1065 1807 ligata,
1097 1737 1169 1789 ad
1200 1735 1456 1790 loculum
1496 1735 1768 1802 accessit;
1801 1739 1857 1790 et
1885 1736 2088 1791 eodem
2200 1735 2429 1803 mulier,
2447 1735 2677 1790 Beatrix
2697 1737 3033 1804 nomine,de
3057 1735 3276 1809 Apuliae
3298 1737 3582 1808 partibus,
3608 1755 3849 1796 manum

439 1826 615 1882 modo
673 1824 864 1880 soluta
920 1841 955 1878 a
1011 1824 1180 1893 ferro,
1211 1823 1562 1879 benedicens
1618 1824 1954 1892 Dominum,
1988 1824 2089 1896 qui
2118 1858 2167 1923 B
2198 1823 2494 1880 dexteram
2516 1824 2738 1881 habens
2761 1825 3299 1894 aridam,simi1iter
3326 1827 3559 1923 sanitati
3579 1828 3853 1923 restituta

439 1917 531 1976 est
571 1912 632 1968 in
692 1912 925 1968 Sanctis
975 1913 1100 1967 suis
1133 1912 1441 1978 mirabilis,
1465 1914 1536 1968 ad
1589 1913 1824 1986 propria
1870 1914 2088 1969 incolu-
2118 1912 2165 1923 “’
2199 1913 2561 1978 est.Quidam
2579 1913 2822 1969 Juvenis
2846 1913 3064 1970 ibidem
3085 1915 3277 1970 visum
3297 1915 3622 1988 recepitper
3638 1917 3853 1974 merita

440 2002 556 2060 mis
584 2000 851 2057 rediit.ln
883 2018 1000 2056 una
1018 2001 1112 2056 die
1141 2001 1396 2057 restituti
1429 2006 1567 2057 sunt
1587 2004 1702 2058 duo
1726 2004 1970 2074 juvenes
2002 2021 2090 2058 sa-
2198 2001 2264 2055 B.
2302 2002 2528 2057 Leonis.
2566 2001 2776 2058 Mulier
2820 2003 3108 2074 quaedam,
3151 2004 3539 2075 Ermengarda
3583 2006 3847 2075 nomine,

441 2090 635 2158 nitati,
657 2105 910 2162 quorum
933 2107 1087 2146 unus
1118 2090 1342 2146 habens
1374 2108 1439 2146 os
1470 2095 1754 2147 retortum
1785 2092 1854 2148 ad
1886 2109 2088 2148 aurem
2198 2087 2399 2145 relicta
2446 2090 2599 2146 Petri
2648 2091 2891 2147 textoris
2939 2092 3011 2146 de
3058 2091 3259 2148 Castro
3291 2091 3416 2147 vico
3445 2094 3577 2160 ('79),
3601 2110 3851 2150 manum

441 2179 757 2245 dexteram,
780 2182 838 2234 et
865 2195 1109 2235 manum
1138 2179 1362 2235 aridam
1385 2197 1517 2235 cum
1542 2184 1660 2236 toto
1681 2180 1892 2236 latere:
1913 2197 2085 2254 quem
2198 2177 2500 2233 sinistram
2530 2178 2754 2234 habens
2803 2178 3059 2246 aridam,
3084 2196 3187 2252 per
3233 2179 3507 2235 meritum
3538 2179 3601 2236 Β.
3639 2181 3851 2238 Leonis

441 2255 631 2327 mater
659 2267 894 2324 nomine
925 2268 1124 2337 Maria,
1145 2285 1289 2324 uxor
1316 2269 1560 2326 Joannis
1581 2269 2088 2338 Orbitani,deflens
2197 2265 2383 2338 Papae,
2407 2267 2738 2324 videntibus
2767 2268 2968 2325 multis
2997 2267 3254 2324 cilicium
3287 2285 3501 2326 manus
3529 2271 3765 2344 recepit.

440 2355 698 2428 scapulis
725 2357 1081 2429 apportavit;
1114 2358 1216 2414 sed
1246 2358 1424 2429 duplo
1452 2358 1579 2414 laeta
1617 2358 1921 2424 miraculo,
1941 2376 2084 2432 gau-
2840 2374 3071 2431 CAPUT
3111 2375 3205 2430 ΙΙΙ,

440 2445 588 2502 deus
608 2460 742 2501 cum
760 2444 900 2500 filiio
923 2444 1111 2512 rediit,
1135 2449 1191 2500 et
1209 2445 1303 2500 hic
1323 2450 1411 2502 est
1437 2452 1610 2503 notus
1631 2448 1907 2504 omnibus
1929 2465 2048 2520 apui

2192 2462 2459 2518 Miracula
2497 2468 2783 2539 patratae
2831 2465 3043 2539 Vigilg'a
3091 2465 3436 2521 Ascensionis
3487 2482 3654 2539 usque
3701 2467 3851 2524 ultra

434 2533 496 2592 Β.
515 2533 802 2606 Angelum
835 2534 1218 2590 morantibus.
1241 2535 1400 2592 Alter
1426 2553 1560 2592 vero
1582 2538 1653 2593 ab
1681 2537 1932 2592 infantia
1961 2537 2082 2592 ofﬁ-
2497 2533 2509 2534 ί
2699 2535 2954 2592 Octavam
2981 2537 3336 2592 Pentecostes.

431 2621 526 2680 oio
554 2622 863 2682 ambarum
910 2639 1196 2679 manuum
1244 2624 1527 2696 privatus,
1559 2625 1794 2681 sanitati
1838 2626 2079 2682 restitu-
2263 2623 2349 2676 17.
2384 2623 2447 2676 In
2477 2621 2675 2695 vigilia
2714 2625 3088 2681 Ascensionis
3137 2625 3391 2695 Domini,
3427 2642 3530 2698 per
3565 2625 3847 2684 interces-

429 2714 546 2778 tus,
579 2727 863 2768 manuum
896 2729 1137 2768 suarum
1169 2713 1469 2769 laboribus
1500 2714 1658 2770 vivit.
2188 2709 2413 2767 sionem
2444 2711 2774 2768 Beatissimi
2820 2715 2986 2786 Papae
3029 2715 3256 2782 Leonis,
3288 2720 3506 2770 sanata;
3555 2720 3697 2772 sunt
3726 2721 3848 2773 tres

500 2802 587 2858 15.
603 2799 805 2856 Multis
825 2801 1157 2857 astantibus
1177 2801 1469 2874 loquelam
1490 2803 1707 2876 recepit
1724 2806 1924 2860 mutus
1947 2804 2075 2876 qui-
2186 2797 2414 2853 feminae
2441 2817 2454 2856 :
2478 2817 2596 2856 una
2619 2818 2861 2857 manum
2884 2803 3122 2874 recepit,
3148 2801 3325 2858 altera
3345 2803 3634 2870 auditum,
3663 2803 3848 2861 altera

426 2890 585 2955 dam,
609 2890 845 2945 nomine
883 2890 1092 2957 Guido,
1117 2893 1188 2946 de
1215 2892 1521 2948 Casamala
1557 2896 1740 2948 ortus.
1766 2893 1916 2948 Puer
1945 2894 2072 2965 qui-
2183 2886 2398 2943 visum.
2423 2889 2486 2944 In
2517 2889 2716 2962 vigilia
2769 2890 2954 2946 noctis
3002 2891 3376 2947 Ascensionis
3424 2892 3680 2960 Domini,
3706 2911 3842 2950 mu-

425 2979 794 3047 dam,Petrus
809 2979 1332 3047 nomine,officium
1351 2982 2070 3053 recepitmanusdcxteras.
2183 2974 2290 3031 lier
2319 2978 2609 3048 quaedam,
2655 2979 2824 3034 Berta
2855 2978 3110 3047 nomine,
3137 2979 3357 3035 famula
3388 2980 3540 3036 Petri
3589 2983 3844 3054 opificis,

423 3067 575 3124 Puer
599 3067 841 3139 quidam
873 3068 944 3122 de
974 3069 1207 3141 regione
1251 3069 1486 3126 Coloseo
1530 3070 1783 3126 habebat
1829 3087 2070 3127 manum
2183 3066 2282 3136 qui
2315 3066 2529 3122 dicitur
2557 3067 2628 3122 de
2659 3067 2803 3135 Udo,
2835 3067 3109 3124 habitans
3141 3068 3199 3122 in
3231 3069 3465 3142 regione
3495 3070 3841 3143 Campitello

421 3156 720 3216 dexteram
758 3157 1007 3223 aridam,
1037 3174 1172 3213 cum
1220 3163 1340 3214 toto
1390 3159 1564 3214 latere
1594 3164 1650 3215 et
1680 3161 1860 3231 pede:
1893 3177 2066 3231 quem
2107 3221 2142 3231 η
2181 3154 2315 3225 (80),
2337 3155 2692 3210 daemonium
2741 3155 2983 3223 habens,
3007 3155 3088 3210 ibi
3130 3155 3376 3212 liberata
3402 3162 3510 3214 est.
3539 3158 3601 3214 In
3633 3160 3841 3216 eadem

423 3245 950 3317 mater,Stephania
967 3221 1445 3312 nomine,deflens
1463 3249 1532 3303 ad
1554 3221 1847 3304 tumulum
1873 3221 2066 3321 ipsum
2099 3221 2144 3289 (ἶ
2181 3221 2368 3299 noctis
2397 3243 2613 3316 vigilia,
2634 3245 2900 3316 quzedam
2925 3221 3136 3299 mulier
3164 3246 3334 3317 cujus
3365 3263 3578 3303 nomen
3608 3247 3843 3321 ignora-

421 3332 780 3403 apportav-it,
804 3337 861 3386 et
890 3333 1126 3389 sanitati
1147 3335 1455 3390 restitutus
1471 3340 1560 3391 est
1588 3337 1788 3392 multis
1819 3339 2067 3394 astanti-
2180 3347 2336 3400 mus,
2363 3333 2567 3389 ambas
2601 3349 2832 3403 manus,
2853 3349 3001 3405 quas
3023 3334 3262 3406 gerebat
3280 3339 3632 3408 contractas,
3655 3355 3839 3395 sanas

418 3418 534 3473 bus
562 3421 620 3473 et
645 3418 997 3474 videntibus.
1041 3422 1223 3477 Homo
1275 3423 1534 3494 quidam,
1573 3425 1918 3482 Benedictus
1965 3444 2066 3482 no-
2177 3421 2412 3493 recepit.
2439 3423 2561 3489 Quo
2587 3422 2735 3477 facto
2757 3423 3052 3494 quoddam
3084 3423 3441 3482 miraculum
3471 3425 3548 3479 ibi
3583 3425 3840 3483 miriﬁce

417 3504 595 3576 mine,
628 3505 1099 3563 Phlebotomator
1118 3509 1250 3580 (75),
1275 3511 1547 3568 habitans
1580 3513 1637 3566 in
1671 3513 1904 3586 regione
1933 3517 2069 3587 Sep-
2177 3509 2406 3566 aOCidit-
2431 3510 2678 3574 Quldam
2727 3511 2985 3566 Joannes
3023 3511 3095 3566 de
3133 3511 3391 3583 CiVitale,
3441 3513 3722 3572 habitans
3776 3515 3833 3576 in

414 3593 671 3662 temviis,
713 3593 1010 3650 ulceribus
1047 3595 1508 3668 plenus,auditis
1539 3600 1840 3658 miraculis
1871 3604 1942 3658 ad
1977 3608 2067 3659 tu-
2177 3598 2410 3670 regione
2439 3598 2654 3671 Campo
2681 3599 2908 3668 Martio,
2934 3615 3164 3656 cereum
3213 3601 3282 3655 de
3326 3601 3531 3657 tumba
3559 3603 3833 3673 ejusdem

414 3680 644 3744 mulum
661 3682 1063 3755 venit;ibique
1081 3701 1183 3756 per
1198 3687 1474 3743 meritum
1493 3689 1644 3744 beati
1668 3691 1961 3748 Pontificis
1980 3710 2068 3748 sa-
2174 3686 2502 3742 beatissimi
2528 3689 2693 3760 Papae
2724 3689 2929 3746 Leonis
2959 3706 3272 3745 accensum
3301 3689 3360 3745 in
3393 3707 3569 3747 manu
3600 3694 3841 3765 accepit

413 3787 528 3830 nus
559 3770 748 3828 factus
768 3771 977 3838 est,ita
997 3776 1191 3829 utnec
1218 3775 1456 3848 signum
1481 3776 1768 3835 cicatricis
1801 3780 1859 3834 in
1894 3797 2066 3836 carne
2181 3779 2238 3831 et
2265 3775 2557 3830 exstinxit.
2596 3777 2712 3832 Hoc
2742 3777 2913 3845 facto,
2939 3779 3081 3833 dum
3113 3795 3314 3834 secure
3365 3779 3722 3837 exstinctum
3758 3786 3841 3838 te-

414 3860 544 3932 ejus
582 3864 908 3932 appareret.
934 3861 1181 3926 Quidam
1212 3864 1300 3918 vir
1338 3865 1528 3936 Majus
1558 3867 1813 3935 nomine,
1838 3868 1908 3923 de
1938 3868 2066 3924 Pal-
2176 3867 2358 3932 neret,
2392 3865 2587 3920 subito
2627 3881 2940 3922 accensum
2971 3866 3132 3922 vidit.
3159 3869 3339 3932 Quem
3372 3867 3469 3924 ille
3517 3885 3634 3925 non
3687 3871 3841 3927 bene

414 3947 572 4004 lianc
599 3948 732 4020 (76),
756 3947 1030 4005 habitans
1051 3955 1216 4007 trans
1237 3953 1517 4020 Tiberim,
1543 3971 1576 4009 ει
1597 3956 1884 4011 daemonio
1906 3974 2069 4014 vexa-
2176 3953 2529 4009 exstinctum
2581 3955 2842 4022 credens,
2878 3955 3091 4011 iterum
3140 3955 3432 4011 exstinxit.
3462 3958 3533 4012 Et
3561 3958 3696 4030 quis
3728 3961 3836 4017 Dei

2175 4041 2460 4097 miracula
2487 4041 2648 4109 valet
2677 4044 3072 4114 perscrutari?
3116 4045 3328 4100 iterum
3361 4063 3421 4101 se
3453 4046 3512 4101 in
3545 4062 3729 4104 manu
3765 4049 3840 4104 il-

2174 4128 2289 4185 lius
2319 4131 2602 4186 accendit.
2623 4130 2724 4186 Hic
2747 4132 2924 4187 etiam
2946 4149 3148 4188 cereus
3187 4133 3246 4188 in
3277 4133 3679 4191 testimonium
3711 4155 3845 4194 ser-

417 4038 516 4090 tus
543 4051 648 4106 per
689 4053 875 4093 annos
907 4038 1264 4109 quindecim,
1299 4042 1498 4098 audita
1546 4044 1702 4099 fama
1752 4045 1905 4100 beati
1935 4046 2063 4113 viri,

416 4122 578 4178 venit
604 4124 677 4178 ad
705 4124 999 4180 tumulum
1032 4127 1181 4196 ejus,
1207 4133 1263 4183 et
1292 4130 1440 4186 duas
1469 4130 1756 4188 blactulas
1787 4135 1899 4205 (77)
1930 4152 2063 4191 cum

408 4206 605 4274 multo
635 4210 926 4279 sanguine
946 4214 1369 4281 evomuit,cum
1395 4216 1610 4287 quibus
1632 4221 1687 4273 et
1708 4220 2061 4276 daemonium

407 4294 972 4362 abscessitouidam
994 4302 1241 4370 juvenis,
1257 4303 1475 4358 Franco
1499 4307 1860 4379 nomine,qui
1875 4325 2063 4366 caecus

408 4384 656 4457 exstitit,
680 4384 880 4442 lumen
929 4389 1167 4460 recepit,
1200 4406 1380 4458 nepos
1428 4393 1650 4449 ostiarii
1673 4395 1731 4451 S.
1756 4397 1948 4452 Marias
1993 4399 2063 4454 de

405 4472 606 4540 Monte
632 4479 820 4532 acuto.
845 4477 1087 4532 Juvenis
1107 4478 1347 4549 quidam
1382 4482 1452 4535 de
1483 4482 1714 4538 civitate
1733 4485 2056 4552 Tiburtina,

2173 4223 2341 4274 vatus
2373 4225 2480 4275 est.
3260 4265 3271 4280 .

2245 4309 2330 4361 18.
2358 4308 2418 4361 ln
2456 4307 2550 4363 die
2575 4308 2947 4365 Ascensionis
2993 4309 3224 4366 Domini
3271 4316 3479 4366 sanata
3508 4317 3599 4369 est
3629 4314 3838 4385 puella

2169 4396 2503 4467 Amata(81)
2523 4397 2780 4468 nomine,
2806 4402 2967 4470 patre
2997 4400 3194 4472 genita
3213 4399 3579 4472 Engelberto.
3604 4403 3670 4456 Hi
3702 4403 3836 4460 fue-

2171 4489 2310 4539 runt
2338 4500 2405 4539 ex
2435 4485 2698 4555 partibus
2723 4486 3052 4559 Campaniae
3085 4489 3154 4544 de
3182 4487 3367 4544 Rocca
3398 4490 3469 4546 de
3500 4489 3673 4546 Rise:
3704 4491 3839 4548 haec

405 4561 664 4620 Joannes
685 4564 940 4632 nomine,
963 4564 1122 4621 filius
1142 4566 1408 4634 Joannis,
1428 4571 1499 4625 ab
1523 4576 1688 4629 utero
1711 4575 1916 4630 matris
1939 4593 2060 4631 mu-
2089 4581 2136 4646 Ι)
2168 4577 2363 4628 autem
2394 4574 2475 4629 ita
2506 4575 2615 4630 fuit
2659 4580 2954 4632 contracta
2983 4581 3052 4632 ut
3080 4594 3382 4649 nunquam
3412 4579 3660 4651 pedibus
3696 4598 3835 4638 am-

402 4654 522 4718 tus,
554 4652 885 4712 astantibus
916 4653 1120 4710 multis
1152 4655 1444 4728 loquelam
1479 4661 1714 4732 recepit.

481 4741 567 4794 16.
595 4741 774 4796 Homo
806 4743 1046 4813 quidam
1102 4745 1450 4803 Benedictus
1497 4749 1750 4815 nomine,
1786 4751 2057 4807 habitans

407 4824 470 4880 in
491 4825 708 4898 Campo
731 4829 955 4896 Martio,
978 4831 1231 4890 habebat
1248 4835 1434 4892 ﬁlium
1457 4838 1694 4893 nomine
1715 4839 2058 4896 Gratianum

503 4965 596 5034 74)
626 4965 735 5022 Ms.
769 4967 1169 5029 Strozzianum
1203 4976 1452 5033 Ter‘nula.

539 5037 1164 5114 ᾧχψᾏεϐοτομῖαηυεηίε
1215 5051 1397 5114 sectio,
1459 5049 1594 5106 hinc
1649 5051 2059 5110 Phlebotomarc

409 5110 565 5187 apud
595 5109 810 5187 Bedam
843 5109 900 5166 et
928 5112 1093 5182 alios,
1128 5134 1229 5187 pro
1258 5109 1452 5176 venam
1489 5124 1743 5178 incidere.
1773 5109 2054 5182 Phlebolo;

405 5181 608 5250 matus,
645 5181 1096 5252 Phlebotomalor,
1128 5181 1233 5244 cie.
1938 5203 1950 5212 ‘

471 5253 586 5380 £76)
629 5253 766 5327 Agri
825 5271 929 5311 seu
981 5257 1307 5331 Campaniae
1367 5263 1639 5320 Romanis
1687 5267 2053 5338 Oppidudum

401 5341 514 5382 εει.

419 5457 422 5460 ,
471 5395 583 5475 (77)
616 5394 740 5481 ρι’οο
772 5398 1090 5481 vermibus
1127 5401 1219 5481 hic
1269 5404 1530 5462 blactulas
1585 5406 1696 5461 diei
1759 5407 2048 5481 videntur,

397 5465 571 5536 quasi
599 5465 944 5536 diminutive
975 5488 1008 5525 a
1037 5473 1223 5527 blatta.

467 5535 942 5623 (.78).Urbevetani
977 5544 1742 5623 territoriioppidumhaud
1775 5550 2046 5623 ignobile.

399 5607 615 5665 Fateris
647 5611 842 5666 autem
890 5607 1477 5682 praznominata'urbs
1527 5618 1668 5675 olim
1699 5607 2048 5695 epi§1c0palis

2164 4661 2414 4717 bularet.
2449 4663 2574 4718 Una
2599 4663 2713 4719 alia
2743 4664 2956 4737 puella,
2991 4666 3226 4721 nomine
3259 4667 3461 4736 Maria,
3494 4667 3615 4723 ﬁlia
3645 4669 3836 4738 Ciete,

2170 4766 2294 4823 quae
2334 4751 2640 4808 habitabat
2670 4754 2728 4808 in
2763 4755 2994 4826 regione
3039 4755 3314 4825 Arenula,
3348 4755 3546 4812 lumen
3578 4762 3842 4833 recepit,

2171 4857 2299 4911 quae
2338 4857 2440 4912 per
2495 4858 2682 4898 annos
2739 4843 3077 4913 quindecim
3124 4861 3240 4900 non
3297 4844 3538 4902 viderat.
3571 4845 3841 4911 Quidam

2170 4983 2496 5067 luitvicina
2537 4987 2752 5043 civitati
2785 4987 3141 5056 Castellanaa,
3167 5005 3324 5046 nunc
3371 4990 3498 5061 ejus
3546 4989 3840 5067 episcopo

2168 5056 2454 5197 suiiiifiii
2481 5129 2711 5201 Sabinis
2741 5129 2904 5185 locus
2933 5133 3021 5185 est
3057 5132 3177 5185 Vico
3199 5131 3283 5201 edi
3321 5131 3576 5188 Sarrento
3607 5132 3840 5201 dictus,

2166 5216 2340 5281 quem
2375 5217 2488 5269 [πω
2521 5200 2650 5281 aliis
2680 5201 3022 5281 synonymis
3070 5200 3316 5274 intelligi
3361 5203 3678 5276 persuadet
3736 5200 3840 5264 ιιι-ὲ

2165 5269 2257 5324 bis
2287 5269 2560 5324 Romana:
2592 5269 2820 5326 vicinia.
2872 5269 2886 5273 ⁷
3262 5269 3291 5274 ⁷
3361 5269 3381 5276 ⁷

2235 5341 2348 5410 (80)
2380 5340 2511 5395 Haec
2541 5357 2656 5394 una
2686 5347 2776 5396 est
2807 5359 2874 5397 ex
2924 5345 2986 5399 Μ
3041 5343 3381 5410 nominatis,
3412 5350 3469 5400 et
3515 5345 3672 5401 inter
3728 5365 3842 5406 eas

2205 5411 2353 5465 rima
2386 5427 2398 5465 :
2438 5428 2644 5466 nomen
2677 5428 2711 5466 a
2741 5412 3043 5486 Capitolio,
3077 5417 3232 5486 quod
3263 5416 3695 5488 complectitur,
3725 5420 3843 5477 ha-

2162 5428 2335 5536 liena:
2370 5498 2435 5535 eo
2469 5482 2639 5536 modo
2661 5491 3021 5536 corruntum.
3045 5505 3173 5536 una:
3201 5487 3374 5536 vulgo
3405 5505 3508 5536 nrr.
3530 5489 3840 5536 Canitnlin

2201 5498 2305 5536 ens
2323 5499 2352 5562 ς.
2370 5498 2440 5562 eo
2461 5482 3173 5562 ⁸ιιπιρςὶρμίεοιιι-ιῐρῐιιιηίῳίιδε
3201 5487 3374 5560 vulgo
3399 5482 3508 5561 pro
3530 5482 3840 5562 Capitolio

2162 5550 2500 5622 Campidolio
2531 5552 2761 5609 dicitur.

2233 5623 2344 5696 (8|)
2376 5624 2483 5681 Ms.
2520 5626 2909 5699 Stozzianum,
2941 5629 3207 5686 Amrz'ata.
