4102 6174
264 368 384 434 88⁸1

855 364 1190 432 PROLEG.
1220 399 1299 414 —
1324 364 1695 432 HISTORIA
1739 364 2031 430 MORTIS
2073 365 2174 428 E'l‘
2217 365 2487 428 MIRAC.
2533 368 2599 430 S.
2645 364 2925 430 LEONIS
2966 367 3072 433 IX.

3552 377 3672 441 538

261 521 410 579 puer
437 505 597 574 patre
627 500 848 559 rustico
877 500 1133 574 genitus,
1164 502 1235 557 de
1267 501 1494 556 civitate
1526 500 1759 568 Ortana,
1786 505 1910 558 erat
1937 499 1991 568 Α
2021 505 2092 560 de
2125 507 2318 562 monte
2347 501 2611 572 Cassino,
2643 502 2700 558 in
2728 502 3031 563 Dominica
3059 521 3188 580 qua:
3209 505 3422 566 dicitur
3449 513 3673 571 Pascha

258 591 342 650 ita
365 593 725 660 contractus,
759 595 826 646 ut
853 608 1039 648 unum
1070 590 1225 646 latus
1256 589 1317 644 in
1349 606 1457 646 sua
1485 593 1772 663 potestate
1794 607 1912 647 non

258 681 529 748 haberet;
563 681 665 738 sed
697 679 982 737 Dominus
1007 697 1140 738 eum
1161 696 1264 752 per
1281 678 1642 736 sanctissimi
1673 679 1915 736 Pontifi-

257 770 344 827 cis
373 769 655 826 meritum
687 770 999 837 sanavit,et
1026 769 1204 826 latere
1233 756 1463 841 recepto
1495 785 1629 825 cum
1659 771 1914 842 gauden-

257 862 313 915 te
341 862 513 934 patre
537 861 738 914 votum
768 858 819 914 ei
851 857 1026 924 vovit,
1060 861 1116 914 et
1144 856 1458 914 incolumis
1486 858 1676 914 rediit.
1701 858 1768 914 Et
1799 858 1915 913 fere

255 947 405 1004 hora
438 946 630 1004 noctis
661 951 785 1003 erat
815 947 1028 1012 media,
1078 963 1210 1003 cum
1259 940 1406 1002 duos
1455 963 1634 1002 caecos
1671 945 1917 1002 miriﬁce

256 1036 490 1094 sanavit
525 1053 539 1092 :
575 1052 729 1092 unus
759 1034 922 1107 Pipo,
957 1034 1101 1090 alter
1127 1052 1260 1091 vero
1291 1034 1642 1090 Adelbertus
1685 1035 1916 1089 diceba-

256 1128 358 1183 tur
390 1141 404 1179 :
441 1123 538 1182 isti
567 1123 726 1180 enim
752 1123 823 1180 de
847 1123 1153 1196 Lama(82)
1178 1123 1408 1179 civitate
1431 1123 1699 1180 fuere.Et
1719 1140 1918 1195 quem-

260 1213 424 1285 dam,
458 1213 796 1270 Randiﬁum
843 1211 1099 1278 nomine,
1148 1203 1339 1268 ﬁlium
1387 1211 1627 1268 Berardi
1674 1213 1918 1269 Comitis

259 1302 605 1374 Mursicani,
637 1303 738 1373 qui
783 1302 984 1358 lancea
1032 1318 1346 1374 percussus
1379 1301 1510 1368 fuit,
1541 1305 1597 1358 et
1625 1301 1706 1357 ita
1737 1304 1914 1358 attra-

256 1393 577 1467 ctus,quod
610 1394 816 1466 pedem
849 1408 1034 1448 unum
1057 1391 1130 1449 ad
1160 1394 1375 1447 terram
1400 1408 1612 1464 ponere
1635 1408 1747 1447 non
1769 1391 1917 1448 vale-

254 1482 388 1552 bat;
423 1483 547 1552 sed,
575 1482 820 1553 jubente
849 1481 986 1545 Deo,
1011 1496 1112 1553 per
1133 1480 1406 1536 meritum
1429 1480 1584 1536 beati
1616 1479 1916 1536 Pontiﬁcis

254 1589 443 1628 sanus
475 1571 1016 1636 recessit.0uaedam
1050 1569 1243 1649 puella
1269 1569 1607 1626 omnimodo
1640 1569 1916 1625 manibus

256 1664 318 1718 et
349 1660 596 1732 pedibus
620 1659 700 1714 ita
731 1662 1030 1715 contracta
1059 1658 1167 1714 fuit
1198 1658 1354 1731 quod
1388 1675 1690 1731 nunquam
1715 1657 1918 1714 ambu-

258 1748 388 1804 lare
419 1747 660 1814 valebat,
692 1765 798 1804 nec
828 1763 1070 1803 manum
1102 1747 1170 1802 ad
1205 1763 1270 1801 os
1301 1747 1544 1814 ducere;
1577 1752 1634 1802 et
1664 1764 1765 1820 per
1796 1763 1914 1803 me-

254 1837 445 1894 ritum
484 1841 549 1892 Β.
584 1837 790 1894 Leonis
840 1835 1098 1893 ofﬁcium
1147 1836 1546 1892 membrorum
1597 1835 1830 1909 recepit,
1859 1840 1967 1909 eti

255 1941 406 1982 sana
436 1924 703 1981 recessit.

320 2014 415 2069 19.
452 2012 729 2070 Proxima
756 2012 848 2069 die
876 2017 1007 2084 post
1036 2012 1453 2068 Ascensionem
1503 2010 1756 2080 Domini,
1789 2011 1916 2068 duae

253 2102 535 2159 mulieres
567 2119 698 2174 quae
729 2119 764 2156 a
791 2101 1001 2174 spiritu
1052 2101 1358 2156 immundo
1403 2101 1783 2168 vexabantur,
1816 2117 1919 2173 per

245 2181 445 2270 saneti
513 2189 622 2246 viri
684 2190 958 2246 meritum
1023 2189 1257 2246 sanitati
1321 2187 1578 2261 pristinae
1638 2187 1918 2244 restitutae.

253 2285 414 2339 sunt.
447 2280 863 2336 Investituram
895 2277 1180 2344 Culcitrze,
1213 2277 1367 2349 quod
1413 2282 1502 2333 est
1551 2293 1834 2349 magnum
1864 2279 1921 2331 et

253 2369 596 2426 inauditum
647 2367 1020 2436 miraculum,
1072 2367 1340 2439 quaedam
1399 2366 1610 2422 mulier
1658 2363 1917 2420 Amantii

251 2458 504 2515 Diaconi
551 2457 777 2512 famula
823 2456 1016 2512 lavare
1061 2455 1184 2524 ivit,
1217 2471 1344 2527 quae
1394 2453 1625 2527 proprie
1673 2456 1798 2510 erat
1851 2453 1921 2509 de

252 2547 407 2604 lecto
437 2545 769 2603 beatissimi
799 2545 1007 2601 Leonis
1036 2545 1224 2618 Papae.
1258 2545 1336 2600 Ex
1366 2560 1485 2615 qua
1533 2543 1674 2598 dum
1705 2559 1920 2617 aquam

254 2639 656 2709 extorqueret,
690 2635 842 2688 inter
879 2651 1047 2690 crura
1099 2651 1208 2689 sua
1253 2633 1461 2700 tenuit,
1497 2635 1552 2687 et
1598 2631 1680 2688 ita
1727 2633 1922 2688 media

249 2730 428 2798 parte
478 2725 570 2782 sui
621 2723 878 2796 corporis
909 2724 1236 2796 stupefacta
1266 2721 1396 2792 fuit,
1427 2709 1493 2777 ac
1524 2721 1572 2777 si
1606 2720 1921 2794 paralysim

254 2815 644 2872 baberet.Sed
668 2815 738 2868 ad
766 2814 919 2868 istud
945 2813 1165 2870 malum
1196 2799 1534 2885 supervenit
1560 2810 1718 2867 aliud
1745 2829 1757 2866 :
1783 2827 1920 2865 nam

257 2903 562 2960 ulceribus
616 2902 788 2974 plena
814 2902 938 2958 visa
967 2905 1056 2958 est
1083 2903 1141 2957 in
1174 2901 1377 2957 eadem
1411 2903 1572 2973 parte
1619 2899 1880 2972 corporis
1907 2917 1919 2967 ;

256 2999 312 3050 et
341 2994 470 3050 haec
501 2992 660 3047 venit
689 2993 762 3048 ad
789 2991 1086 3048 tumulum
1121 2991 1182 3047 Β.
1219 2989 1454 3057 Leonis,
1479 2993 1535 3045 et
1564 3005 1708 3044 sana
1741 3005 1923 3045 reces-

261 3084 356 3140 sit.

333 3175 430 3228 20.
463 3171 737 3236 Quaedam
770 3169 982 3242 puella,
1015 3170 1237 3242 Rogata
1266 3167 1524 3234 nomine,
1553 3165 1674 3221 ﬁlia
1704 3165 1920 3232 Marias,
1967 3179 1976 3230 ;

2024 594 2240 650 Rosata
2265 591 2400 665 (84),
2427 592 2498 649 ad
2531 593 2826 651 tumulum
2857 593 3018 652 Beati
3049 597 3349 655 Pontificis
3369 600 3452 657 ita
3467 607 3672 661 mutus

2023 681 2364 754 aegritudine
2392 681 2644 748 advenit,
2678 683 2834 754 quod
2866 700 3036 741 nemo
3065 685 3361 758 loquelam
3409 690 3538 760 ejus
3585 691 3673 748 in-

1995 769 2283 844 .telligere
2313 769 2529 826 valeret
2559 787 2572 826 :
2607 771 2730 840 sed,
2765 771 2866 828 Dei
2897 773 3123 830 favente
3152 776 3674 849 gratia,per'meri-

2024 863 2153 916 tum
2201 859 2263 916 B.
2309 859 2515 915 Leonis
2561 863 2780 915 rectam
2829 860 3123 934 loquelam
3156 865 3394 938 recepit.
3424 868 3670 934 Quidam

2026 965 2189 1020 puer,
2223 947 2322 1020 qui
2353 947 2463 1002 fuit
2492 948 2563 1003 de
2591 948 2818 1004 Verona
2847 954 3096 1022 utroque
3125 956 3269 1025 pede
3316 960 3674 1026 contractus,

2027 1037 2124 1092 Dei
2147 1037 2461 1092 comitante
2491 1037 2682 1110 gratia
2712 1054 2815 1109 per
2843 1040 3119 1096 meritum
3150 1043 3304 1098 beati
3334 1044 3442 1100 viri
3472 1046 3552 1102 ibi
3581 1064 3676 1104 sa-

2027 1130 2224 1192 natus,
2255 1142 2389 1182 cum
2423 1127 2766 1198 parentibus
2796 1129 2988 1184 rediit.
3022 1131 3298 1196 Quaedam
3347 1133 3560 1190 mulier
3604 1137 3677 1192 de

2023 1215 2479 1287 Aquapendente
2510 1233 2544 1270 a
2575 1216 2860 1272 daemonio
2891 1224 3088 1290 erepta
3125 1223 3233 1287 est,
3265 1226 3432 1279 nocte
3469 1225 3674 1281 eadem

2027 1321 2154 1377 quis
2205 1303 2421 1360 dicitur
2468 1303 2540 1359 de
2588 1303 2814 1360 Pascha
2845 1305 3078 1362 Rosata.
3113 1309 3361 1372 Quidam
3392 1327 3535 1382 puer
3562 1317 3674 1368 Pe-

2025 1393 2336 1450 trunculus
2386 1393 2642 1460 nomine,
2678 1395 2750 1449 de
2799 1395 2971 1463 Sena,
3025 1412 3158 1452 cum
3215 1401 3553 1469 parentibus
3603 1403 3674 1458 ad

2025 1482 2324 1539 tumulum
2379 1481 2538 1538 venit
2579 1499 2592 1537 :
2634 1481 2728 1538 hic
2776 1482 2932 1539 enim
2982 1485 3229 1556 pedibus
3288 1489 3678 1561 manibusque

2026 1575 2362 1628 contractus
2391 1573 2721 1636 erat.Quem
2753 1588 2858 1645 ego
2889 1573 3032 1630 dum
3075 1580 3282 1648 rogatu
3329 1577 3676 1636 Senensium

2026 1661 2126 1733 qui
2160 1677 2262 1733 pro
2293 1659 2491 1716 anima
2520 1677 2628 1716 sua
2657 1661 2769 1732 (85)
2799 1678 2933 1717 eum
2967 1663 3348 1734 adduxerant,
3381 1667 3453 1722 ad
3485 1673 3679 1726 tumu-

2023 1749 2148 1806 lum
2180 1749 2339 1804 Beati
2365 1748 2661 1804 Pontificis
2687 1750 3000 1806 erexissem
3019 1769 3033 1819 ;
3051 1758 3284 1824 repente
3311 1771 3404 1811 me
3424 1757 3678 1828 vidente,

2025 1853 2220 1895 coram
2254 1837 2414 1892 omni
2439 1837 2676 1910 populo,
2707 1837 2964 1894 ofﬁcium
2999 1842 3397 1898 membrorum
3437 1846 3674 1918 recepit.

2028 1919 2278 1991 Quidam
2309 1925 2613 1998 Presbyter
2637 1927 2855 1995 Franco
2878 1927 3139 1995 nomine,
3169 1929 3241 1984 de
3269 1931 3415 1987 Cora
3437 1931 3549 2003 (86)
3573 1949 3680 2006 op-

2028 2013 2451 2089 pido,quinque
2469 2013 2640 2069 annis
2661 2018 2899 2070 vexatus
2921 2015 3122 2081 fuit,ut
3142 2033 3276 2073 cum
3295 2016 3352 2072 in
3370 2017 3464 2075 die
3479 2020 3678 2078 Domi-

2028 2104 2160 2161 nica
2173 2120 2298 2176 qua:
2319 2103 2432 2158 dici
2443 2105 2535 2157 tur
2547 2102 2770 2158 Pascha
2783 2103 2996 2158 Rosata
3009 2104 3082 2160 ad
3105 2104 3399 2162 tumulum
3411 2108 3678 2179 ejusdem

2028 2192 2395 2250 Sanctissimi
2415 2191 2519 2247 viri
2543 2192 2834 2247 adductus
2857 2192 3086 2264 fuisset,
3101 2193 3298 2250 statim
3323 2196 3678 2256 daemonium

2028 2299 2134 2355 per
2161 2281 2513 2354 sanguinem
2544 2280 3044 2351 evomuit,cadens
3067 2283 3126 2338 in
3149 2287 3365 2340 terram
3385 2291 3676 2350 mortuus.

2029 2371 2100 2426 Et
2129 2386 2262 2425 cum
2295 2368 2490 2425 omnis
2519 2366 2774 2441 populus
2805 2385 2939 2426 eum
2970 2375 3272 2442 asportare
3317 2373 3513 2442 vellet,
3543 2376 3684 2448 quia

2030 2458 2359 2516 exanimem
2388 2457 2686 2525 videbant,
2721 2457 2918 2514 divi-na
2951 2458 3172 2517 favente
3200 2462 3409 2533 gratia,
3435 2479 3538 2536 per
3566 2481 3683 2522 me-

2031 2549 2212 2605 ritum
2247 2549 2310 2604 B.
2344 2547 2552 2604 Leonis
2601 2547 2672 2602 ad
2717 2545 2899 2603 vitam
2931 2564 3113 2605 sanus
3161 2551 3355 2623 rediit,
3385 2553 3546 2609 omni
3580 2571 3680 2626 po-

2031 2637 2169 2710 pulo
2217 2636 2318 2710 qui
2370 2637 2573 2694 aderat
2617 2636 2866 2692 Domino
2915 2641 2971 2692 et
3026 2638 3236 2695 Sancto
3279 2640 3498 2712 gratias
3537 2642 3684 2698 refe-

2031 2731 2214 2783 rente.

2101 2819 2191 2872 22.
2227 2815 2473 2883 Quidam
2505 2814 2850 2870 Benedictus
2883 2813 3331 2884 nomine,ﬁliam
3360 2832 3555 2883 suam,
3579 2834 3681 2874 no-

2033 2905 2192 2962 mine
2238 2904 2480 2972 Bonam,
2517 2920 2696 2959 causa
2740 2902 3080 2975 recipiendae
3130 2903 3422 2973 sanitatis,
3469 2907 3542 2964 ad
3591 2911 3682 2963 tu-

2033 2993 2262 3050 mulum
2293 2993 2443 3049 beati
2476 2992 2772 3048 Pontiﬁcis
2801 2991 3018 3058 attulit,
3051 3009 3178 3064 quae
3224 2997 3349 3050 erat
3395 2995 3684 3054 ambabus

2033 3083 2310 3138 manibus
2340 3084 2636 3136 contracta
2666 3097 2678 3134 :
2715 3081 2838 3146 sed,
2870 3080 3068 3136 divina
3099 3082 3322 3139 favente
3351 3085 3560 3156 gratia,
3585 3103 3688 3158 per

2037 3171 2311 3227 meritum
2355 3169 2512 3224 Beati
2564 3169 2864 3224 Pontiﬁcis
2902 3169 3118 3241 recepit
3147 3170 3420 3229 sanitatis
3446 3175 3681 3245 gaudia.

265 3261 423 3316 feria
449 3260 694 3331 septima
725 3275 924 3314 mense
971 3258 1121 3312 Maio
1170 3257 1443 3323 intrante,
1477 3256 1679 3310 eodem
1723 3270 1924 3308 mense
1954 3243 1996 3309 C
2038 3259 2171 3316 Fuit
2191 3259 2248 3312 in
2272 3256 2854 3328 Marsicana(87)villa
2873 3259 2944 3314 de
2966 3243 3688 3332 Monte,quaadamvmulier

272 3348 376 3404 die
407 3355 606 3418 quarto
634 3349 874 3417 decimo,
908 3347 978 3403 ad
1017 3345 1344 3408 venerabile
1391 3345 1518 3416 ejus
1564 3342 1922 3415 sepulcrum,

271 3435 588 3493 sinistrum
618 3436 915 3492 brachium
949 3438 1313 3491 contractum
1338 3431 1744 3500 ferens,vcnit;
1769 3431 1925 3501 ejus-

268 3542 390 3598 que
420 3529 622 3581 sancta
650 3524 1065 3597 suffragatione
1095 3522 1364 3578 sanitatis
1394 3520 1742 3576 beneﬁcium
1791 3537 1926 3576 con-

259 3617 472 3672 secuta
499 3619 671 3680 est,et
700 3614 818 3669 haec
848 3617 970 3670 erat
999 3613 1072 3667 de
1101 3613 1302 3667 Castro
1336 3611 1490 3682 quod
1523 3613 1764 3664 vocatur
1801 3613 1926 3663 Sta-

258 3704 359 3760 bla
399 3705 541 3776 (83).
576 3703 820 3770 Quidam
847 3702 917 3757 de
946 3700 1179 3756 civitate
1211 3699 1561 3765 Florentina,
1584 3714 1717 3754 cum
1744 3697 1927 3754 servis

237 3795 410 3865 (suis,
443 3793 519 3849 ad
554 3791 850 3848 tumulum
881 3791 1147 3861 ejusdem
1183 3786 1507 3844 beatissimi
1541 3787 1752 3843 Leonis
1769 3787 1928 3843 venit

252 3899 484 3950 cacus;
517 3885 575 3936 et
598 3880 789 3953 gratia
817 3879 1016 3936 divina
1045 3878 1362 3934 comitante
1396 3875 1596 3932 lumen
1629 3877 1930 3949 recepit,et

250 3989 371 4044 prae
398 3969 624 4043 gaudio
647 3984 860 4040 magno
889 3968 1042 4038 quod
1076 3967 1212 4022 inde
1238 3964 1707 4031 habuit,eosdem
1731 3981 1925 4020 servos

249 4059 533 4116 libertate
582 4057 838 4112 donavit.
889 4056 1136 4120 Quidam
1195 4059 1518 4121 Romanus,
1576 4052 1924 4109 Adelbertus

252 4149 526 4212 nomine,
553 4147 695 4202 dum
728 4145 878 4200 ferro
911 4145 1191 4201 recideret
1223 4143 1453 4198 vineam
1485 4141 1927 4213 suam,contigit

250 4237 418 4310 quod
470 4235 546 4291 de
595 4235 810 4290 domno
863 4232 1197 4306 Apostolico
1252 4232 1441 4287 Leone
1489 4229 1738 4302 turpiter
1765 4229 1924 4301 loqui

253 4343 373 4400 non
405 4323 734 4382 exhorruit.
763 4323 870 4379 Sed
905 4323 1062 4378 istud
1096 4321 1324 4377 facinus
1354 4320 1578 4390 absque
1607 4318 1779 4390 culpa
1808 4335 1922 4372 non

251 4412 635 4487 evasitzquia
663 4411 960 4484 malignus
990 4410 1235 4483 spiritus
1255 4425 1469 4481 corpus
1498 4407 1660 4463 illius
1691 4410 1925 4480 repente

252 4503 564 4578 invasit,et
591 4501 843 4575 graviter
862 4515 1069 4556 vexare
1095 4497 1286 4570 erepit.
1321 4497 1438 4552 Hoc
1469 4501 1662 4552 autem
1697 4495 1924 4552 vivente

2036 3348 2107 3403 de
2145 3347 2382 3403 Civitate
2411 3346 2744 3419 Spoletana,
2777 3346 2877 3402 diu
2913 3363 3063 3403 caeca
3097 3363 3109 3402 :
3143 3365 3270 3420 quae
3301 3349 3443 3405 dum
3473 3351 3684 3407 oratio-

2036 3437 2128 3493 nis
2157 3437 2342 3509 gralia
2369 3437 2522 3492 beati
2551 3436 2658 3491 viri
2681 3435 3016 3508 sepulcrum
3053 3438 3398 3510 requireret,
3431 3438 3492 3496 in
3527 3439 3689 3498 Sabi-

2037 3524 2203 3582 nensi
2250 3525 2622 3598 EpiscOpatu,
2657 3529 2973 3597 antequam
3009 3526 3080 3581 ad
3112 3525 3305 3582 locum
3346 3528 3448 3584 ubi
3474 3545 3688 3602 corpus

2035 3615 2164 3684 ejus
2196 3613 2508 3686 requiescit
2537 3614 2995 3686 perveniret,per
3025 3615 3302 3671 meritum
3333 3617 3517 3673 sancti
3541 3617 3687 3674 Pon-

2035 3702 2211 3759 tiﬁcis
2240 3702 2439 3758 lumen
2470 3703 2777 3773 recepit,ac
2806 3702 2917 3760 iter
2945 3704 3099 3775 quod
3131 3709 3384 3775 cmperat
3423 3707 3688 3776 gaudens

2037 3791 2534 3865 peregit.Quidam
2558 3807 2705 3862 puer
2729 3792 2799 3846 de
2822 3791 3094 3863 praedicta
3133 3791 3384 3856 civitate,
3425 3791 3688 3864 quinque

2033 3898 2222 3937 annos
2253 3879 2496 3944 habens,
2529 3883 2704 3950 atque
2735 3895 2770 3932 a
2798 3878 3096 3933 nativitate
3136 3894 3342 3950 gressu
3371 3882 3429 3934 et
3457 3878 3687 3951 loquela

2033 3986 2259 4034 carens,
2293 3970 2602 4040 parentum
2634 3965 2847 4021 auxilio
2879 3965 2950 4020 ad
2983 3965 3317 4038 sepulcrum
3347 3967 3545 4024 Sancti
3574 3969 3688 4024 du-

2033 4063 2302 4130 ctus,per
2335 4055 2608 4110 meritum
2637 4055 2765 4125 ejus
2795 4070 3064 4126 gressum
3095 4059 3153 4110 et
3180 4054 3474 4127 loquelam
3507 4056 3686 4114 simul

2033 4145 2267 4217 recepit.
2300 4145 2445 4201 Item
2489 4142 2641 4199 alius
2692 4143 2960 4215 ejusdem
2998 4144 3295 4211 territorii,
3328 4151 3550 4218 septem
3582 4164 3683 4208 an-

2034 4251 2268 4301 norum,
2302 4250 2404 4306 per
2433 4237 2553 4289 tres
2583 4249 2771 4289 annos
2809 4249 3012 4306 gressu
3065 4234 3280 4306 pedum
3323 4235 3512 4292 caruit
3543 4253 3556 4292 :
3585 4237 3688 4294 sed

2034 4322 2176 4378 dum
2207 4323 2279 4377 ad
2314 4321 2650 4394 sepulcrum
2683 4321 2982 4378 Antistitis
3010 4322 3329 4391 accederet,
3364 4341 3467 4396 per
3513 4326 3686 4380 meri-

2032 4415 2161 4467 tum
2187 4411 2316 4481 ejus
2345 4409 2540 4466 subito
2571 4414 2800 4466 erectus
2829 4414 2935 4467 est.
2958 4409 3206 4478 Quidam
3237 4413 3350 4482 (88)
3384 4427 3546 4484 puer,
3582 4419 3687 4469 Leo

2033 4499 2367 4566 nomine,de
2397 4503 2592 4554 monte
2623 4498 2854 4566 Casino,
2881 4498 2939 4553 in
2964 4498 3168 4555 eadem
3200 4499 3504 4555 Dominica
3521 4498 3686 4555 clau-

231 4591 355 4665 illo
387 4595 596 4647 actum
621 4594 730 4645 est.
763 4589 875 4678 sed
907 4588 1104 4644 divina
1135 4587 1360 4678 favente
1387 4585 1598 4678 gratia,
1631 4601 1766 4640 cum
1790 4583 1998 4678 post‘b
2032 4589 2144 4645 dus
2173 4588 2254 4644 ita
2283 4587 2515 4678 advenit
2543 4587 2699 4659 quod
2754 4585 2914 4642 nullo
2962 4586 3135 4641 modo
3184 4586 3408 4658 absque
3456 4587 3688 4643 duobus

253 4681 492 4740 obitum
522 4678 684 4734 illius
711 4677 934 4734 veniret
962 4677 1034 4733 ad
1066 4674 1400 4749 sepulcrum
1429 4675 1579 4745 ejus,
1612 4690 1716 4746 per
1745 4674 1918 4729 meri-

255 4774 391 4826 tum
423 4769 618 4842 ipsius
645 4772 890 4825 sanatus
921 4771 1032 4824 est.
1192 4839 1194 4842 ν

326 4861 422 4916 21.
459 4858 708 4924 Quidam
734 4856 1109 4913 Grimoaldus
1131 4853 1468 4920 nomine,de
1497 4853 1556 4908 S.
1592 4851 1924 4922 Benedicto,

331 5017 453 5090 (82)
480 5017 652 5098 _F_orte
681 5019 908 5098 Larina,
950 5032 1087 5098 quae
1112 5019 1208 5098 est
1247 5014 1452 5098 civitas
1472 5013 1836 5098 gapitanatze
1867 5012 1926 5098 in

259 5084 448 5162 regno
480 5084 1062 5162 Neapolitano,alias
1109 5087 1170 5142 in
1220 5087 1422 5143 eadem
1469 5084 1812 5157 Capitanata
1840 5090 1929 5139 est

263 5159 435 5219 Terre
465 5159 621 5215 della’
640 5161 824 5215 Lama.

333 5233 453 5304 (83)
477 5231 637 5287 Istud
665 5230 1023 5304 credo,quod
1059 5230 1238 5304 Ceste!
1267 5246 1300 5283 α
1330 5243 1481 5304 mare
1511 5225 1570 5282 di
1601 5226 1789 5304 Stabis
1812 5226 1932 5280 vul-

301 5299 351 5360 θ’
371 5299 611 5368 dicitur,
646 5299 903 5358 ditionis
933 5301 1247 5357 Pontiﬁcis:
1299 5299 1579 5373 oppidum
1611 5299 1680 5354 ad
1733 5299 1929 5354 sinum

315 5374 748 5449 eapolitanum.

339 5439 462 5519 (8.5)
492 5443 955 5519 lta‘Pentccosten
986 5443 1294 5519 nominant
1325 5439 1489 5519 I_tal_i_:
1516 5441 1773 5519 nominis
1795 5457 1930 5495 cau-

261 5512 400 5575 sam
440 5512 720 5572 treddunt
776 5520 1042 5570 auctores
1095 5513 1466 5570 Vocabularii
1499 5512 1654 5569 della
1692 5514 1929 5583 Crusca,

260 5590 548 5664 quodeo
562 5589 683 5664 fere
711 5590 970 5664 tempore
1001 5585 1162 5664 Bosze
1187 5586 1452 5642 ﬂoreant.

341 5662 459 5732 (85)
489 5657 682 5716 Clavis
708 5655 880 5727 infra,
912 5676 973 5714 Il.
1005 5659 1095 5726 36,
1129 5659 1235 5715 Pro
1263 5655 1508 5716 mercede
1547 5657 1758 5714 anim
1792 5670 1930 5713 suae.

2030 4676 2468 4735 sustentatoriis
2513 4675 2737 4732 baculis
2789 4674 3054 4730 incedere
3082 4673 3311 4730 valebat
3367 4691 3380 4729 :
3435 4675 3536 4733 sed
3588 4693 3691 4748 per

2034 4769 2309 4824 meritum
2340 4769 2400 4823 B.
2430 4766 2728 4822 Pontiﬁcis
2759 4765 2984 4837 absque
3015 4764 3275 4834 ductore,
3308 4765 3555 4838 abjectis
3579 4766 3689 4824 ba-

2034 4857 2203 4926 culis,
2263 4856 2574 4914 sanitatem
2636 4854 3036 4910 membrorum
3095 4869 3296 4910 secum
3355 4855 3690 4929 reportavit.

2130 5018 2222 5083 86)
2253 5014 2440 5090 Vulgo
2472 5014 2616 5090 Cgfi,
2649 5014 2980 5090 Campania;
3010 5015 3283 5090 Romanae
3315 5016 3618 5090 oppidum.

2132 5031 2222 5083 eo)
2262 5031 2440 5141 vulgo
2472 5031 2616 5080 non,
2649 5031 2980 5086 uampamm
3011 5031 3283 5072 uomens:
3315 5031 3618 5090 oppidum.

2132 5089 2221 5156 87)
2255 5091 2378 5158 Dup
2407 5103 2475 5141 ex
2505 5087 2796 5158 Marsicum
2847 5086 3019 5142 hodie
3050 5088 3393 5143 nominatur
3424 5087 3491 5158 in
3513 5087 3693 5142 conﬁ-

2040 5156 2154 5212 niis
2183 5156 2468 5230 citerioris
2498 5165 2672 5229 atque
2695 5156 2988 5214 ulterioris
3010 5161 3400 5230 Principatus,
3423 5157 3689 5230 aliudve-

2039 5234 2157 5297 tus,
2191 5228 2348 5284 aliud
2383 5224 2628 5302 novum:
2662 5235 2827 5302 vetus
2856 5229 2950 5302 hic
2983 5224 3277 5302 designari
3318 5224 3687 5302 crediderim,

2042 5295 2176 5373 cum
2209 5317 2422 5354 novum
2454 5299 2697 5373 a_Regni
2728 5295 3570 5373 Neapolitani'Cborographis
3618 5297 3689 5352 ad

2043 5371 2286 5427 ﬂuvium
2319 5371 2731 5426 constituatur.

2113 5444 2226 5513 (88)
2255 5443 2316 5498 In
2347 5442 2435 5498 Ms
2476 5443 2796 5512 Hubertino
2829 5440 3051 5512 quidam
3077 5452 3290 5513 pauper
3317 5454 3336 5513 .'
3370 5436 3567 5510 ipsum
3598 5456 3694 5513 au-

2042 5509 2158 5569 tem
2192 5509 2294 5572 Ms.
2332 5513 2425 5570 hic
2455 5509 2716 5571 desinit:
2753 5509 2931 5585 quare
2960 5512 3166 5564 caetera
3195 5509 3414 5565 dantur
3451 5527 3521 5567 ex
3569 5511 3692 5567 solo

2042 5585 2392 5644 Strozziano.

2085 5585 2392 5644 trozziano.
