4102 6174
261 305 375 372 5H
421 323 426 327 ‘

851 303 1186 369 PROLEG.
1218 336 1296 363 υ-
1326 303 1700 368 HISTORIA
1742 301 2039 368 MORTIS
2083 303 2184 364 E'I‘
2228 300 2496 364 MIRAC.
2544 303 2609 364 S.
2657 301 2937 366 LEONIS
2983 302 3090 366 IX.

3549 308 3670 372 542
3709 329 3717 371 ῖ

262 440 480 516 crymis
509 439 613 498 illa
641 438 890 510 dicente,
923 443 977 495 et
1008 439 1232 496 ceteris
1254 439 1612 511 quiaderant
1631 455 1750 494 una
1770 453 1907 493 cum
1937 440 1994 508 Α
2021 435 2251 509 pliciter
2275 437 2428 508 quod
2462 435 2628 508 prius
2658 436 2980 492 abstulerat
3006 435 3090 492 ei:
3124 437 3416 510 etZomnes
3435 441 3536 514 qui
3559 442 3669 499 hoc
3711 494 3719 504 .

259 532 383 589 viro
413 530 517 587 illo
547 529 815 603 simplice
845 546 948 602 pro
995 545 1062 585 ea
1108 529 1436 598 orantibus,
1477 527 1663 594 affuit,
1714 525 1912 583 divina
2018 527 2289 582 viderunt
2319 530 2376 582 et
2405 526 2722 581 audierunt
2775 526 3201 583 benedixerunt
3253 529 3437 586 Deum
3496 536 3556 588 et
3605 534 3664 590 S.

259 620 576 678 clementia
602 622 660 676 et
687 618 995 675 mulierem
1027 617 1190 674 illam
1212 635 1245 674 a
1270 620 1430 691 peste
1449 616 1746 684 liberavit;
1780 633 1912 687 qua:

255 709 573 768 sanitatem
585 709 659 765 ad
669 707 910 781 plenum
935 706 1242 779 recipiens,
1267 707 1426 763 dedit
1442 705 1526 761 illi
1547 704 1774 761 homini
1808 703 1913 759 tri-

2025 617 2275 672 Leonem
2311 615 2602 670 famulum
2635 615 2787 686 ejus.

960 898 1594 1014 MIRACULA
1667 896 2344 1012 BENEVENTI
2430 897 2978 1014 PATllATA

252 1111 474 1182 Partim
497 1124 568 1166 ea:
587 1109 682 1165 Ms.
715 1111 1089 1165 Beneventano
1120 1124 1154 1163 α
1181 1106 1525 1163 Ferdz‘nando
1559 1106 1782 1175 Ughello
1814 1107 1874 1160 in
1899 1105 2160 1230 episquis
2193 1106 2585 1159 Beneventanis
2611 1107 2778 1174 edita,
2831 1112 3039 1178 partim
3069 1129 3142 1166 ea:
3196 1114 3289 1168 Ms.
3351 1114 3674 1173 Strozziano

1860 1191 2020 1230 accev
2086 1216 2098 1229 .

1860 1191 2098 1247 accepta.

1298 1365 2034 1452 PIUEMONI’I‘IO
2095 1365 2658 1451 UGHELLI.

329 1547 425 1624 27.
448 1544 576 1624 Non
592 1542 1747 1624 preterendumquod,y_alderico.991')
1770 1543 1917 1597 Prae-

267 1616 424 1682 sule,
463 1616 537 1671 ad
564 1614 774 1670 cielum
796 1614 1045 1670 evolavit
1063 1614 1184 1670 Leo
1213 1615 1282 1670 IX
1302 1614 1565 1671 Pontifex
1586 1614 1878 1669 Maximus
1900 1633 1912 1669 :

273 1687 370 1744 cui
401 1691 539 1759 post
566 1687 811 1755 obitum,
843 1703 974 1759 cum
1009 1686 1212 1742 multis
1238 1686 1551 1759 claruisset
1592 1684 1915 1759 miraculis,

269 1757 714 1816 Beneventanus
734 1757 987 1830 populus
1019 1759 1391 1814 sanctissimo
1422 1757 1567 1822 viro,
1599 1761 1658 1812 et
1686 1758 1768 1830 de
1788 1758 1918 1830 ejus

266 1831 504 1887 civitate
525 1831 633 1900 (9‘2)
662 1827 1055 1896 bene—merito,
1081 1831 1209 1900 ejus
1232 1830 1468 1884 nomine
1489 1829 1644 1883 intra
1666 1827 1919 1883 civitatis

265 1901 488 1958 mcenia
517 1899 822 1956 ecclesiam
861 1899 1244 1972 aedificarunt,
1275 1905 1330 1955 ct
1360 1900 1624 1972 quolibet
1643 1915 1794 1954 anno
1830 1915 1920 1972 so-

267 1973 454 2030 lemni
474 1973 594 2028 ritu
626 1989 693 2028 ac
731 1973 884 2028 fastu
916 1988 1042 2044 eam
1076 1971 1327 2044 incolere
1358 1971 1682 2044 eruperunt:
1747 1971 1916 2041 cujus

265 2049 323 2101 et
349 2061 539 2101 causa
567 2044 833 2114 ejusdem
861 2042 1147 2099 miracula
1169 2043 1392 2114 aliquot
1412 2042 1483 2114 in
1517 2045 1918 2098 Beneventana

263 2117 504 2190 regione
534 2113 764 2172 meritis
792 2115 953 2171 illius
983 2120 1211 2187 patrata
1248 2113 1457 2171 litteris
1479 2114 1810 2186 consignari
1834 2114 1917 2168 fe-

2029 1545 2253 1616 cerunt.
2287 1543 2589 1616 Qutecum
2620 1543 2679 1596 in
2739 1545 3154 1616 antiquissimo
3212 1552 3411 1607 codice
3467 1553 3675 1610 litteris

2029 1613 2483 1685 Longobardicis
2515 1620 2749 1669 exarata
2777 1614 2835 1670 in
2870 1613 3224 1675 bibliotheca
3271 1623 3676 1683 Beneventan‘a

2029 1685 2350 1770 invenisset
2378 1690 2576 1766 noster
2605 1685 2973 1770 gmlestin‘us,
3029 1690 3279 1770 fideliter
3307 1698 3674 1770 conscripsit,

2033 1755 2297 1835 mibique
2329 1755 2658 1835 transmisit
2683 1774 2709 1835 ε·
2729 1761 2793 1835 ut
2824 1758 2892 1811 ad
2919 1761 3249 1835 augendam
3274 1755 3556 1835 pietatem
3573 1755 3684 1824 hoc

2032 1827 2092 1881 in
2123 1825 2247 1881 loco
2278 1825 2592 1881 lectoribus
2625 1825 3053 1884 exhiberemus.
3090 1834 3252 1896 Quod
3274 1825 3549 1892 .libenter
3599 1842 3686 1894 fe-

2032 1898 2386 1977 cimus,cum
2418 1897 2477 1951 in
2510 1897 2582 1977 iis
2614 1897 2820 1977 aliqua
2842 1900 3410 1977 contineanturﬂuae
3433 1909 3504 1962 ab
3527 1909 3681 1977 aliis,

2031 1969 2136 2041 qui
2169 1968 2363 2041 Vitam
2394 1968 2755 2041 sanctissimi
2789 1970 3088 2026 Pontiﬁcis
3121 1968 3332 2031 litteris
3363 1968 3684 2036 demands;

2033 2039 2172 2117 runt
2203 2039 2426 2117 omissa
2457 2039 2693 2096 fuerint.
2729 2046 2946 2097 Auctor
2975 2059 3302 2117 anonymus
3334 2053 3425 2104 est
3453 2053 3510 2106 et
3541 2052 3682 2108 Leo-

2033 2112 2124 2167 nis
2149 2111 2540 2183 synchronus.

1237 2298 1779 2394 HISTORIA
1839 2298 2750 2389 MIRACULORUM.

340 2501 432 2555 28.
460 2500 658 2572 Longe
674 2497 970 2571 divulgata
991 2497 1147 2553 fama
1164 2497 1580 2552 miraculorum
1599 2495 1922 2552 beatissimi
1953 2502 2000 2566 B
2033 2495 2167 2552 tulit
2199 2495 2385 2550 ﬁlium
2417 2496 2543 2566 ejus
2574 2497 2984 2568 puerulum,et
3014 2501 3213 2574 fugam
3233 2503 3498 2577 arripuit.
3522 2508 3684 2572 Quod

269 2588 510 2656 Leonis,
544 2587 855 2643 Beneventi
886 2591 1071 2659 ccepta
1101 2590 1191 2642 est
1220 2585 1492 2641 aediﬁcari
1529 2585 1601 2640 ad
1635 2587 1764 2656 ejus
1822 2585 1926 2640 ho-

272 2693 483 2734 norem
514 2676 793 2732 ecclesia:
827 2679 910 2744 ut,
945 2692 1120 2748 quem
1138 2674 1521 2732 Beneventani
1552 2674 1705 2730 cives
1730 2674 1927 2729 vivum

274 2765 699 2823 aNormannis
731 2781 960 2820 carcere
1015 2765 1320 2819 detentum
1378 2766 1747 2836 aspexerant,
1800 2763 1928 2833 jam

280 2859 590 2912 mortuum
622 2858 678 2910 et
708 2853 916 2926 spatiis
945 2852 1274 2908 ccelestibus
1304 2853 1700 2923 perfruentem
1757 2869 1927 2908 vene-

275 2948 574 3001 rarentur.
607 2943 833 2998 Interea
854 2942 1187 3013 accidit(93)
1222 2945 1286 2996 ut
1304 2941 1578 2997 Nicolaus
1600 2941 1838 3013 quidam
1861 2941 1930 2995 de

277 3032 533 3091 Castello
566 3030 904 3088 Molliniana
928 3035 984 3086 et
1038 3031 1330 3086 Berardus
1361 3030 1432 3085 de
1488 3029 1611 3085 loco
1664 3032 1926 3096 Carrara,

280 3137 540 3194 quorum
592 3119 737 3176 alter
794 3119 1019 3191 perdito
1060 3118 1298 3174 brachio
1357 3119 1613 3184 dextero,
1664 3117 1931 3173 retractis

282 3210 608 3282 poplitibus
629 3213 686 3265 et
715 3209 946 3275 nervis;
1001 3206 1149 3263 alter
1184 3224 1317 3264 vero
1371 3207 1556 3280 frigus
1615 3211 1670 3262 et
1723 3207 1932 3262 febrim

289 3314 485 3370 usque
514 3299 583 3352 ad
611 3298 997 3371 dysenteriam
1027 3313 1269 3369 passus;
1303 3313 1437 3352 cum
1469 3300 1714 3368 uterque
1745 3312 1806 3351 se
1833 3296 1933 3350 de-

292 3386 450 3443 ferre
483 3385 745 3442 fecissent
767 3387 840 3442 ad
873 3387 1213 3459 praedictam
1245 3385 1574 3451 ecclesiam,
1610 3402 1734 3456 quae
1797 3401 1933 3440 con-

285 3475 636 3532 struebatur
671 3475 999 3543 Beneventi,
1019 3475 1172 3532 illico
1200 3475 1464 3531 omnium
1479 3473 1703 3546 judicio
1728 3474 1935 3545 despc-

281 3568 476 3621 ratam
511 3567 930 3636 recuperarunt
950 3563 1283 3619 sanitatem.

354 3656 446 3710 29.
475 3653 754 3710 Rusticus
767 3653 1010 3726 quidam
1023 3669 1092 3708 ex
1108 3651 1325 3728 oppido
1338 3651 1637 3707 Ordonum
1665 3650 1938 3722 (94),cum

283 3742 820 3800 annualitervotive
831 3743 1044 3798 festum
1058 3746 1122 3796 B.
1152 3741 1355 3797 Leonis
1371 3741 1674 3808 excoleret,
1699 3739 1942 3810 contigit

283 3837 352 3889 ut
382 3849 506 3904 prae
537 3832 722 3888 nimia
751 3831 1129 3904 oppressione
1154 3829 1422 3885 laborum
1481 3845 1627 3900 quos
1684 3828 1741 3882 in
1801 3843 1939 3900 agro

281 3921 554 3995 gerebat,
589 3921 680 3977 die
708 3919 1030 3987 Dominica,
1065 3918 1300 3992 quando
1330 3918 1477 3974 festa
1511 3917 1942 3972 annuntiantur

282 4009 538 4084 populo,
570 4009 814 4065 minime
843 4008 1150 4065 ecclesiam
1181 4007 1422 4063 adierat.
1446 4007 1582 4062 Erat
1602 4011 1798 4062 autem
1817 4006 1942 4062 dies

284 4100 484 4156 festus
505 4099 572 4154 S.
612 4099 818 4155 Leonis
848 4099 906 4154 in
925 4098 1134 4170 quinta
1162 4095 1306 4152 feria
1334 4095 1598 4168 sequenti
1622 4096 1754 4168 (95),
1788 4097 1943 4168 quod

281 4186 574 4260 praedicto
605 4186 822 4243 rustico
851 4190 976 4243 erat
1004 4185 1388 4258 incognitum.
1422 4184 1524 4241 Ille
1553 4185 1751 4257 itaque
1775 4185 1943 4240 valde

282 4292 472 4333 mane
503 4291 771 4349 surgens,
806 4275 1063 4348 sumpsit
1102 4291 1301 4330 secum
1360 4290 1546 4329 unum
1605 4273 1940 4346 puerulum,

282 4381 477 4438 quem
494 4363 685 4420 ﬁlium
717 4364 959 4420 unicum
980 4364 1253 4432 habebat,
1288 4366 1344 4419 et
1372 4379 1635 4418 securem
1669 4366 1948 4417 rastrum-

283 4469 411 4525 que
444 4452 784 4509 fossorium.
816 4454 946 4509 Mox
975 4456 1042 4508 ut
1071 4452 1354 4526 applicuit
1382 4469 1494 4507 suo
1525 4468 1686 4525 agro,
1722 4451 1946 4507 dimisit

280 4541 643 4616 predictum
675 4543 993 4615 puerulum
1024 4559 1198 4598 suum
1223 4543 1294 4597 ad
1327 4541 1654 4598 sarcinam:
1690 4539 1785 4595 ille
1807 4558 1940 4596 vero

279 4631 501 4688 fodere
531 4631 699 4687 anxie
728 4632 921 4704 ccepit.
956 4632 1036 4687 Ex
1064 4630 1178 4687 alia
1217 4636 1380 4704 parte
1410 4629 1585 4702 lupus
1618 4646 1715 4685 ore
1745 4635 1943 4702 aperto

349 4790 1004 4918 gmiggqfdam‘usinitio
1024 4789 1164 4847 Julii
1187 4807 1341 4847 anno
1365 4791 1505 4846 1053
1525 4790 1580 4845 in
1605 4791 1946 4916 episcopum

401 4904 416 4916 .
617 4879 647 4917 e
679 4863 834 4918 Pana
865 4866 1239 4918 consecratur
1269 4863 1421 4918 anud
1456 4863 1638 4918 Ughel
1666 4880 1764 4918 um
1792 4907 1803 4918 .
1846 4880 1946 4918 aut

276 4879 315 4917 ο,
458 4861 647 4936 Leone
679 4863 834 4936 Papa
865 4866 1239 4936 consecratur
1269 4863 1421 4936 apud
1456 4861 1764 4934 Ughellum
1792 4861 1822 4930 ;“
1846 4863 1948 4934 qui

277 4933 470 5006 addit
500 4932 788 5006 illustrem
817 4933 1040 4990 bullam
1071 4939 1212 4989 tunc
1241 4932 1658 4990 ei'concessam
1692 4951 1794 5006 pro
1818 4932 1950 4990 con-

274 5004 635 5078 ﬁrmatigne
667 5006 1054 5062 Ecclesiarum
1087 5006 1509 5078 subjectarum.

354 5076 487 5146 (92)
518 5075 654 5132 Sunt
682 5081 778 5148 qui
804 5079 1048 5133 scribant
1075 5075 1473 5132 cum'Baronz'o
1503 5078 1569 5131 ab
1628 5077 1856 5131 Henrico
1903 5079 1955 5131 II

276 5147 629 5218 Imperatore
653 5147 909 5218 P’ontiﬁci
940 5151 1104 5204 Leoni
1130 5150 1202 5205 IX
1246 5151 1486 5204 Romano
1543 5148 1788 5204 oblatum
1844 5150 1950 5202 Be-

2039 2602 2073 2639 a
2100 2584 2270 2657 longe
2300 2601 2544 2640 cernens
2575 2590 2758 2657 pater,
2793 2605 3023 2644 currere
3055 2596 3188 2662 post
3216 2590 3424 2665 lupum
3494 2597 3688 2667 cmpit,

2038 2673 2161 2729 haec
2190 2672 2534 2728 clamitans:
2569 2674 2612 2729 Ο
2645 2675 2856 2732 Sancte
2889 2677 3023 2743 Leo,
3054 2679 3305 2736 Patrone
3337 2681 3438 2750 mi,
3476 2684 3692 2754 adjuva

2047 2779 2140 2817 me
2171 2778 2330 2817 nunc
2362 2761 2419 2816 in
2452 2764 2745 2833 praesenti,
2772 2769 2829 2820 et
2860 2767 3034 2822 redde
3066 2767 3211 2823 mihi
3237 2770 3476 2826 unicum
3501 2771 3690 2827 filium

2041 2867 2259 2906 meum.
2294 2853 2428 2916 Quae
2459 2851 2551 2904 vix
2581 2850 2812 2908 locutus
2863 2854 3073 2923 fuerat,
3135 2875 3269 2912 cum
3329 2875 3460 2916 ecce
3509 2861 3690 2934 lupus

2041 2939 2266 2994 dimisit
2291 2957 2535 3010 puerum
2568 2939 2650 2994 ita
2679 2939 2954 3012 illmsum,
2990 2949 3055 2998 ut
3081 2944 3138 3000 in
3170 2947 3532 3007 vestimentis
3585 2967 3693 3006 nec

2039 3028 2355 3100 vestigium
2389 3028 2627 3101 quidem
2661 3035 2967 3100 appareret
2998 3033 3262 3091 dentium
3307 3037 3452 3108 lupi,
3512 3040 3571 3094 in
3624 3056 3696 3095 ea

2046 3120 2212 3190 parte
2245 3133 2362 3189 qua
2393 3133 2526 3172 eum
2561 3117 2736 3184 lupus
2767 3119 3112 3191 arripuerat.
3149 3123 3433 3180 Reversus
3492 3128 3693 3198 itaque

2045 3204 2302 3261 rusticus
2324 3205 2394 3260 ad
2415 3205 2846 3278 oppidum,hzec
2869 3209 3066 3264 omnia
3088 3212 3346 3267 narravit
3370 3230 3382 3268 :
3407 3215 3690 3271 sentiens-

2046 3310 2159 3366 que
2189 3311 2319 3350 eam
2349 3294 2539 3367 ipsam
2561 3294 2717 3350 diem
2749 3313 2878 3353 esse
2910 3299 3367 3357 anniversariam
3389 3302 3446 3357 in
3469 3321 3691 3360 memo-

2048 3384 2195 3440 riam
2224 3383 2286 3438 B.
2318 3385 2546 3452 Leonis,
2582 3401 2724 3440 novo
2757 3403 2820 3441 se
2877 3387 3188 3444 adstrinxit
3249 3395 3381 3445 voto
3437 3394 3509 3447 ad
3563 3410 3693 3448 eam

2049 3473 2366 3546 quotannis
2398 3473 2738 3530 solemniter
2767 3475 3453 3550 custodiendamxicque
3474 3481 3690 3538 nedum

2049 3563 2382 3628 Beneventi,
2415 3562 2513 3618 sed
2550 3578 2652 3634 pcr
2681 3567 2863 3619 totam
2893 3565 3112 3638 Apuliae
3145 3584 3335 3637 oram,
3385 3568 3692 3625 celeberri-

2050 3668 2214 3706 mum
2247 3651 2431 3706 evasit
2453 3651 2660 3707 Leonis
2694 3669 2936 3709 nomen:
2971 3654 3086 3710 Deo
3114 3655 3198 3710 sic
3230 3656 3574 3727 disponente
3634 3664 3697 3713 ut

2051 3741 2102 3796 is
2123 3740 2184 3796 in
2217 3740 2434 3796 eisdem
2467 3739 2611 3795 locis
2670 3741 2729 3795 in
2781 3743 2995 3812 quibus
3051 3743 3254 3813 paucis
3308 3747 3444 3797 ante
3500 3744 3694 3811 annis,

2053 3830 2356 3902 proﬂigato
2386 3829 2513 3899 ejus
2543 3833 2601 3884 et
2622 3829 2886 3884 Ecclesia:
2943 3829 3216 3895 exercitu,
3258 3831 3382 3902 ipse
3429 3832 3694 3903 captivus

2054 3920 2324 3975 detentus
2337 3917 2820 3989 fuerat,postmod
2833 3918 3265 3991 um,ingruente
3281 3919 3695 3977 miraculorum

2052 4007 2180 4077 ejus
2209 4006 2383 4073 fama,
2413 4005 2589 4060 iidem
2625 4007 2724 4077 qui
2775 4007 3055 4062 adversus
3107 4023 3242 4063 eum
3298 4012 3580 4065 steterant
3636 4011 3697 4066 in

2054 4094 2272 4168 praelia,
2308 4093 2604 4166 supplices
2634 4099 2691 4150 et
2719 4097 3114 4152 venerabundi
3165 4097 3294 4169 ejus
3353 4099 3698 4155 memoriam

2052 4183 2397 4251 excolerent,
2419 4186 2476 4238 et
2506 4183 2693 4255 magis
2721 4201 2785 4239 ac
2827 4185 3016 4255 magis
3047 4202 3185 4258 erga
3208 4192 3471 4244 sanctam
3504 4188 3700 4244 Eccle-

2051 4272 2199 4328 siam
2231 4271 2430 4327 fideles
2460 4288 2522 4326 se
2560 4276 2924 4342 prmstarent,
2959 4276 3031 4330 ad
3061 4275 3297 4331 laudem
3356 4282 3412 4331 et
3441 4276 3690 4348 gloriam

2053 4359 2474 4433 omnipotentis
2506 4359 2624 4428 Dei,
2656 4361 2826 4431 cujus
2865 4379 3077 4419 nomen
3110 4380 3212 4436 per
3242 4370 3455 4421 cuncta
3485 4365 3698 4421 saecula

2055 4450 2139 4506 sic
2169 4449 2564 4506 benedictum.
2600 4451 2803 4505 Amen.
2837 4451 2969 4522 (96).

2126 4539 2214 4594 30.
2249 4539 2377 4594 Haec
2412 4542 2551 4595 sunt
2585 4538 2866 4595 miracula
2907 4556 3032 4611 quae
3064 4540 3218 4596 Deus
3242 4542 3365 4597 ﬁeri
3394 4541 3578 4597 voluit
3599 4559 3703 4615 per

2055 4628 2465 4686 beatissimum
2492 4632 2738 4685 Leonem
2769 4628 3055 4685 famulum
3096 4631 3224 4701 ejus
3256 4629 3316 4684 in
3349 4635 3696 4688 Benevento.

2056 4789 2412 4859 Strozziano,
2445 4788 2680 4861 etprius
2703 4789 3009 4845 castellum
3031 4791 3244 4847 dicitur
3265 4792 3471 4861 Marce,
3491 4809 3702 4849 secun-

2058 4863 2201 4916 dum
2232 4861 2430 4916 Curre:
2465 4860 2918 4929 videnturjuxta
2938 4863 3329 4919 Beneventum
3352 4864 3706 4929 requirenda

2058 4933 2180 4987 ἱ]ωο
2204 4933 2355 4987 loca:
2391 4931 2535 5003 alias
2569 4931 2806 4986 Curram
2835 4936 2892 4986 et
2921 4934 3252 5003 Modigh‘ana
3301 4938 3372 4993 ad

2059 5005 2266 5060 ducem
2300 5002 2608 5060 pertinent.

2130 5073 2590 5148 (94)__Forsitax‘n
2625 5075 2830 5148 Ortona.
2861 5092 2986 5148 quae
3033 5077 3245 5148 duplex
3275 5082 3394 5134 est:
3421 5080 3603 5135 altera
3632 5080 3703 5135 ad

2059 5143 2400 5201 maredicta
2431 5143 2488 5198 in
2521 5146 2762 5218 Aprutio
2792 5143 3082 5215 citeriore;
3115 5143 3298 5202 altera
3326 5149 3385 5201 in
3434 5149 3703 5205 ulteriore
3730 5151 3746 5166 ⁸

3473 4940 3703 4997 etruriae

273 5224 904 5304 aleventumnut'annua
931 5223 1119 5304 pensio
1148 5220 1220 5304 a'b_
1275 5221 1541 5302 Ecclesia.
1565 5220 1951 5289 Bambergensz'
1981 5241 2028 5304 D
2060 5218 2564 5304 dictafllqrsornm.

277 5290 566 5346 Romana?
595 5292 851 5348 Ecclesia:
889 5292 1057 5363 pendi
1097 5292 1278 5363 ipsolz'ta
1308 5307 1368 5347 eo
1427 5292 1644 5363 ratione
1698 5307 1950 5361 compen-

2132 5288 2246 5358 (92)
2278 5293 2444 5342 Anno
2463 5288 2656 5344 forsan
2687 5289 2817 5344 1061
2853 5289 3043 5345 littera
3077 5286 3415 5343 Dominicali
3439 5287 3506 5354 G,
3540 5295 3595 5344 et
3619 5290 3703 5344 sic

275 5369 541 5416 δανείων.
572 5363 657 5436 Ita
691 5358 968 5436 Ughell'us
1000 5363 1059 5418 in
1092 5362 1436 5436 Praefatione
1459 5363 1529 5436 de
1552 5358 1953 5436 Ben_eve_ntapa
2064 5359 2342 5436 ultimum
2373 5358 2508 5436 hoc_
2542 5358 2889 5436 miraculum
2949 5365 3079 5431 post
3132 5359 3263 5436 alia,
3296 5375 3449 5436 mox
3495 5377 3563 5416 ex
3595 5361 3702 5416 Ms.

275 5431 786 5561 metropolégqua
813 5436 884 5490 de
917 5451 978 5490 re
1008 5440 1064 5490 et
1095 5451 1198 5490 nos
1231 5434 1459 5508 egimus
1516 5433 1612 5488 hic
1670 5432 1728 5488 in
1763 5433 1952 5489 Prole-

277 5519 468 5561 zom.
499 5521 556 5559 n.
665 5547 677 5560 .

277 5519 481 5577 sora:
499 5521 556 5577 η·

359 5575 490 5648 (93)
523 5576 791 5636 Refertur
819 5579 997 5637 etiam
1021 5578 1129 5635 hoc
1161 5577 1374 5650 duplex
1394 5576 1819 5635 miraculumin
1843 5577 1949 5632 Ms.

2061 5431 2391 5487 Strozziano
2423 5431 2806 5502 subjicienda,
2842 5436 3132 5503 patratum
3167 5431 3332 5486 foret.

2135 5503 2543 5574 (96)Hactenus
2574 5519 2642 5558 ex
2662 5503 2769 5557 Ms.
2793 5504 3193 5558 Beneventano
3222 5518 3401 5557 :nunc
3421 5519 3490 5559 ex
3514 5505 3706 5561 Stroz-

2063 5575 2230 5631 ziano
2252 5575 2530 5648 predicto.
