4102 6174
361 316 472 401 se

952 336 1378 406 PROLEG.—
1405 339 1772 407 HISTORIA
1813 340 2110 408 MORTIS
2153 341 2257 407 ET
2299 337 2568 408 MIRAC.
2615 348 2680 409 S.
2727 343 3006 412 LEONIS
3049 347 3156 412 IX.

3637 357 3759 420 546

361 473 530 551 ambo,
555 474 763 560 eodem
793 473 886 532 die
915 481 1216 550 ccsperunt
1243 477 1438 534 videre
1467 477 1553 534 sic
1584 482 1648 534 ut
1689 495 1995 550 nunquam
2028 481 2082 548 Α
2109 478 2254 535 Vere
2285 477 2417 550 pius
2447 478 2731 537 Dominus
2751 485 3011 554 petentes
3041 490 3102 538 ee
3123 499 3430 556 nunquam
3458 488 3686 561 repellit
3701 495 3761 546 et

359 558 737 619 meliusz'illa
765 568 959 620 autem
993 581 1119 638 quae
1162 581 1230 621 ex
1286 565 1581 638 Monopoli
1633 571 1781 635 erat,
1815 585 1999 623 unum

355 649 507 707 la't‘u‘s
518 655 716 730 tutum
734 652 958 709 habens
971 654 1262 727 perditum
1275 653 1570 714 .similiter
1590 660 1904 712 consecuta
1915 660 2004 712 est

355 740 664 797 sanitatem
687 752 790 814 per
811 731 1020 798 merita
1041 743 1102 798 B.
1126 737 1332 800 Leonis
1353 745 1633 816 Papae.Ad
1653 746 1810 816 quod
1837 761 2002 817 spec-

353 829 616 885 taculum
645 834 768 885 tota
798 830 1001 886 civitas
1033 831 1398 888 Beneventus
1429 832 1730 899 confluxit,
1759 833 2002 889 horum-

354 909 665 991 que't'rium
688 918 1106 975 miraculorum
1129 920 1296 976 testis
1317 917 1559 990 exstitit,
1594 921 1735 976 dum
1771 920 1829 976 in
1874 921 2001 977 lau-

353 1009 488 1063 dem
523 1007 618 1063 Dei
651 1007 898 1082 hymnos
925 1016 983 1064 et
1010 1009 1332 1082 gratiarum
1364 1009 1622 1066 actiones
1671 1009 1806 1065 altis
1856 1011 2006 1066 voci-

354 1098 468 1153 bus
500 1096 823 1170 personuit.

424 1175 517 1241 31.
543 1186 813 1250 Qniedam
837 1186 1069 1251 mulier,
1092 1186 1163 1242 de
1186 1185 1399 1242 ﬁnibus
1431 1187 1764 1255 Beneventi,
1782 1186 2004 1243 habens

355 1275 592 1330 unicam
612 1266 970 1346 ﬁliam,quae
1000 1275 1072 1330 ab
1101 1274 1350 1331 infantia
1380 1293 1661 1331 manuum
1694 1280 1751 1332 et
1789 1276 2005 1347 pedum

353 1364 548 1420 officio
561 1379 775 1438 carens
796 1363 958 1419 nullo
973 1357 1486 1430 modo,contractis
1499 1365 1776 1421 omnibus
1788 1364 2004 1432 nervis,

352 1451 441 1508 vel
464 1451 768 1508 ambulare
789 1456 1016 1526 poterat
1037 1452 1125 1508 vel
1147 1469 1296 1526 opus
1326 1453 1600 1510 manibus
1622 1453 1868 1526 operari:
1885 1452 2007 1507 haec

358 1557 493 1596 cum
525 1539 789 1596 audisset
816 1541 1035 1597 tamam
1069 1541 1489 1598 miraculorum
1521 1558 1648 1614 qua:
1681 1541 1739 1595 in
1770 1539 2010 1613 praefata

361 1629 604 1685 ecclesia
623 1627 892 1684 Christus
917 1645 1019 1701 per
1037 1623 1212 1685 suum
1231 1646 1463 1686 servum
1487 1630 1737 1685 Leonem
1763 1627 2011 1686 sanctis-

365 1717 581 1774 simum
601 1715 880 1790 dignatus
901 1724 990 1773 est
1009 1718 1260 1790 cperari,
1283 1735 1316 1773 a
1332 1733 1442 1775 sua
1463 1723 1646 1774 matre
1667 1734 1844 1791 super
1865 1716 2008 1773 asel-

2112 585 2249 624 suos
2281 568 2527 625 Sanctos
2557 570 2831 626 omnibus
2862 570 3148 644 glorificat
3180 575 3390 630 modis.
3439 577 3583 634 Nam
3624 595 3759 637 cum

2111 656 2517 728 prolongasset
2529 657 2600 712 ab
2613 657 2859 714 ecclesia
2870 659 3037 730 quasi
3054 661 3262 718 stadiis
3283 662 3760 735 quinque,matre

2111 744 2417 816 paululum
2450 751 2799 811 remorante,
2831 764 2964 802 cum
2996 748 3244 805 asellum
3275 750 3333 806 in
3375 767 3492 822 quo
3523 754 3763 811 sedebat

2112 833 2242 906 ipsa
2269 833 2439 888 vellet
2461 835 3096 906 pausare,vehiculum,
3114 839 3270 909 quod
3293 839 3598 897 brachium
3631 857 3761 898 sus-

2111 922 2374 978 tentabat
2392 938 2524 978 cum
2557 939 2734 978 manu
2767 925 2915 994 ejus,
2934 924 2992 979 in
3024 930 3236 983 terram
3258 929 3503 985 cecidit:
3531 931 3762 986 statim-

2113 1027 2226 1082 que
2253 1011 2434 1066 oblita
2464 1029 2582 1068 suae
2611 1013 2993 1075 infirmitatis.
3038 1016 3206 1086 quasi
3255 1034 3436 1073 sanus
3483 1019 3590 1083 vir,
3631 1024 3765 1092 post

2113 1098 2387 1154 baculum
2412 1101 2469 1154 in
2493 1104 2709 1156 terram
2733 1117 2796 1157 se
2815 1103 3210 1170 dedit,uteum
3230 1107 3504 1160 autferret
3521 1123 3760 1164 rursum

2113 1191 2169 1242 et
2198 1186 2474 1244 resideret
2505 1189 2774 1246 asellum.
2811 1192 2920 1245 Sed
2955 1192 3092 1246 dum
3147 1194 3320 1264 pedes
3367 1195 3494 1265 ejus
3543 1199 3761 1251 terram

2113 1274 2465 1348 tetigissent,
2489 1278 2765 1333 virtutem
2807 1279 3017 1333 Christi
3056 1281 3242 1334 sensit
3272 1298 3447 1353 super
3467 1299 3530 1339 se
3549 1284 3609 1340 in
3632 1288 3761 1340 tan-

2113 1368 2239 1419 tum
2263 1365 2546 1433 evenisse,
2573 1371 2638 1421 ut
2656 1367 2896 1422 veniens
2917 1371 3044 1436 ejus
3067 1369 3312 1439 genitrix
3336 1372 3613 1443 reperiret
3631 1389 3762 1428 eam

2113 1457 2296 1508 totam
2330 1454 2913 1526 sanissimam,juxta
2944 1457 3189 1512 asellum
3206 1459 3490 1530 expeditis
3513 1459 3764 1532 pedibus

2117 1556 2183 1596 ac
2213 1544 2334 1597 toto
2365 1558 2604 1614 corpore
2645 1547 2920 1610 stantem,
2963 1549 3020 1599 et
3066 1561 3201 1600 voce
3259 1545 3416 1602 clara
3468 1548 3765 1604 ccelestem

2117 1629 2411 1685 medicum
2443 1629 2897 1688 collaudantem.
2930 1634 3065 1696 Quae
3098 1651 3231 1690 mox
3262 1635 3333 1690 ad
3359 1634 3669 1693 ecclesiam
3704 1637 3764 1693 S.

2119 1718 2328 1773 Leonis
2349 1719 2536 1790 Papae,
2560 1737 2630 1775 ex
2666 1737 2780 1793 qua
2828 1738 3073 1792 egressae
3123 1725 3372 1791 fuerant,
3411 1729 3768 1782 revertentes

358 1799 483 1862 luin
516 1803 726 1878 posita,
761 1807 1070 1880 deportata
1089 1809 1181 1862 est
1209 1807 1314 1862 ibi.
1337 1812 1599 1879 Cumque
1628 1823 1733 1880 per
1761 1824 1859 1862 sex
1881 1807 2007 1862 dies
2039 1852 2090 1917 B
2117 1805 2310 1877 palam
2342 1807 2451 1862 sibi
2485 1807 2858 1864 obviantibus
2883 1810 3107 1864 Domini
3132 1811 3632 1868 annuntiaverunt
3649 1814 3768 1869 vir-

358 1899 749 1917 .L-...-_---__-l
781 1893 996 1917 2114-..;
1029 1893 1222 1917 2“__.'_
1273 1900 1322 1917 ,Δ
1348 1891 1638 1917 ’-Ι--..Ξμξ..
1665 1893 1894 1917 ---ΞΑ-ΑΞ
1921 1911 1976 1917 ..Α
2120 1899 2300 1917 .l__A-__.
2351 1895 2546 1917 .‘L:___-
2572 1895 2782 1917 nl...2_s:
2825 1902 2869 1917 ,ι
2903 1898 2937 1917 n
3000 1899 3016 1917 l'
3049 1916 3058 1917 κ
3081 1915 3094 1917 _
3155 1900 3165 1909 ο
3208 1899 3349 1917 --πέλε
3401 1916 3406 1917 ,
3493 1905 3504 1917 ι
3559 1901 3573 1917 ι
3677 1901 3694 1917 ι

352 1899 753 1967 perseveraret
781 1893 1001 1950 ibidem
1017 1893 1246 1966 jacens,
1269 1891 1352 1963 et,
1368 1895 1640 1969 plurimis
1661 1893 1898 1951 sanitati
1917 1911 2011 1950 re-

351 1984 606 2053 stitutis,
642 1984 772 2057 ipsa
799 1983 946 2039 nihil
978 1984 1114 2039 boni
1145 1989 1622 2058 consequeretur,
1647 1983 1792 2039 dixit
1842 1983 2012 2039 matri

353 2090 480 2128 suae
501 2092 518 2127 :
553 2072 763 2140 Mater,
786 2072 1066 2144 quoniam
1099 2077 1300 2129 nostra
1327 2077 1564 2146 peccata
1585 2073 1793 2128 merita
1815 2071 2011 2128 Sancti

307 2231 316 2236 _
345 2160 931 2240 supenngceleriter
946 2178 1151 2220 eamus
1172 2162 1338 2222 hinc:
1355 2163 1608 2236 indignae
1628 2161 1783 2218 enim
1807 2176 2015 2218 sumus

353 2251 641 2323 consequi
665 2252 976 2306 sanitatem
1001 2250 1212 2308 abillo.
1236 2254 1419 2318 Quam
1448 2253 1584 2306 mo:
1605 2250 1732 2321 ejus
1765 2248 2016 2322 genitrix

354 2339 545 2396 asello
567 2339 933 2412 imposuit,et
947 2339 1015 2395 ad
1031 2340 1324 2412 propriam
1337 2340 1580 2396 domum
1596 2338 1679 2394 ire
1694 2341 2016 2409 coeperunt.

2120 1899 2328 1960 tutem,
2351 1895 2550 1967 ibique
2571 1895 2784 1951 Christi
2817 1902 2874 1952 et
2903 1898 2961 1951 S.
2997 1899 3167 1952 Leoni
3201 1899 3422 1968 gratias
3455 1905 3513 1956 et
3559 1901 3766 1956 laudes

2123 1987 2404 2056 egerunt;
2437 1984 2765 2040 admirante
2795 1984 3010 2056 populo
3057 1989 3113 2040 et
3165 1985 3532 2043 collaudante
3577 1988 3767 2060 ipsius

2119 2071 2332 2127 Christi
2355 2073 2604 2144 gratiam
2627 2077 2682 2128 et
2699 2072 2941 2145 gloriam
2967 2079 3022 2128 et
3050 2074 3359 2132 virtutem:
3411 2076 3513 2148 qui
3560 2081 3624 2133 ut
3667 2092 3768 2134 vo-

2124 2159 2474 2228 luerit,suos
2496 2161 2713 2233 ubique
2733 2162 2814 2216 ita
2833 2162 3397 2234 gloriﬁcatSanctos,
3412 2169 3478 2221 ut
3496 2170 3554 2222 et
3576 2166 3768 2223 homi-

2126 2264 2269 2303 num
2287 2265 2518 2320 semper
2537 2247 2744 2304 laudes
2759 2251 3035 2324 consequi
3059 2256 3416 2322 mereantur,
3431 2259 3488 2310 et
3509 2268 3642 2310 cum
3666 2254 3770 2314 illo

2124 2337 2251 2392 sine
2280 2337 2395 2392 ﬁne
2423 2337 2482 2392 in
2513 2337 2654 2394 caelo
2684 2337 2837 2394 inter
2861 2338 3113 2412 Angelos
3144 2340 3485 2413 glorientur.
3521 2348 3728 2400 Amen.

1561 2505 2210 2602 MIRACULA
2288 2506 2574 2599 DUO.

1104 2688 1144 2742 A
1175 2687 1450 2744 Desiderio
1477 2685 1672 2743 abbate
1699 2685 2002 2756 Casinensi,
2032 2683 2160 2740 dein
2194 2685 2399 2740 Victore
2422 2701 2568 2757 papa
2595 2687 2696 2753 111,
2727 2686 3025 2758 descripta.

424 2833 524 2888 35.
549 2831 692 2887 Post
707 2831 934 2886 obitum
959 2829 1280 2890 beatissimi
1295 2828 1590 2886 Pontificis
1603 2828 1811 2884 Leonis
1828 2827 2016 2884 multa

363 2927 422 2978 et
453 2935 677 2992 magna
703 2919 777 2974 ad
824 2919 953 2990 ejus
994 2916 1312 2986 tumulum,
1343 2916 1594 2989 aliisque
1609 2915 1670 2972 in
1717 2914 1880 2983 locis,
1915 2931 2016 2986 per

363 3027 505 3068 eum
537 3008 783 3065 Domino
812 3008 1105 3063 tribuente
1145 3005 1403 3062 claruere
1445 3005 1747 3062 miracula.
1792 3003 1833 3058 E
1883 3001 2014 3074 qui-

359 3099 482 3155 bus
501 3097 742 3155 omissis
757 3096 1001 3162 ceteris,
1023 3095 1139 3151 duo
1157 3098 1383 3150 tantum
1405 3091 1807 3150 aedificationis
1826 3090 2017 3164 gratia

368 3189 737 3252 subnectam,
756 3184 909 3241 sicut
938 3201 972 3239 a
997 3183 1268 3240 veridicis
1294 3183 1433 3239 viris
1455 3182 1624 3238 nobis
1655 3180 1834 3237 relata
1851 3183 2012 3236 sunt.

373 3274 577 3330 Nictor‘
602 3274 762 3346 Papa.
785 3273 956 3345 (108),
990 3270 1090 3343 qui
1120 3271 1181 3326 in
1236 3269 1522 3343 regimine
1563 3266 1919 3325 Sacerdotali
1962 3267 2015 3324 ei

2123 2827 2292 2898 equis
2337 2827 2616 2897 ascensis,
2650 2844 2828 2900 puero
2881 2828 2940 2882 in
2997 2828 3199 2884 eadem
3257 2827 3507 2885 ecclesia
3559 2829 3762 2897 oblito,

2121 2915 2372 2971 festinus
2401 2915 2554 2972 viam
2586 2933 2713 2988 quas
2743 2932 2877 2972 eum
2909 2917 2980 2971 ad
3014 2932 3182 2972 suam
3213 2917 3464 2973 ducebat
3493 2918 3764 2991 patriam,

2121 3019 2392 3075 egressus
2411 3003 2562 3060 Urbe
2584 3005 2976 3077 gradiebatur.
3001 3006 3148 3061 Cum
3172 3005 3369 3077 itaque
3399 3004 3767 3079 longiuscule

2109 3092 2315 3154 adhuc
2343 3096 2497 3148 esset
2526 3093 2598 3149 ab
2629 3093 2780 3149 Urbe
2811 3094 3124 3166 profectus,
3159 3101 3394 3166 repente
3441 3095 3493 3150 ei
3536 3096 3595 3150 in
3643 3111 3763 3150 me-

2124 3180 2370 3236 moriam
2402 3181 2576 3237 rediit
2605 3182 2760 3254 quod
2804 3187 3036 3237 mutum
3059 3198 3305 3254 puerum
3339 3183 3397 3237 in
3428 3182 3676 3238 ecclesia
3709 3183 3770 3240 Β.

2123 3267 2276 3324 Petri
2298 3268 2654 3342 reliquisset.
2673 3270 2781 3336 Qui
2798 3286 2934 3326 mox
2945 3269 3231 3338 substitit,
3261 3287 3326 3326 ac
3343 3269 3595 3328 famulos
3607 3287 3771 3340 suos,

369 3361 966 3430 -successerat,audita
978 3357 1724 3430 famamiraculorumejus,
1739 3357 1892 3429 quod
1917 3373 2018 3430 per
2048 3355 2091 3423 C
2128 3373 2161 3412 a
2182 3357 2397 3430 quibus
2411 3375 2556 3430 puer
2567 3358 3324 3431 reducideberet,quosdam
3339 3357 3774 3430 remisit.lgitur

375 3468 513 3515 eum
531 3449 814 3508 Dominus
834 3449 974 3506 talia
993 3447 1534 3523 operareturﬁdem
1557 3463 1672 3502 non
1694 3462 2016 3502 accommo-

369 3542 574 3598 dabat.
593 3538 1043 3612 Sedquia,utait
1054 3545 1095 3591 A
1106 3535 1388 3610 postolus,
1410 3558 1437 3587 «ι
1453 3535 1689 3608 Lingua:
1705 3535 1764 3590 in
1779 3534 2014 3608 signum

359 3633 515 3686 sunt
531 3643 653 3685 non
671 3626 970 3698 ﬁdelibus,
992 3627 1094 3682 sed
1117 3624 1458 3682 inﬁdelibus
1475 3625 1522 3696 (ι
1538 3626 1660 3681 Cor.
1679 3624 1824 3696 xm),
1839 3646 1866 3675 »
1897 3641 2017 3680 om-

359 3718 648 3791 nipotens
673 3716 962 3773 Dominus
986 3714 1384 3787 experimento
1411 3729 1549 3770 eum
1592 3713 1799 3769 decere
1837 3713 2019 3770 voluit

309 3853 312 3856 .
361 3823 506 3880 qua
534 3807 738 3862 audita
765 3823 800 3861 a
829 3804 1098 3876 pluribus
1122 3803 1366 3859 minime
1393 3802 1629 3858 credere
1657 3801 1900 3858 volebat.

437 3897 538 3952 36.
573 3895 872 3954 Cu‘riensis
902 3894 1145 3966 quidam
1174 3892 1507 3965 episcopus,
1540 3891 1709 3961 cujus
1743 3907 1956 3947 nomen
1988 3907 2018 3947 e

357 3983 660 4042 memoria
670 3982 1196 4055 excidit(109),cum
1207 3995 1390 4054 supra
1407 3982 1732 4036 memorato
1745 3978 2021 4036 Pontifice

311 4108 316 4112 -
359 4075 606 4130 Victore
626 4089 660 4129 a
678 4071 990 4128 Germania
1005 4071 1264 4136 veniens,
1287 4071 1415 4141 ejus
1435 4069 1496 4125 in
1520 4068 1802 4140 obsequio
1825 4069 2020 4126 Romae

355 4161 737 4220 morabatur.
765 4160 874 4216 Hic
905 4175 1152 4232 puerum
1191 4158 1268 4215 ab
1309 4164 1475 4214 utero
1532 4157 1738 4214 matris
1788 4162 2020 4214 mutum

353 4249 654 4317 «habebat,
687 4263 864 4322 quem
893 4265 995 4321 pro
1027 4248 1296 4304 mercede
1335 4247 1544 4304 animis
1601 4262 1719 4302 suis
1775 4263 2022 4318 pascens

355 4357 434 4397 ac
461 4340 745 4407 vestiens,
777 4354 1152 4411 quocumque
1182 4337 1324 4404 ibat,
1373 4351 1572 4392 secum
1622 4335 1832 4392 ducere
1886 4351 2022 4392 con-

365 4432 673 4496 moverat,
702 4427 761 4484 in
791 4428 963 4498 cujus
991 4442 1172 4483 vacuo
1202 4441 1301 4481 ore
1337 4441 1442 4481 nec
1468 4423 1753 4480 indicium
1784 4425 2024 4497 quidem

362 4519 600 4591 lingua:
626 4517 819 4574 inesse
845 4515 1172 4572 videbatur.
1195 4513 1314 4580 Qui
1352 4513 1531 4570 etiam
1577 4513 1908 4587 episcopus,
1955 4531 2027 4570 ex

309 4643 314 4645 -
363 4604 756 4663 mirabilibus
784 4605 855 4660 ad
889 4604 952 4659 Β.
997 4603 1204 4660 Leonis
1255 4602 1576 4668 tumulum,
1637 4603 1908 4660 similiter
1963 4608 2028 4661 ut

364 4694 557 4788 Papa,
591 4692 960 4788 incredulum
981 4693 1276 4788 animum
1313 4692 1589 4788 gerebat.
1647 4691 1793 4788 Cum
1845 4693 2030 4766 igitur
2056 4723 2105 4788 Ι)

363 4783 638 4856 quadam
667 4781 762 4838 die
790 4783 862 4837 ad
897 4782 1096 4838 sedem
1123 4781 1218 4837 sui
1234 4781 1627 4853 episcopatus,
1643 4781 1769 4852 jam
1791 4788 2028 4854 accepta

369 4870 640 4938 licentia,
702 4871 907 4927 reverti
960 4869 1336 4939 decrevisset,
1390 4869 1694 4926 ecclesiam
1756 4875 1817 4927 Β.
1881 4871 2029 4927 Petri

366 4958 630 5034 apostoli
664 4959 949 5016 orationis
1007 4959 1196 5032 gratia
1251 4958 1576 5030 ingressus,
1610 4964 1919 5032 postquam
1966 4961 2026 5017 Β.

366 5049 553 5106 Petro
575 5065 640 5105 se
661 5048 946 5105 intentius
962 5048 1393 5104 commendavit
1413 5047 1538 5103 suis
1552 5064 1684 5103 cum
1699 5047 2029 5117 clientibus,

451 5191 604 5264 (108)
636 5190 740 5247 Hic
771 5195 858 5248 est
893 5192 1077 5248 Victor
1104 5189 1173 5264 Il,
1223 5193 1662 5264 creatusmcu‘mh
1681 5187 1865 5264 Sedes
1914 5191 2031 5247 fere

371 5259 624 5347 integro.
636 5279 788 5318 anno
809 5265 1092 5347 vacasset,
1117 5260 1211 5347 dnie
1230 5260 1309 5347 ‘13
1328 5259 1543 5347 Aprilis
1569 5260 1704 5347 105d
1732 5278 1744 5329 ;
1766 5264 2033 5347 mortuus

371 5335 456 5388 28
482 5332 626 5389 Julii
657 5350 812 5390 anno
831 5335 992 5389 1056.
1026 5338 1102 5389 At
1137 5332 1286 5388 Sede
1312 5335 1551 5388 vacante
1636 5335 1825 5387 atrata
1869 5338 2035 5390 erant

367 5405 675 5488 inii-acula
701 5422 886 5488 supra
913 5403 1386 5488 rehtanuando
1417 5349 1860 5488 abqrqinctgr,
1892 5405 2031 5478 Eys-

370 5476 534 5558 tndii-
587 5477 649 5534 in
703 5474 1017 5536 Germania
1097 5474 1421 5549 Episcopus
1491 5474 1868 5542 Gebebardus
1925 5474 2035 5532 no-

377 5563 610 5699 33228.9)
631 5619 978 5680 niaximum:
1002 5616 1224 5681 scilicet
1245 5616 1402 5696 apud
1415 5614 1659 5678 'Rbcatos
1686 5617 1746 5676 in
1786 5616 2034 5700 Alpibus

2119 3445 3044 3520 cumilliapostolorumPrincipis
3057 3446 3362 3504 basilicam
3374 3449 3771 3518 essentegres—

2123 3535 2575 3608 si,conspiciunt
2593 3553 2838 3608 puerum
2855 3540 2988 3592 ante
3009 3535 3306 3593 tumulum
3325 3535 3606 3592 'B.Leonis
3619 3541 3775 3594 stan-

2123 3629 2267 3693 tem,
2298 3629 2473 3697 atque
2502 3642 2635 3681 cum
2667 3625 2760 3682 his
2788 3625 2888 3698 qui
2919 3625 3380 3682 circumstabant
3411 3623 3773 3696 loquentem.

2129 3713 2249 3770 Illis
2271 3713 2470 3786 itaque
2494 3714 2872 3780 mirantibus,
2889 3717 2945 3769 et
2965 3712 3216 3784 qualiter
3234 3711 3345 3766 hoc
3357 3711 3466 3768 sibi
3483 3712 3774 3769 evenisset

2128 3802 2546 3874 quaerentibus,
2622 3819 2768 3873 puer
2819 3801 3046 3872 inquit:
3115 3800 3428 3870 Postquam
3495 3799 3774 3856 dominus

2129 3907 2316 3957 meus,
2350 3890 2460 3946 bac
2478 3889 2539 3945 in
2560 3889 2804 3946 ecclesia
2823 3904 2917 3944 me
2941 3887 3298 3958 relinquens,
3332 3885 3626 3954 discessit,
3657 3886 3774 3944 huc

2129 3979 2202 4036 ad
2231 3978 2565 4050 sepulcrum
2583 3979 2645 4034 B.
2669 3977 2879 4034 Leonis
2902 3993 2996 4032 me
3017 3975 3234 4032 contuli
3263 3992 3276 4043 ;
3311 3975 3358 4030 si
3395 3975 3538 4030 forte
3583 3974 3772 4032 omni-

2129 4073 2336 4140 potens
2366 4067 2652 4122 Dominus
2681 4065 2960 4135 oﬂicium,
2996 4081 3111 4137 quo
3140 4065 3429 4130 carebam,
3465 4063 3621 4120 vocis
3653 4079 3774 4118 me-

2131 4155 2259 4212 ritis
2287 4157 2416 4227 ejus
2450 4155 2594 4210 mihi
2613 4154 2918 4210 restituere
2937 4153 3299 4226 dignaretur.
3325 4153 3440 4208 Nec
3463 4169 3596 4208 sum
3617 4167 3775 4220 meo,

2133 4245 2289 4318 quod
2328 4245 2499 4301 corde
2537 4245 2871 4316 poscebam,
2917 4248 3050 4300 voto
3095 4243 3437 4298 fraudatus:
3493 4241 3596 4298 sed
3645 4255 3778 4297 mox

2133 4339 2198 4390 ut
2221 4337 2354 4389 ante
2382 4333 2511 4404 ejus
2538 4332 2934 4390 venerandam
2956 4331 3300 4388 memoriam
3325 4330 3655 4402 lacrymans
3677 4327 3780 4384 sli-

2134 4422 2483 4497 quantulum
2515 4427 2843 4494 prostratus
2864 4420 3048 4493 jacui,
3081 4419 3237 4474 illico
3269 4423 3499 4490 recepta
3523 4433 3662 4473 voce
3687 4415 3780 4472 lo-

2133 4529 2342 4585 quens,
2374 4515 2441 4567 ut
2469 4510 2583 4582 ipsi
2611 4510 2841 4576 videtis,
2872 4507 3118 4564 surrexi.
3156 4507 3233 4563 Ab
3265 4505 3366 4562 illa
3409 4505 3616 4574 utique
3657 4502 3777 4570 die,

2135 4603 2289 4674 quod
2322 4599 2651 4657 mirabilius
2672 4603 2780 4665 est,
2813 4597 2987 4669 coepit
3019 4596 3076 4650 in
3109 4611 3206 4650 ore
3235 4595 3366 4665 ejus
3398 4592 3619 4664 lingua,
3642 4606 3779 4664 quis

2135 4692 2420 4758 defuerat,
2445 4688 2726 4760 paulatim
2744 4701 3024 4753 crescere,
3045 4683 3126 4738 ita
3145 4688 3208 4737 ut
3228 4683 3384 4737 intra
3405 4695 3624 4754 paucos
3654 4679 3782 4736 dies

2137 4781 2308 4854 pleno
2327 4795 2426 4835 ore
2456 4777 2716 4848 linguam
2748 4775 2999 4847 perfecte
3030 4771 3346 4844 reciperet;
3372 4774 3430 4827 et
3452 4769 3628 4825 verba
3655 4769 3784 4826 sine

2137 4869 2557 4940 impedimento
2570 4864 2844 4934 sonaret.(
2859 4864 2879 4917 1
2894 4860 3245 4934 tO)Denique
3259 4859 3361 4932 qui
3374 4857 3540 4916 missi
3555 4859 3786 4914 fuerant

2137 4959 2484 5014 curaverunt
2509 4969 2751 5026 puerum
2775 4953 2844 5007 ad
2891 4951 3241 5024 Episcopum
3271 4950 3504 5015 ducere,
3527 4952 3584 5003 et
3609 4962 3783 5018 quem

2138 5051 2427 5104 tacentem
2479 5043 2812 5114 reliquerat,
2887 5041 2950 5097 Β.
3031 5039 3238 5097 Leonis
3323 5035 3783 5108 suffragantibus

2138 5186 2502 5246 Germanicis
2533 5201 2684 5241 anno
2707 5185 2848 5240 1040
2877 5189 3108 5256 creatus
3137 5181 3478 5256 Episcopus,
3514 5179 3784 5256 mortuus

2139 5245 2299 5329 4070,
2324 5262 2634 5324 cum,teste
2667 5245 3784 5329 Bruscbio,laudab'iliter'etlutilissime

2139 5315 2380 5403 triginta
2401 5315 2587 5403 annos
2609 5315 3222 5403 praefuisset.Consule
3237 5321 3413 5376 etiam
3437 5315 3786 5403 guilliman-

2086 5443 2090 5447 -
2135 5387 2282 5459 nu‘r’n
2305 5401 2492 5457 lib.lV
2513 5401 2584 5456 de
2610 5387 2791 5454 rebus
2829 5396 3418 5464 Helveticorummap,
3441 5389 3580 5464 ζει
3608 5387 3780 5446 alios.

2212 5474 2361 5546 (ltO)
2391 5473 2545 5546 Idem
2586 5467 2955 5546 "miraculum
3010 5467 3284 5546 narratur
3331 5461 3452 5520 a'S.
3484 5461 3779 5538 Bruuone,

2142 5539 2441 5623 acceptum
2477 5544 2550 5602 ab
2581 5541 2864 5619 Episcopo
2893 5539 3222 5598 Portueusi.
