4102 6174
365 315 484 376 547

1735 306 2116 366 S.LEO]X
2166 303 2396 365 PAPA.
2489 266 2495 272 ’

3649 302 3772 366 548

368 446 594 503 meritis
625 445 676 501 ei
706 444 1046 528 loquentem
1095 443 1416 498 adducunt.
1465 445 1787 512 Regressus
1837 438 2014 510 igitur
2039 438 2094 506 Α
2124 455 2220 494 ore
2250 437 2533 509 sacrilego
2592 436 2896 494 deridebat
2951 440 3008 492 et
3072 435 3540 509 blasphemabat.
3617 438 3767 528 Cum

367 537 679 609 episcopus
736 535 1065 589 Romanum
1119 531 1455 587 Pontiﬁcem
1511 528 1690 584 adiit:
1743 531 1800 583 et
1855 528 2010 599 quod

367 625 736 697 omnipotens
759 623 1043 678 Dominus
1075 637 1179 693 per
1197 622 1260 675 B.
1281 622 1531 675 Leonem
1563 618 1788 689 operari
1813 616 2012 689 digna-

367 718 462 768 tus
492 713 718 781 fuisset,
751 711 1024 768 ostendit.
1060 710 1138 764 Ex
1182 713 1320 763 tunc
1371 710 1672 779 coeperunt
1722 705 1835 777 ipsi
1883 705 2011 777 ejus

363 803 693 859 veneranda
711 802 917 855 merita
939 797 1166 853 cunctis
1193 797 1526 868 przedicare,
1551 794 1653 867 qui
1676 794 1809 850 aliis
1839 799 2011 850 antea

365 891 746 948 referentibus
780 906 891 943 non
927 886 1300 958 patiebantur
1325 884 1544 940 audire.

432 981 522 1034 37.
559 977 809 1033 lllustris
838 976 926 1029 vir
955 975 1262 1042 Maximus,
1309 974 1584 1028 Romana:
1633 971 1797 1027 urbis
1847 972 2008 1038 civis,

363 1084 550 1139 nuper
581 1065 780 1121 retulit
811 1064 956 1118 mihi
1004 1063 1074 1118 de
1129 1063 1333 1119 eodem
1388 1059 1703 1116 venerabili
1760 1059 2009 1115 Praesule

361 1172 485 1225 quas
519 1152 1056 1208 narro.Bernardus
1090 1151 1330 1221 quidam
1360 1148 1626 1221 pessimae
1658 1149 1872 1204 mentis
1897 1149 2008 1202 mi-

359 1243 444 1297 les
475 1241 719 1309 exstitit,
753 1240 850 1312 qni
885 1239 1224 1312 Apostolica:
1259 1239 1390 1293 Sedi
1433 1237 1787 1292 contrarium
1842 1253 1901 1292 se
1949 1237 2008 1291 in

359 1332 654 1398 omnibus,
703 1330 920 1402 quibus
951 1328 1164 1400 potuit,
1197 1327 1393 1381 modis
1423 1325 1752 1381 exhibebat.
1787 1326 1895 1380 Sed
1951 1325 2008 1379 in

358 1419 532 1487 bello,
566 1419 717 1491 quod
773 1435 806 1472 a
857 1417 1061 1471 vicinis
1122 1416 1274 1471 circa
1333 1415 1547 1470 Urbem
1609 1413 2005 1483 manentibus,

359 1510 639 1580 conjuran
651 1507 808 1561 tibus
830 1505 1014 1576 cum(l
1029 1505 1050 1558 1
1067 1503 1234 1575 1)Cad
1245 1503 1373 1558 alao
1393 1503 1692 1559 Parmensi
1716 1503 2006 1575 episcopo,

361 1596 458 1668 qui
499 1600 640 1650 tunc
696 1592 1090 1665 Apostolicam
1143 1592 1348 1647 Bedem
1405 1590 1677 1646 invadere
1724 1590 2005 1656 tentabat,

361 1702 494 1741 cum
517 1682 814 1740 militibus
873 1681 972 1752 qui
1015 1681 1338 1735 Romanam
1370 1678 1686 1739 Ecclesiam
1738 1678 2007 1734 defende-

358 1775 519 1841 bant,
552 1771 936 1828 commissum
969 1774 1078 1836 est,
1107 1770 1266 1840 justo
1293 1768 1392 1823 Dei
1423 1767 1647 1838 judicio
1699 1767 2005 1823 confossus

356 1861 596 1917 interiit.
635 1859 737 1914 Hic
769 1858 968 1929 igitur,
1000 1857 1202 1912 audita
1232 1856 1389 1910 fama
1429 1855 1846 1911 miraculorum
1879 1873 2004 1928 quae

360 1951 729 2021 omnipotens
750 1947 905 2002 Deus
926 1945 1150 2002 meritis
1173 1945 1234 2000 B.
1252 1944 1460 2000 Leonis
1483 1943 1757 2000 fidelibus
1774 1944 2006 2017 populis

358 2039 689 2106 exhibebat,
721 2053 836 2092 non
871 2034 1062 2092 solum
1095 2051 1209 2090 non
1244 2034 1539 2103 credebat,
1592 2049 1793 2089 verum
1832 2034 2006 2090 etiam

2121 527 2372 598 denique
2403 527 2659 597 quadam
2691 526 2785 581 die
2815 527 2875 581 in
2899 532 3189 582 conventu
3211 530 3516 600 appareret
3541 525 3767 598 populi,

2119 620 2178 670 et
2207 632 2398 671 sermo
2431 615 2584 670 inter
2612 631 2711 670 eos
2743 615 2812 670 de
2842 615 3026 688 signis
3058 619 3115 671 et
3140 614 3457 670 virtutibus
3479 613 3768 670 B.Leonis

2120 709 2350 760 exortus
2371 707 2545 771 esset,
2566 703 2737 776 ccepit
2780 704 2969 760 ridere
2992 705 3226 760 dicens:
3259 704 3318 758 Si
3375 705 3625 759 Sanctus
3656 707 3766 771 est,

2119 798 2185 849 ut
2213 792 2380 861 dicis,
2413 792 2719 848 contrahat
2750 792 2894 848 mihi
2944 792 3192 866 digitum
3242 809 3461 851 meum.
3503 793 3770 864 Cumque

2120 886 2588 954 compesceretur
2617 882 2688 938 ab
2722 881 2794 938 iis
2826 882 2928 953 qui
2981 882 3273 950 astabant,
3333 898 3406 938 ne
3458 883 3529 937 de
3559 885 3766 938 sancto

2117 971 2239 1025 viro
2269 970 2412 1026 talia
2439 970 2794 1043 loqueretur,
2828 969 3070 1026 dimisso
3112 974 3422 1038 conventu,
3469 970 3763 1027 discessit.

2120 1057 2262 1113 Cum
2289 1075 2418 1114 ecce
2448 1059 2596 1115 forte
2625 1059 2810 1126 canis,
2842 1059 2941 1130 qui
2993 1075 3127 1114 eum
3185 1060 3560 1130 sequebatur,
3593 1074 3767 1116 suem

2120 1147 2177 1201 in
2211 1146 2403 1218 platea
2434 1147 2735 1203 inventum
2790 1147 3021 1204 invasit.
3081 1147 3182 1204 Ille
3235 1165 3388 1218 vero,
3424 1166 3496 1205 ne
3551 1166 3765 1222 porcus

2118 1234 2564 1307 discerperetur,
2608 1235 2813 1292 festine
2862 1237 3139 1306 cucurrit,
3196 1241 3253 1294 et
3309 1238 3519 1309 injecta
3578 1255 3761 1295 manu

2119 1340 2322 1381 canem
2353 1327 2548 1381 tenere
2575 1324 2793 1382 voluit:
2828 1327 2928 1381 sed
2969 1343 3102 1382 mox
3157 1343 3368 1400 porcus
3420 1326 3606 1383 hianti
3661 1344 3764 1384 ore

2117 1412 2366 1485 digitum
2398 1415 2526 1484 ejus
2559 1415 2895 1486 momordit,
2927 1416 3127 1488 sicque
3174 1416 3246 1472 ab
3304 1415 3406 1472 illa
3461 1415 3555 1473 die
3602 1417 3764 1472 omni

2117 1505 2378 1574 tempore
2421 1519 2535 1575 quo
2587 1503 2730 1559 vixit
2790 1504 3038 1576 digitum
3095 1509 3460 1561 contractum
3517 1505 3761 1573 habens,

2119 1589 2455 1646 nullatenus
2487 1608 2620 1647 eum
2652 1595 2959 1648 extendere
2989 1593 3196 1665 potuit.
3230 1592 3395 1652 Unde
3424 1593 3644 1650 factum
3674 1596 3766 1650 est

2119 1683 2183 1734 ut
2213 1679 2312 1750 qui
2347 1678 2448 1735 Dei
2482 1680 2767 1736 famulum
2798 1681 3040 1736 irridere
3098 1687 3573 1754 praesumpserat,
3635 1682 3766 1756 ipse

2119 1772 2413 1824 contracto
2435 1769 2617 1842 digito
2649 1770 2924 1825 omnibus
2982 1770 3201 1827 derisui
3257 1769 3586 1828 haberetur.
3629 1770 3766 1828 Hac

2117 1857 2188 1912 de
2220 1861 2380 1912 tanto
2411 1858 2578 1915 Patre
2605 1859 2668 1916 B.
2712 1859 2899 1915 Leone
2939 1859 3094 1915 dicta
3146 1861 3457 1932 sufﬁciant,
3489 1860 3625 1933 quia
3681 1860 3757 1916 ad

2120 1945 2369 2002 aliorum
2399 1947 2691 2003 narranda
2719 1952 2884 2020 gesta
2912 1965 3313 2022 properamus.

431 2182 578 2255 (1H)
623 2180 889 2236 Cadalous
920 2180 1121 2232 contra
1153 2175 1548 2231 Alexandrum
1586 2177 1631 2231 II
1657 2175 1768 2232 fuit
1797 2193 1948 2234 anno
1981 2179 2113 2234 1061
2149 2177 2369 2235 electus
2401 2178 2717 2252 Antipapa,
2750 2180 2838 2236 uti
2863 2180 3118 2238 diximus
3148 2185 3180 2236 2
3241 2179 3542 2239 Februarii
3597 2179 3632 2235 3
3685 2181 3761 2239 ad

353 2271 549 2328 Vitam
584 2267 740 2324 Beati
764 2265 917 2320 Petri
948 2264 1217 2320 Damiani
1247 2262 1277 2334 §
1304 2265 1358 2318 5.

1594 2577 1719 2664 IN
1804 2579 1896 2666 S.
1987 2580 2529 2670 LEONEM

1148 2763 1644 2881 NOTlTlA
1730 2769 1902 2882 EX
1976 2769 2416 2883 GALLlA
2504 2770 2960 2884 CHRIST.

1692 2977 1877 3044 (Tom.
1912 2977 2061 3043 XIII,
2095 2994 2229 3050 pag.
2259 2979 2410 3048 985.)

419 3264 584 3319 Pater
619 3263 908 3318 Brunonis
939 3262 1104 3333 Hugo
1148 3261 1535 3316 consobrinus
1580 3266 1704 3316 erat
1741 3262 1990 3317 Conradi
2024 3266 2064 3330 C
2178 3263 2353 3319 Ortus
2385 3268 2474 3319 est
2503 3263 2696 3319 Bruno
2724 3264 2780 3319 in
2805 3265 3043 3321 castello
3065 3265 3310 3332 Alsatim,
3342 3267 3498 3338 quod
3538 3267 3756 3325 dicitur

349 3350 742 3423 imperatoris,
777 3353 1163 3420 cognomento
1195 3347 1364 3403 Salici
1396 3367 1408 3416 ;
1444 3353 1631 3403 mater
1655 3350 1807 3422 ejus
1858 3349 1992 3404 Hei-

349 3437 602 3504 lewidis,
637 3454 737 3491 seu
760 3435 1035 3502 Helvidis,
1061 3435 1364 3490 nobilitate
1390 3453 1503 3489 non
1529 3435 1719 3506 impar
1743 3454 1755 3504 ;
1781 3438 1993 3508 pietate

347 3526 504 3580 haud
519 3524 966 3595 dissimiles,qui
982 3522 1417 3594 amplissimum
1432 3523 1847 3595 patrimonium
1861 3541 1994 3580 con-

347 3614 555 3670 dendis
585 3613 962 3669 monasteriis
992 3611 1313 3683 egenisque
1342 3609 1718 3667 sublevandis
1764 3613 1990 3683 impen-

344 3703 576 3770 derunt,
609 3701 874 3773 exemplo
907 3701 1197 3771 majorum
1231 3716 1495 3754 suorum.
1534 3699 1597 3753 Hi
1652 3716 1719 3754 ex
1758 3701 1989 3772 prmdiis

345 3792 470 3846 suis
488 3791 599 3846 tria
621 3791 1006 3846 instituerunt
1027 3787 1310 3852 ccenobia,
1335 3787 1553 3842 scilicet
1586 3789 1768 3843 Hissas
1801 3789 1855 3842 in
1883 3791 1987 3843 lm—

343 3897 545 3935 norem
557 3880 746 3935 sancti
764 3879 925 3933 Marti
936 3879 1015 3944 ni,
1026 3877 1740 3950 propeSareburgum,pro
1773 3880 1986 3934 sancti-

345 3969 703 4023 monialihus
719 3985 732 4035 ;
750 3967 906 4022 aliud
923 3967 1202 4031 virorum,
1229 3965 1338 4020 sub
1360 3965 1533 4020 titulo
1557 3967 1740 4029 sancti
1764 3967 1984 4038 (Syriaci

340 4055 1110 4126 martyris,apudAttorfium
1123 4055 1391 4121 ;altcrum
1407 4071 1640 4125 quoque
1657 4055 1983 4126 puellarum

341 4143 452 4196 sub
482 4142 653 4197 titulo
677 4147 888 4197 sanctae
919 4143 1138 4204 Crucis,
1173 4147 1312 4213 puta
1351 4142 1869 4198 VVolI'enheimium
1921 4144 1982 4198 in

288 4265 290 4269 ν
337 4229 560 4286 Alsatia
589 4247 768 4302 prope
799 4230 1273 4301 Engesheimium
1300 4234 1554 4285 castrum
1589 4248 1787 4297 suum,
1812 4233 1983 4302 cujus

339 4318 397 4372 in
432 4319 680 4390 gratiam
714 4319 838 4390 ipse
866 4319 1082 4382 Bruno,
1106 4318 1177 4372 ad
1209 4318 1425 4372 summi
1460 4319 1832 4388 pontiﬁcatus
1865 4322 1982 4393 api-

339 4423 462 4463 cem
496 4407 705 4474 elatus,
741 4406 962 4463 bullam
995 4404 1262 4461 indulsit.
1299 4406 1480 4460 Fratri
1510 4406 1598 4461 vel
1627 4408 1812 4462 sorori
1836 4410 1978 4464 Bru-

336 4496 508 4552 nonis
539 4497 819 4552 tribuitur
847 4495 1108 4551 fundatio
1141 4494 1432 4566 prioratus
1463 4496 1646 4549 sancti
1672 4495 1894 4558 Quirini
1917 4497 1976 4552 in

334 4585 576 4652 Alsatia,
598 4602 773 4656 quem
805 4586 1061 4640 Joannes
1092 4584 1161 4638 de
1176 4587 1396 4654 Bayonc
1428 4602 1460 4637 a
1503 4583 1810 4648 Ludovico,
1834 4585 1976 4640 Bru-

333 4673 506 4728 nonis
528 4689 632 4729 avo
665 4678 947 4739 materno,
994 4672 1120 4728 vult
1174 4671 1356 4727 fuisse
1414 4673 1733 4726 conditum.
1794 4673 1976 4736 Quam

335 4761 591 4814 maxime
617 4761 794 4816 nobili
826 4762 962 4816 huic
994 4761 1224 4815 familia:
1257 4759 1426 4814 debet
1469 4759 1738 4816 Lutiense
1787 4777 1978 4816 coeno-

333 4846 498 4900 bium
531 4847 798 4903 dimcesis
829 4847 1334 4912 Vesontionensis,
1365 4851 1430 4901 ut
1478 4846 1691 4918 legitur
1741 4848 1796 4902 in
1847 4851 1980 4904 Vita

335 4934 526 5006 ipsius
550 4933 838 4991 Brunonis
862 4936 971 4990 sub
997 4935 1230 4990 nomine
1255 4935 1462 4990 Leonis
1486 4935 1556 4988 IX
1577 4952 1739 5007 papae
1762 4938 1980 5009 scripta

335 5039 369 5077 a
398 5023 654 5095 Viperto,
688 5023 788 5094 qui
819 5023 903 5078 sic
933 5023 1230 5093 loquitur:
1266 5045 1294 5072 «
1320 5024 1486 5077 Pater
1515 5024 1821 5091 Brunonis,
1875 5045 1976 5082 na-

337 5110 492 5167 tione
509 5112 867 5168 Teutonicus
888 5111 1258 5184 imperatoris
1278 5114 1390 5165 Con
1402 5113 1522 5166 radi
1557 5115 1973 5184 consobrinus;

334 5217 584 5272 quorum
608 5206 801 5274 patres
824 5205 878 5256 et
903 5200 1246 5271 avi,abjecta
1259 5203 1416 5256 omni
1432 5203 1704 5272 superbia
1723 5205 1974 5276 generis,

331 5291 727 5347 monasticum
758 5290 1026 5346 habitum
1058 5293 1182 5344 tota
1210 5289 1402 5345 cordis
1433 5291 1778 5347 contritione
1807 5310 1976 5350 sum-

331 5379 1008 5453 pserunt,laudabilique
1038 5395 1141 5451 per
1169 5377 1368 5434 omnia
1388 5379 1502 5433 fine
1532 5379 1972 5438 decesserunt...

331 5465 473 5538 quin
504 5467 682 5522 etiam
727 5468 1007 5526 Sutrense
1056 5466 1388 5525 coenobium
1431 5466 1802 5540 patrimoniis
1849 5472 1975 5531 suis

329 5553 710 5630 ampliarunt.
745 5579 773 5609 ››

2109 3351 2553 3423 Engenesheim,
2587 3357 2706 3408 toto
2737 3370 2976 3426 corpore
3006 3353 3198 3410 crucis
3229 3355 3414 3428 signis
3443 3355 3752 3428 insignito,

2054 3467 2058 3471 λ
2103 3457 2160 3493 x1
2191 3441 2434 3496 Kalend.
2467 3441 2606 3496 Julii
2636 3459 2707 3497 an
2740 3443 2897 3498 4082.
2943 3444 3088 3498 Cum
3137 3445 3414 3516 quintum
3457 3445 3757 3517 attigisset

2104 3545 2348 3595 annum,
2383 3529 2648 3586 Bertoldo
2687 3530 2948 3588 Tullensi
2999 3532 3274 3605 episcopo
3306 3535 3646 3590 educandus
3694 3538 3754 3592 et

2103 3616 2311 3672 litteris
2343 3619 2749 3674 informandus
2781 3637 2816 3676 a
2854 3621 2952 3693 pia
2997 3621 3276 3693 genitrice
3333 3621 3588 3689 Helvide,
3617 3639 3750 3694 qua

2101 3721 2232 3759 eum
2260 3707 2385 3777 ipsa
2405 3707 2995 3777 lactaverat,traditus
3023 3716 3131 3766 est.
3155 3711 3278 3775 Qua
3300 3712 3359 3766 in
3377 3711 3578 3768 schola
3597 3712 3747 3768 duos

2100 3792 2306 3848 habuit
2353 3795 2602 3867 collegas
2641 3797 3003 3870 propinquos
3060 3815 3222 3865 suos,
3278 3803 3420 3855 natu
3469 3801 3745 3871 majores,

2097 3883 2491 3938 Adalberones
2523 3891 2908 3958 nuncupatos,
2927 3903 3178 3960 quorum
3209 3887 3374 3953 alter,
3402 3888 3746 3945 Theodorici

2097 3970 2264 4026 ducis
2295 3970 2472 4038 filius,
2497 3972 2812 4030 immaturo
2846 3975 2964 4032 fato
2994 3977 3228 4033 functus
3255 3981 3370 4045 est;
3391 3977 3736 4045 alter,Heze-

2095 4057 2246 4114 Ionis
2279 4059 2444 4116 ducis
2476 4065 3377 4138 germanus,magisternepotuli
3401 4067 3494 4122 sui
3515 4066 3738 4123 Bruno-

2094 4145 2184 4202 nis
2200 4149 2441 4206 exstitit.
2463 4150 2609 4206 Cum
2632 4155 2874 4224 uterque
2897 4154 2955 4209 in
2969 4154 3642 4212 humanioribuslitteris
3677 4156 3738 4213 in

2094 4235 2466 4309 philosophia
2489 4239 2857 4306 claruissent,
2874 4243 3354 4315 jurisprudentiae
3384 4245 3580 4301 studio
3609 4260 3738 4302 sese

2091 4325 2455 4382 addixerunt.
2489 4328 2750 4391 Quadam
2777 4335 2973 4387 autem
3006 4337 3173 4388 nocte
3231 4333 3374 4388 dum
3428 4334 3623 4391 Bruno
3675 4335 3734 4392 in

2089 4417 2280 4469 castro
2312 4415 2959 4492 Engesheimensrapud
2975 4425 3247 4493 parentes
3271 4438 3429 4490 suos,
3465 4439 3615 4495 quos
3644 4423 3734 4479 in-

2087 4502 2317 4571 viseret,
2352 4504 2411 4559 in
2443 4505 2619 4560 cubili
2652 4514 3043 4580 soporaretur,
3076 4527 3368 4568 venenosa
3407 4528 3548 4568 rana
3596 4529 3736 4568 con-

2088 4590 2306 4663 quievit
2325 4609 2503 4665 super
2531 4594 2758 4651 vultum
2790 4599 2940 4668 ejus,
2971 4615 3377 4671 venenumque
3399 4599 3459 4655 in
3489 4601 3733 4673 sangui-

2090 4695 2223 4735 nem
2246 4680 2478 4736 infudit.
2498 4683 2717 4740 Malum
2745 4685 2824 4741 ita
2845 4688 3118 4754 accrevit,
3149 4693 3217 4744 ut
3240 4690 3365 4760 jam
3394 4688 3556 4745 nulla
3581 4690 3734 4745 sani-

2088 4767 2226 4824 tatis
2247 4786 2380 4841 spes
2402 4777 2746 4828 remaneret.
2773 4774 2960 4842 Forte,
2993 4776 3136 4831 dum
3169 4781 3339 4833 nocte
3359 4779 3552 4833 Bruno
3583 4779 3730 4851 vigi-

2089 4856 2253 4923 laret,
2288 4859 2623 4930 conspicere
2651 4861 2895 4917 credidit
2923 4864 2981 4919 S.
3033 4865 3435 4934 Benedictum,
3495 4883 3730 4923 crucem

2089 4962 2264 5001 manu
2288 4951 2638 5017 gestantem,
2662 4967 2777 5020 qua
2797 4950 2890 5005 hic
2912 4958 3151 5008 sanctus
3167 4971 3454 5011 venenum
3487 4956 3737 5029 dissipa-

2085 5034 2186 5089 vit.
2214 5035 2569 5090 Monasticen
2597 5037 2655 5091 in
2680 5038 3017 5096 suburbano
3040 5042 3097 5097 S.
3121 5043 3261 5114 Apri
3287 5046 3643 5101 monasterio
3665 5062 3736 5102 ex

2085 5138 2150 5177 eo
2175 5126 2433 5194 tempore
2456 5124 2711 5180 creditur
2723 5127 3024 5199 amplexus
3039 5130 3241 5187 fuisse.
3258 5133 3541 5204 Equidem
3555 5133 3732 5189 morti

2085 5211 2387 5282 proximus
2408 5210 2527 5266 haec
2549 5213 2620 5268 de
2641 5230 2703 5269 se
2724 5215 2940 5274 dixisse
2963 5220 3242 5276 traditur:
3264 5244 3290 5270 «
3307 5219 3733 5294 Cellam,quam

2094 5299 2418 5355 monachus
2457 5299 2695 5369 incolui,
2719 5303 2778 5358 in
2802 5306 3231 5377 spatiosissima
3249 5309 3467 5381 palatia
3477 5311 3605 5381 jam
3625 5311 3737 5367 du-

2081 5386 2222 5442 dum
2241 5387 2355 5442 vidi
2376 5404 2746 5445 conversam.
2773 5413 2800 5440 »
2825 5392 3096 5466 Vipertus
3118 5397 3178 5451 in
3202 5397 3390 5469 ipsius
3412 5397 3545 5454 Vita
3577 5397 3733 5454 allu-

2081 5475 2226 5531 dens
2247 5476 2319 5531 ad
2342 5480 2517 5549 caput
2541 5479 2575 5532 7
2597 5478 2814 5552 regula;
2837 5481 2896 5538 S.
2917 5483 3236 5557 Benedicti,
3261 5486 3380 5542 haec
3400 5486 3482 5542 ait
3510 5502 3523 5541 :
3552 5507 3581 5536 «
3602 5486 3732 5544 Non

2027 5656 2029 5658 η
2079 5562 2390 5627 immemor
2419 5566 2510 5626 sui
2528 5567 2741 5645 prioris
2761 5573 3045 5651 propositi
3066 5592 3188 5661 huc
3209 5575 3730 5655 malebatjugiter,
