4102 6174
219 229 330 290 553

1330 230 1659 292 PROLEG.
1693 263 1771 275 —
1802 231 2121 292 NOTITIA
2170 233 2514 295 ALTERA.

3505 239 3626 317 554

218 358 383 415 credo
405 358 561 430 quod
579 358 756 416 simul
774 375 838 416 ac
855 361 1354 418 consecrationem
1377 361 1737 436 pontiﬁciam
1765 363 1867 418 Ro-
1897 369 1948 431 Α
1979 366 2392 434 controversia,
2416 382 2595 438 quam
2616 366 2794 423 abbas
2817 367 3231 440 Urspergensis
3253 371 3455 440 refert;
3476 375 3532 427 et
3551 372 3623 428 de

216 464 322 505 mas
352 449 694 522 accepisset,
716 449 861 506 nihil
887 450 964 505 ibi
986 456 1272 519 moratus,
1299 453 1608 524 Sipontum
1631 452 1690 507 in
1712 455 1866 524 Apu-

235 538 291 594 ia
311 539 383 594 ad
399 538 756 595 visitandam
779 540 1081 596 ecclesiam
1107 541 1300 596 Sancti
1321 541 1622 597 Michaelis
1648 543 1702 596 in
1727 559 1870 614 rupe

217 628 483 701 Gargana
512 627 712 695 sitam,
743 631 800 684 et
829 630 900 684 ad
931 630 1319 701 promerenda
1350 631 1504 702 apud
1539 631 1722 686 Deum
1755 630 1872 685 suf-

209 717 389 790 fragia
401 721 739 773 sanctorum
756 717 1561 790 angelorum,celeberrimam
1581 721 1708 790 ejus
1727 724 1871 776 tem-

211 807 364 880 poris
385 806 915 879 peregrinationem
943 807 1279 863 accurrerit.
1306 808 1386 862 Ex
1407 808 1516 864 hac
1537 809 1868 881 peregrina-

210 897 366 952 tione
397 912 689 963 reversus,
717 897 1140 952 monasterium
1163 897 1514 954 Cassinense
1543 899 1866 970 ingressus,

211 988 442 1057 peracto
473 983 694 1040 ibidem
728 983 923 1039 missa:
948 985 1255 1051 sacriﬁcio,
1281 1003 1385 1058 pro
1411 986 1734 1042 honoribus
1756 988 1867 1043 sibi

209 1071 483 1128 exhibitis
501 1071 721 1144 gratias
743 1071 878 1143 egit,
903 1076 960 1127 et
981 1073 1405 1129 monasterium
1422 1073 1599 1129 simul
1621 1079 1678 1128 et
1688 1075 1866 1130 abba-

205 1167 316 1218 tem
331 1159 541 1217 multis
554 1160 873 1234 privilegiis
888 1161 1144 1218 donavit.
1162 1161 1456 1218 Tullensis
1468 1161 1732 1218 Ecclesiae
1746 1153 1868 1219 tan-

203 1268 292 1325 tus
317 1253 547 1306 amator
567 1249 808 1317 exstitit,
826 1251 891 1305 ut
913 1249 1149 1305 titulum
1168 1251 1421 1322 priorem
1438 1251 1734 1309 Tullensis
1752 1254 1868 1324 epi-

203 1344 478 1413 scopatus
495 1338 827 1411 relinquere
841 1355 958 1394 non
970 1338 1239 1395 voluerit.
1251 1341 1397 1396 Patri
1409 1358 1455 1396 n:
1470 1341 1671 1397 ouium
1689 1360 1864 1399 suum

206 1428 490 1503 impendit
508 1428 569 1483 in
606 1427 953 1484 erectionem
992 1429 1334 1485 monasterii
1386 1429 1612 1486 Sanctae
1639 1432 1862 1503 Crucis,

202 1518 463 1590 illudque
481 1516 870 1590 amplissimis
890 1517 1219 1574 redditibus
1243 1517 1641 1590 locupletavit.
1670 1521 1864 1578 Rebus

205 1606 476 1665 Ecclesiae
506 1607 566 1661 in
596 1605 768 1662 Italia
795 1607 1159 1680 compositis,
1192 1607 1352 1664 venit
1383 1607 1440 1662 in
1466 1609 1860 1677 Germaniam,

207 1696 544 1768 habitisque
567 1695 785 1752 ibidem
824 1695 1085 1752 conciliis
1116 1694 1407 1768 pluribus,
1444 1699 1632 1768 quoad
1666 1716 1863 1756 mores

206 1786 476 1844 eamdem
507 1785 855 1842 reformavit.
875 1786 1140 1858 Cumque
1161 1801 1230 1842 ex
1250 1785 1450 1842 Galliis
1473 1787 1532 1842 in
1552 1787 1778 1844 Italiam
1802 1805 1864 1844 se

205 1875 510 1942 conferret,
542 1890 610 1930 ex
629 1874 1010 1947 Lotharingia
1030 1891 1232 1930 secum
1255 1875 1420 1930 duxit
1445 1875 1860 1945 Humbertum,

202 1965 391 2021 virum
433 1963 594 2020 omni
627 1964 844 2020 virtute
876 1968 932 2019 et
964 1964 1231 2020 doctrina
1277 1964 1858 2035 excellentissimum,

205 2069 454 2126 eumque
483 2053 557 2109 ad
587 2053 1031 2125 praedicandum
1053 2051 1265 2108 Siculis
1286 2053 1527 2108 verbum
1550 2053 1651 2110 Dei
1671 2055 1860 2110 archi-

205 2143 543 2216 episcopum
561 2142 874 2210 ordinavit,
900 2159 969 2198 ex
991 2159 1104 2214 quo
1125 2145 1327 2214 postea
1349 2148 1561 2198 sanctae
1587 2144 1860 2200 Romanae

205 2233 470 2289 Ecclesiae
509 2233 702 2288 factus
750 2235 842 2287 est
880 2231 1213 2289 cardinaiis.
1271 2232 1592 2304 Donatiqne
1633 2233 1860 2289 abbatis

205 2320 549 2380 monasterii
581 2320 778 2378 Sancti
805 2319 1051 2392 Remigii
1085 2321 1146 2374 in
1189 2319 1376 2376 Gallia
1425 2326 1762 2393 susceperat
1788 2322 1859 2376 1i-

205 2429 419 2486 gnenm
437 2411 726 2485 scyphum
746 2409 1167 2467 benedictionis
1186 2427 1364 2468 causa
1381 2410 1664 2482 oblatum,
1685 2429 1858 2484 quem

203 2519 301 2575 pro
327 2519 531 2559 amore
543 2501 690 2556 tanti
715 2499 1007 2573 pontiﬁcis
1027 2500 1193 2557 valde
1215 2499 1588 2569 observabat;
1609 2501 1708 2573 qui
1724 2517 1858 2556 cum

203 2593 268 2648 de
294 2609 481 2649 manu
512 2590 752 2647 ferentis
775 2589 1031 2646 ministri
1054 2607 1192 2646 casu
1215 2589 1546 2658 decidisset,
1567 2594 1623 2646 et
1641 2591 1859 2646 fractus

203 2681 429 2749 fuisset,
467 2679 640 2736 valde
687 2678 1070 2736 contristatus
1119 2695 1249 2735 eam
1300 2679 1372 2734 ob
1426 2696 1547 2735 rem
1579 2679 1856 2752 pontifex,

197 2772 379 2842 jussit
409 2769 522 2828 sibi
554 2770 883 2843 fragmenta
912 2769 1102 2825 offerri
1135 2769 1554 2842 praemissaque
1576 2769 1857 2838 oratione,

199 2861 381 2918 altera
401 2877 541 2933 pars
570 2858 734 2915 alteri
760 2859 1039 2929 adjuncta
1061 2857 1189 2914 fuit.
1216 2859 1624 2931 Presbyterum
1648 2876 1857 2931 quem-

203 2952 358 3019 dam,
394 2950 498 3024 qui
529 2965 633 3022 per
675 2947 1089 3005 cancellarium
1139 2948 1294 3004 sedis
1344 2947 1692 3021 apostolicae,
1725 2950 1861 3004 data

203 3040 453 3113 pecunia
473 3043 833 3110 corruptum,
848 3037 1072 3094 litteras
1086 3037 1476 3094 absolutionis
1491 3037 1692 3092 furtim
1710 3037 1858 3093 obti-

1982 468 2048 507 ea
2081 470 2182 523 pro
2215 469 2320 509 suo
2342 455 2473 510 odio
2497 457 2650 526 quod
2673 456 3081 514 schismaticus
3102 457 3159 512 in
3181 459 3466 516 Romanos
3479 477 3623 533 pon-

1982 541 2166 596 tifices
2197 549 2562 616 conceperat,
2597 546 2746 600 male
2784 546 3088 617 judicavit.
3121 548 3336 603 Eodem
3366 553 3626 621 tempore

1981 630 2039 684 in
2061 632 2373 688 Germania
2390 633 2665 703 existens,
2687 635 2978 691 abbatiam
2999 635 3372 704 Fuldensem,
3394 641 3450 691 et
3464 643 3628 693 Bam-

1978 719 2218 788 bergam
2236 722 2358 777 sedi
2379 723 2710 794 apostolicae
2732 725 2979 780 antehac
3002 727 3302 796 donatam,
3331 742 3434 796 pro
3455 726 3632 781 Bene-

1977 813 2145 863 vento
2185 809 2382 865 aliisve
2415 812 2748 867 civitatibus
2779 814 3084 884 etjuribus
3119 815 3179 868 in
3221 815 3386 870 Italia
3413 815 3483 869 ab
3517 814 3626 869 im-

1977 901 2242 968 peratore
2274 901 2544 972 acceptis,
2571 903 2940 972 permutavit.
2969 905 3112 958 Cum
3138 903 3516 959 Nortmannis
3542 903 3628 958 in-

1978 985 2128 1040 felici
2164 987 2362 1059 praelio
2396 989 2707 1060 pugnavit:
2745 991 2941 1062 fugato
2986 992 3143 1046 enim
3189 997 3308 1047 toto
3348 992 3621 1060 exercitu,

1976 1073 2428 1131 Teutonicorum
2462 1078 2713 1133 militum
2742 1079 2840 1134 alii
2875 1081 3026 1149 caesi,
3052 1080 3149 1135 alii
3177 1081 3328 1152 capti
3351 1081 3622 1148 fuerunt;

1976 1162 2093 1218 imo
2124 1164 2248 1234 ipse
2270 1165 2525 1236 pontifex
2568 1167 2625 1220 in
2653 1168 3148 1224 Nortmannorum
3180 1186 3391 1224 manus
3423 1186 3487 1223 ac
3517 1185 3624 1240 po-

1973 1254 2246 1308 testatem
2269 1253 2570 1320 venit,non
2603 1256 2726 1311 sine
2754 1256 3109 1312 vincentium
3132 1259 3624 1314 Nortmannorum

1976 1341 2173 1396 dolore
2222 1347 2278 1397 et
2328 1343 2685 1415 poenitentia.
2733 1345 2895 1401 Unde
2942 1347 3162 1402 factum
3211 1347 3366 1417 quod
3409 1347 3619 1415 eidem,

1974 1447 2312 1502 quanquam
2343 1432 2532 1489 victus
2561 1437 2731 1502 esset,
2774 1434 2846 1489 ob
2899 1435 3278 1492 reverentiam
3327 1434 3628 1507 apostolici

1974 1518 2270 1588 culminis,
2304 1520 2363 1575 in
2393 1523 2668 1578 omnibus
2699 1527 2978 1595 tanquam
2999 1524 3202 1579 victori
3225 1541 3447 1581 morem
3471 1541 3627 1598 gere-

1974 1612 2123 1677 rent,
2158 1609 2474 1682 ipsumque
2506 1628 2639 1667 cum
2669 1612 2794 1668 suis
2825 1612 3121 1681 omnibus,
3155 1621 3327 1686 prout
3355 1614 3623 1686 petierat,

1975 1696 2300 1753 relaxarent
2319 1702 2376 1753 et
2395 1699 2710 1755 honoriﬁce
2731 1700 2790 1754 in
2815 1700 3008 1756 locum
3032 1718 3208 1773 quem
3229 1701 3402 1758 vellet
3424 1707 3623 1759 tutum

1973 1786 2348 1842 deducerent.
2384 1787 2590 1843 Petrus
2621 1788 2908 1856 Damiani,
2941 1789 3001 1844 in
3033 1790 3277 1860 epistola
3307 1792 3374 1845 ad
3414 1792 3624 1846 Firmi-

1974 1891 2114 1930 num
2137 1875 2498 1947 episcopum,
2524 1877 2801 1932 adversus
2825 1878 3074 1932 Leonem
3099 1877 3253 1934 bella
3275 1881 3622 1933 tractantem

1971 1968 2026 2019 et
2050 1963 2404 2019 militaribus
2427 1964 2610 2042 copiis
2635 1981 2697 2020 se
2713 1965 3055 2021 miscentem
3074 1966 3310 2037 scripsit
3333 1982 3345 2019 :
3371 1981 3623 2037 eumque

1973 2052 2080 2108 hac
2111 2053 2180 2108 de
2214 2069 2293 2122 re,
2323 2054 2493 2124 quasi
2525 2071 2646 2110 rem
2680 2054 2893 2110 malam
2922 2059 2980 2110 et
3007 2054 3399 2111 ecclesiastico
3430 2055 3622 2111 ordini

1971 2143 2473 2199 inconvenientcm
2496 2145 2694 2217 egerit,
2719 2145 3092 2217 reprehendit
3115 2149 3172 2202 et
3191 2144 3491 2219 suggillat.
3508 2146 3620 2202 Sed

1972 2249 2105 2288 cum
2127 2233 2234 2288 hac
2253 2233 2324 2288 de
2345 2251 2404 2289 re
2442 2234 2610 2289 aliter
2631 2233 2902 2290 universa
2930 2235 3144 2290 sentiat
3159 2235 3434 2306 Ecclesia,
3461 2236 3624 2308 igno-

1969 2323 2251 2378 scendum
2283 2327 2374 2378 est
2403 2323 2670 2379 moerenti
2702 2324 2954 2380 eremitm
2986 2323 3086 2396 qui
3117 2324 3543 2380 Germanorum
3567 2327 3626 2381 et

1969 2410 2267 2467 Gallorum
2303 2412 2571 2468 loricatos
2602 2416 2658 2469 et
2697 2412 2955 2486 galeatos
2998 2414 3303 2488 episcopos
3337 2413 3622 2486 perstrin-

1969 2516 2131 2573 gens,
2168 2500 2385 2573 stylum
2415 2501 2595 2557 nimis
2651 2501 2883 2574 laxavit,
2937 2507 3013 2570 et,
3061 2507 3125 2559 ut
3171 2504 3231 2559 in
3279 2503 3622 2576 hujusmodi

1969 2590 2273 2646 affectibus
2291 2590 2626 2663 frequenter
2642 2592 2902 2648 accidere
2918 2593 3091 2660 solet;
3112 2597 3327 2648 metam
3341 2595 3622 2665 redargu-

1966 2678 2144 2735 tionis
2156 2681 2419 2736 excessit.
2430 2681 2963 2753 Petruspatriarcha
2974 2681 3374 2736 Antiochenus
3389 2681 3621 2754 sapiens

1970 2785 2098 2840 quae
2131 2772 2270 2824 sunt
2299 2769 2596 2824 catholicae
2630 2770 2784 2836 ﬁdei,
2819 2769 2993 2826 simul
3030 2786 3094 2825 ac
3134 2773 3363 2826 creatus
3396 2773 3484 2826 est
3511 2786 3620 2841 pa-

1969 2857 2242 2928 triarcha,
2278 2875 2439 2914 more
2479 2859 2792 2928 majorum,
2849 2859 3144 2914 catholicae
3189 2863 3246 2915 et
3292 2859 3620 2932 apostolicae

1967 2945 2232 3001 Ecclesiae
2282 2947 2760 3003 communionem
2809 2964 2912 3018 per
2962 2947 3268 3020 epistolam
3322 2966 3442 3005 una
3487 2964 3621 3006 cum

1969 3034 2104 3089 fidei
2139 3035 2500 3106 professione
2530 3036 2601 3090 ad
2638 3040 2882 3092 Leonem
2915 3037 3160 3093 missam
3193 3038 3502 3110 expetivit;
3541 3041 3618 3107 et,

202 3107 340 3186 nere
371 3107 697 3198 studuerat,
729 3127 974 3184 redditis
999 3127 1082 3182 illi
1114 3144 1243 3183 cum
1279 3126 1694 3200 imprecatione
1725 3143 1858 3199 apo-
1889 3107 1931 3173 (ἶ
1970 3130 2032 3178 ut
2063 3140 2131 3178 ex
2162 3124 2384 3179 reddita
2425 3124 2634 3180 Leonis
2682 3125 2929 3197 epistola
2977 3129 3227 3195 constat,
3265 3107 3618 3199 impetravit.

203 3217 416 3273 stolica
443 3215 786 3273 muneribus
805 3215 1183 3272 dementavit.
1210 3239 1237 3266 «
1265 3216 1533 3280 Quandiu
1555 3215 1749 3272 Romae
1772 3233 1855 3272 re-

203 3309 482 3362 moratus
511 3309 615 3374 est,
650 3305 844 3378 inquit
885 3305 997 3361 Leo
1045 3303 1355 3374 Ostiensis,
1403 3306 1563 3361 omni
1593 3309 1855 3378 tempore

200 3393 409 3450 tribus
431 3410 534 3467 per
552 3394 969 3451 hebdomadam
987 3392 1194 3449 diebus
1225 3410 1258 3449 a
1280 3394 1654 3450 Lateranensi
1679 3394 1856 3450 eccle-

201 3484 299 3540 sia
333 3501 517 3557 usque
547 3485 616 3540 ad
643 3486 920 3541 Sanctum
957 3483 1191 3538 Petrum
1235 3483 1460 3554 privato
1490 3483 1717 3553 habitu,
1748 3501 1854 3540 nu-

197 3573 415 3646 disque
425 3573 694 3645 pedibus,
711 3589 843 3628 cum
861 3571 1091 3627 duobus
1109 3573 1211 3626 aut
1231 3571 1421 3626 tribus
1439 3571 1663 3628 clericis
1682 3577 1856 3628 noctu

197 3662 508 3733 psallendo
539 3667 596 3719 et
625 3663 844 3719 orando
892 3661 1190 3734 pergebat.
1227 3682 1255 3710 ››
1305 3661 1603 3716 Decimam
1635 3671 1857 3734 partem

199 3751 590 3822 oblationum,
620 3769 766 3825 quas
783 3751 1239 3824 praedecessores
1263 3749 1322 3804 in
1347 3768 1519 3806 suum
1543 3768 1713 3806 usum
1730 3769 1864 3807 con-

197 3847 421 3897 vertere
445 3845 890 3908 consueverant,
923 3841 1046 3911 ipse
1088 3839 1326 3895 utilitati
1365 3840 1614 3896 basilicae
1646 3841 1859 3913 princi-

194 3931 282 4001 pis
302 3930 711 4004 apostolorum
731 3930 926 3986 cessit.
961 3931 1301 3985 Suenonum
1325 3933 1618 3984 Danorum
1644 3946 1860 4002 regem,

195 4023 589 4093 cognomento
622 4020 923 4092 Magnum,
957 4017 1136 4073 trium
1168 4033 1485 4090 regnorum
1534 4018 1861 4085 dominum,

195 4109 384 4183 coegit
403 4109 703 4166 dimittere
724 4124 963 4164 uxorem
980 4123 1157 4179 quam
1182 4107 1405 4162 dixerat
1430 4107 1860 4162 consobrinam.

193 4200 279 4255 Ad
298 4200 751 4271 componendas
768 4196 1166 4253 dissensiones
1198 4196 1351 4251 inter
1385 4196 1797 4268 imperatorem
1811 4199 1867 4251 et

191 4291 500 4346 Andream
520 4287 854 4362 Hungariae,
879 4286 1062 4342 Roma
1079 4289 1353 4342 evocatus
1371 4285 1529 4340 venit
1551 4285 1608 4339 in
1633 4284 1867 4342 Germa-

193 4377 398 4432 niam:
439 4377 542 4431 sed
576 4375 818 4432 delusus
862 4391 894 4429 a
939 4389 1075 4446 rege
1123 4373 1431 4446 Hungariae
1462 4371 1608 4427 nihil
1656 4372 1865 4429 effecit.

1962 3217 2101 3268 Post
2131 3217 2430 3285 acceptam
2459 3216 2514 3269 et
2546 3215 2858 3269 refutatam
2881 3215 3125 3287 impiam
3144 3215 3444 3272 Michaelis
3472 3216 3620 3272 Con-

1964 3301 2468 3372 stantinopolitani
2525 3303 2868 3374 patriarcha
2930 3304 3263 3377 epistolam,
3323 3321 3426 3377 pro
3478 3319 3621 3377 pace

1963 3395 2122 3450 inter
2152 3390 2387 3446 Latinos
2419 3396 2476 3446 et
2525 3394 2749 3448 Graecos
2799 3393 3186 3463 concilianda,
3235 3397 3291 3450 et
3320 3412 3423 3468 pro
3466 3394 3622 3452 bello

1968 3481 2247 3538 adversus
2264 3481 2658 3538 Nortmannos
2677 3483 3058 3551 conficiendo,
3083 3483 3435 3556 legationem
3459 3485 3625 3541 misit

1967 3568 2525 3642 Constantinopolim
2559 3572 2629 3626 ad
2669 3571 3118 3628 Constantinum
3169 3573 3622 3631 Monomachum

1972 3661 2406 3732 imperatorem.
2463 3661 2880 3732 Fungebantur
2928 3661 3216 3733 legatione
3262 3662 3624 3718 Humbertus

1971 3749 2282 3821 episcopus
2309 3748 2476 3804 Silvae
2498 3749 2790 3817 Candidas,
2819 3750 3149 3804 Fridericus
3174 3750 3623 3806 archidiaconus

1971 3837 2376 3904 cancellarius,
2407 3837 2753 3905 cardinales,
2789 3842 2842 3892 et
2875 3838 3076 3892 Petrus
3099 3839 3407 3910 episcopus
3431 3837 3625 3895 Amal-

1971 3926 2270 3998 phitanus.
2297 3927 2509 3982 Rerum
2531 3927 2602 3980 ab
2626 3927 2771 3997 ipsis
2793 3926 3296 3998 Constantinopoli
3322 3931 3621 4000 gestarum

1975 4015 2453 4070 commemoratio
2496 4014 2685 4069 brevis
2716 4019 2773 4070 et
2803 4015 3099 4071 succincta
3125 4020 3313 4072 exstat
3343 4018 3498 4089 apud
3521 4021 3625 4074 Ba-

1974 4103 2226 4158 ronium.
2263 4107 2590 4175 Antequam
2634 4123 2667 4158 a
2711 4103 2996 4176 legatione
3039 4109 3484 4176 reverterentur,
3520 4109 3628 4163 Be-

1979 4193 2204 4248 neventi
2228 4192 2559 4248 infirmatus
2587 4194 2646 4248 in
2678 4193 2956 4249 comitatu
2987 4194 3257 4250 Gunfridi
3280 4197 3628 4252 Nortmanni

1976 4281 2114 4338 olim
2164 4282 2351 4338 hostis
2402 4283 2512 4348 sui,
2575 4283 2817 4338 Romam
2865 4283 3112 4352 delatus,
3179 4289 3377 4341 sancte
3425 4288 3480 4341 et
3529 4286 3622 4356 pie

1979 4371 2331 4427 obdormivit
2360 4370 2419 4426 in
2443 4371 2688 4427 Domino
2709 4390 2805 4427 xxv
2827 4373 3112 4428 Kalendas
3135 4373 3291 4439 Maii,
3311 4377 3624 4445 postquam

190 4467 505 4521 Adversus
523 4465 918 4520 Nortmannos
938 4461 1610 4534 auxiliumimperatoris
1631 4460 1798 4534 petiit
1813 4465 1868 4518 et
1900 4481 1946 4545 ι)
1979 4461 2227 4517 sedisset
2257 4477 2440 4517 annos
2465 4463 2519 4530 5,
2553 4477 2786 4518 menses
2831 4465 2865 4515 2
2895 4466 2950 4518 et
2999 4461 3122 4517 dies
3171 4464 3222 4517 8.
3259 4461 3533 4534 Sepultus
3564 4462 3625 4516 in

190 4555 566 4627 impetravit.
598 4555 744 4609 Cum
776 4552 1111 4609 Wormatiaa
1164 4567 1280 4606 una
1330 4567 1464 4606 cum
1518 4550 1866 4624 imperatore

1977 4545 2215 4606 basilica
2229 4551 2415 4606 sancti
2430 4550 2602 4620 Petri,
2610 4552 2777 4620 juxta
2790 4550 3123 4622 sepulcrum
3139 4551 3324 4606 sancti
3339 4550 3622 4622 Gregorii,

186 4644 467 4700 natalem
481 4643 888 4715 Redemptoris
902 4640 1238 4709 celebraret,
1259 4644 1491 4713 postero
1504 4640 1614 4707 die,
1636 4644 1871 4712 propter
1980 4639 2277 4695 miraculis
2305 4639 2695 4695 celeberrimis
2719 4639 2944 4694 claruit.
2979 4639 3236 4695 Cessavit
3256 4639 3628 4714 episcopatus

186 4732 645 4789 inobedientem
680 4732 995 4788 diaconum
1027 4729 1369 4787 auctoritate
1401 4729 1718 4801 apostolica
1747 4747 1874 4785 sus-

187 4839 489 4895 pensum,
511 4822 623 4896 ipsi
647 4837 784 4878 cum
804 4820 1110 4894 Luitpoldo
1134 4819 1477 4893 Moguntino
1498 4821 1625 4876 orta
1645 4818 1756 4877 fuit
1773 4817 1875 4877 illa

547 5672 810 5746 PATROL.
859 5672 1118 5743 CXLIII.

1981 4745 2213 4787 menses
2245 4728 2516 4785 undecim
2547 4733 2602 4785 et
2628 4728 2751 4785 dies
2783 4727 2988 4803 viginti
3018 4732 3288 4802 quatuor.

3243 5667 3319 5728 18
