  <div class='ocr_page' id='page_1' title='image "/cluster/home/n/w/nwhite01/storage/ocr_20150623/143/hvd.32044054760038/285.png"; bbox 0 0 4102 6174; ppageno 0'>
   <div class='ocr_carea' id='block_1_1' title="bbox 451 304 564 366">
    <p class='ocr_par' dir='ltr' id='par_1_1' title="bbox 451 304 564 366">
     <span class='ocr_line' id='line_1_1' title="bbox 451 304 564 366; baseline 0.035 -3"><span class='ocrx_word' id='word_1_1' title='bbox 451 304 564 366; x_wconf 77' lang='lat'><strong>555</strong></span> 
     </span>
    </p>
   </div>
   <div class='ocr_carea' id='block_1_2' title="bbox 1825 297 2478 359">
    <p class='ocr_par' dir='ltr' id='par_1_2' title="bbox 1825 297 2478 359">
     <span class='ocr_line' id='line_1_2' title="bbox 1825 297 2478 359; baseline -0.003 -1"><span class='ocrx_word' id='word_1_2' title='bbox 1825 301 1886 358; x_wconf 86' lang='lat' dir='ltr'><strong>S.</strong></span> <span class='ocrx_word' id='word_1_3' title='bbox 1931 297 2082 359; x_wconf 88' lang='lat' dir='ltr'><strong>LEO</strong></span> <span class='ocrx_word' id='word_1_4' title='bbox 2124 297 2202 359; x_wconf 88' lang='lat' dir='ltr'><strong>IX</strong></span> <span class='ocrx_word' id='word_1_5' title='bbox 2247 297 2478 358; x_wconf 82' lang='lat' dir='ltr'><strong>PAPA.</strong></span> 
     </span>
    </p>
   </div>
   <div class='ocr_carea' id='block_1_3' title="bbox 3737 295 3856 356">
    <p class='ocr_par' dir='ltr' id='par_1_3' title="bbox 3737 295 3856 356">
     <span class='ocr_line' id='line_1_3' title="bbox 3737 295 3856 356; baseline -0.017 0"><span class='ocrx_word' id='word_1_6' title='bbox 3737 295 3856 356; x_wconf 82' lang='lat'><strong>556</strong></span> 
     </span>
    </p>
   </div>
   <div class='ocr_carea' id='block_1_4' title="bbox 1363 573 2956 664">
    <p class='ocr_par' dir='ltr' id='par_1_4' title="bbox 1363 573 2956 664">
     <span class='ocr_line' id='line_1_4' title="bbox 1363 573 2956 664; baseline 0 -3"><span class='ocrx_word' id='word_1_7' title='bbox 1363 577 1507 664; x_wconf 89' lang='lat' dir='ltr'><strong>DE</strong></span> <span class='ocrx_word' id='word_1_8' title='bbox 1569 573 2202 662; x_wconf 88' lang='lat' dir='ltr'><strong>SCHISMATE</strong></span> <span class='ocrx_word' id='word_1_9' title='bbox 2263 574 2956 664; x_wconf 63' lang='lat' dir='ltr'><strong>GRzECORUM</strong></span> 
     </span>
    </p>
   </div>
   <div class='ocr_carea' id='block_1_5' title="bbox 911 749 3378 814">
    <p class='ocr_par' dir='ltr' id='par_1_5' title="bbox 911 749 3378 814">
     <span class='ocr_line' id='line_1_5' title="bbox 911 749 3378 814; baseline -0.002 0"><span class='ocrx_word' id='word_1_10' title='bbox 911 759 1044 814; x_wconf 79' lang='lat' dir='ltr'><strong>PER</strong></span> <span class='ocrx_word' id='word_1_11' title='bbox 1080 756 1501 814; x_wconf 82' lang='lat' dir='ltr'><strong>MICHAELEM</strong></span> <span class='ocrx_word' id='word_1_12' title='bbox 1541 750 2012 809; x_wconf 77' lang='lat' dir='ltr'><strong>CERULARIUM</strong></span> <span class='ocrx_word' id='word_1_13' title='bbox 2056 750 2127 806; x_wconf 89' lang='lat' dir='ltr'><strong>IN</strong></span> <span class='ocrx_word' id='word_1_14' title='bbox 2170 750 2534 806; x_wconf 80' lang='lat' dir='ltr'><strong>ROMANAM</strong></span> <span class='ocrx_word' id='word_1_15' title='bbox 2576 749 2971 809; x_wconf 87' lang='lat' dir='ltr'><strong>ECCLESIAM</strong></span> <span class='ocrx_word' id='word_1_16' title='bbox 3021 752 3378 810; x_wconf 81' lang='lat' dir='ltr'><strong>EXCI&#39;I‘ATO</strong></span> 
     </span>
    </p>
   </div>
   <div class='ocr_carea' id='block_1_6' title="bbox 1573 902 2720 982">
    <p class='ocr_par' dir='ltr' id='par_1_6' title="bbox 1573 902 2720 982">
     <span class='ocr_line' id='line_1_6' title="bbox 1573 902 2720 982; baseline -0.003 -14"><span class='ocrx_word' id='word_1_17' title='bbox 1573 906 1664 968; x_wconf 84' lang='lat' dir='ltr'><strong>Et</strong></span> <span class='ocrx_word' id='word_1_18' title='bbox 1701 905 1774 966; x_wconf 81' lang='lat' dir='ltr'><strong>de</strong></span> <span class='ocrx_word' id='word_1_19' title='bbox 1815 923 2014 965; x_wconf 78' lang='lat' dir='ltr'><strong>eorum</strong></span> <span class='ocrx_word' id='word_1_20' title='bbox 2061 902 2306 982; x_wconf 75' lang='lat' dir='ltr'><strong>objectis</strong></span> <span class='ocrx_word' id='word_1_21' title='bbox 2350 903 2410 962; x_wconf 75' lang='lat' dir='ltr'><strong>in</strong></span> <span class='ocrx_word' id='word_1_22' title='bbox 2455 903 2720 966; x_wconf 69' lang='lat' dir='ltr'><strong>Latinos.</strong></span> 
     </span>
    </p>
   </div>
   <div class='ocr_carea' id='block_1_7' title="bbox 1053 1061 3236 1140">
    <p class='ocr_par' dir='ltr' id='par_1_7' title="bbox 1053 1061 3236 1140">
     <span class='ocr_line' id='line_1_7' title="bbox 1053 1061 3236 1140; baseline -0.002 -16"><span class='ocrx_word' id='word_1_23' title='bbox 1053 1067 1293 1140; x_wconf 87' lang='lat' dir='ltr'><strong>(Mabill.</strong></span> <span class='ocrx_word' id='word_1_24' title='bbox 1327 1069 1455 1124; x_wconf 71' lang='lat' dir='ltr'><strong>Acta.</strong></span> <span class='ocrx_word' id='word_1_25' title='bbox 1484 1067 1563 1124; x_wconf 83' lang='lat' dir='ltr'><em>SS</em></span> <span class='ocrx_word' id='word_1_26' title='bbox 1614 1065 1730 1122; x_wconf 77' lang='lat' dir='ltr'><strong>0rd.</strong></span> <span class='ocrx_word' id='word_1_27' title='bbox 1763 1065 1818 1120; x_wconf 92' lang='lat' dir='ltr'><strong>S.</strong></span> <span class='ocrx_word' id='word_1_28' title='bbox 1855 1062 2074 1130; x_wconf 76' lang='lat' dir='ltr'><strong>Bened.,</strong></span> <span class='ocrx_word' id='word_1_29' title='bbox 2105 1061 2308 1119; x_wconf 69' lang='lat' dir='ltr'><strong>Szeculi</strong></span> <span class='ocrx_word' id='word_1_30' title='bbox 2340 1061 2416 1117; x_wconf 84' lang='lat' dir='ltr'><strong>Vl</strong></span> <span class='ocrx_word' id='word_1_31' title='bbox 2447 1067 2608 1135; x_wconf 89' lang='lat' dir='ltr'><strong>parte</strong></span> <span class='ocrx_word' id='word_1_32' title='bbox 2643 1082 2704 1132; x_wconf 75' lang='grc' dir='ltr'><strong>ιι,</strong></span> <span class='ocrx_word' id='word_1_33' title='bbox 2739 1064 2947 1134; x_wconf 81' lang='lat' dir='ltr'><strong>Praef.,</strong></span> <span class='ocrx_word' id='word_1_34' title='bbox 2980 1081 3112 1138; x_wconf 93' lang='lat' dir='ltr'><strong>pag.</strong></span> <span class='ocrx_word' id='word_1_35' title='bbox 3151 1069 3236 1135; x_wconf 76' lang='lat' dir='ltr'><strong>In)</strong></span> 
     </span>
    </p>
   </div>
   <div class='ocr_carea' id='block_1_8' title="bbox 1942 1221 2341 1233">
    <p class='ocr_par' dir='ltr' id='par_1_8' title="bbox 1942 1221 2341 1233">
     <span class='ocr_line' id='line_1_8' title="bbox 1942 1221 2341 1233; baseline -0.003 0"><span class='ocrx_word' id='word_1_36' title='bbox 1942 1221 2341 1233; x_wconf 54' lang='grc' dir='ltr'><strong>..ι-*-</strong></span> 
     </span>
    </p>
   </div>
   <div class='ocr_carea' id='block_1_9' title="bbox 517 1320 3859 1401">
    <p class='ocr_par' dir='ltr' id='par_1_9' title="bbox 517 1320 3859 1401">
     <span class='ocr_line' id='line_1_9' title="bbox 517 1320 3859 1401; baseline 0 -15"><span class='ocrx_word' id='word_1_37' title='bbox 517 1332 544 1386; x_wconf 94' lang='grc'><strong>1</strong></span> <span class='ocrx_word' id='word_1_38' title='bbox 557 1371 571 1386; x_wconf 92' lang='grc'><strong>.</strong></span> <span class='ocrx_word' id='word_1_39' title='bbox 584 1330 717 1387; x_wconf 84' lang='lat' dir='ltr'><strong>Jam</strong></span> <span class='ocrx_word' id='word_1_40' title='bbox 730 1327 868 1386; x_wconf 89' lang='lat' dir='ltr'><strong>anni</strong></span> <span class='ocrx_word' id='word_1_41' title='bbox 882 1329 998 1384; x_wconf 91' lang='lat' dir='ltr'><strong>fere</strong></span> <span class='ocrx_word' id='word_1_42' title='bbox 1011 1327 1618 1384; x_wconf 90' lang='lat' dir='ltr'><strong>ducentiaschismate</strong></span> <span class='ocrx_word' id='word_1_43' title='bbox 1632 1325 1911 1380; x_wconf 90' lang='lat' dir='ltr'><strong>Photiano</strong></span> <span class='ocrx_word' id='word_1_44' title='bbox 1928 1321 2088 1378; x_wconf 84' lang='lat' dir='ltr'><strong>efflu-</strong></span> <span class='ocrx_word' id='word_1_45' title='bbox 2118 1320 2172 1386; x_wconf 75' lang='grc' dir='ltr'>Α</span> <span class='ocrx_word' id='word_1_46' title='bbox 2201 1335 2325 1375; x_wconf 89' lang='lat' dir='ltr'><strong>cem</strong></span> <span class='ocrx_word' id='word_1_47' title='bbox 2357 1326 2414 1375; x_wconf 91' lang='lat' dir='ltr'><strong>et</strong></span> <span class='ocrx_word' id='word_1_48' title='bbox 2438 1323 2684 1378; x_wconf 79' lang='lat' dir='ltr'><strong>fratrum</strong></span> <span class='ocrx_word' id='word_1_49' title='bbox 2703 1333 2981 1380; x_wconf 87' lang='lat' dir='ltr'><strong>amorem.</strong></span> <span class='ocrx_word' id='word_1_50' title='bbox 2998 1323 3258 1395; x_wconf 85' lang='lat' dir='ltr'><strong>Denique</strong></span> <span class='ocrx_word' id='word_1_51' title='bbox 3275 1324 3466 1381; x_wconf 88' lang='lat' dir='ltr'><strong>multa</strong></span> <span class='ocrx_word' id='word_1_52' title='bbox 3483 1325 3686 1384; x_wconf 77' lang='lat' dir='ltr'><strong>itidem</strong></span> <span class='ocrx_word' id='word_1_53' title='bbox 3700 1330 3859 1401; x_wconf 87' lang='lat' dir='ltr'><strong>apud</strong></span> 
     </span>
    </p>
   </div>
   <div class='ocr_carea' id='block_1_10' title="bbox 443 1410 2089 1486">
    <p class='ocr_par' dir='ltr' id='par_1_10' title="bbox 443 1410 2089 1486">
     <span class='ocr_line' id='line_1_10' title="bbox 443 1410 2089 1486; baseline -0.006 -12"><span class='ocrx_word' id='word_1_54' title='bbox 443 1422 668 1486; x_wconf 87' lang='lat' dir='ltr'><strong>xerant,</strong></span> <span class='ocrx_word' id='word_1_55' title='bbox 701 1432 835 1472; x_wconf 91' lang='lat' dir='ltr'><strong>cum</strong></span> <span class='ocrx_word' id='word_1_56' title='bbox 865 1416 1114 1472; x_wconf 85' lang='lat' dir='ltr'><strong>necdum</strong></span> <span class='ocrx_word' id='word_1_57' title='bbox 1147 1415 1292 1471; x_wconf 89' lang='lat' dir='ltr'><strong>bene</strong></span> <span class='ocrx_word' id='word_1_58' title='bbox 1321 1416 1575 1469; x_wconf 90' lang='lat' dir='ltr'><strong>obducta</strong></span> <span class='ocrx_word' id='word_1_59' title='bbox 1613 1412 1830 1468; x_wconf 71' lang='grc' dir='ltr'><strong>οἱοτιιρίί</strong></span> <span class='ocrx_word' id='word_1_60' title='bbox 1851 1428 1899 1468; x_wconf 85' lang='lat' dir='ltr'><strong>c.</strong></span> <span class='ocrx_word' id='word_1_61' title='bbox 1934 1410 2089 1464; x_wconf 84' lang='lat' dir='ltr'><strong>aliud</strong></span> 
     </span>
    </p>
   </div>
   <div class='ocr_carea' id='block_1_11' title="bbox 445 1499 2094 1578">
    <p class='ocr_par' dir='ltr' id='par_1_11' title="bbox 445 1499 2094 1578">
     <span class='ocr_line' id='line_1_11' title="bbox 445 1499 2094 1578; baseline -0.006 -16"><span class='ocrx_word' id='word_1_62' title='bbox 445 1523 563 1562; x_wconf 90' lang='lat' dir='ltr'><strong>non</strong></span> <span class='ocrx_word' id='word_1_63' title='bbox 587 1505 784 1561; x_wconf 89' lang='lat' dir='ltr'><strong>minus</strong></span> <span class='ocrx_word' id='word_1_64' title='bbox 797 1504 1213 1578; x_wconf 90' lang='lat' dir='ltr'><strong>perniciosum,</strong></span> <span class='ocrx_word' id='word_1_65' title='bbox 1228 1507 1284 1559; x_wconf 91' lang='lat' dir='ltr'><strong>et</strong></span> <span class='ocrx_word' id='word_1_66' title='bbox 1300 1503 1579 1558; x_wconf 82' lang='lat' dir='ltr'><strong>hactenus</strong></span> <span class='ocrx_word' id='word_1_67' title='bbox 1598 1502 1762 1557; x_wconf 73' lang='lat' dir='ltr'><strong>insan</strong></span> <span class='ocrx_word' id='word_1_68' title='bbox 1774 1501 1841 1556; x_wconf 71' lang='lat' dir='ltr'><strong>at.</strong></span> <span class='ocrx_word' id='word_1_69' title='bbox 1854 1502 1862 1553; x_wconf 86' lang='lat' dir='ltr'><strong>i</strong></span> <span class='ocrx_word' id='word_1_70' title='bbox 1873 1499 1922 1554; x_wconf 92' lang='lat' dir='ltr'><strong>le</strong></span> <span class='ocrx_word' id='word_1_71' title='bbox 1940 1515 2038 1553; x_wconf 70' lang='grc' dir='ltr'><strong>-ικο</strong></span> <span class='ocrx_word' id='word_1_72' title='bbox 2049 1517 2094 1551; x_wconf 90' lang='lat' dir='ltr'><strong>r-</strong></span> 
     </span>
    </p>
   </div>
   <div class='ocr_carea' id='block_1_12' title="bbox 442 1588 2096 1670">
    <p class='ocr_par' dir='ltr' id='par_1_12' title="bbox 442 1588 2096 1670">
     <span class='ocr_line' id='line_1_12' title="bbox 442 1588 2096 1670; baseline -0.005 -20"><span class='ocrx_word' id='word_1_73' title='bbox 442 1598 572 1650; x_wconf 88' lang='lat' dir='ltr'><strong>tum</strong></span> <span class='ocrx_word' id='word_1_74' title='bbox 593 1597 700 1650; x_wconf 88' lang='lat' dir='ltr'><strong>est.</strong></span> <span class='ocrx_word' id='word_1_75' title='bbox 726 1593 862 1648; x_wconf 84' lang='lat' dir='ltr'><strong>Post</strong></span> <span class='ocrx_word' id='word_1_76' title='bbox 882 1597 1130 1670; x_wconf 88' lang='lat' dir='ltr'><strong>mortem</strong></span> <span class='ocrx_word' id='word_1_77' title='bbox 1149 1591 1362 1664; x_wconf 87' lang='lat' dir='ltr'><strong>quippe</strong></span> <span class='ocrx_word' id='word_1_78' title='bbox 1385 1591 1567 1646; x_wconf 88' lang='lat' dir='ltr'><strong>Alexii</strong></span> <span class='ocrx_word' id='word_1_79' title='bbox 1595 1588 1935 1662; x_wconf 80' lang='lat' dir='ltr'><strong>patriarchae</strong></span> <span class='ocrx_word' id='word_1_80' title='bbox 1955 1588 2096 1643; x_wconf 86' lang='lat' dir='ltr'><strong>Con-</strong></span> 
     </span>
    </p>
   </div>
   <div class='ocr_carea' id='block_1_13' title="bbox 443 1676 2093 1754">
    <p class='ocr_par' dir='ltr' id='par_1_13' title="bbox 443 1676 2093 1754">
     <span class='ocr_line' id='line_1_13' title="bbox 443 1676 2093 1754; baseline -0.005 -14"><span class='ocrx_word' id='word_1_81' title='bbox 443 1680 968 1754; x_wconf 88' lang='lat' dir='ltr'><strong>stantinopolitani,</strong></span> <span class='ocrx_word' id='word_1_82' title='bbox 995 1698 1123 1752; x_wconf 72' lang='lat' dir='ltr'><strong>quae</strong></span> <span class='ocrx_word' id='word_1_83' title='bbox 1145 1698 1297 1737; x_wconf 91' lang='lat' dir='ltr'><strong>anno</strong></span> <span class='ocrx_word' id='word_1_84' title='bbox 1317 1679 1626 1736; x_wconf 89' lang='lat' dir='ltr'><strong>millesimo</strong></span> <span class='ocrx_word' id='word_1_85' title='bbox 1645 1676 2093 1751; x_wconf 88' lang='lat' dir='ltr'><strong>quadragesimo</strong></span> 
     </span>
    </p>
   </div>
   <div class='ocr_carea' id='block_1_14' title="bbox 444 1765 2092 1843">
    <p class='ocr_par' dir='ltr' id='par_1_14' title="bbox 444 1765 2092 1843">
     <span class='ocr_line' id='line_1_14' title="bbox 444 1765 2092 1843; baseline -0.004 -16"><span class='ocrx_word' id='word_1_86' title='bbox 444 1775 674 1843; x_wconf 89' lang='lat' dir='ltr'><strong>quarto,</strong></span> <span class='ocrx_word' id='word_1_87' title='bbox 707 1787 909 1826; x_wconf 86' lang='lat' dir='ltr'><strong>mense</strong></span> <span class='ocrx_word' id='word_1_88' title='bbox 942 1769 1253 1824; x_wconf 84' lang='lat' dir='ltr'><strong>Februario</strong></span> <span class='ocrx_word' id='word_1_89' title='bbox 1286 1769 1519 1830; x_wconf 82' lang='lat' dir='ltr'><strong>accidit,</strong></span> <span class='ocrx_word' id='word_1_90' title='bbox 1543 1768 1895 1840; x_wconf 79' lang='lat' dir='ltr'><strong>subrogatus</strong></span> <span class='ocrx_word' id='word_1_91' title='bbox 1925 1767 2014 1821; x_wconf 85' lang='lat' dir='ltr'><strong>est</strong></span> <span class='ocrx_word' id='word_1_92' title='bbox 2035 1765 2092 1820; x_wconf 94' lang='lat' dir='ltr'><strong>in</strong></span> 
     </span>
    </p>
   </div>
   <div class='ocr_carea' id='block_1_15' title="bbox 442 1856 2095 1932">
    <p class='ocr_par' dir='ltr' id='par_1_15' title="bbox 442 1856 2095 1932">
     <span class='ocr_line' id='line_1_15' title="bbox 442 1856 2095 1932; baseline -0.004 -17"><span class='ocrx_word' id='word_1_93' title='bbox 442 1860 571 1932; x_wconf 88' lang='lat' dir='ltr'><strong>ejus</strong></span> <span class='ocrx_word' id='word_1_94' title='bbox 595 1859 790 1915; x_wconf 89' lang='lat' dir='ltr'><strong>locum</strong></span> <span class='ocrx_word' id='word_1_95' title='bbox 823 1857 1090 1926; x_wconf 88' lang='lat' dir='ltr'><strong>Michael,</strong></span> <span class='ocrx_word' id='word_1_96' title='bbox 1127 1862 1508 1931; x_wconf 87' lang='lat' dir='ltr'><strong>cognomento</strong></span> <span class='ocrx_word' id='word_1_97' title='bbox 1546 1856 1898 1918; x_wconf 85' lang='lat' dir='ltr'><strong>Cerularius,</strong></span> <span class='ocrx_word' id='word_1_98' title='bbox 1924 1857 2017 1926; x_wconf 88' lang='lat' dir='ltr'><strong>qui</strong></span> <span class='ocrx_word' id='word_1_99' title='bbox 2063 1873 2095 1909; x_wconf 90' lang='lat' dir='ltr'><strong>a</strong></span> 
     </span>
    </p>
   </div>
   <div class='ocr_carea' id='block_1_16' title="bbox 440 1944 2093 2020">
    <p class='ocr_par' dir='ltr' id='par_1_16' title="bbox 440 1944 2093 2020">
     <span class='ocr_line' id='line_1_16' title="bbox 440 1944 2093 2020; baseline -0.002 -16"><span class='ocrx_word' id='word_1_100' title='bbox 440 1949 661 2004; x_wconf 86' lang='lat' dir='ltr'><strong>Joanne</strong></span> <span class='ocrx_word' id='word_1_101' title='bbox 690 1963 968 2020; x_wconf 88' lang='lat' dir='ltr'><strong>germano</strong></span> <span class='ocrx_word' id='word_1_102' title='bbox 998 1945 1296 2002; x_wconf 85' lang='lat' dir='ltr'><strong>Michaelis</strong></span> <span class='ocrx_word' id='word_1_103' title='bbox 1336 1945 1705 2018; x_wconf 83' lang='lat' dir='ltr'><strong>imperatoris</strong></span> <span class='ocrx_word' id='word_1_104' title='bbox 1739 1945 1799 2000; x_wconf 92' lang='lat' dir='ltr'><strong>in</strong></span> <span class='ocrx_word' id='word_1_105' title='bbox 1823 1944 2093 2000; x_wconf 80' lang='lat' dir='ltr'><strong>exsilium</strong></span> 
     </span>
    </p>
   </div>
   <div class='ocr_carea' id='block_1_17' title="bbox 444 2034 2094 2108">
    <p class='ocr_par' dir='ltr' id='par_1_17' title="bbox 444 2034 2094 2108">
     <span class='ocr_line' id='line_1_17' title="bbox 444 2034 2094 2108; baseline -0.004 -16"><span class='ocrx_word' id='word_1_106' title='bbox 444 2040 611 2092; x_wconf 91' lang='lat' dir='ltr'><strong>actus</strong></span> <span class='ocrx_word' id='word_1_107' title='bbox 659 2036 852 2092; x_wconf 79' lang='lat' dir='ltr'><strong>fuerat</strong></span> <span class='ocrx_word' id='word_1_108' title='bbox 899 2036 972 2091; x_wconf 92' lang='lat' dir='ltr'><strong>ob</strong></span> <span class='ocrx_word' id='word_1_109' title='bbox 1015 2034 1384 2108; x_wconf 84' lang='lat' dir='ltr'><strong>tyrannidem</strong></span> <span class='ocrx_word' id='word_1_110' title='bbox 1443 2035 1793 2097; x_wconf 76' lang='lat' dir='ltr'><strong>affectatam,</strong></span> <span class='ocrx_word' id='word_1_111' title='bbox 1842 2038 2094 2088; x_wconf 77' lang='lat' dir='ltr'><strong>testante</strong></span> 
     </span>
    </p>
   </div>
   <div class='ocr_carea' id='block_1_18' title="bbox 441 2119 2094 2197">
    <p class='ocr_par' dir='ltr' id='par_1_18' title="bbox 441 2119 2094 2197">
     <span class='ocr_line' id='line_1_18' title="bbox 441 2119 2094 2197; baseline -0.003 -16"><span class='ocrx_word' id='word_1_112' title='bbox 441 2126 668 2182; x_wconf 82' lang='lat' dir='ltr'><strong>Joanne</strong></span> <span class='ocrx_word' id='word_1_113' title='bbox 687 2123 1057 2197; x_wconf 88' lang='lat' dir='ltr'><strong>Curopalata.</strong></span> <span class='ocrx_word' id='word_1_114' title='bbox 1081 2124 1229 2178; x_wconf 87' lang='lat' dir='ltr'><strong>Hinc</strong></span> <span class='ocrx_word' id='word_1_115' title='bbox 1260 2123 1586 2195; x_wconf 83' lang='lat' dir='ltr'><strong>neophytus</strong></span> <span class='ocrx_word' id='word_1_116' title='bbox 1613 2123 1684 2177; x_wconf 91' lang='lat' dir='ltr'><strong>ad</strong></span> <span class='ocrx_word' id='word_1_117' title='bbox 1709 2119 2094 2193; x_wconf 88' lang='lat' dir='ltr'><strong>patriarchale</strong></span> 
     </span>
    </p>
   </div>
   <div class='ocr_carea' id='block_1_19' title="bbox 441 2210 2094 2284">
    <p class='ocr_par' dir='ltr' id='par_1_19' title="bbox 441 2210 2094 2284">
     <span class='ocr_line' id='line_1_19' title="bbox 441 2210 2094 2284; baseline -0.004 -14"><span class='ocrx_word' id='word_1_118' title='bbox 441 2218 675 2270; x_wconf 90' lang='lat' dir='ltr'><strong>evectus</strong></span> <span class='ocrx_word' id='word_1_119' title='bbox 709 2213 1029 2284; x_wconf 87' lang='lat' dir='ltr'><strong>fastigium,</strong></span> <span class='ocrx_word' id='word_1_120' title='bbox 1074 2211 1461 2267; x_wconf 87' lang='lat' dir='ltr'><strong>Alexandrino</strong></span> <span class='ocrx_word' id='word_1_121' title='bbox 1510 2215 1565 2264; x_wconf 93' lang='lat' dir='ltr'><strong>et</strong></span> <span class='ocrx_word' id='word_1_122' title='bbox 1613 2210 1974 2266; x_wconf 84' lang='lat' dir='ltr'><strong>Antiocheno</strong></span> <span class='ocrx_word' id='word_1_123' title='bbox 1999 2227 2094 2281; x_wconf 87' lang='lat' dir='ltr'><strong>pa-</strong></span> 
     </span>
    </p>
   </div>
   <div class='ocr_carea' id='block_1_20' title="bbox 441 2298 2094 2372">
    <p class='ocr_par' dir='ltr' id='par_1_20' title="bbox 441 2298 2094 2372">
     <span class='ocr_line' id='line_1_20' title="bbox 441 2298 2094 2372; baseline -0.001 -16"><span class='ocrx_word' id='word_1_124' title='bbox 441 2300 715 2357; x_wconf 90' lang='lat' dir='ltr'><strong>triarchis</strong></span> <span class='ocrx_word' id='word_1_125' title='bbox 745 2317 885 2356; x_wconf 91' lang='lat' dir='ltr'><strong>suas</strong></span> <span class='ocrx_word' id='word_1_126' title='bbox 915 2299 1324 2372; x_wconf 68' lang='lat' dir='ltr'><strong>praerogativas</strong></span> <span class='ocrx_word' id='word_1_127' title='bbox 1363 2299 1666 2355; x_wconf 86' lang='lat' dir='ltr'><strong>detrahere</strong></span> <span class='ocrx_word' id='word_1_128' title='bbox 1695 2303 1956 2366; x_wconf 83' lang='lat' dir='ltr'><strong>conatus,</strong></span> <span class='ocrx_word' id='word_1_129' title='bbox 1990 2298 2094 2354; x_wconf 85' lang='lat' dir='ltr'><strong>de—</strong></span> 
     </span>
    </p>
   </div>
   <div class='ocr_carea' id='block_1_21' title="bbox 444 2387 2092 2460">
    <p class='ocr_par' dir='ltr' id='par_1_21' title="bbox 444 2387 2092 2460">
     <span class='ocr_line' id='line_1_21' title="bbox 444 2387 2092 2460; baseline -0.001 -16"><span class='ocrx_word' id='word_1_130' title='bbox 444 2403 610 2444; x_wconf 90' lang='lat' dir='ltr'><strong>mum</strong></span> <span class='ocrx_word' id='word_1_131' title='bbox 635 2387 696 2442; x_wconf 91' lang='lat' dir='ltr'><strong>in</strong></span> <span class='ocrx_word' id='word_1_132' title='bbox 728 2388 1058 2444; x_wconf 84' lang='lat' dir='ltr'><strong>Romanum</strong></span> <span class='ocrx_word' id='word_1_133' title='bbox 1089 2387 1444 2460; x_wconf 83' lang='lat' dir='ltr'><strong>pontificem,</strong></span> <span class='ocrx_word' id='word_1_134' title='bbox 1479 2391 1777 2459; x_wconf 87' lang='lat' dir='ltr'><strong>totamque</strong></span> <span class='ocrx_word' id='word_1_135' title='bbox 1825 2387 2092 2443; x_wconf 88' lang='lat' dir='ltr'><strong>Latinam</strong></span> 
     </span>
    </p>
   </div>
   <div class='ocr_carea' id='block_1_22' title="bbox 444 2475 2090 2548">
    <p class='ocr_par' dir='ltr' id='par_1_22' title="bbox 444 2475 2090 2548">
     <span class='ocr_line' id='line_1_22' title="bbox 444 2475 2090 2548; baseline 0 -17"><span class='ocrx_word' id='word_1_136' title='bbox 444 2475 765 2533; x_wconf 90' lang='lat' dir='ltr'><strong>Ecclesiam</strong></span> <span class='ocrx_word' id='word_1_137' title='bbox 792 2491 855 2533; x_wconf 85' lang='lat' dir='ltr'><strong>se</strong></span> <span class='ocrx_word' id='word_1_138' title='bbox 885 2477 1188 2542; x_wconf 84' lang='lat' dir='ltr'><strong>convertit,</strong></span> <span class='ocrx_word' id='word_1_139' title='bbox 1221 2476 1410 2548; x_wconf 88' lang='lat' dir='ltr'><strong>specie</strong></span> <span class='ocrx_word' id='word_1_140' title='bbox 1440 2477 1672 2547; x_wconf 88' lang='lat' dir='ltr'><strong>quidem</strong></span> <span class='ocrx_word' id='word_1_141' title='bbox 1719 2480 1785 2530; x_wconf 89' lang='lat' dir='ltr'><strong>ut</strong></span> <span class='ocrx_word' id='word_1_142' title='bbox 1815 2489 1947 2530; x_wconf 86' lang='lat' dir='ltr'><strong>cum</strong></span> <span class='ocrx_word' id='word_1_143' title='bbox 1981 2477 2090 2531; x_wconf 81' lang='lat' dir='ltr'><strong>Ro-</strong></span> 
     </span>
    </p>
   </div>
   <div class='ocr_carea' id='block_1_23' title="bbox 445 2563 2090 2638">
    <p class='ocr_par' dir='ltr' id='par_1_23' title="bbox 445 2563 2090 2638">
     <span class='ocr_line' id='line_1_23' title="bbox 445 2563 2090 2638; baseline -0.001 -17"><span class='ocrx_word' id='word_1_144' title='bbox 445 2581 620 2622; x_wconf 90' lang='lat' dir='ltr'><strong>mano</strong></span> <span class='ocrx_word' id='word_1_145' title='bbox 651 2565 923 2638; x_wconf 82' lang='lat' dir='ltr'><strong>pontifice</strong></span> <span class='ocrx_word' id='word_1_146' title='bbox 957 2569 1017 2622; x_wconf 93' lang='lat' dir='ltr'><strong>et</strong></span> <span class='ocrx_word' id='word_1_147' title='bbox 1064 2566 1270 2620; x_wconf 89' lang='lat' dir='ltr'><strong>Latina</strong></span> <span class='ocrx_word' id='word_1_148' title='bbox 1314 2563 1572 2620; x_wconf 82' lang='lat' dir='ltr'><strong>Ecclesia</strong></span> <span class='ocrx_word' id='word_1_149' title='bbox 1620 2566 2090 2620; x_wconf 87' lang='lat' dir='ltr'><strong>communionem</strong></span> 
     </span>
    </p>
   </div>
   <div class='ocr_carea' id='block_1_24' title="bbox 445 2653 2167 2749">
    <p class='ocr_par' dir='ltr' id='par_1_24' title="bbox 445 2653 2167 2749">
     <span class='ocr_line' id='line_1_24' title="bbox 445 2653 2167 2749; baseline -0.002 -38"><span class='ocrx_word' id='word_1_150' title='bbox 445 2653 707 2722; x_wconf 82' lang='lat' dir='ltr'><strong>sarciret,</strong></span> <span class='ocrx_word' id='word_1_151' title='bbox 742 2655 843 2710; x_wconf 89' lang='lat' dir='ltr'><strong>sed</strong></span> <span class='ocrx_word' id='word_1_152' title='bbox 876 2671 936 2710; x_wconf 91' lang='lat' dir='ltr'><strong>re</strong></span> <span class='ocrx_word' id='word_1_153' title='bbox 963 2655 1090 2726; x_wconf 72' lang='lat' dir='ltr'><strong>ipsa</strong></span> <span class='ocrx_word' id='word_1_154' title='bbox 1120 2658 1183 2708; x_wconf 93' lang='lat' dir='ltr'><strong>ut</strong></span> <span class='ocrx_word' id='word_1_155' title='bbox 1210 2671 1420 2710; x_wconf 86' lang='lat' dir='ltr'><strong>causas</strong></span> <span class='ocrx_word' id='word_1_156' title='bbox 1451 2655 1684 2726; x_wconf 82' lang='lat' dir='ltr'><strong>utrique</strong></span> <span class='ocrx_word' id='word_1_157' title='bbox 1728 2654 2084 2710; x_wconf 88' lang='lat' dir='ltr'><strong>conviciandi</strong></span> <span class='ocrx_word' id='word_1_158' title='bbox 2121 2685 2167 2749; x_wconf 77' lang='grc' dir='ltr'><strong>Β</strong></span> 
     </span>
    </p>
   </div>
   <div class='ocr_carea' id='block_1_25' title="bbox 444 2743 2087 2817">
    <p class='ocr_par' dir='ltr' id='par_1_25' title="bbox 444 2743 2087 2817">
     <span class='ocr_line' id='line_1_25' title="bbox 444 2743 2087 2817; baseline -0.001 -18"><span class='ocrx_word' id='word_1_159' title='bbox 444 2748 730 2817; x_wconf 79' lang='lat' dir='ltr'><strong>quaereret</strong></span> <span class='ocrx_word' id='word_1_160' title='bbox 767 2761 833 2800; x_wconf 93' lang='lat' dir='ltr'><strong>ac</strong></span> <span class='ocrx_word' id='word_1_161' title='bbox 881 2747 1235 2816; x_wconf 68' lang='lat' dir='ltr'><strong>praetexeret.</strong></span> <span class='ocrx_word' id='word_1_162' title='bbox 1290 2745 1452 2799; x_wconf 91' lang='lat' dir='ltr'><strong>Tunc</strong></span> <span class='ocrx_word' id='word_1_163' title='bbox 1504 2745 1775 2800; x_wconf 68' lang='lat' dir='ltr'><strong>Romanae</strong></span> <span class='ocrx_word' id='word_1_164' title='bbox 1823 2743 2087 2799; x_wconf 81' lang='lat' dir='ltr'><strong>Ecclesiae</strong></span> 
     </span>
    </p>
   </div>
   <div class='ocr_carea' id='block_1_26' title="bbox 442 2831 2091 2908">
    <p class='ocr_par' dir='ltr' id='par_1_26' title="bbox 442 2831 2091 2908">
     <span class='ocr_line' id='line_1_26' title="bbox 442 2831 2091 2908; baseline -0.002 -18"><span class='ocrx_word' id='word_1_165' title='bbox 442 2838 688 2908; x_wconf 68' lang='lat' dir='ltr'><strong>praeerat</strong></span> <span class='ocrx_word' id='word_1_166' title='bbox 701 2833 810 2890; x_wconf 91' lang='lat' dir='ltr'><strong>Leo</strong></span> <span class='ocrx_word' id='word_1_167' title='bbox 831 2833 922 2902; x_wconf 89' lang='lat' dir='ltr'><strong>1X,</strong></span> <span class='ocrx_word' id='word_1_168' title='bbox 946 2832 1196 2889; x_wconf 91' lang='lat' dir='ltr'><strong>Damaso</strong></span> <span class='ocrx_word' id='word_1_169' title='bbox 1215 2833 1469 2889; x_wconf 88' lang='lat' dir='ltr'><strong>secundo</strong></span> <span class='ocrx_word' id='word_1_170' title='bbox 1491 2834 1773 2889; x_wconf 73' lang='lat' dir='ltr'><strong>suffectus</strong></span> <span class='ocrx_word' id='word_1_171' title='bbox 1794 2850 1946 2888; x_wconf 89' lang='lat' dir='ltr'><strong>anno</strong></span> <span class='ocrx_word' id='word_1_172' title='bbox 1965 2831 2091 2887; x_wconf 89' lang='lat' dir='ltr'><strong>mil-</strong></span> 
     </span>
    </p>
   </div>
   <div class='ocr_carea' id='block_1_27' title="bbox 440 2923 2089 2996">
    <p class='ocr_par' dir='ltr' id='par_1_27' title="bbox 440 2923 2089 2996">
     <span class='ocr_line' id='line_1_27' title="bbox 440 2923 2089 2996; baseline -0.001 -17"><span class='ocrx_word' id='word_1_173' title='bbox 440 2924 649 2980; x_wconf 90' lang='lat' dir='ltr'><strong>lesimo</strong></span> <span class='ocrx_word' id='word_1_174' title='bbox 680 2923 1128 2995; x_wconf 89' lang='lat' dir='ltr'><strong>quadragesimo</strong></span> <span class='ocrx_word' id='word_1_175' title='bbox 1163 2939 1338 2988; x_wconf 89' lang='lat' dir='ltr'><strong>nono,</strong></span> <span class='ocrx_word' id='word_1_176' title='bbox 1371 2939 1486 2994; x_wconf 91' lang='lat' dir='ltr'><strong>quo</strong></span> <span class='ocrx_word' id='word_1_177' title='bbox 1516 2928 1776 2996; x_wconf 79' lang='lat' dir='ltr'><strong>tempore</strong></span> <span class='ocrx_word' id='word_1_178' title='bbox 1815 2923 1994 2979; x_wconf 75' lang='lat' dir='ltr'><strong>Graeci</strong></span> <span class='ocrx_word' id='word_1_179' title='bbox 2030 2923 2089 2978; x_wconf 92' lang='lat' dir='ltr'><strong>in</strong></span> 
     </span>
    </p>
   </div>
   <div class='ocr_carea' id='block_1_28' title="bbox 443 3011 2092 3084">
    <p class='ocr_par' dir='ltr' id='par_1_28' title="bbox 443 3011 2092 3084">
     <span class='ocr_line' id='line_1_28' title="bbox 443 3011 2092 3084; baseline 0.001 -18"><span class='ocrx_word' id='word_1_180' title='bbox 443 3011 1314 3084; x_wconf 79' lang='lat' dir='ltr'><strong>Apuliacontraimperiatorem</strong></span> <span class='ocrx_word' id='word_1_181' title='bbox 1340 3012 1773 3067; x_wconf 87' lang='lat' dir='ltr'><strong>rebellaverant.</strong></span> <span class='ocrx_word' id='word_1_182' title='bbox 1797 3013 1912 3067; x_wconf 90' lang='lat' dir='ltr'><strong>Hac</strong></span> <span class='ocrx_word' id='word_1_183' title='bbox 1933 3029 2092 3067; x_wconf 87' lang='lat' dir='ltr'><strong>occa-</strong></span> 
     </span>
    </p>
   </div>
   <div class='ocr_carea' id='block_1_29' title="bbox 443 3101 2122 3174">
    <p class='ocr_par' dir='ltr' id='par_1_29' title="bbox 443 3101 2122 3174">
     <span class='ocr_line' id='line_1_29' title="bbox 443 3101 2122 3174; baseline 0.001 -17"><span class='ocrx_word' id='word_1_184' title='bbox 443 3103 606 3158; x_wconf 88' lang='lat' dir='ltr'><strong>sione</strong></span> <span class='ocrx_word' id='word_1_185' title='bbox 627 3101 961 3157; x_wconf 88' lang='lat' dir='ltr'><strong>Cerularius</strong></span> <span class='ocrx_word' id='word_1_186' title='bbox 986 3101 1210 3157; x_wconf 89' lang='lat' dir='ltr'><strong>litteras</strong></span> <span class='ocrx_word' id='word_1_187' title='bbox 1233 3101 1468 3172; x_wconf 89' lang='lat' dir='ltr'><strong>scripsit</strong></span> <span class='ocrx_word' id='word_1_188' title='bbox 1486 3102 1554 3156; x_wconf 89' lang='lat' dir='ltr'><strong>ad</strong></span> <span class='ocrx_word' id='word_1_189' title='bbox 1583 3102 1827 3156; x_wconf 91' lang='lat' dir='ltr'><strong>Leonem</strong></span> <span class='ocrx_word' id='word_1_190' title='bbox 1854 3119 2088 3174; x_wconf 84' lang='lat' dir='ltr'><strong>papam,</strong></span> <span class='ocrx_word' id='word_1_191' title='bbox 2113 3133 2122 3140; x_wconf 74' lang='grc' dir='ltr'><strong><em>ο</em></strong></span> 
     </span>
    </p>
   </div>
   <div class='ocr_carea' id='block_1_30' title="bbox 438 3190 2091 3262">
    <p class='ocr_par' dir='ltr' id='par_1_30' title="bbox 438 3190 2091 3262">
     <span class='ocr_line' id='line_1_30' title="bbox 438 3190 2091 3262; baseline -0.001 -15"><span class='ocrx_word' id='word_1_192' title='bbox 438 3209 564 3248; x_wconf 83' lang='lat' dir='ltr'><strong>cum</strong></span> <span class='ocrx_word' id='word_1_193' title='bbox 589 3192 786 3257; x_wconf 81' lang='lat' dir='ltr'><strong>multa,</strong></span> <span class='ocrx_word' id='word_1_194' title='bbox 817 3195 882 3245; x_wconf 92' lang='lat' dir='ltr'><strong>ut</strong></span> <span class='ocrx_word' id='word_1_195' title='bbox 902 3191 1188 3262; x_wconf 84' lang='lat' dir='ltr'><strong>ipse(ll2)</strong></span> <span class='ocrx_word' id='word_1_196' title='bbox 1216 3190 1427 3258; x_wconf 91' lang='lat' dir='ltr'><strong>aiebat,</strong></span> <span class='ocrx_word' id='word_1_197' title='bbox 1461 3192 1805 3246; x_wconf 78' lang='lat' dir='ltr'><strong>humilitate:</strong></span> <span class='ocrx_word' id='word_1_198' title='bbox 1825 3215 1852 3241; x_wconf 84' lang='lat'><strong>«</strong></span> <span class='ocrx_word' id='word_1_199' title='bbox 1877 3198 2001 3246; x_wconf 91' lang='lat' dir='ltr'><strong>tum</strong></span> <span class='ocrx_word' id='word_1_200' title='bbox 2027 3198 2091 3246; x_wconf 91' lang='lat' dir='ltr'><strong>ut</strong></span> 
     </span>
    </p>
   </div>
   <div class='ocr_carea' id='block_1_31' title="bbox 445 3277 2089 3352">
    <p class='ocr_par' dir='ltr' id='par_1_31' title="bbox 445 3277 2089 3352">
     <span class='ocr_line' id='line_1_31' title="bbox 445 3277 2089 3352; baseline 0 -17"><span class='ocrx_word' id='word_1_201' title='bbox 445 3282 557 3335; x_wconf 91' lang='lat' dir='ltr'><strong>Leo</strong></span> <span class='ocrx_word' id='word_1_202' title='bbox 618 3296 754 3334; x_wconf 88' lang='lat' dir='ltr'><strong>cum</strong></span> <span class='ocrx_word' id='word_1_203' title='bbox 812 3277 1024 3333; x_wconf 75' lang='lat' dir='ltr'><strong>Graecis</strong></span> <span class='ocrx_word' id='word_1_204' title='bbox 1072 3279 1274 3332; x_wconf 87' lang='lat' dir='ltr'><strong>eadem</strong></span> <span class='ocrx_word' id='word_1_205' title='bbox 1338 3279 1599 3347; x_wconf 87' lang='lat' dir='ltr'><strong>sentiret,</strong></span> <span class='ocrx_word' id='word_1_206' title='bbox 1655 3286 2089 3352; x_wconf 90' lang='lat' dir='ltr'><strong>removeretque</strong></span> 
     </span>
    </p>
   </div>
   <div class='ocr_carea' id='block_1_32' title="bbox 442 3365 2090 3437">
    <p class='ocr_par' dir='ltr' id='par_1_32' title="bbox 442 3365 2090 3437">
     <span class='ocr_line' id='line_1_32' title="bbox 442 3365 2090 3437; baseline 0.001 -15"><span class='ocrx_word' id='word_1_207' title='bbox 442 3365 722 3424; x_wconf 86' lang='lat' dir='ltr'><strong>scandala</strong></span> <span class='ocrx_word' id='word_1_208' title='bbox 786 3381 917 3437; x_wconf 61' lang='lat' dir='ltr'><strong>quae</strong></span> <span class='ocrx_word' id='word_1_209' title='bbox 962 3367 1032 3420; x_wconf 93' lang='lat' dir='ltr'><strong>de</strong></span> <span class='ocrx_word' id='word_1_210' title='bbox 1082 3366 1302 3421; x_wconf 85' lang='lat' dir='ltr'><strong>Latinis</strong></span> <span class='ocrx_word' id='word_1_211' title='bbox 1350 3367 1888 3423; x_wconf 88' lang='lat' dir='ltr'><strong>circunferebantur</strong></span> <span class='ocrx_word' id='word_1_212' title='bbox 1937 3370 2090 3424; x_wconf 86' lang='lat' dir='ltr'><strong>circa</strong></span> 
     </span>
    </p>
   </div>
   <div class='ocr_carea' id='block_1_33' title="bbox 443 3454 2086 3525">
    <p class='ocr_par' dir='ltr' id='par_1_33' title="bbox 443 3454 2086 3525">
     <span class='ocr_line' id='line_1_33' title="bbox 443 3454 2086 3525; baseline 0.001 -16"><span class='ocrx_word' id='word_1_213' title='bbox 443 3454 822 3510; x_wconf 82' lang='lat' dir='ltr'><strong>orthodoxam</strong></span> <span class='ocrx_word' id='word_1_214' title='bbox 854 3454 1049 3518; x_wconf 82' lang='lat' dir='ltr'><strong>ﬁdem,</strong></span> <span class='ocrx_word' id='word_1_215' title='bbox 1083 3459 1208 3507; x_wconf 90' lang='lat' dir='ltr'><strong>tum</strong></span> <span class='ocrx_word' id='word_1_216' title='bbox 1250 3459 1314 3508; x_wconf 93' lang='lat' dir='ltr'><strong>ut</strong></span> <span class='ocrx_word' id='word_1_217' title='bbox 1344 3455 1535 3525; x_wconf 90' lang='lat' dir='ltr'><strong>ipsum</strong></span> <span class='ocrx_word' id='word_1_218' title='bbox 1589 3456 1701 3510; x_wconf 89' lang='lat' dir='ltr'><strong>sibi</strong></span> <span class='ocrx_word' id='word_1_219' title='bbox 1747 3457 2086 3511; x_wconf 88' lang='lat' dir='ltr'><strong>benevolum</strong></span> 
     </span>
    </p>
   </div>
   <div class='ocr_carea' id='block_1_34' title="bbox 440 3543 2089 3614">
    <p class='ocr_par' dir='ltr' id='par_1_34' title="bbox 440 3543 2089 3614">
     <span class='ocr_line' id='line_1_34' title="bbox 440 3543 2089 3614; baseline 0.001 -16"><span class='ocrx_word' id='word_1_220' title='bbox 440 3543 726 3610; x_wconf 89' lang='lat' dir='ltr'><strong>redderet,</strong></span> <span class='ocrx_word' id='word_1_221' title='bbox 755 3557 870 3612; x_wconf 92' lang='lat' dir='ltr'><strong>quo</strong></span> <span class='ocrx_word' id='word_1_222' title='bbox 902 3558 1004 3614; x_wconf 90' lang='lat' dir='ltr'><strong>per</strong></span> <span class='ocrx_word' id='word_1_223' title='bbox 1023 3557 1158 3596; x_wconf 90' lang='lat' dir='ltr'><strong>eum</strong></span> <span class='ocrx_word' id='word_1_224' title='bbox 1192 3543 1540 3597; x_wconf 86' lang='lat' dir='ltr'><strong>Francorum</strong></span> <span class='ocrx_word' id='word_1_225' title='bbox 1574 3544 1853 3598; x_wconf 76' lang='lat' dir='ltr'><strong>auxilium</strong></span> <span class='ocrx_word' id='word_1_226' title='bbox 1887 3551 2089 3601; x_wconf 91' lang='lat' dir='ltr'><strong>contra</strong></span> 
     </span>
    </p>
   </div>
   <div class='ocr_carea' id='block_1_35' title="bbox 440 3629 2086 3702">
    <p class='ocr_par' dir='ltr' id='par_1_35' title="bbox 440 3629 2086 3702">
     <span class='ocr_line' id='line_1_35' title="bbox 440 3629 2086 3702; baseline 0.001 -15"><span class='ocrx_word' id='word_1_227' title='bbox 440 3632 669 3688; x_wconf 70' lang='lat' dir='ltr'><strong>Graecos</strong></span> <span class='ocrx_word' id='word_1_228' title='bbox 691 3629 936 3686; x_wconf 89' lang='lat' dir='ltr'><strong>rebelles</strong></span> <span class='ocrx_word' id='word_1_229' title='bbox 951 3631 1283 3702; x_wconf 90' lang='lat' dir='ltr'><strong>imperatori</strong></span> <span class='ocrx_word' id='word_1_230' title='bbox 1301 3637 1688 3702; x_wconf 84' lang='lat' dir='ltr'><strong>procuraret.»</strong></span> <span class='ocrx_word' id='word_1_231' title='bbox 1711 3634 1925 3688; x_wconf 88' lang='lat' dir='ltr'><strong>Eodem</strong></span> <span class='ocrx_word' id='word_1_232' title='bbox 1938 3638 2086 3688; x_wconf 89' lang='lat' dir='ltr'><strong>tem-</strong></span> 
     </span>
    </p>
   </div>
   <div class='ocr_carea' id='block_1_36' title="bbox 439 3719 2084 3795">
    <p class='ocr_par' dir='ltr' id='par_1_36' title="bbox 439 3719 2084 3795">
     <span class='ocr_line' id='line_1_36' title="bbox 439 3719 2084 3795; baseline -0.001 -17"><span class='ocrx_word' id='word_1_233' title='bbox 439 3738 577 3795; x_wconf 91' lang='lat' dir='ltr'><strong>pore</strong></span> <span class='ocrx_word' id='word_1_234' title='bbox 607 3721 810 3776; x_wconf 89' lang='lat' dir='ltr'><strong>Petrus</strong></span> <span class='ocrx_word' id='word_1_235' title='bbox 835 3719 1166 3792; x_wconf 89' lang='lat' dir='ltr'><strong>patriarcha</strong></span> <span class='ocrx_word' id='word_1_236' title='bbox 1197 3736 1380 3775; x_wconf 91' lang='lat' dir='ltr'><strong>novus</strong></span> <span class='ocrx_word' id='word_1_237' title='bbox 1415 3721 1666 3776; x_wconf 67' lang='lat' dir='ltr'><strong>ecclesiae</strong></span> <span class='ocrx_word' id='word_1_238' title='bbox 1689 3721 2084 3784; x_wconf 66' lang='lat' dir='ltr'><strong>Antiochense,</strong></span> 
     </span>
    </p>
   </div>
   <div class='ocr_carea' id='block_1_37' title="bbox 437 3809 2090 3883">
    <p class='ocr_par' dir='ltr' id='par_1_37' title="bbox 437 3809 2090 3883">
     <span class='ocr_line' id='line_1_37' title="bbox 437 3809 2090 3883; baseline -0.001 -16"><span class='ocrx_word' id='word_1_239' title='bbox 437 3827 587 3883; x_wconf 71' lang='lat' dir='ltr'><strong>quae,</strong></span> <span class='ocrx_word' id='word_1_240' title='bbox 621 3809 704 3865; x_wconf 85' lang='lat' dir='ltr'><strong>uti</strong></span> <span class='ocrx_word' id='word_1_241' title='bbox 734 3815 792 3865; x_wconf 92' lang='lat' dir='ltr'><strong>et</strong></span> <span class='ocrx_word' id='word_1_242' title='bbox 809 3809 1215 3873; x_wconf 86' lang='lat' dir='ltr'><strong>Alexandrina,</strong></span> <span class='ocrx_word' id='word_1_243' title='bbox 1240 3811 1555 3880; x_wconf 86' lang='lat' dir='ltr'><strong>quamdam</strong></span> <span class='ocrx_word' id='word_1_244' title='bbox 1581 3826 1812 3882; x_wconf 87' lang='lat' dir='ltr'><strong>semper</strong></span> <span class='ocrx_word' id='word_1_245' title='bbox 1830 3827 2090 3866; x_wconf 89' lang='lat' dir='ltr'><strong>commu-</strong></span> 
     </span>
    </p>
   </div>
   <div class='ocr_carea' id='block_1_38' title="bbox 438 3898 2086 3964">
    <p class='ocr_par' dir='ltr' id='par_1_38' title="bbox 438 3898 2086 3964">
     <span class='ocr_line' id='line_1_38' title="bbox 438 3898 2086 3964; baseline 0 -9"><span class='ocrx_word' id='word_1_246' title='bbox 438 3901 674 3955; x_wconf 88' lang='lat' dir='ltr'><strong>nionem</strong></span> <span class='ocrx_word' id='word_1_247' title='bbox 705 3915 839 3954; x_wconf 90' lang='lat' dir='ltr'><strong>cum</strong></span> <span class='ocrx_word' id='word_1_248' title='bbox 872 3898 1092 3953; x_wconf 90' lang='lat' dir='ltr'><strong>Latinis</strong></span> <span class='ocrx_word' id='word_1_249' title='bbox 1133 3900 1470 3964; x_wconf 88' lang='lat' dir='ltr'><strong>retinuerat,</strong></span> <span class='ocrx_word' id='word_1_250' title='bbox 1523 3898 1745 3954; x_wconf 83' lang='lat' dir='ltr'><strong>litteras</strong></span> <span class='ocrx_word' id='word_1_251' title='bbox 1783 3916 1914 3953; x_wconf 91' lang='lat' dir='ltr'><strong>cum</strong></span> <span class='ocrx_word' id='word_1_252' title='bbox 1953 3901 2086 3955; x_wconf 84' lang='lat' dir='ltr'><strong>fidei</strong></span> 
     </span>
    </p>
   </div>
   <div class='ocr_carea' id='block_1_39' title="bbox 437 3986 2078 4060">
    <p class='ocr_par' dir='ltr' id='par_1_39' title="bbox 437 3986 2078 4060">
     <span class='ocr_line' id='line_1_39' title="bbox 437 3986 2078 4060; baseline 0.002 -19"><span class='ocrx_word' id='word_1_253' title='bbox 437 3986 735 4042; x_wconf 68' lang='lat' dir='ltr'><strong>catholicae</strong></span> <span class='ocrx_word' id='word_1_254' title='bbox 766 3987 1127 4058; x_wconf 76' lang='lat' dir='ltr'><strong>professione</strong></span> <span class='ocrx_word' id='word_1_255' title='bbox 1150 3986 1309 4042; x_wconf 90' lang='lat' dir='ltr'><strong>misit</strong></span> <span class='ocrx_word' id='word_1_256' title='bbox 1339 3988 1412 4042; x_wconf 88' lang='lat' dir='ltr'><strong>ad</strong></span> <span class='ocrx_word' id='word_1_257' title='bbox 1449 3989 1694 4044; x_wconf 87' lang='lat' dir='ltr'><strong>Leonem</strong></span> <span class='ocrx_word' id='word_1_258' title='bbox 1728 3989 2078 4060; x_wconf 83' lang='lat' dir='ltr'><strong>pontificem,</strong></span> 
     </span>
    </p>
   </div>
   <div class='ocr_carea' id='block_1_40' title="bbox 437 4049 2155 4150">
    <p class='ocr_par' dir='ltr' id='par_1_40' title="bbox 437 4049 2155 4150">
     <span class='ocr_line' id='line_1_40' title="bbox 437 4049 2155 4150; baseline 0.003 -21"><span class='ocrx_word' id='word_1_259' title='bbox 437 4076 538 4146; x_wconf 88' lang='lat' dir='ltr'><strong>qui</strong></span> <span class='ocrx_word' id='word_1_260' title='bbox 564 4077 693 4146; x_wconf 85' lang='lat' dir='ltr'><strong>ejus</strong></span> <span class='ocrx_word' id='word_1_261' title='bbox 715 4049 1139 4148; x_wconf 73' lang='lat' dir='ltr'><strong>promotionem</strong></span> <span class='ocrx_word' id='word_1_262' title='bbox 1162 4076 1421 4132; x_wconf 87' lang='lat' dir='ltr'><strong>laudavit</strong></span> <span class='ocrx_word' id='word_1_263' title='bbox 1442 4049 1940 4150; x_wconf 75' lang='lat' dir='ltr'><strong>confirmavitque.</strong></span> <span class='ocrx_word' id='word_1_264' title='bbox 1957 4049 2081 4134; x_wconf 84' lang='lat' dir='ltr'><strong>Non</strong></span> <span class='ocrx_word' id='word_1_265' title='bbox 2113 4049 2155 4116; x_wconf 68' lang='grc' dir='ltr'>Ο</span> 
     </span>
    </p>
   </div>
   <div class='ocr_carea' id='block_1_41' title="bbox 434 4163 2091 4223">
    <p class='ocr_par' dir='ltr' id='par_1_41' title="bbox 434 4163 2091 4223">
     <span class='ocr_line' id='line_1_41' title="bbox 434 4163 2091 4223; baseline 0.002 -4"><span class='ocrx_word' id='word_1_266' title='bbox 434 4163 570 4220; x_wconf 89' lang='lat' dir='ltr'><strong>tulit</strong></span> <span class='ocrx_word' id='word_1_267' title='bbox 603 4163 752 4218; x_wconf 90' lang='lat' dir='ltr'><strong>hanc</strong></span> <span class='ocrx_word' id='word_1_268' title='bbox 796 4163 946 4218; x_wconf 90' lang='lat' dir='ltr'><strong>Petri</strong></span> <span class='ocrx_word' id='word_1_269' title='bbox 978 4163 1322 4219; x_wconf 84' lang='lat' dir='ltr'><strong>Antiocheni</strong></span> <span class='ocrx_word' id='word_1_270' title='bbox 1377 4167 1830 4222; x_wconf 88' lang='lat' dir='ltr'><strong>moderationem</strong></span> <span class='ocrx_word' id='word_1_271' title='bbox 1864 4169 2091 4223; x_wconf 88' lang='lat' dir='ltr'><strong>Cerula-</strong></span> 
     </span>
    </p>
   </div>
   <div class='ocr_carea' id='block_1_42' title="bbox 439 4252 2089 4328">
    <p class='ocr_par' dir='ltr' id='par_1_42' title="bbox 439 4252 2089 4328">
     <span class='ocr_line' id='line_1_42' title="bbox 439 4252 2089 4328; baseline 0.002 -19"><span class='ocrx_word' id='word_1_272' title='bbox 439 4254 582 4320; x_wconf 90' lang='lat' dir='ltr'><strong>rius,</strong></span> <span class='ocrx_word' id='word_1_273' title='bbox 609 4268 960 4325; x_wconf 81' lang='lat' dir='ltr'><strong>magnopere</strong></span> <span class='ocrx_word' id='word_1_274' title='bbox 982 4252 1322 4324; x_wconf 89' lang='lat' dir='ltr'><strong>improbans</strong></span> <span class='ocrx_word' id='word_1_275' title='bbox 1342 4255 1493 4324; x_wconf 90' lang='lat' dir='ltr'><strong>quod</strong></span> <span class='ocrx_word' id='word_1_276' title='bbox 1514 4257 1838 4311; x_wconf 82' lang='lat' dir='ltr'><strong>Romanum</strong></span> <span class='ocrx_word' id='word_1_277' title='bbox 1861 4261 2089 4328; x_wconf 83' lang='lat' dir='ltr'><strong>pontifi-</strong></span> 
     </span>
    </p>
   </div>
   <div class='ocr_carea' id='block_1_43' title="bbox 437 4340 2082 4412">
    <p class='ocr_par' dir='ltr' id='par_1_43' title="bbox 437 4340 2082 4412">
     <span class='ocr_line' id='line_1_43' title="bbox 437 4340 2082 4412; baseline 0.002 -14"><span class='ocrx_word' id='word_1_278' title='bbox 437 4359 562 4398; x_wconf 92' lang='lat' dir='ltr'><strong>cem</strong></span> <span class='ocrx_word' id='word_1_279' title='bbox 584 4343 642 4397; x_wconf 92' lang='lat' dir='ltr'><strong>in</strong></span> <span class='ocrx_word' id='word_1_280' title='bbox 665 4341 850 4398; x_wconf 86' lang='lat' dir='ltr'><strong>sacris</strong></span> <span class='ocrx_word' id='word_1_281' title='bbox 867 4340 1157 4412; x_wconf 85' lang='lat' dir='ltr'><strong>diptychis</strong></span> <span class='ocrx_word' id='word_1_282' title='bbox 1189 4349 1688 4399; x_wconf 87' lang='lat' dir='ltr'><strong>commemoraret.</strong></span> <span class='ocrx_word' id='word_1_283' title='bbox 1711 4345 1859 4408; x_wconf 88' lang='lat' dir='ltr'><strong>Quin</strong></span> <span class='ocrx_word' id='word_1_284' title='bbox 1887 4347 2082 4410; x_wconf 85' lang='lat' dir='ltr'><strong>etiam,</strong></span> 
     </span>
    </p>
   </div>
   <div class='ocr_carea' id='block_1_44' title="bbox 438 4430 2083 4508">
    <p class='ocr_par' dir='ltr' id='par_1_44' title="bbox 438 4430 2083 4508">
     <span class='ocr_line' id='line_1_44' title="bbox 438 4430 2083 4508; baseline 0.001 -20"><span class='ocrx_word' id='word_1_285' title='bbox 438 4430 733 4504; x_wconf 88' lang='lat' dir='ltr'><strong>adjunctis</strong></span> <span class='ocrx_word' id='word_1_286' title='bbox 757 4430 868 4486; x_wconf 91' lang='lat' dir='ltr'><strong>sibi</strong></span> <span class='ocrx_word' id='word_1_287' title='bbox 894 4431 1082 4486; x_wconf 89' lang='lat' dir='ltr'><strong>Leone</strong></span> <span class='ocrx_word' id='word_1_288' title='bbox 1104 4431 1393 4486; x_wconf 86' lang='lat' dir='ltr'><strong>Acridano</strong></span> <span class='ocrx_word' id='word_1_289' title='bbox 1419 4432 1852 4506; x_wconf 86' lang='lat' dir='ltr'><strong>archiepiscopo</strong></span> <span class='ocrx_word' id='word_1_290' title='bbox 1876 4435 2083 4508; x_wconf 87' lang='lat' dir='ltr'><strong>Bulga-</strong></span> 
     </span>
    </p>
   </div>
   <div class='ocr_carea' id='block_1_45' title="bbox 434 4519 2082 4594">
    <p class='ocr_par' dir='ltr' id='par_1_45' title="bbox 434 4519 2082 4594">
     <span class='ocr_line' id='line_1_45' title="bbox 434 4519 2082 4594; baseline 0.003 -18"><span class='ocrx_word' id='word_1_291' title='bbox 434 4538 656 4587; x_wconf 90' lang='lat' dir='ltr'><strong>rorum,</strong></span> <span class='ocrx_word' id='word_1_292' title='bbox 690 4525 748 4576; x_wconf 90' lang='lat' dir='ltr'><strong>et</strong></span> <span class='ocrx_word' id='word_1_293' title='bbox 776 4519 975 4576; x_wconf 88' lang='lat' dir='ltr'><strong>Niceta</strong></span> <span class='ocrx_word' id='word_1_294' title='bbox 995 4520 1314 4588; x_wconf 89' lang='lat' dir='ltr'><strong>Pectorato,</strong></span> <span class='ocrx_word' id='word_1_295' title='bbox 1355 4521 1532 4576; x_wconf 88' lang='lat' dir='ltr'><strong>variis</strong></span> <span class='ocrx_word' id='word_1_296' title='bbox 1571 4523 1806 4594; x_wconf 86' lang='lat' dir='ltr'><strong>scriptis</strong></span> <span class='ocrx_word' id='word_1_297' title='bbox 1833 4525 2082 4580; x_wconf 88' lang='lat' dir='ltr'><strong>Leonem</strong></span> 
     </span>
    </p>
   </div>
   <div class='ocr_carea' id='block_1_46' title="bbox 436 4608 2086 4686">
    <p class='ocr_par' dir='ltr' id='par_1_46' title="bbox 436 4608 2086 4686">
     <span class='ocr_line' id='line_1_46' title="bbox 436 4608 2086 4686; baseline 0.003 -19"><span class='ocrx_word' id='word_1_298' title='bbox 436 4628 646 4683; x_wconf 89' lang='lat' dir='ltr'><strong>papam</strong></span> <span class='ocrx_word' id='word_1_299' title='bbox 672 4614 728 4666; x_wconf 93' lang='lat' dir='ltr'><strong>et</strong></span> <span class='ocrx_word' id='word_1_300' title='bbox 751 4610 1015 4665; x_wconf 88' lang='lat' dir='ltr'><strong>Latinam</strong></span> <span class='ocrx_word' id='word_1_301' title='bbox 1044 4608 1356 4664; x_wconf 79' lang='lat' dir='ltr'><strong>Ecclesium</strong></span> <span class='ocrx_word' id='word_1_302' title='bbox 1403 4611 1730 4681; x_wconf 78' lang='lat' dir='ltr'><strong>exagitavit.</strong></span> <span class='ocrx_word' id='word_1_303' title='bbox 1769 4614 2086 4686; x_wconf 80' lang='lat' dir='ltr'><strong>Respondit</strong></span> 
     </span>
    </p>
   </div>
   <div class='ocr_carea' id='block_1_47' title="bbox 432 4697 2084 4778">
    <p class='ocr_par' dir='ltr' id='par_1_47' title="bbox 432 4697 2084 4778">
     <span class='ocr_line' id='line_1_47' title="bbox 432 4697 2084 4778; baseline 0.005 -24"><span class='ocrx_word' id='word_1_304' title='bbox 432 4701 502 4754; x_wconf 90' lang='lat' dir='ltr'><strong>ad</strong></span> <span class='ocrx_word' id='word_1_305' title='bbox 530 4697 806 4754; x_wconf 84' lang='lat' dir='ltr'><strong>Cerularii</strong></span> <span class='ocrx_word' id='word_1_306' title='bbox 827 4698 1048 4754; x_wconf 87' lang='lat' dir='ltr'><strong>litteras</strong></span> <span class='ocrx_word' id='word_1_307' title='bbox 1069 4699 1274 4754; x_wconf 90' lang='lat' dir='ltr'><strong>Petrus</strong></span> <span class='ocrx_word' id='word_1_308' title='bbox 1294 4699 1440 4770; x_wconf 87' lang='lat' dir='ltr'><strong>(H3)</strong></span> <span class='ocrx_word' id='word_1_309' title='bbox 1465 4699 1860 4757; x_wconf 85' lang='lat' dir='ltr'><strong>Antiochenus</strong></span> <span class='ocrx_word' id='word_1_310' title='bbox 1881 4721 1947 4760; x_wconf 92' lang='lat' dir='ltr'><strong>ea</strong></span> <span class='ocrx_word' id='word_1_311' title='bbox 1969 4723 2084 4778; x_wconf 89' lang='lat' dir='ltr'><strong>qua</strong></span> 
     </span>
    </p>
   </div>
   <div class='ocr_carea' id='block_1_48' title="bbox 433 4787 2082 4858">
    <p class='ocr_par' dir='ltr' id='par_1_48' title="bbox 433 4787 2082 4858">
     <span class='ocr_line' id='line_1_48' title="bbox 433 4787 2082 4858; baseline 0.008 -19"><span class='ocrx_word' id='word_1_312' title='bbox 433 4787 712 4857; x_wconf 74' lang='lat' dir='ltr'><strong>przeditus</strong></span> <span class='ocrx_word' id='word_1_313' title='bbox 731 4792 855 4841; x_wconf 89' lang='lat' dir='ltr'><strong>erat</strong></span> <span class='ocrx_word' id='word_1_314' title='bbox 876 4787 1291 4850; x_wconf 89' lang='lat' dir='ltr'><strong>moderatione,</strong></span> <span class='ocrx_word' id='word_1_315' title='bbox 1316 4792 1374 4842; x_wconf 90' lang='lat' dir='ltr'><strong>et</strong></span> <span class='ocrx_word' id='word_1_316' title='bbox 1391 4789 1747 4858; x_wconf 82' lang='lat' dir='ltr'><strong>objectiones</strong></span> <span class='ocrx_word' id='word_1_317' title='bbox 1771 4793 1825 4846; x_wconf 91' lang='lat' dir='ltr'><strong>in</strong></span> <span class='ocrx_word' id='word_1_318' title='bbox 1850 4794 2082 4852; x_wconf 91' lang='lat' dir='ltr'><strong>Latinos</strong></span> 
     </span>
    </p>
   </div>
   <div class='ocr_carea' id='block_1_49' title="bbox 433 4873 2078 4953">
    <p class='ocr_par' dir='ltr' id='par_1_49' title="bbox 433 4873 2078 4953">
     <span class='ocr_line' id='line_1_49' title="bbox 433 4873 2078 4953; baseline 0.005 -26"><span class='ocrx_word' id='word_1_319' title='bbox 433 4873 507 4928; x_wconf 90' lang='lat' dir='ltr'><strong>ab</strong></span> <span class='ocrx_word' id='word_1_320' title='bbox 537 4888 603 4928; x_wconf 91' lang='lat' dir='ltr'><strong>eo</strong></span> <span class='ocrx_word' id='word_1_321' title='bbox 635 4873 816 4929; x_wconf 83' lang='lat' dir='ltr'><strong>factas</strong></span> <span class='ocrx_word' id='word_1_322' title='bbox 850 4877 1060 4945; x_wconf 89' lang='lat' dir='ltr'><strong>partim</strong></span> <span class='ocrx_word' id='word_1_323' title='bbox 1090 4874 1332 4947; x_wconf 87' lang='lat' dir='ltr'><strong>insuper</strong></span> <span class='ocrx_word' id='word_1_324' title='bbox 1371 4875 1589 4931; x_wconf 88' lang='lat' dir='ltr'><strong>habuit.</strong></span> <span class='ocrx_word' id='word_1_325' title='bbox 1645 4899 1671 4924; x_wconf 83' lang='lat'><strong><em>«</em></strong></span> <span class='ocrx_word' id='word_1_326' title='bbox 1706 4879 1773 4932; x_wconf 88' lang='lat' dir='ltr'><strong>Et</strong></span> <span class='ocrx_word' id='word_1_327' title='bbox 1804 4879 1918 4934; x_wconf 86' lang='lat' dir='ltr'><strong>alia</strong></span> <span class='ocrx_word' id='word_1_328' title='bbox 1951 4882 2078 4953; x_wconf 87' lang='lat' dir='ltr'><strong>qui-</strong></span> 
     </span>
    </p>
   </div>
   <div class='ocr_carea' id='block_1_50' title="bbox 433 4962 2077 5041">
    <p class='ocr_par' dir='ltr' id='par_1_50' title="bbox 433 4962 2077 5041">
     <span class='ocr_line' id='line_1_50' title="bbox 433 4962 2077 5041; baseline 0.005 -25"><span class='ocrx_word' id='word_1_329' title='bbox 433 4962 587 5031; x_wconf 90' lang='lat' dir='ltr'><strong>dem,</strong></span> <span class='ocrx_word' id='word_1_330' title='bbox 613 4963 824 5034; x_wconf 89' lang='lat' dir='ltr'><strong>inquit,</strong></span> <span class='ocrx_word' id='word_1_331' title='bbox 848 4963 972 5019; x_wconf 89' lang='lat' dir='ltr'><strong>visa</strong></span> <span class='ocrx_word' id='word_1_332' title='bbox 997 4968 1135 5018; x_wconf 90' lang='lat' dir='ltr'><strong>sunt</strong></span> <span class='ocrx_word' id='word_1_333' title='bbox 1160 4965 1522 5032; x_wconf 89' lang='lat' dir='ltr'><strong>detestanda,</strong></span> <span class='ocrx_word' id='word_1_334' title='bbox 1555 4967 1745 5038; x_wconf 90' lang='lat' dir='ltr'><strong>qualis</strong></span> <span class='ocrx_word' id='word_1_335' title='bbox 1781 4975 1871 5023; x_wconf 88' lang='lat' dir='ltr'><strong>est</strong></span> <span class='ocrx_word' id='word_1_336' title='bbox 1897 4973 2077 5041; x_wconf 86' lang='lat' dir='ltr'><strong>parti-</strong></span> 
     </span>
    </p>
   </div>
   <div class='ocr_carea' id='block_1_51' title="bbox 432 5049 2079 5126">
    <p class='ocr_par' dir='ltr' id='par_1_51' title="bbox 432 5049 2079 5126">
     <span class='ocr_line' id='line_1_51' title="bbox 432 5049 2079 5126; baseline 0.006 -21"><span class='ocrx_word' id='word_1_337' title='bbox 432 5049 574 5106; x_wconf 67' lang='lat' dir='ltr'><strong>cula:</strong></span> <span class='ocrx_word' id='word_1_338' title='bbox 597 5051 841 5122; x_wconf 77' lang='lat' dir='ltr'><strong>Filioque</strong></span> <span class='ocrx_word' id='word_1_339' title='bbox 871 5051 1118 5122; x_wconf 89' lang='lat' dir='ltr'><strong>adjectio</strong></span> <span class='ocrx_word' id='word_1_340' title='bbox 1155 5053 1225 5107; x_wconf 89' lang='lat' dir='ltr'><strong>ad</strong></span> <span class='ocrx_word' id='word_1_341' title='bbox 1267 5059 1531 5108; x_wconf 86' lang='lat' dir='ltr'><strong>sanctum</strong></span> <span class='ocrx_word' id='word_1_342' title='bbox 1567 5057 1930 5126; x_wconf 77' lang='lat' dir='ltr'><strong>Symbolum,</strong></span> <span class='ocrx_word' id='word_1_343' title='bbox 1965 5059 2079 5115; x_wconf 89' lang='lat' dir='ltr'><strong>alia</strong></span> 
     </span>
    </p>
   </div>
   <div class='ocr_carea' id='block_1_52' title="bbox 429 5139 2079 5216">
    <p class='ocr_par' dir='ltr' id='par_1_52' title="bbox 429 5139 2079 5216">
     <span class='ocr_line' id='line_1_52' title="bbox 429 5139 2079 5216; baseline 0.004 -22"><span class='ocrx_word' id='word_1_344' title='bbox 429 5156 566 5196; x_wconf 87' lang='lat' dir='ltr'><strong>vero</strong></span> <span class='ocrx_word' id='word_1_345' title='bbox 597 5139 921 5206; x_wconf 88' lang='lat' dir='ltr'><strong>sanabilia;</strong></span> <span class='ocrx_word' id='word_1_346' title='bbox 955 5141 1207 5210; x_wconf 89' lang='lat' dir='ltr'><strong>quadam</strong></span> <span class='ocrx_word' id='word_1_347' title='bbox 1258 5142 1508 5212; x_wconf 79' lang='lat' dir='ltr'><strong>denique</strong></span> <span class='ocrx_word' id='word_1_348' title='bbox 1537 5143 1713 5214; x_wconf 89' lang='lat' dir='ltr'><strong>digna</strong></span> <span class='ocrx_word' id='word_1_349' title='bbox 1745 5162 1873 5216; x_wconf 73' lang='lat' dir='ltr'><strong>qua.-</strong></span> <span class='ocrx_word' id='word_1_350' title='bbox 1904 5147 2079 5203; x_wconf 86' lang='lat' dir='ltr'><strong>dissi-</strong></span> 
     </span>
    </p>
   </div>
   <div class='ocr_carea' id='block_1_53' title="bbox 432 5228 2078 5294">
    <p class='ocr_par' dir='ltr' id='par_1_53' title="bbox 432 5228 2078 5294">
     <span class='ocr_line' id='line_1_53' title="bbox 432 5228 2078 5294; baseline 0.004 -8"><span class='ocrx_word' id='word_1_351' title='bbox 432 5229 752 5286; x_wconf 87' lang='lat' dir='ltr'><strong>mulentur.</strong></span> <span class='ocrx_word' id='word_1_352' title='bbox 804 5228 909 5284; x_wconf 90' lang='lat' dir='ltr'><strong>Ubi</strong></span> <span class='ocrx_word' id='word_1_353' title='bbox 961 5234 1154 5284; x_wconf 90' lang='lat' dir='ltr'><strong>autem</strong></span> <span class='ocrx_word' id='word_1_354' title='bbox 1207 5245 1312 5285; x_wconf 92' lang='lat' dir='ltr'><strong>nec</strong></span> <span class='ocrx_word' id='word_1_355' title='bbox 1355 5233 1508 5286; x_wconf 91' lang='lat' dir='ltr'><strong>circa</strong></span> <span class='ocrx_word' id='word_1_356' title='bbox 1551 5232 1732 5288; x_wconf 91' lang='lat' dir='ltr'><strong>Deum</strong></span> <span class='ocrx_word' id='word_1_357' title='bbox 1780 5252 1883 5290; x_wconf 91' lang='lat' dir='ltr'><strong>nec</strong></span> <span class='ocrx_word' id='word_1_358' title='bbox 1921 5237 2078 5294; x_wconf 90' lang='lat' dir='ltr'><strong>circa</strong></span> 
     </span>
    </p>
   </div>
   <div class='ocr_carea' id='block_1_54' title="bbox 431 5315 2076 5398">
    <p class='ocr_par' dir='ltr' id='par_1_54' title="bbox 431 5315 2076 5398">
     <span class='ocr_line' id='line_1_54' title="bbox 431 5315 2076 5398; baseline 0.007 -28"><span class='ocrx_word' id='word_1_359' title='bbox 431 5317 605 5372; x_wconf 84' lang='lat' dir='ltr'><strong>fidem</strong></span> <span class='ocrx_word' id='word_1_360' title='bbox 636 5315 962 5388; x_wconf 88' lang='lat' dir='ltr'><strong>periculum</strong></span> <span class='ocrx_word' id='word_1_361' title='bbox 993 5321 1102 5384; x_wconf 90' lang='lat' dir='ltr'><strong>est,</strong></span> <span class='ocrx_word' id='word_1_362' title='bbox 1137 5319 1608 5389; x_wconf 79' lang='lat' dir='ltr'><strong>propendendum</strong></span> <span class='ocrx_word' id='word_1_363' title='bbox 1633 5338 1865 5394; x_wconf 90' lang='lat' dir='ltr'><strong>semper</strong></span> <span class='ocrx_word' id='word_1_364' title='bbox 1885 5325 1954 5380; x_wconf 89' lang='lat' dir='ltr'><strong>ad</strong></span> <span class='ocrx_word' id='word_1_365' title='bbox 1979 5344 2076 5398; x_wconf 88' lang='lat' dir='ltr'><strong>pa-</strong></span> 
     </span>
    </p>
   </div>
   <div class='ocr_carea' id='block_1_55' title="bbox 2101 5414 2150 5481">
    <p class='ocr_par' dir='ltr' id='par_1_55' title="bbox 2101 5414 2150 5481">
     <span class='ocr_line' id='line_1_55' title="bbox 2101 5414 2150 5481; baseline 0 0"><span class='ocrx_word' id='word_1_366' title='bbox 2101 5414 2150 5481; x_wconf 92' lang='lat' dir='ltr'><strong>D</strong></span> 
     </span>
    </p>
   </div>
   <div class='ocr_carea' id='block_1_56' title="bbox 528 5475 1654 5549">
    <p class='ocr_par' dir='ltr' id='par_1_56' title="bbox 528 5475 1654 5549">
     <span class='ocr_line' id='line_1_56' title="bbox 528 5475 1654 5549; baseline 0.008 -22"><span class='ocrx_word' id='word_1_367' title='bbox 528 5476 652 5549; x_wconf 63' lang='grc'><strong>112)</strong></span> <span class='ocrx_word' id='word_1_368' title='bbox 681 5475 868 5549; x_wconf 70' lang='grc' dir='ltr'><strong>ςθωι.</strong></span> <span class='ocrx_word' id='word_1_369' title='bbox 902 5475 1070 5549; x_wconf 87' lang='lat' dir='ltr'><strong>epist.</strong></span> <span class='ocrx_word' id='word_1_370' title='bbox 1105 5477 1177 5549; x_wconf 90' lang='lat' dir='ltr'><strong>ad</strong></span> <span class='ocrx_word' id='word_1_371' title='bbox 1208 5477 1358 5532; x_wconf 89' lang='lat' dir='ltr'><strong>Petr.</strong></span> <span class='ocrx_word' id='word_1_372' title='bbox 1393 5480 1654 5537; x_wconf 82' lang='lat' dir='ltr'><strong>Antioch.</strong></span> 
     </span>
    </p>
   </div>
   <div class='ocr_carea' id='block_1_57' title="bbox 526 5545 1962 5637">
    <p class='ocr_par' dir='ltr' id='par_1_57' title="bbox 526 5545 1962 5637">
     <span class='ocr_line' id='line_1_57' title="bbox 526 5545 1962 5637; baseline 0.015 -37"><span class='ocrx_word' id='word_1_373' title='bbox 526 5545 648 5618; x_wconf 82' lang='grc'><strong>118)</strong></span> <span class='ocrx_word' id='word_1_374' title='bbox 677 5545 918 5605; x_wconf 86' lang='lat' dir='ltr'><strong>Coteler.</strong></span> <span class='ocrx_word' id='word_1_375' title='bbox 938 5545 1090 5605; x_wconf 79' lang='lat' dir='ltr'><strong>tom.</strong></span> <span class='ocrx_word' id='word_1_376' title='bbox 1125 5548 1169 5607; x_wconf 90' lang='lat' dir='ltr'><strong>ll</strong></span> <span class='ocrx_word' id='word_1_377' title='bbox 1201 5549 1461 5607; x_wconf 87' lang='lat' dir='ltr'><strong>Monum.</strong></span> <span class='ocrx_word' id='word_1_378' title='bbox 1488 5567 1546 5624; x_wconf 90' lang='lat' dir='ltr'><strong>p.</strong></span> <span class='ocrx_word' id='word_1_379' title='bbox 1581 5555 1684 5610; x_wconf 84' lang='grc'><strong>145</strong></span> <span class='ocrx_word' id='word_1_380' title='bbox 1714 5562 1770 5615; x_wconf 89' lang='lat' dir='ltr'><strong>et</strong></span> <span class='ocrx_word' id='word_1_381' title='bbox 1799 5576 1962 5637; x_wconf 89' lang='lat' dir='ltr'><strong>seqq.</strong></span> 
     </span>
    </p>
   </div>
   <div class='ocr_carea' id='block_1_58' title="bbox 2205 1409 3860 1484">
    <p class='ocr_par' dir='ltr' id='par_1_58' title="bbox 2205 1409 3860 1484">
     <span class='ocr_line' id='line_1_58' title="bbox 2205 1409 3860 1484; baseline 0.006 -22"><span class='ocrx_word' id='word_1_382' title='bbox 2205 1409 2358 1464; x_wconf 81' lang='lat' dir='ltr'><strong>oricn</strong></span> <span class='ocrx_word' id='word_1_383' title='bbox 2371 1415 2381 1433; x_wconf 85' lang='lat'><strong><em>‘</em></strong></span> <span class='ocrx_word' id='word_1_384' title='bbox 2393 1410 2512 1465; x_wconf 75' lang='lat' dir='ltr'><strong>ales</strong></span> <span class='ocrx_word' id='word_1_385' title='bbox 2528 1410 2784 1478; x_wconf 89' lang='lat' dir='ltr'><strong>tolerari,</strong></span> <span class='ocrx_word' id='word_1_386' title='bbox 2802 1430 2926 1484; x_wconf 70' lang='lat' dir='ltr'><strong>quas</strong></span> <span class='ocrx_word' id='word_1_387' title='bbox 2941 1417 3073 1484; x_wconf 89' lang='lat' dir='ltr'><strong>post</strong></span> <span class='ocrx_word' id='word_1_388' title='bbox 3091 1413 3345 1469; x_wconf 87' lang='lat' dir='ltr'><strong>multum</strong></span> <span class='ocrx_word' id='word_1_389' title='bbox 3359 1413 3579 1471; x_wconf 91' lang='lat' dir='ltr'><strong>laboris</strong></span> <span class='ocrx_word' id='word_1_390' title='bbox 3593 1433 3659 1472; x_wconf 91' lang='lat' dir='ltr'><strong>ac</strong></span> <span class='ocrx_word' id='word_1_391' title='bbox 3674 1417 3860 1474; x_wconf 89' lang='lat' dir='ltr'><strong>studii</strong></span> 
     </span>
    </p>
   </div>
   <div class='ocr_carea' id='block_1_59' title="bbox 2204 1499 3860 1578">
    <p class='ocr_par' dir='ltr' id='par_1_59' title="bbox 2204 1499 3860 1578">
     <span class='ocr_line' id='line_1_59' title="bbox 2204 1499 3860 1578; baseline 0.005 -27"><span class='ocrx_word' id='word_1_392' title='bbox 2204 1515 2316 1551; x_wconf 79' lang='lat' dir='ltr'><strong>um</strong></span> <span class='ocrx_word' id='word_1_393' title='bbox 2338 1499 2632 1569; x_wconf 51' lang='lat' dir='ltr'><strong>potuerint</strong></span> <span class='ocrx_word' id='word_1_394' title='bbox 2651 1500 2936 1556; x_wconf 84' lang='lat' dir='ltr'><strong>exscindi.</strong></span> <span class='ocrx_word' id='word_1_395' title='bbox 2961 1502 3122 1566; x_wconf 91' lang='lat' dir='ltr'><strong>Quod</strong></span> <span class='ocrx_word' id='word_1_396' title='bbox 3164 1501 3212 1557; x_wconf 90' lang='lat' dir='ltr'><strong>si</strong></span> <span class='ocrx_word' id='word_1_397' title='bbox 3253 1518 3482 1568; x_wconf 90' lang='lat' dir='ltr'><strong>eorum,</strong></span> <span class='ocrx_word' id='word_1_398' title='bbox 3522 1505 3732 1576; x_wconf 88' lang='lat' dir='ltr'><strong>inquit,</strong></span> <span class='ocrx_word' id='word_1_399' title='bbox 3755 1506 3860 1578; x_wconf 89' lang='lat' dir='ltr'><strong>qui</strong></span> 
     </span>
    </p>
   </div>
   <div class='ocr_carea' id='block_1_60' title="bbox 2203 1587 3860 1663">
    <p class='ocr_par' dir='ltr' id='par_1_60' title="bbox 2203 1587 3860 1663">
     <span class='ocr_line' id='line_1_60' title="bbox 2203 1587 3860 1663; baseline 0.006 -21"><span class='ocrx_word' id='word_1_400' title='bbox 2203 1587 2311 1642; x_wconf 89' lang='lat' dir='ltr'><strong>sub</strong></span> <span class='ocrx_word' id='word_1_401' title='bbox 2335 1587 2502 1643; x_wconf 87' lang='lat' dir='ltr'><strong>nobis</strong></span> <span class='ocrx_word' id='word_1_402' title='bbox 2525 1589 2762 1661; x_wconf 87' lang='lat' dir='ltr'><strong>degunt,</strong></span> <span class='ocrx_word' id='word_1_403' title='bbox 2788 1590 3120 1661; x_wconf 87' lang='lat' dir='ltr'><strong>superiores</strong></span> <span class='ocrx_word' id='word_1_404' title='bbox 3155 1591 3396 1648; x_wconf 89' lang='lat' dir='ltr'><strong>evadere</strong></span> <span class='ocrx_word' id='word_1_405' title='bbox 3431 1609 3548 1649; x_wconf 91' lang='lat' dir='ltr'><strong>non</strong></span> <span class='ocrx_word' id='word_1_406' title='bbox 3571 1593 3860 1663; x_wconf 88' lang='lat' dir='ltr'><strong>valemus,</strong></span> 
     </span>
    </p>
   </div>
   <div class='ocr_carea' id='block_1_61' title="bbox 2201 1675 3858 1754">
    <p class='ocr_par' dir='ltr' id='par_1_61' title="bbox 2201 1675 3858 1754">
     <span class='ocr_line' id='line_1_61' title="bbox 2201 1675 3858 1754; baseline 0.007 -26"><span class='ocrx_word' id='word_1_407' title='bbox 2201 1690 2317 1746; x_wconf 90' lang='lat' dir='ltr'><strong>quo</strong></span> <span class='ocrx_word' id='word_1_408' title='bbox 2341 1680 2507 1746; x_wconf 90' lang='lat' dir='ltr'><strong>pacto</strong></span> <span class='ocrx_word' id='word_1_409' title='bbox 2529 1675 2690 1732; x_wconf 91' lang='lat' dir='ltr'><strong>illam</strong></span> <span class='ocrx_word' id='word_1_410' title='bbox 2709 1681 2941 1749; x_wconf 86' lang='lat' dir='ltr'><strong>gentem</strong></span> <span class='ocrx_word' id='word_1_411' title='bbox 2961 1679 3276 1751; x_wconf 89' lang='lat' dir='ltr'><strong>superbam</strong></span> <span class='ocrx_word' id='word_1_412' title='bbox 3289 1679 3540 1754; x_wconf 70' lang='lat' dir='ltr'><strong>altasque</strong></span> <span class='ocrx_word' id='word_1_413' title='bbox 3561 1684 3804 1740; x_wconf 88' lang='lat' dir='ltr'><strong>cervicis</strong></span> <span class='ocrx_word' id='word_1_414' title='bbox 3825 1701 3858 1739; x_wconf 92' lang='lat' dir='ltr'><strong>a</strong></span> 
     </span>
    </p>
   </div>
   <div class='ocr_carea' id='block_1_62' title="bbox 2203 1762 3855 1840">
    <p class='ocr_par' dir='ltr' id='par_1_62' title="bbox 2203 1762 3855 1840">
     <span class='ocr_line' id='line_1_62' title="bbox 2203 1762 3855 1840; baseline 0.006 -22"><span class='ocrx_word' id='word_1_415' title='bbox 2203 1762 2326 1818; x_wconf 72' lang='lat' dir='ltr'><strong>suis</strong></span> <span class='ocrx_word' id='word_1_416' title='bbox 2348 1765 2875 1822; x_wconf 82' lang='lat' dir='ltr'><strong>consuetudinibus</strong></span> <span class='ocrx_word' id='word_1_417' title='bbox 2899 1785 3164 1824; x_wconf 86' lang='lat' dir='ltr'><strong>revocare</strong></span> <span class='ocrx_word' id='word_1_418' title='bbox 3185 1770 3550 1840; x_wconf 86' lang='lat' dir='ltr'><strong>poterimus?</strong></span> <span class='ocrx_word' id='word_1_419' title='bbox 3570 1775 3855 1828; x_wconf 69' lang='lat' dir='ltr'><strong>Caeterum</strong></span> 
     </span>
    </p>
   </div>
   <div class='ocr_carea' id='block_1_63' title="bbox 2204 1853 3859 1928">
    <p class='ocr_par' dir='ltr' id='par_1_63' title="bbox 2204 1853 3859 1928">
     <span class='ocr_line' id='line_1_63' title="bbox 2204 1853 3859 1928; baseline 0.006 -22"><span class='ocrx_word' id='word_1_420' title='bbox 2204 1869 2319 1906; x_wconf 80' lang='lat' dir='ltr'><strong>non</strong></span> <span class='ocrx_word' id='word_1_421' title='bbox 2343 1853 2505 1908; x_wconf 80' lang='lat' dir='ltr'><strong>facile</strong></span> <span class='ocrx_word' id='word_1_422' title='bbox 2529 1871 2699 1909; x_wconf 87' lang='lat' dir='ltr'><strong>aures</strong></span> <span class='ocrx_word' id='word_1_423' title='bbox 2725 1856 3065 1926; x_wconf 66' lang='lat' dir='ltr'><strong>praebendas</strong></span> <span class='ocrx_word' id='word_1_424' title='bbox 3089 1857 3363 1912; x_wconf 88' lang='lat' dir='ltr'><strong>inanibus</strong></span> <span class='ocrx_word' id='word_1_425' title='bbox 3395 1857 3722 1928; x_wconf 87' lang='lat' dir='ltr'><strong>calumniis,</strong></span> <span class='ocrx_word' id='word_1_426' title='bbox 3750 1877 3859 1916; x_wconf 91' lang='lat' dir='ltr'><strong>nec</strong></span> 
     </span>
    </p>
   </div>
   <div class='ocr_carea' id='block_1_64' title="bbox 2203 1941 3854 2012">
    <p class='ocr_par' dir='ltr' id='par_1_64' title="bbox 2203 1941 3854 2012">
     <span class='ocr_line' id='line_1_64' title="bbox 2203 1941 3854 2012; baseline 0.005 -16"><span class='ocrx_word' id='word_1_427' title='bbox 2203 1941 2637 2012; x_wconf 89' lang='lat' dir='ltr'><strong>suspicionibus</strong></span> <span class='ocrx_word' id='word_1_428' title='bbox 2668 1949 2885 1999; x_wconf 87' lang='lat' dir='ltr'><strong>temere</strong></span> <span class='ocrx_word' id='word_1_429' title='bbox 2929 1943 3260 2000; x_wconf 89' lang='lat' dir='ltr'><strong>habendam</strong></span> <span class='ocrx_word' id='word_1_430' title='bbox 3311 1946 3500 2002; x_wconf 82' lang='lat' dir='ltr'><strong>fidem.</strong></span> <span class='ocrx_word' id='word_1_431' title='bbox 3535 1969 3563 1997; x_wconf 86' lang='lat'>»</span> <span class='ocrx_word' id='word_1_432' title='bbox 3595 1945 3854 2006; x_wconf 79' lang='lat' dir='ltr'><strong>Domum</strong></span> 
     </span>
    </p>
   </div>
   <div class='ocr_carea' id='block_1_65' title="bbox 2201 2030 3851 2105">
    <p class='ocr_par' dir='ltr' id='par_1_65' title="bbox 2201 2030 3851 2105">
     <span class='ocr_line' id='line_1_65' title="bbox 2201 2030 3851 2105; baseline 0.006 -22"><span class='ocrx_word' id='word_1_433' title='bbox 2201 2030 2513 2098; x_wconf 68' lang='lat' dir='ltr'><strong>epistolam</strong></span> <span class='ocrx_word' id='word_1_434' title='bbox 2545 2031 2624 2086; x_wconf 88' lang='lat' dir='ltr'><strong>ita</strong></span> <span class='ocrx_word' id='word_1_435' title='bbox 2646 2031 2944 2087; x_wconf 89' lang='lat' dir='ltr'><strong>concludit</strong></span> <span class='ocrx_word' id='word_1_436' title='bbox 2968 2050 2980 2086; x_wconf 91' lang='lat'>:</span> <span class='ocrx_word' id='word_1_437' title='bbox 3010 2057 3036 2083; x_wconf 70' lang='grc' dir='ltr'><strong>ιι</strong></span> <span class='ocrx_word' id='word_1_438' title='bbox 3058 2039 3248 2105; x_wconf 82' lang='lat' dir='ltr'><strong>Atque</strong></span> <span class='ocrx_word' id='word_1_439' title='bbox 3266 2033 3374 2090; x_wconf 91' lang='lat' dir='ltr'><strong>hoc</strong></span> <span class='ocrx_word' id='word_1_440' title='bbox 3399 2035 3654 2092; x_wconf 89' lang='lat' dir='ltr'><strong>divinam</strong></span> <span class='ocrx_word' id='word_1_441' title='bbox 3676 2041 3851 2094; x_wconf 85' lang='lat' dir='ltr'><strong>tuam</strong></span> 
     </span>
    </p>
   </div>
   <div class='ocr_carea' id='block_1_66' title="bbox 2202 2117 3861 2192">
    <p class='ocr_par' dir='ltr' id='par_1_66' title="bbox 2202 2117 3861 2192">
     <span class='ocr_line' id='line_1_66' title="bbox 2202 2117 3861 2192; baseline 0.005 -20"><span class='ocrx_word' id='word_1_442' title='bbox 2202 2117 2624 2174; x_wconf 87' lang='lat' dir='ltr'><strong>beatitudinem</strong></span> <span class='ocrx_word' id='word_1_443' title='bbox 2665 2121 2970 2176; x_wconf 88' lang='lat' dir='ltr'><strong>admittere</strong></span> <span class='ocrx_word' id='word_1_444' title='bbox 3003 2120 3310 2190; x_wconf 86' lang='lat' dir='ltr'><strong>exhortor;</strong></span> <span class='ocrx_word' id='word_1_445' title='bbox 3353 2140 3445 2192; x_wconf 90' lang='lat' dir='ltr'><strong>ne,</strong></span> <span class='ocrx_word' id='word_1_446' title='bbox 3479 2124 3620 2180; x_wconf 92' lang='lat' dir='ltr'><strong>dum</strong></span> <span class='ocrx_word' id='word_1_447' title='bbox 3650 2126 3861 2181; x_wconf 88' lang='lat' dir='ltr'><strong>omnia</strong></span> 
     </span>
    </p>
   </div>
   <div class='ocr_carea' id='block_1_67' title="bbox 2203 2206 3859 2286">
    <p class='ocr_par' dir='ltr' id='par_1_67' title="bbox 2203 2206 3859 2286">
     <span class='ocr_line' id='line_1_67' title="bbox 2203 2206 3859 2286; baseline 0.006 -26"><span class='ocrx_word' id='word_1_448' title='bbox 2203 2206 2790 2277; x_wconf 81' lang='lat' dir='ltr'><strong>requirimus,omnia</strong></span> <span class='ocrx_word' id='word_1_449' title='bbox 2807 2209 3168 2266; x_wconf 81' lang='lat' dir='ltr'><strong>amittamus.</strong></span> <span class='ocrx_word' id='word_1_450' title='bbox 3191 2234 3216 2259; x_wconf 87' lang='grc'><strong>››</strong></span> <span class='ocrx_word' id='word_1_451' title='bbox 3232 2211 3359 2266; x_wconf 69' lang='lat' dir='ltr'><strong>Haec</strong></span> <span class='ocrx_word' id='word_1_452' title='bbox 3372 2212 3622 2284; x_wconf 88' lang='lat' dir='ltr'><strong>epistola</strong></span> <span class='ocrx_word' id='word_1_453' title='bbox 3635 2214 3859 2286; x_wconf 86' lang='lat' dir='ltr'><strong>scripta</strong></span> 
     </span>
    </p>
   </div>
   <div class='ocr_carea' id='block_1_68' title="bbox 2203 2297 3856 2372">
    <p class='ocr_par' dir='ltr' id='par_1_68' title="bbox 2203 2297 3856 2372">
     <span class='ocr_line' id='line_1_68' title="bbox 2203 2297 3856 2372; baseline 0.005 -22"><span class='ocrx_word' id='word_1_454' title='bbox 2203 2299 2292 2350; x_wconf 90' lang='lat' dir='ltr'><strong>est</strong></span> <span class='ocrx_word' id='word_1_455' title='bbox 2316 2299 2448 2367; x_wconf 91' lang='lat' dir='ltr'><strong>post</strong></span> <span class='ocrx_word' id='word_1_456' title='bbox 2470 2300 2716 2352; x_wconf 91' lang='lat' dir='ltr'><strong>mortem</strong></span> <span class='ocrx_word' id='word_1_457' title='bbox 2753 2297 2958 2354; x_wconf 88' lang='lat' dir='ltr'><strong>Leonis</strong></span> <span class='ocrx_word' id='word_1_458' title='bbox 2980 2315 3164 2371; x_wconf 57' lang='lat' dir='ltr'><strong>papa,</strong></span> <span class='ocrx_word' id='word_1_459' title='bbox 3185 2317 3311 2372; x_wconf 70' lang='lat' dir='ltr'><strong>qua)</strong></span> <span class='ocrx_word' id='word_1_460' title='bbox 3348 2317 3502 2358; x_wconf 87' lang='lat' dir='ltr'><strong>anno</strong></span> <span class='ocrx_word' id='word_1_461' title='bbox 3535 2303 3668 2357; x_wconf 82' lang='grc'><strong>1054</strong></span> <span class='ocrx_word' id='word_1_462' title='bbox 3703 2304 3856 2358; x_wconf 88' lang='lat' dir='ltr'><strong>occi-</strong></span> 
     </span>
    </p>
   </div>
   <div class='ocr_carea' id='block_1_69' title="bbox 2203 2385 3861 2460">
    <p class='ocr_par' dir='ltr' id='par_1_69' title="bbox 2203 2385 3861 2460">
     <span class='ocr_line' id='line_1_69' title="bbox 2203 2385 3861 2460; baseline 0.005 -22"><span class='ocrx_word' id='word_1_463' title='bbox 2203 2385 2310 2452; x_wconf 88' lang='lat' dir='ltr'><strong>dit,</strong></span> <span class='ocrx_word' id='word_1_464' title='bbox 2342 2385 2513 2455; x_wconf 84' lang='lat' dir='ltr'><strong>cujus</strong></span> <span class='ocrx_word' id='word_1_465' title='bbox 2545 2387 2867 2442; x_wconf 89' lang='lat' dir='ltr'><strong>successori</strong></span> <span class='ocrx_word' id='word_1_466' title='bbox 2900 2386 3277 2444; x_wconf 90' lang='lat' dir='ltr'><strong>scribendum</strong></span> <span class='ocrx_word' id='word_1_467' title='bbox 3309 2394 3509 2446; x_wconf 87' lang='lat' dir='ltr'><strong>monet</strong></span> <span class='ocrx_word' id='word_1_468' title='bbox 3539 2390 3767 2460; x_wconf 85' lang='lat' dir='ltr'><strong>Petrus,</strong></span> <span class='ocrx_word' id='word_1_469' title='bbox 3792 2395 3861 2447; x_wconf 87' lang='lat' dir='ltr'><strong>ut</strong></span> 
     </span>
    </p>
   </div>
   <div class='ocr_carea' id='block_1_70' title="bbox 2202 2472 3139 2546">
    <p class='ocr_par' dir='ltr' id='par_1_70' title="bbox 2202 2472 3139 2546">
     <span class='ocr_line' id='line_1_70' title="bbox 2202 2472 3139 2546; baseline 0.002 -18"><span class='ocrx_word' id='word_1_470' title='bbox 2202 2473 2430 2543; x_wconf 85' lang='lat' dir='ltr'><strong>objecta</strong></span> <span class='ocrx_word' id='word_1_471' title='bbox 2456 2472 2542 2528; x_wconf 86' lang='lat' dir='ltr'><strong>vel</strong></span> <span class='ocrx_word' id='word_1_472' title='bbox 2576 2479 2746 2546; x_wconf 88' lang='lat' dir='ltr'><strong>neget</strong></span> <span class='ocrx_word' id='word_1_473' title='bbox 2774 2474 2860 2530; x_wconf 92' lang='lat' dir='ltr'><strong>vel</strong></span> <span class='ocrx_word' id='word_1_474' title='bbox 2885 2481 3139 2532; x_wconf 82' lang='lat' dir='ltr'><strong>excuset.</strong></span> 
     </span>
    </p>
   </div>
   <div class='ocr_carea' id='block_1_71' title="bbox 2271 2561 3857 2640">
    <p class='ocr_par' dir='ltr' id='par_1_71' title="bbox 2271 2561 3857 2640">
     <span class='ocr_line' id='line_1_71' title="bbox 2271 2561 3857 2640; baseline 0.007 -26"><span class='ocrx_word' id='word_1_475' title='bbox 2271 2564 2325 2615; x_wconf 82' lang='grc'><strong>2.</strong></span> <span class='ocrx_word' id='word_1_476' title='bbox 2359 2561 2572 2616; x_wconf 84' lang='lat' dir='ltr'><strong>Verum</strong></span> <span class='ocrx_word' id='word_1_477' title='bbox 2609 2563 2718 2618; x_wconf 92' lang='lat' dir='ltr'><strong>Leo</strong></span> <span class='ocrx_word' id='word_1_478' title='bbox 2748 2580 2919 2635; x_wconf 89' lang='lat' dir='ltr'><strong>papa,</strong></span> <span class='ocrx_word' id='word_1_479' title='bbox 2953 2566 3181 2638; x_wconf 87' lang='lat' dir='ltr'><strong>urgenti</strong></span> <span class='ocrx_word' id='word_1_480' title='bbox 3214 2565 3369 2623; x_wconf 84' lang='lat' dir='ltr'><strong>malo</strong></span> <span class='ocrx_word' id='word_1_481' title='bbox 3393 2585 3649 2640; x_wconf 63' lang='lat' dir='ltr'><strong>presens</strong></span> <span class='ocrx_word' id='word_1_482' title='bbox 3672 2585 3857 2625; x_wconf 88' lang='lat' dir='ltr'><strong>reme-</strong></span> 
     </span>
    </p>
   </div>
   <div class='ocr_carea' id='block_1_72' title="bbox 2201 2650 3854 2724">
    <p class='ocr_par' dir='ltr' id='par_1_72' title="bbox 2201 2650 3854 2724">
     <span class='ocr_line' id='line_1_72' title="bbox 2201 2650 3854 2724; baseline 0.006 -20"><span class='ocrx_word' id='word_1_483' title='bbox 2201 2650 2366 2704; x_wconf 87' lang='lat' dir='ltr'><strong>dium</strong></span> <span class='ocrx_word' id='word_1_484' title='bbox 2401 2650 2794 2717; x_wconf 68' lang='lat' dir='ltr'><strong>arlhihit’nrus,</strong></span> <span class='ocrx_word' id='word_1_485' title='bbox 2817 2652 3036 2724; x_wconf 90' lang='lat' dir='ltr'><strong>legatos</strong></span> <span class='ocrx_word' id='word_1_486' title='bbox 3059 2671 3193 2710; x_wconf 91' lang='lat' dir='ltr'><strong>cum</strong></span> <span class='ocrx_word' id='word_1_487' title='bbox 3217 2654 3429 2713; x_wconf 88' lang='lat' dir='ltr'><strong>litteris</strong></span> <span class='ocrx_word' id='word_1_488' title='bbox 3462 2657 3756 2714; x_wconf 79' lang='lat' dir='ltr'><strong>direxerat</strong></span> <span class='ocrx_word' id='word_1_489' title='bbox 3779 2660 3854 2714; x_wconf 88' lang='lat' dir='ltr'><strong>ad</strong></span> 
     </span>
    </p>
   </div>
   <div class='ocr_carea' id='block_1_73' title="bbox 2197 2737 3858 2816">
    <p class='ocr_par' dir='ltr' id='par_1_73' title="bbox 2197 2737 3858 2816">
     <span class='ocr_line' id='line_1_73' title="bbox 2197 2737 3858 2816; baseline 0.005 -23"><span class='ocrx_word' id='word_1_490' title='bbox 2197 2737 2645 2794; x_wconf 76' lang='lat' dir='ltr'><strong>Constantinum</strong></span> <span class='ocrx_word' id='word_1_491' title='bbox 2682 2741 3133 2798; x_wconf 87' lang='lat' dir='ltr'><strong>Monomachum</strong></span> <span class='ocrx_word' id='word_1_492' title='bbox 3167 2744 3601 2816; x_wconf 89' lang='lat' dir='ltr'><strong>imperatorem,</strong></span> <span class='ocrx_word' id='word_1_493' title='bbox 3627 2746 3858 2803; x_wconf 86' lang='lat' dir='ltr'><strong>scilicet</strong></span> 
     </span>
    </p>
   </div>
   <div class='ocr_carea' id='block_1_74' title="bbox 2197 2826 3860 2905">
    <p class='ocr_par' dir='ltr' id='par_1_74' title="bbox 2197 2826 3860 2905">
     <span class='ocr_line' id='line_1_74' title="bbox 2197 2826 3860 2905; baseline 0.006 -25"><span class='ocrx_word' id='word_1_494' title='bbox 2197 2826 2583 2882; x_wconf 88' lang='lat' dir='ltr'><strong>Humbertum</strong></span> <span class='ocrx_word' id='word_1_495' title='bbox 2599 2829 2953 2886; x_wconf 90' lang='lat' dir='ltr'><strong>cardinalem</strong></span> <span class='ocrx_word' id='word_1_496' title='bbox 2967 2831 3395 2905; x_wconf 89' lang='lat' dir='ltr'><strong>etepiscopum,</strong></span> <span class='ocrx_word' id='word_1_497' title='bbox 3413 2839 3647 2892; x_wconf 88' lang='lat' dir='ltr'><strong>Petrum</strong></span> <span class='ocrx_word' id='word_1_498' title='bbox 3661 2838 3769 2891; x_wconf 85' lang='lat' dir='ltr'><strong>Am</strong></span> <span class='ocrx_word' id='word_1_499' title='bbox 3778 2836 3860 2891; x_wconf 89' lang='lat' dir='ltr'><strong>al-</strong></span> 
     </span>
    </p>
   </div>
   <div class='ocr_carea' id='block_1_75' title="bbox 2199 2915 3856 2991">
    <p class='ocr_par' dir='ltr' id='par_1_75' title="bbox 2199 2915 3856 2991">
     <span class='ocr_line' id='line_1_75' title="bbox 2199 2915 3856 2991; baseline 0.008 -22"><span class='ocrx_word' id='word_1_500' title='bbox 2199 2915 2504 2988; x_wconf 89' lang='lat' dir='ltr'><strong>phitanum</strong></span> <span class='ocrx_word' id='word_1_501' title='bbox 2548 2917 3072 2991; x_wconf 85' lang='lat' dir='ltr'><strong>archiepiscopum,</strong></span> <span class='ocrx_word' id='word_1_502' title='bbox 3125 2925 3180 2976; x_wconf 90' lang='lat' dir='ltr'><strong>et</strong></span> <span class='ocrx_word' id='word_1_503' title='bbox 3225 2921 3582 2980; x_wconf 85' lang='lat' dir='ltr'><strong>Fridericum</strong></span> <span class='ocrx_word' id='word_1_504' title='bbox 3631 2931 3856 2982; x_wconf 66' lang='lat' dir='ltr'><strong>sancta</strong></span> 
     </span>
    </p>
   </div>
   <div class='ocr_carea' id='block_1_76' title="bbox 2200 3005 3858 3086">
    <p class='ocr_par' dir='ltr' id='par_1_76' title="bbox 2200 3005 3858 3086">
     <span class='ocr_line' id='line_1_76' title="bbox 2200 3005 3858 3086; baseline 0.006 -28"><span class='ocrx_word' id='word_1_505' title='bbox 2200 3005 2472 3060; x_wconf 64' lang='lat' dir='ltr'><strong>Romanis</strong></span> <span class='ocrx_word' id='word_1_506' title='bbox 2503 3005 2766 3061; x_wconf 76' lang='lat' dir='ltr'><strong>Ecclesia:</strong></span> <span class='ocrx_word' id='word_1_507' title='bbox 2791 3008 3241 3076; x_wconf 89' lang='lat' dir='ltr'><strong>cancellarium;</strong></span> <span class='ocrx_word' id='word_1_508' title='bbox 3275 3013 3398 3082; x_wconf 92' lang='lat' dir='ltr'><strong>qui,</strong></span> <span class='ocrx_word' id='word_1_509' title='bbox 3447 3013 3682 3070; x_wconf 88' lang='lat' dir='ltr'><strong>visitato</strong></span> <span class='ocrx_word' id='word_1_510' title='bbox 3734 3017 3858 3086; x_wconf 85' lang='lat' dir='ltr'><strong>pri-</strong></span> 
     </span>
    </p>
   </div>
   <div class='ocr_carea' id='block_1_77' title="bbox 2199 3095 3855 3173">
    <p class='ocr_par' dir='ltr' id='par_1_77' title="bbox 2199 3095 3855 3173">
     <span class='ocr_line' id='line_1_77' title="bbox 2199 3095 3855 3173; baseline 0.007 -25"><span class='ocrx_word' id='word_1_511' title='bbox 2199 3109 2364 3148; x_wconf 91' lang='lat' dir='ltr'><strong>mum</strong></span> <span class='ocrx_word' id='word_1_512' title='bbox 2393 3095 2694 3154; x_wconf 75' lang='lat' dir='ltr'><strong>Casinensi</strong></span> <span class='ocrx_word' id='word_1_513' title='bbox 2727 3097 3103 3161; x_wconf 88' lang='lat' dir='ltr'><strong>monasterio,</strong></span> <span class='ocrx_word' id='word_1_514' title='bbox 3136 3104 3202 3154; x_wconf 92' lang='lat' dir='ltr'><strong>ut</strong></span> <span class='ocrx_word' id='word_1_515' title='bbox 3231 3116 3350 3154; x_wconf 72' lang='lat' dir='ltr'><strong>sua:</strong></span> <span class='ocrx_word' id='word_1_516' title='bbox 3376 3100 3684 3173; x_wconf 83' lang='lat' dir='ltr'><strong>legationis</strong></span> <span class='ocrx_word' id='word_1_517' title='bbox 3717 3121 3855 3159; x_wconf 87' lang='lat' dir='ltr'><strong>suc-</strong></span> 
     </span>
    </p>
   </div>
   <div class='ocr_carea' id='block_1_78' title="bbox 2199 3183 3860 3263">
    <p class='ocr_par' dir='ltr' id='par_1_78' title="bbox 2199 3183 3860 3263">
     <span class='ocr_line' id='line_1_78' title="bbox 2199 3183 3860 3263; baseline 0.007 -27"><span class='ocrx_word' id='word_1_518' title='bbox 2199 3198 2429 3236; x_wconf 86' lang='lat' dir='ltr'><strong>cessum</strong></span> <span class='ocrx_word' id='word_1_519' title='bbox 2463 3183 2578 3238; x_wconf 92' lang='lat' dir='ltr'><strong>Deo</strong></span> <span class='ocrx_word' id='word_1_520' title='bbox 2609 3185 3108 3252; x_wconf 88' lang='lat' dir='ltr'><strong>commendarent,</strong></span> <span class='ocrx_word' id='word_1_521' title='bbox 3143 3186 3202 3242; x_wconf 92' lang='lat' dir='ltr'><strong>in</strong></span> <span class='ocrx_word' id='word_1_522' title='bbox 3235 3189 3437 3244; x_wconf 90' lang='lat' dir='ltr'><strong>urbem</strong></span> <span class='ocrx_word' id='word_1_523' title='bbox 3471 3193 3693 3263; x_wconf 84' lang='lat' dir='ltr'><strong>regiam</strong></span> <span class='ocrx_word' id='word_1_524' title='bbox 3725 3210 3860 3263; x_wconf 89' lang='lat' dir='ltr'><strong>pro-</strong></span> 
     </span>
    </p>
   </div>
   <div class='ocr_carea' id='block_1_79' title="bbox 2199 3270 3859 3352">
    <p class='ocr_par' dir='ltr' id='par_1_79' title="bbox 2199 3270 3859 3352">
     <span class='ocr_line' id='line_1_79' title="bbox 2199 3270 3859 3352; baseline 0.007 -28"><span class='ocrx_word' id='word_1_525' title='bbox 2199 3270 2332 3325; x_wconf 85' lang='lat' dir='ltr'><strong>fecti</strong></span> <span class='ocrx_word' id='word_1_526' title='bbox 2365 3275 2521 3325; x_wconf 90' lang='lat' dir='ltr'><strong>sunt.</strong></span> <span class='ocrx_word' id='word_1_527' title='bbox 2558 3275 2672 3325; x_wconf 85' lang='lat' dir='ltr'><strong>Hos</strong></span> <span class='ocrx_word' id='word_1_528' title='bbox 2709 3273 2956 3344; x_wconf 90' lang='lat' dir='ltr'><strong>benigne</strong></span> <span class='ocrx_word' id='word_1_529' title='bbox 2987 3280 3044 3329; x_wconf 92' lang='lat' dir='ltr'><strong>et</strong></span> <span class='ocrx_word' id='word_1_530' title='bbox 3069 3275 3386 3333; x_wconf 79' lang='lat' dir='ltr'><strong>honorifice</strong></span> <span class='ocrx_word' id='word_1_531' title='bbox 3418 3281 3641 3350; x_wconf 81' lang='lat' dir='ltr'><strong>excepit</strong></span> <span class='ocrx_word' id='word_1_532' title='bbox 3672 3281 3859 3352; x_wconf 85' lang='lat' dir='ltr'><strong>impe-</strong></span> 
     </span>
    </p>
   </div>
   <div class='ocr_carea' id='block_1_80' title="bbox 2200 3361 3858 3438">
    <p class='ocr_par' dir='ltr' id='par_1_80' title="bbox 2200 3361 3858 3438">
     <span class='ocr_line' id='line_1_80' title="bbox 2200 3361 3858 3438; baseline 0.005 -24"><span class='ocrx_word' id='word_1_533' title='bbox 2200 3365 2372 3426; x_wconf 88' lang='lat' dir='ltr'><strong>rator,</strong></span> <span class='ocrx_word' id='word_1_534' title='bbox 2393 3365 2594 3414; x_wconf 87' lang='lat' dir='ltr'><strong>contra</strong></span> <span class='ocrx_word' id='word_1_535' title='bbox 2611 3377 2786 3432; x_wconf 86' lang='lat' dir='ltr'><strong>quam</strong></span> <span class='ocrx_word' id='word_1_536' title='bbox 2806 3361 3161 3429; x_wconf 81' lang='lat' dir='ltr'><strong>Cerularius,</strong></span> <span class='ocrx_word' id='word_1_537' title='bbox 3187 3381 3360 3436; x_wconf 89' lang='lat' dir='ltr'><strong>quem</strong></span> <span class='ocrx_word' id='word_1_538' title='bbox 3384 3366 3554 3438; x_wconf 82' lang='lat' dir='ltr'><strong>legati</strong></span> <span class='ocrx_word' id='word_1_539' title='bbox 3574 3368 3630 3422; x_wconf 91' lang='lat' dir='ltr'><strong>in</strong></span> <span class='ocrx_word' id='word_1_540' title='bbox 3655 3385 3858 3423; x_wconf 90' lang='lat' dir='ltr'><strong>errore</strong></span> 
     </span>
    </p>
   </div>
   <div class='ocr_carea' id='block_1_81' title="bbox 2198 3448 3857 3523">
    <p class='ocr_par' dir='ltr' id='par_1_81' title="bbox 2198 3448 3857 3523">
     <span class='ocr_line' id='line_1_81' title="bbox 2198 3448 3857 3523; baseline 0.006 -21"><span class='ocrx_word' id='word_1_541' title='bbox 2198 3448 2576 3503; x_wconf 84' lang='lat' dir='ltr'><strong>oblirmatum</strong></span> <span class='ocrx_word' id='word_1_542' title='bbox 2633 3449 3004 3507; x_wconf 89' lang='lat' dir='ltr'><strong>anathemate</strong></span> <span class='ocrx_word' id='word_1_543' title='bbox 3053 3453 3438 3523; x_wconf 90' lang='lat' dir='ltr'><strong>perculerunt.</strong></span> <span class='ocrx_word' id='word_1_544' title='bbox 3490 3455 3857 3513; x_wconf 80' lang='lat' dir='ltr'><strong>Humberlus</strong></span> 
     </span>
    </p>
   </div>
   <div class='ocr_carea' id='block_1_82' title="bbox 2197 3537 3856 3606">
    <p class='ocr_par' dir='ltr' id='par_1_82' title="bbox 2197 3537 3856 3606">
     <span class='ocr_line' id='line_1_82' title="bbox 2197 3537 3856 3606; baseline 0.007 -16"><span class='ocrx_word' id='word_1_545' title='bbox 2197 3537 2456 3606; x_wconf 87' lang='lat' dir='ltr'><strong>primum</strong></span> <span class='ocrx_word' id='word_1_546' title='bbox 2497 3538 2746 3592; x_wconf 89' lang='lat' dir='ltr'><strong>Mediani</strong></span> <span class='ocrx_word' id='word_1_547' title='bbox 2795 3541 3133 3595; x_wconf 88' lang='lat' dir='ltr'><strong>monasterii</strong></span> <span class='ocrx_word' id='word_1_548' title='bbox 3183 3543 3242 3597; x_wconf 92' lang='lat' dir='ltr'><strong>in</strong></span> <span class='ocrx_word' id='word_1_549' title='bbox 3303 3543 3564 3600; x_wconf 89' lang='lat' dir='ltr'><strong>Tullensi</strong></span> <span class='ocrx_word' id='word_1_550' title='bbox 3611 3545 3856 3601; x_wconf 73' lang='lat' dir='ltr'><strong>diceeesi</strong></span> 
     </span>
    </p>
   </div>
   <div class='ocr_carea' id='block_1_83' title="bbox 2196 3625 3859 3702">
    <p class='ocr_par' dir='ltr' id='par_1_83' title="bbox 2196 3625 3859 3702">
     <span class='ocr_line' id='line_1_83' title="bbox 2196 3625 3859 3702; baseline 0.008 -25"><span class='ocrx_word' id='word_1_551' title='bbox 2196 3625 2538 3691; x_wconf 89' lang='lat' dir='ltr'><strong>monachus,</strong></span> <span class='ocrx_word' id='word_1_552' title='bbox 2565 3627 2816 3698; x_wconf 88' lang='lat' dir='ltr'><strong>indeque</strong></span> <span class='ocrx_word' id='word_1_553' title='bbox 2845 3628 3088 3684; x_wconf 80' lang='lat' dir='ltr'><strong>Romam</strong></span> <span class='ocrx_word' id='word_1_554' title='bbox 3113 3631 3405 3702; x_wconf 87' lang='lat' dir='ltr'><strong>profectus</strong></span> <span class='ocrx_word' id='word_1_555' title='bbox 3423 3649 3556 3689; x_wconf 91' lang='lat' dir='ltr'><strong>cum</strong></span> <span class='ocrx_word' id='word_1_556' title='bbox 3580 3634 3859 3691; x_wconf 88' lang='lat' dir='ltr'><strong>Brunone</strong></span> 
     </span>
    </p>
   </div>
   <div class='ocr_carea' id='block_1_84' title="bbox 2195 3714 3864 3788">
    <p class='ocr_par' dir='ltr' id='par_1_84' title="bbox 2195 3714 3864 3788">
     <span class='ocr_line' id='line_1_84' title="bbox 2195 3714 3864 3788; baseline 0.008 -21"><span class='ocrx_word' id='word_1_557' title='bbox 2195 3714 2376 3768; x_wconf 91' lang='lat' dir='ltr'><strong>electo</strong></span> <span class='ocrx_word' id='word_1_558' title='bbox 2409 3715 2697 3786; x_wconf 88' lang='lat' dir='ltr'><strong>pontifice,</strong></span> <span class='ocrx_word' id='word_1_559' title='bbox 2731 3723 2904 3788; x_wconf 90' lang='lat' dir='ltr'><strong>atque</strong></span> <span class='ocrx_word' id='word_1_560' title='bbox 2937 3719 3009 3772; x_wconf 91' lang='lat' dir='ltr'><strong>ab</strong></span> <span class='ocrx_word' id='word_1_561' title='bbox 3049 3736 3116 3774; x_wconf 91' lang='lat' dir='ltr'><strong>eo</strong></span> <span class='ocrx_word' id='word_1_562' title='bbox 3167 3727 3398 3777; x_wconf 88' lang='lat' dir='ltr'><strong>creatus</strong></span> <span class='ocrx_word' id='word_1_563' title='bbox 3449 3722 3762 3778; x_wconf 85' lang='lat' dir='ltr'><strong>cardinalis</strong></span> <span class='ocrx_word' id='word_1_564' title='bbox 3799 3732 3864 3780; x_wconf 90' lang='lat' dir='ltr'><strong>et</strong></span> 
     </span>
    </p>
   </div>
   <div class='ocr_carea' id='block_1_85' title="bbox 2195 3804 3852 3884">
    <p class='ocr_par' dir='ltr' id='par_1_85' title="bbox 2195 3804 3852 3884">
     <span class='ocr_line' id='line_1_85' title="bbox 2195 3804 3852 3884; baseline 0.007 -27"><span class='ocrx_word' id='word_1_565' title='bbox 2195 3804 2508 3874; x_wconf 89' lang='lat' dir='ltr'><strong>episcopus</strong></span> <span class='ocrx_word' id='word_1_566' title='bbox 2540 3805 2705 3858; x_wconf 70' lang='lat' dir='ltr'><strong>Silva:</strong></span> <span class='ocrx_word' id='word_1_567' title='bbox 2728 3805 2997 3861; x_wconf 67' lang='lat' dir='ltr'><strong>Candidas</strong></span> <span class='ocrx_word' id='word_1_568' title='bbox 3030 3825 3133 3864; x_wconf 88' lang='lat' dir='ltr'><strong>seu</strong></span> <span class='ocrx_word' id='word_1_569' title='bbox 3176 3810 3399 3866; x_wconf 61' lang='lat' dir='ltr'><strong>Sanctae</strong></span> <span class='ocrx_word' id='word_1_570' title='bbox 3427 3812 3670 3877; x_wconf 62' lang='lat' dir='ltr'><strong>Rufina,</strong></span> <span class='ocrx_word' id='word_1_571' title='bbox 3694 3829 3852 3884; x_wconf 63' lang='lat' dir='ltr'><strong>prai-</strong></span> 
     </span>
    </p>
   </div>
   <div class='ocr_carea' id='block_1_86' title="bbox 2196 3892 3860 3971">
    <p class='ocr_par' dir='ltr' id='par_1_86' title="bbox 2196 3892 3860 3971">
     <span class='ocr_line' id='line_1_86' title="bbox 2196 3892 3860 3971; baseline 0.008 -27"><span class='ocrx_word' id='word_1_572' title='bbox 2196 3892 2396 3961; x_wconf 87' lang='lat' dir='ltr'><strong>cipuas</strong></span> <span class='ocrx_word' id='word_1_573' title='bbox 2422 3892 2528 3946; x_wconf 86' lang='lat' dir='ltr'><strong>hoc</strong></span> <span class='ocrx_word' id='word_1_574' title='bbox 2549 3892 2606 3946; x_wconf 92' lang='lat' dir='ltr'><strong>in</strong></span> <span class='ocrx_word' id='word_1_575' title='bbox 2631 3894 2861 3966; x_wconf 90' lang='lat' dir='ltr'><strong>negotio</strong></span> <span class='ocrx_word' id='word_1_576' title='bbox 2883 3901 3076 3966; x_wconf 90' lang='lat' dir='ltr'><strong>partes</strong></span> <span class='ocrx_word' id='word_1_577' title='bbox 3095 3897 3320 3966; x_wconf 90' lang='lat' dir='ltr'><strong>habuit,</strong></span> <span class='ocrx_word' id='word_1_578' title='bbox 3346 3899 3515 3971; x_wconf 89' lang='lat' dir='ltr'><strong>isque</strong></span> <span class='ocrx_word' id='word_1_579' title='bbox 3539 3917 3694 3956; x_wconf 89' lang='lat' dir='ltr'><strong>unus</strong></span> <span class='ocrx_word' id='word_1_580' title='bbox 3713 3919 3860 3958; x_wconf 88' lang='lat' dir='ltr'><strong>voce</strong></span> 
     </span>
    </p>
   </div>
   <div class='ocr_carea' id='block_1_87' title="bbox 2195 3981 3858 4059">
    <p class='ocr_par' dir='ltr' id='par_1_87' title="bbox 2195 3981 3858 4059">
     <span class='ocr_line' id='line_1_87' title="bbox 2195 3981 3858 4059; baseline 0.007 -25"><span class='ocrx_word' id='word_1_581' title='bbox 2195 3995 2261 4034; x_wconf 90' lang='lat' dir='ltr'><strong>ac</strong></span> <span class='ocrx_word' id='word_1_582' title='bbox 2285 3981 2539 4050; x_wconf 87' lang='lat' dir='ltr'><strong>scriptis,</strong></span> <span class='ocrx_word' id='word_1_583' title='bbox 2564 3998 2692 4052; x_wconf 66' lang='lat' dir='ltr'><strong>quae</strong></span> <span class='ocrx_word' id='word_1_584' title='bbox 2709 3989 2959 4051; x_wconf 84' lang='lat' dir='ltr'><strong>exstant,</strong></span> <span class='ocrx_word' id='word_1_585' title='bbox 2982 3985 3258 4042; x_wconf 88' lang='lat' dir='ltr'><strong>Cerularii</strong></span> <span class='ocrx_word' id='word_1_586' title='bbox 3281 3989 3509 4059; x_wconf 89' lang='lat' dir='ltr'><strong>objecta</strong></span> <span class='ocrx_word' id='word_1_587' title='bbox 3542 3995 3598 4045; x_wconf 92' lang='lat' dir='ltr'><strong>et</strong></span> <span class='ocrx_word' id='word_1_588' title='bbox 3621 4006 3858 4046; x_wconf 87' lang='lat' dir='ltr'><strong>errores</strong></span> 
     </span>
    </p>
   </div>
   <div class='ocr_carea' id='block_1_88' title="bbox 2197 4068 3858 4149">
    <p class='ocr_par' dir='ltr' id='par_1_88' title="bbox 2197 4068 3858 4149">
     <span class='ocr_line' id='line_1_88' title="bbox 2197 4068 3858 4149; baseline 0.008 -28"><span class='ocrx_word' id='word_1_589' title='bbox 2197 4068 2486 4138; x_wconf 88' lang='lat' dir='ltr'><strong>refutavit,</strong></span> <span class='ocrx_word' id='word_1_590' title='bbox 2509 4074 2565 4124; x_wconf 93' lang='lat' dir='ltr'><strong>et</strong></span> <span class='ocrx_word' id='word_1_591' title='bbox 2586 4070 2846 4126; x_wconf 85' lang='lat' dir='ltr'><strong>Nicetam</strong></span> <span class='ocrx_word' id='word_1_592' title='bbox 2874 4077 3239 4130; x_wconf 87' lang='lat' dir='ltr'><strong>Pectoratum</strong></span> <span class='ocrx_word' id='word_1_593' title='bbox 3265 4077 3336 4130; x_wconf 91' lang='lat' dir='ltr'><strong>ad</strong></span> <span class='ocrx_word' id='word_1_594' title='bbox 3377 4078 3858 4149; x_wconf 86' lang='lat' dir='ltr'><strong>resipiscentiam</strong></span> 
     </span>
    </p>
   </div>
   <div class='ocr_carea' id='block_1_89' title="bbox 2197 4157 3854 4238">
    <p class='ocr_par' dir='ltr' id='par_1_89' title="bbox 2197 4157 3854 4238">
     <span class='ocr_line' id='line_1_89' title="bbox 2197 4157 3854 4238; baseline 0.007 -27"><span class='ocrx_word' id='word_1_595' title='bbox 2197 4157 2456 4212; x_wconf 89' lang='lat' dir='ltr'><strong>adduxit.</strong></span> <span class='ocrx_word' id='word_1_596' title='bbox 2481 4158 2686 4214; x_wconf 89' lang='lat' dir='ltr'><strong>Petrus</strong></span> <span class='ocrx_word' id='word_1_597' title='bbox 2708 4161 3158 4232; x_wconf 86' lang='lat' dir='ltr'><strong>Amalphitauus</strong></span> <span class='ocrx_word' id='word_1_598' title='bbox 3189 4164 3667 4238; x_wconf 90' lang='lat' dir='ltr'><strong>archiepiscopus</strong></span> <span class='ocrx_word' id='word_1_599' title='bbox 3689 4184 3724 4221; x_wconf 90' lang='lat' dir='ltr'><strong>a</strong></span> <span class='ocrx_word' id='word_1_600' title='bbox 3749 4172 3854 4223; x_wconf 79' lang='lat' dir='ltr'><strong>Ce-</strong></span> 
     </span>
    </p>
   </div>
   <div class='ocr_carea' id='block_1_90' title="bbox 2199 4246 3857 4323">
    <p class='ocr_par' dir='ltr' id='par_1_90' title="bbox 2199 4246 3857 4323">
     <span class='ocr_line' id='line_1_90' title="bbox 2199 4246 3857 4323; baseline 0.007 -23"><span class='ocrx_word' id='word_1_601' title='bbox 2199 4246 2412 4301; x_wconf 87' lang='lat' dir='ltr'><strong>rulario</strong></span> <span class='ocrx_word' id='word_1_602' title='bbox 2432 4247 2648 4302; x_wconf 80' lang='lat' dir='ltr'><strong>frustra</strong></span> <span class='ocrx_word' id='word_1_603' title='bbox 2661 4247 2952 4320; x_wconf 86' lang='lat' dir='ltr'><strong>culpatur,</strong></span> <span class='ocrx_word' id='word_1_604' title='bbox 2972 4255 3256 4323; x_wconf 90' lang='lat' dir='ltr'><strong>tanquam</strong></span> <span class='ocrx_word' id='word_1_605' title='bbox 3281 4253 3353 4308; x_wconf 91' lang='lat' dir='ltr'><strong>ob</strong></span> <span class='ocrx_word' id='word_1_606' title='bbox 3377 4255 3636 4310; x_wconf 86' lang='lat' dir='ltr'><strong>facinora</strong></span> <span class='ocrx_word' id='word_1_607' title='bbox 3655 4272 3687 4310; x_wconf 92' lang='lat' dir='ltr'><strong>e</strong></span> <span class='ocrx_word' id='word_1_608' title='bbox 3711 4257 3857 4312; x_wconf 87' lang='lat' dir='ltr'><strong>sede</strong></span> 
     </span>
    </p>
   </div>
   <div class='ocr_carea' id='block_1_91' title="bbox 2197 4335 3858 4408">
    <p class='ocr_par' dir='ltr' id='par_1_91' title="bbox 2197 4335 3858 4408">
     <span class='ocr_line' id='line_1_91' title="bbox 2197 4335 3858 4408; baseline 0.007 -19"><span class='ocrx_word' id='word_1_609' title='bbox 2197 4351 2304 4390; x_wconf 90' lang='lat' dir='ltr'><strong>sua</strong></span> <span class='ocrx_word' id='word_1_610' title='bbox 2327 4335 2550 4406; x_wconf 91' lang='lat' dir='ltr'><strong>pulsus,</strong></span> <span class='ocrx_word' id='word_1_611' title='bbox 2592 4351 2765 4406; x_wconf 90' lang='lat' dir='ltr'><strong>quem</strong></span> <span class='ocrx_word' id='word_1_612' title='bbox 2784 4339 2897 4408; x_wconf 52' lang='lat' dir='ltr'><strong>pia</strong></span> <span class='ocrx_word' id='word_1_613' title='bbox 2917 4343 3196 4396; x_wconf 72' lang='lat' dir='ltr'><strong>memoria:</strong></span> <span class='ocrx_word' id='word_1_614' title='bbox 3224 4343 3416 4397; x_wconf 87' lang='lat' dir='ltr'><strong>virum</strong></span> <span class='ocrx_word' id='word_1_615' title='bbox 3454 4349 3619 4399; x_wconf 84' lang='lat' dir='ltr'><strong>vocat</strong></span> <span class='ocrx_word' id='word_1_616' title='bbox 3640 4344 3858 4400; x_wconf 89' lang='lat' dir='ltr'><strong>Petrus</strong></span> 
     </span>
    </p>
   </div>
   <div class='ocr_carea' id='block_1_92' title="bbox 2193 4422 3854 4504">
    <p class='ocr_par' dir='ltr' id='par_1_92' title="bbox 2193 4422 3854 4504">
     <span class='ocr_line' id='line_1_92' title="bbox 2193 4422 3854 4504; baseline 0.008 -27"><span class='ocrx_word' id='word_1_617' title='bbox 2193 4422 2481 4495; x_wconf 90' lang='lat' dir='ltr'><strong>Damiani(</strong></span> <span class='ocrx_word' id='word_1_618' title='bbox 2495 4424 3160 4501; x_wconf 76' lang='lat' dir='ltr'><strong>till);underedarguans</strong></span> <span class='ocrx_word' id='word_1_619' title='bbox 3173 4431 3444 4501; x_wconf 90' lang='lat' dir='ltr'><strong>putidum</strong></span> <span class='ocrx_word' id='word_1_620' title='bbox 3461 4433 3854 4504; x_wconf 75' lang='lat' dir='ltr'><strong>impostouem</strong></span> 
     </span>
    </p>
   </div>
   <div class='ocr_carea' id='block_1_93' title="bbox 2195 4511 3856 4593">
    <p class='ocr_par' dir='ltr' id='par_1_93' title="bbox 2195 4511 3856 4593">
     <span class='ocr_line' id='line_1_93' title="bbox 2195 4511 3856 4593; baseline 0.008 -28"><span class='ocrx_word' id='word_1_621' title='bbox 2195 4511 2549 4574; x_wconf 88' lang='lat' dir='ltr'><strong>Bennonem.</strong></span> <span class='ocrx_word' id='word_1_622' title='bbox 2573 4514 2816 4584; x_wconf 91' lang='lat' dir='ltr'><strong>quieum</strong></span> <span class='ocrx_word' id='word_1_623' title='bbox 2837 4517 2910 4571; x_wconf 90' lang='lat' dir='ltr'><strong>ob</strong></span> <span class='ocrx_word' id='word_1_624' title='bbox 2932 4517 3140 4584; x_wconf 88' lang='lat' dir='ltr'><strong>malas,</strong></span> <span class='ocrx_word' id='word_1_625' title='bbox 3157 4524 3221 4572; x_wconf 90' lang='lat' dir='ltr'><strong>ut</strong></span> <span class='ocrx_word' id='word_1_626' title='bbox 3240 4518 3364 4591; x_wconf 90' lang='lat' dir='ltr'><strong>ipse</strong></span> <span class='ocrx_word' id='word_1_627' title='bbox 3389 4529 3663 4593; x_wconf 88' lang='lat' dir='ltr'><strong>nugatur,</strong></span> <span class='ocrx_word' id='word_1_628' title='bbox 3690 4529 3856 4579; x_wconf 82' lang='lat' dir='ltr'><strong>artes</strong></span> 
     </span>
    </p>
   </div>
   <div class='ocr_carea' id='block_1_94' title="bbox 2193 4599 3855 4682">
    <p class='ocr_par' dir='ltr' id='par_1_94' title="bbox 2193 4599 3855 4682">
     <span class='ocr_line' id='line_1_94' title="bbox 2193 4599 3855 4682; baseline 0.009 -30"><span class='ocrx_word' id='word_1_629' title='bbox 2193 4599 2478 4655; x_wconf 83' lang='lat' dir='ltr'><strong>infamare</strong></span> <span class='ocrx_word' id='word_1_630' title='bbox 2517 4606 2779 4666; x_wconf 89' lang='lat' dir='ltr'><strong>conatur,</strong></span> <span class='ocrx_word' id='word_1_631' title='bbox 2821 4609 2885 4658; x_wconf 90' lang='lat' dir='ltr'><strong>ut</strong></span> <span class='ocrx_word' id='word_1_632' title='bbox 2931 4604 3204 4677; x_wconf 86' lang='lat' dir='ltr'><strong>Gregorio</strong></span> <span class='ocrx_word' id='word_1_633' title='bbox 3249 4607 3346 4662; x_wconf 87' lang='lat' dir='ltr'><strong>VII</strong></span> <span class='ocrx_word' id='word_1_634' title='bbox 3395 4610 3524 4680; x_wconf 87' lang='lat' dir='ltr'><strong>ejus</strong></span> <span class='ocrx_word' id='word_1_635' title='bbox 3552 4610 3855 4682; x_wconf 86' lang='lat' dir='ltr'><strong>discipulo</strong></span> 
     </span>
    </p>
   </div>
   <div class='ocr_carea' id='block_1_95' title="bbox 2193 4687 3855 4766">
    <p class='ocr_par' dir='ltr' id='par_1_95' title="bbox 2193 4687 3855 4766">
     <span class='ocr_line' id='line_1_95' title="bbox 2193 4687 3855 4766; baseline 0.009 -25"><span class='ocrx_word' id='word_1_636' title='bbox 2193 4687 2380 4744; x_wconf 89' lang='lat' dir='ltr'><strong>labem</strong></span> <span class='ocrx_word' id='word_1_637' title='bbox 2404 4689 2733 4761; x_wconf 82' lang='lat' dir='ltr'><strong>adepergat.</strong></span> <span class='ocrx_word' id='word_1_638' title='bbox 2763 4691 2992 4748; x_wconf 87' lang='lat' dir='ltr'><strong>Tertius</strong></span> <span class='ocrx_word' id='word_1_639' title='bbox 3026 4710 3056 4748; x_wconf 92' lang='lat' dir='ltr'><strong>e</strong></span> <span class='ocrx_word' id='word_1_640' title='bbox 3085 4695 3313 4766; x_wconf 89' lang='lat' dir='ltr'><strong>Legatis</strong></span> <span class='ocrx_word' id='word_1_641' title='bbox 3350 4697 3701 4765; x_wconf 81' lang='lat' dir='ltr'><strong>Fridericus,</strong></span> <span class='ocrx_word' id='word_1_642' title='bbox 3729 4700 3855 4756; x_wconf 86' lang='lat' dir='ltr'><strong>Go-</strong></span> 
     </span>
    </p>
   </div>
   <div class='ocr_carea' id='block_1_96' title="bbox 2191 4778 3854 4858">
    <p class='ocr_par' dir='ltr' id='par_1_96' title="bbox 2191 4778 3854 4858">
     <span class='ocr_line' id='line_1_96' title="bbox 2191 4778 3854 4858; baseline 0.008 -28"><span class='ocrx_word' id='word_1_643' title='bbox 2191 4778 2398 4832; x_wconf 90' lang='lat' dir='ltr'><strong>defridi</strong></span> <span class='ocrx_word' id='word_1_644' title='bbox 2423 4778 2646 4834; x_wconf 85' lang='lat' dir='ltr'><strong>Tusciae</strong></span> <span class='ocrx_word' id='word_1_645' title='bbox 2676 4781 2842 4835; x_wconf 90' lang='lat' dir='ltr'><strong>ducis</strong></span> <span class='ocrx_word' id='word_1_646' title='bbox 2885 4781 3078 4848; x_wconf 85' lang='lat' dir='ltr'><strong>frater,</strong></span> <span class='ocrx_word' id='word_1_647' title='bbox 3115 4783 3314 4839; x_wconf 86' lang='lat' dir='ltr'><strong>Leonis</strong></span> <span class='ocrx_word' id='word_1_648' title='bbox 3340 4803 3505 4858; x_wconf 72' lang='lat' dir='ltr'><strong>papa:</strong></span> <span class='ocrx_word' id='word_1_649' title='bbox 3525 4791 3583 4842; x_wconf 85' lang='lat' dir='ltr'><strong>et</strong></span> <span class='ocrx_word' id='word_1_650' title='bbox 3607 4787 3854 4845; x_wconf 89' lang='lat' dir='ltr'><strong>Henrici</strong></span> 
     </span>
    </p>
   </div>
   <div class='ocr_carea' id='block_1_97' title="bbox 2191 4867 3856 4943">
    <p class='ocr_par' dir='ltr' id='par_1_97' title="bbox 2191 4867 3856 4943">
     <span class='ocr_line' id='line_1_97' title="bbox 2191 4867 3856 4943; baseline 0.01 -24"><span class='ocrx_word' id='word_1_651' title='bbox 2191 4867 2557 4938; x_wconf 85' lang='lat' dir='ltr'><strong>imperatoris</strong></span> <span class='ocrx_word' id='word_1_652' title='bbox 2580 4869 2940 4941; x_wconf 87' lang='lat' dir='ltr'><strong>propinquus</strong></span> <span class='ocrx_word' id='word_1_653' title='bbox 2958 4876 3100 4938; x_wconf 90' lang='lat' dir='ltr'><strong>erat,</strong></span> <span class='ocrx_word' id='word_1_654' title='bbox 3127 4878 3330 4943; x_wconf 91' lang='lat' dir='ltr'><strong>postea</strong></span> <span class='ocrx_word' id='word_1_655' title='bbox 3353 4875 3691 4932; x_wconf 87' lang='lat' dir='ltr'><strong>Casinensis</strong></span> <span class='ocrx_word' id='word_1_656' title='bbox 3714 4895 3856 4934; x_wconf 82' lang='lat' dir='ltr'><strong>mo-</strong></span> 
     </span>
    </p>
   </div>
   <div class='ocr_carea' id='block_1_98' title="bbox 2189 4957 3856 5032">
    <p class='ocr_par' dir='ltr' id='par_1_98' title="bbox 2189 4957 3856 5032">
     <span class='ocr_line' id='line_1_98' title="bbox 2189 4957 3856 5032; baseline 0.008 -24"><span class='ocrx_word' id='word_1_657' title='bbox 2189 4957 2412 5009; x_wconf 86' lang='lat' dir='ltr'><strong>nachus</strong></span> <span class='ocrx_word' id='word_1_658' title='bbox 2442 4963 2497 5010; x_wconf 91' lang='lat' dir='ltr'><strong>et</strong></span> <span class='ocrx_word' id='word_1_659' title='bbox 2529 4958 2727 5023; x_wconf 85' lang='lat' dir='ltr'><strong>abbas,</strong></span> <span class='ocrx_word' id='word_1_660' title='bbox 2761 4959 2890 5012; x_wconf 91' lang='lat' dir='ltr'><strong>dein</strong></span> <span class='ocrx_word' id='word_1_661' title='bbox 2924 4961 3262 5032; x_wconf 86' lang='lat' dir='ltr'><strong>cardinalis,</strong></span> <span class='ocrx_word' id='word_1_662' title='bbox 3295 4979 3361 5018; x_wconf 90' lang='lat' dir='ltr'><strong>ac</strong></span> <span class='ocrx_word' id='word_1_663' title='bbox 3401 4965 3640 5019; x_wconf 89' lang='lat' dir='ltr'><strong>demum</strong></span> <span class='ocrx_word' id='word_1_664' title='bbox 3676 4983 3856 5022; x_wconf 88' lang='lat' dir='ltr'><strong>sum-</strong></span> 
     </span>
    </p>
   </div>
   <div class='ocr_carea' id='block_1_99' title="bbox 2187 5045 3856 5121">
    <p class='ocr_par' dir='ltr' id='par_1_99' title="bbox 2187 5045 3856 5121">
     <span class='ocr_line' id='line_1_99' title="bbox 2187 5045 3856 5121; baseline 0.007 -23"><span class='ocrx_word' id='word_1_665' title='bbox 2187 5059 2319 5098; x_wconf 91' lang='lat' dir='ltr'><strong>mus</strong></span> <span class='ocrx_word' id='word_1_666' title='bbox 2365 5045 2622 5114; x_wconf 81' lang='lat' dir='ltr'><strong>pontifex</strong></span> <span class='ocrx_word' id='word_1_667' title='bbox 2667 5046 2738 5100; x_wconf 92' lang='lat' dir='ltr'><strong>ad</strong></span> <span class='ocrx_word' id='word_1_668' title='bbox 2786 5046 2954 5103; x_wconf 90' lang='lat' dir='ltr'><strong>breve</strong></span> <span class='ocrx_word' id='word_1_669' title='bbox 3003 5053 3238 5121; x_wconf 88' lang='lat' dir='ltr'><strong>tempus</strong></span> <span class='ocrx_word' id='word_1_670' title='bbox 3286 5053 3400 5107; x_wconf 90' lang='lat' dir='ltr'><strong>sub</strong></span> <span class='ocrx_word' id='word_1_671' title='bbox 3442 5052 3679 5109; x_wconf 88' lang='lat' dir='ltr'><strong>nomine</strong></span> <span class='ocrx_word' id='word_1_672' title='bbox 3710 5053 3856 5112; x_wconf 83' lang='lat' dir='ltr'><strong>Ste-</strong></span> 
     </span>
    </p>
   </div>
   <div class='ocr_carea' id='block_1_100' title="bbox 2187 5131 2458 5202">
    <p class='ocr_par' dir='ltr' id='par_1_100' title="bbox 2187 5131 2458 5202">
     <span class='ocr_line' id='line_1_100' title="bbox 2187 5131 2458 5202; baseline 0.007 -17"><span class='ocrx_word' id='word_1_673' title='bbox 2187 5131 2364 5202; x_wconf 90' lang='lat' dir='ltr'><strong>phani</strong></span> <span class='ocrx_word' id='word_1_674' title='bbox 2395 5133 2458 5187; x_wconf 84' lang='grc' dir='ltr'>Χ.</span> 
     </span>
    </p>
   </div>
   <div class='ocr_carea' id='block_1_101' title="bbox 2254 5221 3856 5299">
    <p class='ocr_par' dir='ltr' id='par_1_101' title="bbox 2254 5221 3856 5299">
     <span class='ocr_line' id='line_1_101' title="bbox 2254 5221 3856 5299; baseline 0.011 -26"><span class='ocrx_word' id='word_1_675' title='bbox 2254 5221 2306 5274; x_wconf 86' lang='grc'><strong>3.</strong></span> <span class='ocrx_word' id='word_1_676' title='bbox 2341 5221 2743 5292; x_wconf 88' lang='lat' dir='ltr'><strong>Objectionum</strong></span> <span class='ocrx_word' id='word_1_677' title='bbox 2795 5226 2984 5296; x_wconf 87' lang='lat' dir='ltr'><strong>capita</strong></span> <span class='ocrx_word' id='word_1_678' title='bbox 3049 5243 3176 5299; x_wconf 62' lang='lat' dir='ltr'><strong>qua:</strong></span> <span class='ocrx_word' id='word_1_679' title='bbox 3225 5229 3562 5287; x_wconf 87' lang='lat' dir='ltr'><strong>Cerularius</strong></span> <span class='ocrx_word' id='word_1_680' title='bbox 3612 5232 3856 5292; x_wconf 88' lang='lat' dir='ltr'><strong>Latinis</strong></span> 
     </span>
    </p>
   </div>
   <div class='ocr_carea' id='block_1_102' title="bbox 2184 5309 3858 5391">
    <p class='ocr_par' dir='ltr' id='par_1_102' title="bbox 2184 5309 3858 5391">
     <span class='ocr_line' id='line_1_102' title="bbox 2184 5309 3858 5391; baseline 0.011 -29"><span class='ocrx_word' id='word_1_681' title='bbox 2184 5309 2589 5383; x_wconf 80' lang='lat' dir='ltr'><strong>eXprobrabat,</strong></span> <span class='ocrx_word' id='word_1_682' title='bbox 2622 5311 2834 5382; x_wconf 87' lang='lat' dir='ltr'><strong>partim</strong></span> <span class='ocrx_word' id='word_1_683' title='bbox 2875 5315 3100 5387; x_wconf 89' lang='lat' dir='ltr'><strong>eadem,</strong></span> <span class='ocrx_word' id='word_1_684' title='bbox 3147 5319 3360 5391; x_wconf 90' lang='lat' dir='ltr'><strong>partim</strong></span> <span class='ocrx_word' id='word_1_685' title='bbox 3413 5318 3528 5378; x_wconf 90' lang='lat' dir='ltr'><strong>alia</strong></span> <span class='ocrx_word' id='word_1_686' title='bbox 3567 5328 3736 5378; x_wconf 89' lang='lat' dir='ltr'><strong>erant</strong></span> <span class='ocrx_word' id='word_1_687' title='bbox 3767 5325 3858 5381; x_wconf 84' lang='lat' dir='ltr'><strong>ab</strong></span> 
     </span>
    </p>
   </div>
   <div class='ocr_carea' id='block_1_103' title="bbox 2255 5469 3403 5552">
    <p class='ocr_par' dir='ltr' id='par_1_103' title="bbox 2255 5469 3403 5552">
     <span class='ocr_line' id='line_1_103' title="bbox 2255 5469 3403 5552; baseline 0.012 -26"><span class='ocrx_word' id='word_1_688' title='bbox 2255 5470 2399 5546; x_wconf 82' lang='grc'><strong>(114)</strong></span> <span class='ocrx_word' id='word_1_689' title='bbox 2427 5469 2576 5528; x_wconf 89' lang='lat' dir='ltr'><strong>Petr.</strong></span> <span class='ocrx_word' id='word_1_690' title='bbox 2609 5470 2775 5530; x_wconf 88' lang='lat' dir='ltr'><strong>Dam.</strong></span> <span class='ocrx_word' id='word_1_691' title='bbox 2807 5473 2935 5536; x_wconf 88' lang='lat' dir='ltr'><strong>init.</strong></span> <span class='ocrx_word' id='word_1_692' title='bbox 2970 5493 3172 5552; x_wconf 87' lang='lat' dir='ltr'><strong>opusc.</strong></span> <span class='ocrx_word' id='word_1_693' title='bbox 3211 5497 3403 5540; x_wconf 82' lang='lat' dir='ltr'><strong>xxxw.</strong></span> 
     </span>
    </p>
   </div>
  </div>
