4102 6174
239 309 339 373 561

1031 307 1134 372 DE
1177 307 1617 378 C(INFLICTU
1658 312 2045 383 VITIORUM
2089 318 2351 396 ATQUE
2393 321 2837 394 VIRTUTUM.

3513 336 3635 405 569

236 439 458 538 Christo
486 440 627 502 Jesu
667 439 924 538 vincula,
978 442 1238 515 verbera,
1272 445 1518 538 flagella,
1582 465 1861 521 carceres,
1897 455 1953 522 Α
1982 453 2214 513 Lucifer
2240 456 2299 514 in
2329 455 2520 517 coelo?
2550 460 2677 534 (13a.
2709 462 2846 538 xxv.)
2876 460 3038 533 Quod
3066 460 3167 526 ille
3195 463 3267 527 de
3305 469 3470 530 tanta
3525 489 3628 532 su-

231 533 479 610 equulei,
514 550 741 601 cruces,
770 537 829 591 et
859 534 907 591 si
939 550 1056 609 qua
1085 540 1226 594 sunt
1256 537 1623 595 diversorum
1655 556 1873 613 genera

231 628 672 684 tormentorum.
706 626 1007 693 Quomodo
1038 642 1176 700 ergo
1204 644 1408 683 verum
1442 628 1552 685 erit
1582 631 1736 702 quod
1770 648 1873 704 per

225 715 559 789 Apostolum
594 712 815 785 sonuit,
846 720 915 771 ut
942 731 1147 772 omnes
1180 716 1272 788 pie
1290 717 1576 787 viventes,
1601 736 1871 792 persecu-

225 806 440 877 tionem
472 804 782 878 patiuntur
810 804 839 858 ?
864 805 949 860 An
989 805 1137 861 forte
1167 822 1339 862 nemo
1392 807 1553 880 pacis
1612 813 1871 882 tempore

224 896 342 953 vult
376 895 470 969 pie
499 894 690 950 vivere
721 894 781 949 in
812 893 1040 951 Christo
1071 895 1235 964 Jesu,
1271 900 1328 952 et
1356 895 1487 954 ideo
1544 899 1759 955 desunt
1788 899 1869 955 is-

225 991 278 1042 ta
302 986 333 1041 ?
363 984 507 1052 Quis
537 983 648 1040 hoc
688 982 778 1040 vel
834 984 1131 1057 desipiens
1161 985 1421 1042 dixerit?
1479 988 1542 1043 In
1576 988 1686 1044 hac
1731 1006 1868 1063 ergo

221 1074 477 1148 Apostoli
519 1074 812 1131 sententia
851 1090 968 1130 non
992 1073 1267 1147 specialis
1316 1078 1732 1148 quorumdam,
1764 1081 1866 1136 sed

221 1163 508 1238 generalis
541 1164 805 1220 omnium
848 1164 1176 1236 persecutio
1243 1166 1416 1222 debet
1473 1166 1739 1242 intelligi.
1799 1170 1868 1225 Et

222 1255 455 1328 quidem
502 1257 644 1309 sunt
688 1253 862 1309 multi
909 1253 1064 1309 intra
1104 1254 1302 1310 sinum
1359 1257 1567 1313 matris
1600 1257 1865 1315 Ecclesiae

220 1343 542 1410 constituti,
577 1344 678 1415 qui
710 1342 802 1416 pie
829 1343 1087 1400 viventes
1118 1344 1176 1400 in
1208 1344 1457 1414 Christo,
1492 1347 1866 1404 contumeliis

218 1436 622 1501 assumuntur,
658 1432 1008 1505 opprobriis,
1042 1433 1296 1505 injuriis,
1331 1434 1723 1493 derisionibus
1779 1436 1862 1492 la—

216 1526 541 1580 cessuntur.
572 1522 691 1577 Ista
721 1538 824 1577 nec
852 1521 954 1578 illa
982 1522 1272 1595 generalis
1300 1526 1647 1596 persecutio,
1684 1543 1860 1598 quam

213 1611 528 1685 Apostolus
571 1627 776 1668 omnes
808 1611 900 1684 pie
959 1612 1215 1669 viventes
1274 1614 1392 1686 pati
1453 1599 1857 1688 descripserat,

216 1718 350 1759 cum
382 1701 503 1757 sint
528 1701 767 1774 quidam
801 1700 1079 1773 religiosi,
1115 1702 1330 1773 quibus
1353 1720 1524 1760 nemo
1547 1722 1857 1777 pravorum

213 1792 427 1847 audeat
451 1791 510 1845 in
543 1790 748 1846 faciem
781 1790 1081 1863 derogare.

277 1881 408 1937 Alia
440 1896 573 1937 vero
595 1880 865 1953 quaedam
898 1879 1280 1953 intelligenda
1304 1886 1412 1952 est,
1462 1900 1589 1955 qua:
1644 1884 1853 1941 imma-

213 1971 351 2041 nior,
378 1975 441 2027 et
470 1971 660 2042 magis
691 1970 863 2026 noxia
893 1974 999 2039 est,
1033 1987 1211 2043 quam
1243 1988 1361 2027 non
1419 1972 1740 2031 materialis
1770 1974 1855 2031 in-

212 2064 437 2133 torquet
468 2059 766 2127 severitas,
804 2060 906 2115 sed
949 2058 1228 2114 vitiorum
1258 2060 1450 2133 gignit
1507 2062 1849 2119 adversitas.

210 2151 344 2207 Dum
374 2148 538 2205 enim
591 2153 794 2204 contra
847 2148 1243 2205 humilitatem
1302 2151 1597 2223 superbia,
1652 2157 1854 2208 contra

210 2240 298 2297 Dei
334 2240 613 2295 timorem
648 2237 841 2293 inanis
872 2237 1075 2311 gloria,
1109 2241 1315 2295 contra
1365 2256 1563 2296 veram
1618 2242 1850 2314 religio-

208 2346 326 2387 nem
347 2327 893 2399 simulatio,contra
910 2328 1332 2399 subjectionem
1355 2333 1579 2403 pugnat
1599 2334 1853 2386 contem-

210 2423 353 2492 ptus,
376 2422 588 2475 contra
625 2418 942 2473 fraternam
987 2417 1551 2489 congratulationem
1608 2419 1849 2487 invidia,

206 2514 393 2565 contra
429 2507 805 2563 dilectionem
838 2506 1058 2575 odium,
1093 2511 1295 2563 contra
1324 2506 1650 2563 libertatem
1673 2510 1848 2580 justas

206 2597 577 2655 correctionis
609 2595 907 2663 detractio,
943 2601 1146 2652 contra
1167 2596 1509 2670 patientiam
1572 2598 1675 2667 ira,
1711 2616 1847 2655 con-

203 2693 285 2744 tra
313 2686 836 2744 mansuetudinem
868 2685 1178 2758 protervia,
1238 2690 1441 2742 contra
1497 2687 1844 2743 satisfactio-

204 2794 321 2833 nem
343 2783 567 2845 tumor,
593 2778 796 2831 contra
823 2773 1127 2847 spirituale
1156 2774 1437 2847 gaudium
1453 2775 1747 2833 saecularis
1767 2777 1847 2832 vi-

204 2872 273 2935 ta,
296 2871 501 2923 contra
527 2865 766 2920 virtutis
818 2865 1136 2920 exercitum
1197 2868 1393 2936 torpor
1447 2865 1533 2921 vel
1593 2865 1841 2939 ignavia,

205 2961 395 3012 contra
428 2956 663 3010 ﬁrmam
696 2951 1077 3009 stabilitatem
1111 2952 1395 3009 dissoluta
1425 2954 1673 3027 vagatio,
1706 2972 1844 3010 con-

206 3048 289 3101 tra
318 3044 443 3118 spei
478 3043 753 3099 ﬁduciam
786 3041 1133 3115 desperatio,
1180 3048 1383 3098 contra
1440 3044 1645 3098 mundi
1705 3060 1841 3099 con-

203 3139 484 3207 temptum
517 3132 830 3206 cupiditas,
862 3135 1063 3187 contra
1093 3130 1554 3187 misericordiam
1587 3132 1839 3188 obdura-

1983 543 2269 604 blimitate
2299 565 2404 621 per
2442 553 2781 625 superbiam
2811 554 3041 625 cecidit,
3073 559 3137 613 tu
3161 558 3233 615 ad
3263 563 3489 619 tantam
3516 564 3629 623 cel-

1981 634 2297 725 situdinem
2334 642 2685 713 superbiens
2714 644 2784 701 de
2816 644 2953 702 imis
3013 649 3416 707 conscendens
3446 651 3475 706 ?
3530 654 3631 725 qui

1980 722 2100 791 illa,
2132 727 2393 798 quandiu
2425 728 2519 785 hic
2545 730 2709 799 vivis,
2753 734 3086 792 conditione
3125 736 3361 809 teneris,
3411 740 3485 797 de
3515 722 3634 813 q‘ua

1978 829 2082 883 per
2109 818 2425 887 quemdam
2456 819 2779 892 sapientem
2822 822 3038 879 dicitur
3070 842 3083 881 :
3146 849 3174 876 «
3207 826 3432 900 Corpus
3465 832 3621 903 quod

1978 907 2376 977 corrumpitur
2406 913 2682 981 aggravat
2709 910 2970 969 animam
3002 918 3059 970 et
3088 915 3367 988 deprimit
3395 922 3630 978 terrena

1977 991 2324 1052 inhabitatio
2355 1013 2596 1054 sensum
2629 999 2815 1056 multa
2856 1002 3209 1075 cogitantem
3242 1005 3392 1078 (Sap.
3461 1012 3558 1079 1x).
3595 1032 3625 1062 »ι

1977 1082 2161 1147 Quam
2192 1084 2563 1145 densissimis
2594 1092 2872 1161 putamur
2920 1091 2981 1146 in
3012 1095 3169 1150 terra
3225 1096 3519 1168 superbia
3546 1102 3628 1155 te-

1977 1171 2193 1241 nebris,
2227 1172 2421 1231 lutum
2455 1176 2688 1245 involvi,
2722 1179 2771 1234 si
2802 1180 2993 1251 potuit
3022 1181 3081 1236 in
3113 1182 3255 1239 coelo
3286 1184 3473 1255 stella,
3498 1203 3626 1259 quae

1979 1276 2152 1316 mane
2184 1262 2494 1334 oriebatur,
2527 1264 2676 1323 lucis
2697 1284 2815 1323 suae
2846 1267 3048 1341 globos
3095 1272 3360 1331 amittere
3375 1275 3417 1330 .?
3471 1276 3625 1333 Audi

1973 1364 2111 1422 ergo
2142 1351 2341 1423 potius
2384 1353 2575 1411 lucem
2608 1355 2869 1412 veritatis
2903 1357 3192 1416 dicentem
3228 1378 3241 1416 :
3304 1383 3333 1412 «
3370 1363 3477 1428 Qui
3535 1381 3624 1421 se-

1973 1438 2174 1510 quitur
2203 1458 2295 1497 me
2328 1460 2444 1499 non
2476 1444 2741 1501 ambulat
2769 1445 2829 1501 in
2885 1447 3165 1516 tenebris,
3226 1449 3329 1505 sed
3389 1450 3627 1510 habebit

1969 1525 2169 1584 lumen
2199 1529 2328 1587 vitae
2355 1532 2531 1603 (Joan.
2564 1536 2709 1604 v111).
2761 1555 2789 1585 ››
2824 1536 2886 1590 In
2944 1552 3060 1608 quo
3092 1540 3291 1593 autem
3350 1543 3507 1596 esset
3534 1557 3624 1597 se-

1970 1617 2225 1687 quenda,
2258 1617 2397 1675 alibi
2428 1622 2779 1693 prmmonuit
2833 1622 3035 1681 dicens
3068 1642 3081 1681 :
3143 1646 3172 1677 «
3205 1626 3426 1685 Discite
3466 1646 3501 1686 a
3530 1647 3625 1689 me

1969 1706 2109 1776 quia
2139 1706 2298 1763 mitis
2330 1726 2463 1765 sum
2494 1714 2551 1766 et
2582 1710 2823 1767 humilis
2867 1714 3057 1780 corde,
3089 1718 3147 1770 et
3202 1714 3509 1775 invenietis
3539 1737 3624 1777 re-

1968 1795 2164 1866 quiem
2197 1796 2509 1854 animabus
2537 1800 2746 1855 vestris
2776 1801 2982 1870 (Matth.
3014 1802 3115 1873 x1).
3150 1824 3179 1853 »
3216 1806 3396 1874 Audi,
3430 1814 3623 1865 tumor

1964 1884 2269 1955 superbiae,
2304 1886 2442 1941 audi
2472 1886 2759 1944 dicentem
2793 1888 2985 1943 adhuc
3017 1889 3368 1948 humilitatis
3399 1896 3617 1969 magis-

1963 1976 2172 2029 trum:
2216 1998 2243 2024 «
2277 1975 2481 2032 Omnis
2510 1976 2612 2048 qui
2670 1994 2733 2033 se
2788 1976 3005 2034 exaltat
3056 1977 3505 2051 humiliabatur,
3560 1988 3619 2041 et

1964 2062 2065 2132 qui
2095 2080 2157 2120 se
2188 2063 2462 2121 humiliat
2491 2064 2841 2122 exaltabitur
2883 2068 3019 2139 (Luc
3044 2084 3140 2123 11v
3167 2075 3218 2124 et
3244 2070 3427 2143 xvm).
3462 2094 3485 2125 ι
3549 2073 3617 2129 Et

1962 2148 2108 2206 illud
2146 2171 2158 2208 :
2194 2174 2222 2202 «
2257 2154 2446 2226 Super
2474 2170 2651 2227 quem
2683 2154 2997 2228 requiescit
3024 2155 3276 2229 Spiritus
3305 2174 3476 2216 meus
3524 2160 3611 2217 ni-

1962 2241 2012 2295 si
2044 2258 2222 2314 super
2252 2242 2560 2312 humilem,
2592 2247 2650 2299 et
2680 2245 2967 2316 quietum,
3000 2250 3057 2302 et
3085 2250 3435 2304 trementem
3494 2266 3613 2307 ser-

1961 2347 2167 2386 mones
2199 2348 2359 2387 meos
2387 2332 2416 2387 ?
2445 2355 2472 2382 »
2504 2333 2629 2403 (Isa.
2662 2334 2836 2407 va1.)
2864 2334 3018 2389 Audi
3049 2335 3191 2407 quid
3238 2335 3417 2393 etiam
3448 2339 3520 2395 de
3548 2339 3613 2396 il-

1959 2418 2015 2475 lo
2044 2421 2124 2475 ait
2150 2420 2489 2493 Apostolus,
2531 2420 2632 2493 qui
2660 2425 2718 2478 te
2748 2422 2820 2477 ad
2869 2422 2993 2478 haec
3023 2424 3300 2479 sectanda
3355 2424 3563 2484 invitat
3594 2446 3610 2498 ;

1960 2509 2041 2565 ait
2071 2510 2227 2566 enim
2261 2527 2274 2565 :
2309 2510 2415 2575 Qui
2448 2528 2580 2567 cum
2612 2510 2673 2566 in
2705 2511 2893 2567 forma
2931 2511 3033 2568 Dei
3066 2517 3241 2583 esset,
3283 2530 3399 2571 non
3457 2517 3610 2590 rapi-

1958 2615 2093 2655 nam
2127 2598 2448 2655 arbitratus
2475 2605 2563 2655 est
2591 2616 2721 2655 esse
2743 2615 2805 2656 se
2835 2600 3118 2673 aequalem
3132 2602 3269 2670 Deo,
3294 2603 3395 2659 sed
3426 2621 3611 2662 seme-

1954 2688 2177 2760 tipsum
2205 2688 2521 2745 exinanivit
2549 2689 2797 2745 formam
2827 2689 2976 2745 servi
3008 2689 3320 2761 accipiens,
3354 2690 3414 2746 in
3445 2692 3608 2750 simi-

1955 2776 2264 2835 litudinem
2299 2777 2605 2834 hominum
2643 2777 2853 2846 factus,
2886 2781 2943 2833 et
2972 2776 3179 2834 habitu
3210 2777 3482 2837 inventus
3536 2787 3603 2838 ut

1955 2867 2152 2923 homo.
2178 2867 2519 2923 Humiliavit
2547 2866 2933 2939 semetipsum
2956 2866 3147 2924 factus
3176 2868 3456 2926 obediens
3505 2887 3602 2927 us-

1956 2972 2069 3028 que
2099 2957 2171 3012 ad
2203 2959 2472 3025 mortem,
2508 2959 2755 3011 mortem
2787 2960 2983 3012 autem
3010 2957 3200 3013 crucis
3236 2957 3408 3029 (Phil.
3452 2960 3538 3033 11).
3572 2982 3601 3012 »

1952 3044 2008 3099 Si
2038 3045 2217 3118 igitur
2247 3049 2406 3101 tanta
2434 3044 2763 3100 humilitate
2794 3062 2857 3101 se
2897 3045 3172 3118 deprimit
3226 3046 3422 3104 divina
3476 3066 3601 3108 ma-

1947 3134 2149 3205 jestas,
2183 3134 2483 3206 superbire
2515 3134 2575 3188 in
2606 3133 2801 3205 aliquo
2845 3151 2960 3190 non
2992 3135 3164 3191 debet
3222 3135 3487 3195 humana
3514 3138 3600 3195 in-

202 3223 302 3290 tio,
324 3227 524 3279 contra
551 3222 944 3277 innocentiam
976 3222 1138 3277 fraus
1167 3224 1224 3276 et
1251 3221 1495 3289 furtum,
1516 3226 1717 3277 contra
1744 3239 1835 3278 ve-
1870 3201 1913 3267 (ἶ
1950 3223 2217 3278 firmitas.

202 3310 435 3366 ritalem
484 3309 704 3366 fallacia
754 3315 814 3367 et
872 3309 1265 3377 mendacium,
1322 3315 1524 3366 contra
1574 3311 1837 3367 ciborum

199 3398 620 3473 parcimoniam
650 3399 866 3455 ventris
897 3396 1206 3471 ingluvies,
1240 3404 1440 3455 contra
1472 3400 1837 3456 moderatum

199 3504 503 3545 maerorem
534 3489 730 3561 inepta
757 3488 981 3556 laetitia,
1013 3492 1219 3545 contra
1249 3488 1565 3545 discretam
1596 3489 1835 3546 tacitur-

195 3577 431 3634 nitatem
460 3576 920 3650 multiloquium,
965 3581 1167 3634 contra
1195 3578 1387 3634 carnis
1444 3578 1835 3651 integritatem

192 3667 563 3724 immunditia
593 3672 770 3739 atque
798 3666 1051 3736 luxuria,
1099 3672 1303 3723 contra
1358 3668 1552 3723 cordis
1608 3669 1838 3724 mundi-

192 3757 322 3813 tiam
354 3755 688 3830 spiritualis
717 3756 1043 3825 fornicatin,
1081 3760 1286 3812 contra
1321 3773 1579 3813 amorem
1630 3760 1833 3831 patriae

191 3845 429 3904 ccelestis
454 3846 756 3919 appetitus
787 3845 980 3902 saeculi
1014 3845 1339 3919 praesentis,
1370 3863 1690 3919 opponens,
1749 3867 1834 3905 se—

191 3941 295 3992 met
318 3936 626 4009 immergit
657 3952 672 3991 :
704 3935 846 4007 quid
878 3934 1061 4006 aliud,
1097 3951 1274 4007 quam
1307 3935 1561 3992 crudelis
1608 3938 1702 4008 pie
1756 3939 1834 3994 vi-

188 4027 434 4083 ventium
471 4024 805 4099 persecutio
833 4025 1111 4080 adversus
1143 4023 1520 4097 conglobatus
1549 4027 1831 4083 virtutum

188 4116 324 4172 acies
354 4115 604 4173 desaavit
632 4115 660 4168 εἰ
693 4114 736 4169 O
768 4130 947 4185 quam
988 4114 1192 4182 durus,
1219 4131 1251 4169 ο
1282 4132 1459 4186 quam
1479 4132 1716 4172 amarus
1745 4120 1835 4172 est

185 4206 465 4277 superbia:
502 4202 896 4276 congressus!
928 4220 1057 4275 quae
1089 4202 1326 4275 angelos
1358 4203 1429 4259 dc
1458 4204 1599 4260 ccelo
1648 4207 1833 4278 proje-

184 4292 270 4362 cit,
302 4295 585 4351 homines
615 4293 685 4348 de
716 4292 988 4365 paradiso
1019 4291 1345 4348 eliminavit
1375 4311 1388 4361 ;
1423 4294 1592 4366 cujus
1624 4296 1833 4351 excrci-

183 4384 284 4451 tus,
318 4392 503 4457 atque
536 4398 839 4439 armorum
869 4382 1175 4438 confliclus
1208 4381 1347 4439 vitia
1376 4387 1534 4451 sunt,
1559 4401 1688 4457 quas
1708 4386 1833 4441 bre-

178 4471 311 4527 viter
340 4471 778 4544 comprehensa
806 4470 1130 4544 tetigimus.
1163 4471 1271 4525 Sed
1330 4471 1633 4528 videamus
1689 4490 1828 4546 que-

2431 3328 2623 3368 lNANIS
2661 3327 2869 3368 GLORIA
2908 3328 3101 3369 DlClT:

2016 3402 2134 3474 Age
2164 3401 2383 3458 bonum
2416 3402 2573 3474 quod
2599 3400 2780 3470 vales,
2814 3401 3056 3459 ostende
3085 3402 3314 3461 cunctis
3370 3403 3594 3462 bonum

1946 3492 2102 3563 quod
2133 3491 2278 3563 agis,
2313 3496 2376 3547 ut
2405 3492 2595 3547 bonus
2625 3508 2659 3547 a
2686 3491 2914 3548 cunctis
2953 3491 3190 3563 dicaris,
3226 3496 3292 3549 ut
3348 3499 3593 3554 sanctus

1945 3584 2003 3637 et
2030 3579 2378 3636 venerabilis
2410 3580 2480 3636 ab
2511 3579 2788 3636 omnibus
2817 3579 3171 3654 praediceris,
3207 3584 3274 3638 ut
3310 3581 3415 3639 Dei
3443 3583 3591 3641 elec-

1943 3674 2040 3726 tus
2072 3671 2356 3738 noscaris,
2392 3675 2457 3726 ut
2488 3687 2659 3726 nemo
2691 3674 2746 3726 te
2777 3674 3152 3738 comtemnat,
3187 3687 3357 3726 nemo
3380 3676 3437 3728 te
3465 3672 3593 3729 des-

1943 3759 2257 3832 piciat,Sed
2275 3760 2529 3816 universi
2548 3759 2811 3815 debitum
2824 3758 2928 3814 tibi
2942 3758 3222 3814 honorem
3237 3759 3589 3830 persolvant.

2358 3866 2538 3904 TIMOR
2575 3864 2783 3904 DOMINI
2823 3863 3151 3903 RESPONDE‘I‘
3181 3863 3194 3901 ζ

2012 3939 2149 4012 Cap.
2187 3940 2256 3993 ΙΙ.
2291 3938 2350 3994 Si
2379 3937 2513 3993 boni
2546 3934 2767 4007 aliquid
2800 3935 2947 4008 agis,
3008 3951 3124 3991 non
3154 3952 3259 4008 pro
3317 3936 3593 3994 transito-

1942 4028 2067 4095 riis,
2102 4027 2200 4082 sed
2232 4043 2337 4098 pro
2364 4025 2595 4081 aeternis
2627 4024 2947 4081 honoribus
2978 4041 3103 4098 age.
3155 4024 3394 4083 Occulta
3432 4028 3591 4101 quod

1941 4115 2088 4188 agis,
2124 4119 2412 4186 quantum
2443 4113 2618 4170 vales.
2648 4114 2809 4178 Quod
2842 4113 2891 4170 si
2922 4131 2992 4171 ex
3022 4118 3141 4170 toto
3172 4131 3287 4171 non
3317 4116 3593 4188 vales,sit

1939 4204 2000 4260 in
2033 4203 2228 4259 animo
2260 4203 2592 4259 occultandi
2615 4202 2905 4271 voluntas,
2938 4207 2996 4260 et
3026 4220 3141 4259 non
3174 4204 3285 4262 erit
3312 4206 3382 4263 de
3402 4211 3593 4266 osten-

1942 4293 2161 4350 tatione
2193 4292 2312 4348 ulla
2340 4293 2642 4349 temeritas
2677 4311 2689 4349 :
2727 4309 2833 4349 nec
2874 4292 3140 4350 criminis
3165 4294 3277 4351 erit
3328 4295 3592 4368 aliquan-

1943 4385 2015 4440 do
2046 4383 2442 4450 manifestare,
2479 4383 2629 4455 quod
2665 4399 2897 4456 semper
2925 4383 3013 4438 vis
3041 4382 3293 4439 celatum
3350 4384 3587 4441 habere.
3658 4440 3663 4443 _

1941 4472 2034 4529 Sic
2067 4473 2321 4544 denique
2344 4472 2491 4526 duas
2524 4472 2927 4546 Redemptoris
2967 4472 3288 4528 sententias
3314 4471 3427 4528 sibi
3449 4488 3589 4544 qua-

178 4561 564 4617 madmodum
599 4563 794 4616 castra
825 4559 952 4615 coeli
980 4563 1037 4615 et
1062 4560 1277 4615 inferni
1309 4560 1609 4629 dimicent,
1671 4580 1835 4621 arma
1864 4575 1910 4640 D
1942 4562 1991 4618 si
2023 4561 2345 4619 contrarias
2378 4560 2664 4616 videberis
2696 4560 3069 4632 adimplesse,
3113 4560 3330 4631 quibus
3350 4559 3584 4616 dicitur:

174 4648 377 4706 Christi
412 4656 475 4707 et
509 4648 733 4706 diaboli
765 4647 1009 4705 consilia
1048 4649 1365 4705 decertent.

745 4754 1027 4795 SUPERBIA
1064 4755 1213 4794 DlClT
1246 4755 1259 4794 ἶ

234 4832 403 4886 Certe
436 4828 652 4885 multis
685 4828 801 4883 imo
832 4827 1010 4884 etiam
1038 4844 1182 4900 pene
1214 4828 1487 4884 omnibus
1522 4829 1724 4886 melior
1746 4838 1833 4887 est

170 4919 358 4988 verbo,
394 4917 673 4986 scientia,
710 4916 951 4986 divitiis;
993 4916 1337 4984 honoribus,
1370 4923 1428 4973 et
1457 4920 1682 4975 cunctis
1705 4938 1830 4993 qua:

169 5007 249 5064 vel
276 5008 628 5065 carnalibus
658 5006 748 5062 vel
779 5005 1189 5080 spiritualibus
1233 5012 1554 5079 suppetunt
1611 5009 1829 5066 charis-

174 5099 454 5154 matibus.
490 5097 747 5153 Cunctos
762 5112 901 5168 ergo
932 5095 1422 5168 despice,cunctis
1454 5098 1830 5171 temetipsum

170 5188 542 5260 superiorem
571 5186 829 5243 attende.

552 5292 869 5331 IlUMlLlTAS
908 5291 1056 5330 VBRA
1096 5292 1426 5330 RESPONUE’I‘
1459 5292 1471 5329 ε

232 5367 372 5439 Cap.
404 5364 454 5421 Ι.
486 5385 515 5414 ί(
538 5364 832 5420 Memento
851 5362 990 5437 quia
1009 5359 1202 5437 pulvis
1224 5368 1281 5419 et
1307 5364 1456 5421 cinis
1477 5382 1539 5421 es
1559 5365 1690 5437 (Gen
1722 5370 1828 5435 111),

169 5476 194 5503 κ
210 5456 349 5526 quia
372 5454 633 5528 putredo
650 5458 708 5509 et
727 5452 941 5509 vermis
966 5470 1029 5509 es
1047 5453 1168 5523 (Job
1182 5454 1309 5525 xxv)
1332 5471 1346 5523 ;
1375 5477 1395 5503 υ
1432 5454 1650 5527 quique
1672 5455 1834 5512 siali-

169 5543 303 5615 quid
327 5560 420 5612 es,
462 5543 578 5599 nisi
601 5546 768 5599 tanto
784 5547 840 5599 te
862 5542 1158 5599 humilies.
1195 5548 1412 5615 quanto
1462 5561 1714 5617 magnus
1745 5561 1829 5614 es,

167 5631 493 5705 perpendis
520 5631 760 5687 omnino
790 5630 947 5704 quod
978 5647 1061 5687 es.
1080 5631 1360 5704 Nunquid
1378 5632 1551 5689 altior
1570 5649 1631 5688 es
1653 5650 1832 5707 quam

171 5722 402 5793 primus
424 5721 679 5794 angelus
694 5720 721 5775 ‘t
738 5720 1015 5794 Nunquid
1031 5719 1462 5793 splendidiorin
1487 5727 1640 5780 terra
1653 5740 1831 5794 quam

1944 4676 1970 4701 ‹‹
2005 4650 2271 4708 Faciente
2304 4655 2358 4706 te
2418 4650 2871 4721 eleemosynam,
2917 4647 3137 4705 nesciat
3193 4647 3433 4704 sinistra
3486 4652 3591 4707 tua

1944 4740 2085 4813 quid
2118 4739 2293 4796 faciat
2318 4740 2552 4795 dextera
2591 4744 2690 4794 tua
2722 4755 2734 4793 :
2769 4739 2871 4793 sed
2902 4735 2981 4793 sit
3010 4735 3377 4811 eleemosyna
3405 4742 3508 4795 tua
3528 4738 3589 4796 in

1942 4829 2306 4896 abscondito,
2338 4832 2394 4885 et
2426 4828 2589 4883 Pater
2620 4831 2756 4883 tuus
2788 4826 2888 4899 qui
2913 4826 3070 4883 videt
3108 4826 3166 4883 in
3224 4827 3588 4902 abscondito,

1942 4919 2142 4974 reddet
2172 4918 2277 4974 tibi
2309 4917 2516 4988 (Matth.
2544 4917 2639 4987 γι).
2676 4939 2700 4964 υ
2734 4916 2803 4972 Et
2832 4933 2845 4971 :
2878 4939 2905 4965 ‹‹
2939 4915 3189 4972 Videant
3240 4933 3419 4990 opera
3467 4935 3591 4976 ves-

1940 5014 2030 5064 tra
2058 5009 2232 5077 bona,
2274 5012 2333 5063 et
2361 5006 2687 5079 glorificent
2719 5005 2948 5062 Patrem
2979 5008 3368 5082 vestrum,qui
3392 5008 3452 5064 in
3482 5026 3589 5066 cce-

1940 5096 2015 5152 lis
2040 5101 2128 5153 est
2158 5101 2315 5166 (Luc.
2355 5098 2435 5168 11).
2472 5119 2499 5145 ››
2523 5098 2670 5151 Cave
2714 5112 2977 5167 prorsus,
3007 5113 3077 5152 ne
3108 5096 3168 5152 in
3224 5100 3280 5154 te
3308 5096 3410 5152 illa
3456 5114 3587 5152 sen-

1940 5186 2121 5240 tentia
2153 5185 2480 5251 conveniat,
2513 5202 2630 5256 qua
2661 5183 2982 5256 hypocritis
3012 5184 3227 5241 dicitur
3258 5201 3271 5240 :
3305 5208 3332 5234 «
3382 5183 3590 5239 Omnia

1941 5292 2115 5347 Opera
2141 5293 2250 5331 sua
2282 5273 2522 5341 iaciunt,
2558 5278 2619 5329 ut
2668 5274 3076 5331 beatiﬁcentur
3113 5274 3186 5330 ab
3242 5271 3587 5329 hominibus

1942 5365 2148 5435 (Matth.
2180 5364 2363 5435 mn).
2396 5384 2422 5416 ι)
2460 5387 2487 5414 ‹‹
2520 5365 2702 5419 Amen
2736 5362 2864 5419 dico
2893 5363 3059 5419 vobis
3081 5363 3589 5432 receperuntmer-

1941 5455 2142 5510 cedem
2174 5471 2341 5509 suam
2375 5456 2524 5526 (Luc.
2561 5454 2636 5525 ιι).
2671 5474 2691 5503 ι
2730 5452 2979 5508 Attende
3002 5450 3106 5506 tibi
3128 5450 3188 5505 in
3212 5449 3441 5526 cunctis
3462 5468 3589 5524 quae

1940 5543 2088 5616 agis,
2114 5560 2185 5598 ne
2206 5523 2450 5599 elatione
2466 5523 2759 5615 pulsatus,
2781 5555 2914 5596 cum
2937 5537 3030 5594 his
3055 5537 3155 5609 qui
3178 5537 3248 5594 de
3269 5523 3584 5597 miraculo-

1941 5649 2069 5687 rum
2104 5631 2291 5705 signis
2322 5631 2726 5705 gloriabantur
2754 5628 2958 5685 audias
2993 5645 3005 5684 :
3050 5651 3077 5679 ‹‹
3110 5626 3393 5687 Videbam
3425 5629 3591 5686 Sata-

1945 5739 2083 5779 nam
2113 5721 2267 5779 sicut
2298 5722 2495 5795 fulgur
2524 5721 2595 5778 de
2622 5717 2765 5777 coelo
2796 5717 3097 5797 cadentem
3127 5719 3276 5792 (Luc.
3306 5719 3384 5793 κ).
3421 5742 3448 5768 ››
