4102 6174
458 304 578 371 563

731 457 1036 500 SIMULATIO
1073 459 1238 499 νειυε
1276 458 1593 497 Βεῐιιιίιιγξις
1639 457 1821 494 hntl'l‘:

536 533 678 598 Quia
707 531 852 589 nihil
875 533 1013 589 boni
1040 532 1097 588 in
1129 533 1470 588 abscondito
1516 531 1677 596 facis,
1708 548 1776 584 ne
1820 547 1853 583 a
1882 528 2109 584 cunctis

464 623 728 693 cognitus
755 622 1060 679 detesteris
1099 638 1111 677 :
1146 622 1297 694 finge
1330 625 1384 676 te
1414 618 1553 675 foris
1584 635 1713 674 esse
1744 617 1896 691 quod
1947 616 2109 672 intus

462 730 577 769 non
608 713 854 786 appetis.

874 818 1098 859 RELIGIO
1135 818 1283 859 VERA
1321 816 1651 857 RESPONDE’I‘
1682 816 1694 855 ἶ

534 891 671 965 Cap.
709 892 803 948 III.
857 892 977 947 Imo
1006 891 1192 964 magis
1226 895 1427 961 satage
1458 906 1586 945 esse
1646 888 1799 962 quod
1850 904 1964 944 non
2021 904 2102 943 es.

461 980 610 1037 Nam
640 980 946 1037 ostendere
976 979 1318 1036 hominibus
1339 980 1491 1052 quod
1525 996 1635 1033 non
1666 994 1747 1047 es,
1781 977 1919 1050 quid
1949 975 2108 1032 aliud

462 1085 639 1141 quam
664 1070 960 1125 damnatio
986 1073 1074 1127 est
1102 1070 1130 1124 ‘?
1156 1070 1378 1125 Memor
1406 1073 1531 1124 esto
1564 1069 1779 1139 itaque,
1828 1066 1983 1139 quod
2023 1066 2107 1121 di-

461 1158 615 1215 citur
646 1174 659 1213 :
695 1182 723 1210 «
751 1159 849 1213 Vae
879 1158 1063 1225 vobis,
1112 1157 1324 1213 Scribae
1378 1162 1433 1212 et
1463 1155 1738 1211 Pharisaei
1770 1155 2104 1227 hypocritae,

462 1247 563 1321 qui
595 1248 895 1303 mundatis
928 1247 1079 1318 quod
1102 1247 1317 1302 deforis
1346 1244 1648 1301 estcalicis
1670 1248 1727 1300 et
1752 1243 2103 1317 paropsidis,

462 1335 627 1394 intus
656 1338 848 1390 autem
882 1334 1037 1406 pleni
1068 1334 1209 1390 estis
1231 1333 1437 1406 rapina
1466 1338 1520 1389 et
1543 1332 1938 1389 immunditia.
1970 1332 2109 1388 Pha-

462 1423 628 1478 riszee
659 1434 825 1493 caece,
868 1423 1093 1478 munda
1121 1422 1303 1494 prius,
1336 1422 1488 1493 quod
1516 1422 1679 1477 intus
1708 1425 1798 1477 est
1824 1420 2021 1477 calicis
2051 1424 2108 1476 et

462 1510 815 1583 paropsidis,
851 1513 916 1565 ut
948 1511 1046 1563 fiat
1077 1515 1134 1565 et
1159 1510 1214 1565 id
1249 1511 1403 1582 quod
1434 1509 1648 1566 deforis
1680 1514 1768 1566 est
1815 1510 2103 1565 mundum

461 1598 672 1671 (Matth.
704 1600 885 1668 xxiii).
923 1622 950 1648 »
988 1601 1245 1671 Itemque
1272 1599 1439 1666 illud,
1465 1600 1621 1671 quod
1651 1598 1999 1656 inculcando
2022 1615 2109 1655 re-

464 1688 683 1761 petitur
724 1707 737 1744 :
778 1709 800 1739 ι
830 1688 926 1743 Vm
956 1688 1142 1759 vobis,
1176 1690 1390 1745 Scriba:
1423 1694 1477 1744 et
1525 1689 1818 1755 Pharisaei,
1859 1689 1998 1761 quia
2029 1688 2107 1745 si-

1526 303 1591 368 S.
1640 302 1916 368 LEONIS
1959 302 2041 367 IX
2082 300 2317 366 PAPJE
2358 302 2793 370 OPUSGULA.

2137 439 2183 504 Α
2456 456 2754 497 οοκαιυιτυ
2764 458 2920 497 nmo
2958 456 3232 497 smmum
3270 454 3599 496 nassonem
3627 455 3643 496 :

3744 304 3873 369 ωδ

2290 534 2422 585 (ἐτη).
2462 533 2524 584 V.
2557 530 2615 585 Si
2640 535 2877 588 caeteros
2906 529 3220 588 virtutibus
3249 527 3571 599 antecellis,
3590 528 3777 587 tutius
3805 531 3869 587 in

2218 618 2344 676 loco
2370 618 2571 676 intimo
2602 636 2780 692 quam
2811 620 2870 675 in
2918 636 3153 675 summo
3184 618 3564 692 temetipsum
3617 635 3867 676 conser-

2215 725 2338 764 vas.
2374 708 2616 780 Semper
2643 709 2799 764 enim
2833 709 2903 765 de
2933 708 3048 765 alto
3078 710 3245 783 pejor
3273 708 3340 764 fit
3369 707 3558 764 ruina.
3592 709 3756 776 Quod
3814 707 3869 766 si

2217 796 2344 862 tibi,
2383 802 2444 852 ut
2494 797 2732 866 asseris,
2763 798 3006 870 quidam
3072 796 3428 871 superiores,
3461 801 3567 854 aut.
3614 798 3871 871 aequales

2217 891 2376 953 sunt,
2410 886 2551 959 quid
2584 891 2639 943 te
2670 885 2848 955 ladit,
2880 887 3021 960 quid
3052 892 3108 943 te
3155 891 3322 943 nocet
3349 886 3378 942 Ἰ
3406 886 3553 944 Cave
3602 904 3870 961 prorsus,

2218 992 2290 1032 ne
2321 978 2463 1032 dum
2495 976 2685 1032 locum
2717 975 3087 1032 celsitudinis
3116 975 3363 1044 invides,
3393 974 3561 1031 illum
3593 976 3869 1044 imiteris,

2217 1066 2288 1121 de
2318 1082 2431 1138 quo
2462 1065 2749 1139 scriptum
2781 1069 2871 1121 est
2903 1083 2915 1121 :
2954 1085 2975 1114 ι
3012 1064 3233 1121 Invidia
3262 1063 3479 1121 diaboli
3510 1081 3668 1121 mors
3690 1066 3870 1123 intra-

2214 1154 2297 1210 vit
2326 1155 2384 1210 in
2415 1155 2616 1210 orbem
2646 1159 2957 1211 terrarum.
2993 1154 3305 1210 Imitantur
3335 1156 3533 1211 autem
3562 1152 3863 1227 illum,qui

2205 1260 2281 1328 \ex
2314 1246 2474 1317 parte
2504 1245 2634 1315 ejus
2665 1249 2803 1300 sunt
2831 1244 3097 1318 (Sapiam.
3132 1243 3214 1316 ιι).
3252 1266 3280 1292 ››

2840 1368 3026 1408 ODIUM
3064 1368 3214 1408 DICIT
3245 1366 3258 1406 Ξ

2285 1440 2471 1506 Absit,
2504 1444 2570 1497 ut
2599 1440 2766 1497 illum
2800 1440 3030 1514 diligas,
3065 1457 3240 1513 quem
3274 1439 3334 1496 in
3393 1440 3671 1497 omnibus
3725 1459 3866 1499 con-

2214 1530 2463 1585 trarium
2493 1530 2676 1585 habes
2708 1548 2722 1597 ;
2756 1532 2855 1604 qui
2886 1530 2992 1586 tibi
3027 1530 3288 1603 derogat,
3321 1528 3422 1601 qui
3458 1528 3563 1584 tibi
3595 1530 3866 1595 insultat,

2218 1617 2316 1691 qui
2350 1623 2407 1673 te
2439 1618 2671 1690 injuriis
2692 1624 3016 1692 exasperat,
3050 1620 3147 1691 qui
3179 1618 3284 1674 tibi
3317 1622 3555 1690 peccata
3603 1623 3705 1675 tua
3759 1622 3870 1677 im-

2218 1713 2509 1779 properat,
2544 1707 2644 1780 qui
2675 1713 2730 1764 te
2764 1709 2960 1775 dictis,
2985 1706 3282 1781 operibus,
3317 1711 3492 1781 atque
3549 1708 3871 1766 honoribus

463 1777 634 1876 mutas.
664 1778 804 1876 esti?
828 1776 1439 1876 '5_6P0101‘i9.d°au33ll9
1480 1794 1607 1849 qum
1649 1795 1707 1876 α.
1739 1776 1881 1833 foris
1932 1793 2107 1876 aPPa‘
2141 1811 2187 1876 Β
2216 1776 2419 1869 praeire
2469 1776 2727 1853 festinat.
2760 1797 2880 1852 Nisi
2943 1776 3099 1852 enim
3132 1796 3236 1852 tibi
3270 1776 3596 1867 invideret,
3647 1815 3872 1871 nequa-

463 1868 592 1921 rent
619 1864 961 1921 horninibus
991 1865 1275 1937 speciosa,
1302 1865 1462 1921 intus
1486 1883 1620 1921 vero
1653 1865 1825 1938 plena
1854 1868 1994 1922 sunt
2021 1881 2111 1921 os-

463 1954 630 2012 sibus
661 1958 1113 2022 mortuorum,et
1143 1955 1303 2010 omni
1335 1954 1619 2027 spurcitia
1649 1955 1853 2027 (Matth.
1885 1954 2103 2027 XXIII).I

460 2043 551 2100 Sic
580 2048 637 2100 et
665 2061 765 2100 vos
797 2062 831 2100 a
859 2044 996 2100 foris
1029 2043 1265 2117 quidem
1298 2044 1511 2116 patetis
1542 2043 1880 2100 hominibus
1932 2042 2106 2115 justi,

463 2134 625 2189 intus
656 2137 851 2189 autem
883 2131 1036 2206 pleni
1068 2133 1212 2189 estis
1234 2133 1526 2205 hypocrisi
1560 2137 1616 2188 et
1653 2132 2111 2205 iniquitate.Nec

463 2240 580 2278 non
612 2225 669 2278 et
699 2221 866 2286 illud,
921 2223 1072 2293 quod
1103 2223 1175 2277 de
1221 2221 1441 2277 talibus
1499 2221 1783 2293 scriptum
1843 2221 2060 2295 legitur
2093 2238 2106 2277 :

463 2332 493 2360 ‹‹
522 2309 781 2364 Veniunt
809 2310 879 2364 ad
910 2326 1012 2365 vos
1042 2310 1097 2364 in
1129 2310 1494 2366 vestimentis
1514 2310 1731 2375 ovium,
1756 2309 2109 2367 intrinsecus

463 2402 658 2454 autem
690 2402 831 2453 sunt
857 2398 979 2471 lupi
1014 2415 1251 2471 rapaces
1282 2398 1506 2472 (Matth.
1538 2401 1659 2471 vn).
1698 2422 1725 2448 η

959 2522 1358 2561 INOBEDIENTIA
1398 2522 1550 2561 DlClT
1583 2523 1595 2561 ἒ

526 2591 666 2659 Quis
694 2596 781 2663 tu,
814 2597 880 2649 ut
934 2594 1231 2665 pejoribus
1285 2594 1671 2667 obtemperes,
1720 2595 2105 2653 deterioribus

450 2682 801 2739 famulatum
833 2682 1109 2740 exhibeas
1138 2683 1166 2737 ?
1194 2684 1272 2740 Te
1304 2684 1699 2757 magis,quam
1730 2682 1864 2738 illos
1890 2684 2096 2740 decuc-

448 2776 542 2829 rat
573 2772 882 2845 imperare,
916 2773 1014 2845 qui
1048 2772 1154 2829 tibi
1186 2791 1302 2829 non
1337 2777 1586 2846 possunt
1616 2773 1872 2847 ingenio,
1903 2773 1991 2830 vel
2013 2772 2098 2829 in-

448 2861 675 2919 dustria
695 2863 982 2934 coazquari
1011 2862 1040 2916 ?
1065 2862 1478 2935 Obtemperare
1510 2862 1689 2936 igitur
1741 2864 1929 2936 magis
1988 2864 2097 2920 Do-

447 2951 591 3009 mini
619 2951 863 3025 imperio
894 2956 951 3008 et
980 2970 1095 3009 non
1126 2952 1233 3009 tibi
1265 2954 1342 3009 sit
1371 2970 1509 3009 cura
1539 2953 1608 3009 de
1631 2952 1849 3025 aliquo.

800 3077 1098 3117 BUBJECTIO
1136 3078 1314 3117 BEATA
1353 3077 1680 3118 RESPONDE‘I‘
1711 3076 1724 3115 ζ

2219 1902 2397 1957 quam
2424 1902 2487 1941 se
2517 1885 2622 1941 tibi
2656 1886 2736 1941 ita
2767 1886 3083 1958 praeferret.

2593 2009 2741 2048 νειμ
2778 2009 3055 2049 CHARITAS
3096 2009 3420 2049 RESPONDET
3452 2010 3465 2048 ζ

2291 2098 2426 2155 CAP.
2458 2101 2550 2155 VI.
2585 2100 2861 2172 Nunquid
2894 2101 3049 2173 quod
3081 2099 3345 2173 base,que
3375 2099 3740 2167 narras,odio
3765 2100 3875 2157 ha-

2218 2188 2411 2245 benda
2433 2192 2573 2245 sunt
2596 2188 2655 2245 in
2677 2188 2935 2254 homine,
2968 2192 3276 2262 propterea
3306 2206 3418 2244 non
3471 2191 3561 2245 est
3609 2191 3874 2246 amanda

2218 2276 2318 2333 Dei
2340 2276 2534 2351 imago
2560 2278 2617 2333 in
2639 2277 2920 2334 homine?
2953 2278 3117 2333 Sicut
3136 2277 3421 2345 Christus,
3446 2277 3548 2350 qui
3593 2276 3653 2332 in
3693 2294 3872 2335 cruce

2217 2366 2446 2438 positus
2468 2366 2737 2424 inimicos
2759 2384 2898 2424 suos
2919 2366 3141 2434 dilexit,
3190 2370 3325 2423 ante
3365 2366 3557 2423 crucis
3603 2370 3866 2423 tormen-

2215 2458 2343 2511 tum
2366 2456 2673 2513 admonuit
2693 2456 2893 2513 dicens
2914 2475 2977 2512 :«
2999 2456 3251 2531 Dilligite
3290 2454 3564 2513 inimicos
3611 2460 3867 2525 vestros,

2214 2546 2535 2602 benefacite
2558 2546 2651 2603 his
2673 2547 2772 2619 qui
2796 2547 3048 2603 oderunt
3068 2564 3168 2603 vos
3190 2564 3203 2616 ;
3228 2550 3285 2602 et
3306 2548 3465 2603 orate
3518 2562 3621 2619 pro
3667 2562 3868 2618 perse-

2212 2636 2532 2706 quentibus
2553 2639 2610 2692 ct
2630 2635 3130 2693 calumniantibus
3153 2640 3348 2707 vos,ut
3367 2634 3497 2693 sitis
3515 2634 3620 2691 ﬁlii
3674 2635 3867 2693 Patris

2208 2724 2385 2780 vestri
2407 2724 2507 2797 qui
2529 2725 2590 2781 in
2613 2724 2771 2781 caelis
2788 2729 2883 2797 est
2904 2726 3033 2798 (Luc
3060 2728 3160 2795 v1).
3187 2746 3214 2777 »
3238 2726 3333 2782 Sic
3355 2742 3461 2797 per
3480 2723 3857 2782 Salomonem

2206 2816 2264 2868 et
2282 2812 2626 2885 Apostolum
2658 2814 2875 2870 dicitur
2899 2831 2913 2869 :
2940 2835 2967 2864 ‹‹
2989 2814 3047 2871 Si
3074 2814 3348 2870 esurierit
3367 2813 3646 2871 inimicus
3695 2818 3841 2871 tuus
3858 2857 3872 2883 ,

2206 2900 2337 2957 ciba
2357 2900 2625 2969 illum;si
2650 2901 2795 2970 sitit,
2822 2906 3025 2975 potum
3050 2903 3125 2959 da
3149 2901 3233 2958 illi
3266 2905 3441 2973 (Rom.
3455 2902 3559 2974 xu)
3584 2920 3597 2971 ;
3625 2925 3656 2952 ››
3694 2926 3723 2953 ‹‹
3748 2902 3862 2960 hoc

2203 2990 2361 3046 enim
2377 2991 2616 3059 faciens,
2640 2992 2923 3048 carbones
2947 2990 3102 3065 ignis
3125 3007 3404 3065 congeres
3447 3007 3627 3064 super
3677 2997 3865 3065 caput

2200 3077 2329 3149 ejus
2352 3078 2629 3150 (Proverb.
2655 3078 2807 3150 xxv).
2838 3100 2858 3129 ι
2885 3078 2989 3134 Cui
3014 3078 3316 3135 sententia:
3335 3078 3493 3135 idem
3532 3074 3860 3152 Apostolus

510 3166 647 3223 CAP.
684 3167 778 3224 IV.
808 3167 868 3224 Si
894 3167 1125 3223 Domini
1164 3169 1690 3242 optemperandum
1721 3172 1811 3225 est
1838 3168 2084 3241 imperio
2115 3180 2158 3246 ρ
2199 3181 2269 3221 ex
2288 3165 2520 3239 proprio
2543 3167 2868 3240 subjungit,
2890 3167 3120 3223 dicens:
3146 3190 3174 3217 ‹‹
3197 3165 3327 3224 Noli
3348 3166 3855 3236 vinciamalo,sed

436 3254 698 3312 humano
730 3256 901 3311 subdi
936 3273 1171 3312 necesse
1199 3262 1286 3312 est
1318 3258 1679 3325 magisterio.
1740 3259 1869 3330 Ipse
1924 3258 2081 3315 enim

434 3343 617 3400 dicit:
653 3366 682 3395 «
712 3344 822 3408 Qui
854 3361 952 3400 vos
980 3346 1145 3400 audit
1176 3362 1267 3400 me
1301 3346 1485 3410 audit,
1519 3350 1577 3401 et
1633 3348 1732 3419 qui
1761 3364 1864 3403 vos
1916 3364 2077 3420 sper-

431 3430 521 3485 nit
550 3448 643 3486 me
674 3433 897 3503 spernit
925 3433 1075 3503 (Luc.
1116 3438 1282 3503 xvm)
1316 3452 1330 3503 ;
1369 3457 1396 3484 ››
1426 3435 1526 3503 Ita,
1560 3435 1778 3507 inquis,
1811 3442 2072 3508 oportet:

426 3519 529 3574 sed
562 3518 612 3575 si
642 3519 778 3576 talis
803 3519 904 3591 qui
930 3520 1182 3592 imperat
1211 3528 1385 3587 esset,
1413 3540 1515 3592 per
1546 3542 1720 3595 quem
1754 3524 1907 3581 Deus
1964 3524 2073 3580 im-

424 3611 609 3679 perat.
638 3608 750 3665 Sed
784 3609 1098 3681 Apostolus
1126 3615 1328 3666 contra
1360 3628 1371 3667 :
1416 3635 1443 3661 ‹‹
1465 3613 1590 3668 Non
1620 3618 1726 3675 est.
1761 3613 2077 3686 inquit,po-

421 3700 605 3754 testas
628 3698 741 3754 nisi
772 3715 807 3755 a
835 3698 972 3755 Deo.
1005 3699 1139 3763 Quae
1172 3705 1368 3757 autem
1401 3709 1560 3767 sunt,
1594 3719 1627 3757 a
1666 3701 1781 3757 Deo
1809 3708 1949 3757 sunt
1979 3720 2071 3758 or-

424 3785 646 3843 dinata.
680 3787 882 3859 Itaque
913 3789 1013 3860 qui
1046 3789 1265 3846 resistit
1291 3790 1585 3861 potestati,
1611 3790 1710 3845 Dei
1751 3790 2069 3847 ordinatio-

422 3874 484 3930 ni
514 3875 754 3932 resistit.
790 3878 961 3948 (Rom.
994 3879 1141 3949 χιιι).
1176 3901 1203 3929 ››
1234 3878 1444 3943 Quales
1475 3894 1603 3935 esse
1631 3878 1787 3933 enim
1820 3879 2073 3939 debeant

421 3962 483 4017 hi
506 3963 606 4034 qui
638 3964 948 4035 imperant,
983 3984 1099 4022 non
1139 3973 1229 4023 est
1259 3986 1293 4023 a
1321 3967 1574 4023 subditis
1610 3967 2066 4025 discutiendum.

420 4049 492 4104 Et
511 4049 745 4121 quidem
778 4052 985 4123 primis
1017 4055 1279 4110 Ecclesiae
1312 4055 1649 4125 pastoribus
1680 4054 1961 4111 Dominus
1986 4057 2070 4112 di—

421 4136 500 4192 cit
531 4153 544 4192 :
570 4161 598 4187 ‹‹
631 4140 827 4206 Scitis,
861 4142 1015 4211 quod
1050 4159 1213 4205 reges
1241 4144 1502 4213 gentium
1561 4144 1940 4200 dominantur
1977 4162 2069 4201 eo-

418 4243 573 4295 rum,
607 4231 664 4283 et
692 4229 791 4299 qui
823 4233 1169 4299 potestatem
1203 4233 1639 4288 exercentinter
1667 4249 1787 4299 eos,
1822 4234 2065 4291 benefici

412 4320 715 4372 vocantur.
746 4316 862 4372 Vos
889 4323 1086 4373 autem
1120 4336 1234 4375 non
1267 4321 1350 4376 sic
1377 4323 1705 4393 (Lucxxn):
1730 4345 1750 4371 ι
1785 4324 1895 4379 Sed
1922 4347 1942 4373 ι
1963 4325 2062 4396 qui

408 4404 536 4461 vult
563 4406 752 4476 major
781 4422 911 4463 esse
932 4406 990 4462 in
1022 4408 1207 4474 vobis,
1236 4410 1344 4465 erit
1374 4411 1639 4465 omnium
1671 4428 1875 4467 servus
1896 4414 2064 4484 (Marc

408 4494 487 4567 x).
525 4516 553 4544 »
585 4493 679 4551 Sic
710 4500 767 4551 et
800 4516 828 4545 «
862 4495 1042 4552 Filius
1074 4497 1332 4553 hominis
1366 4516 1481 4555 non
1511 4499 1667 4555 venit
1711 4501 2058 4568 ministrari,

411 4584 515 4640 sed
549 4583 884 4640 ministrare
918 4586 1125 4651 (Matth.
1156 4588 1270 4657 xx).
1297 4609 1325 4637 ››
1362 4590 1469 4644 Sed
1505 4595 1665 4656 tunc,
1726 4590 1883 4661 quod
1942 4608 2056 4646 non

409 4686 615 4726 omnes
641 4669 784 4727 tales
815 4671 1044 4727 futuros
1074 4690 1203 4729 esse
1253 4674 1531 4743 praevidit,
1591 4675 1887 4745 subjector
1934 4693 2061 4731 om-

410 4756 574 4812 nium
609 4774 888 4828 personas
920 4760 975 4815 in
1009 4761 1315 4833 discipulis
1348 4780 1657 4818 assumens
1690 4764 2058 4834 praemonuit.

2091 4549 2136 4614 D

2193 3252 2357 3310 vince
2383 3254 2441 3310 in
2459 3255 2611 3311 bono
2636 3255 3043 3327 malum(Rom.
3068 3256 3191 3330 xu).
3220 3279 3248 3307 η
3276 3259 3397 3323 Quo
3416 3261 3618 3313 contra
3639 3258 3712 3314 de
3757 3257 3854 3314 his

2189 3343 2286 3414 qui
2315 3344 2523 3400 fratres
2544 3344 2739 3401 odisse
2760 3348 3103 3413 noscuntur,
3127 3363 3230 3419 per
3265 3345 3550 3402 Joannem
3584 3346 3838 3402 dicitur:

2192 3449 2219 3483 α
2240 3430 2346 3495 Qui
2369 3433 2493 3488 odit
2516 3433 2749 3487 fratrem
2775 3450 2951 3489 suum
2973 3433 3269 3490 homicida
3285 3435 3468 3491 est.Et
3487 3432 3654 3491 scitis
3675 3434 3836 3506 quod

2183 3521 2378 3576 omnis
2399 3520 2692 3577 homicida
2724 3540 2834 3577 non
2857 3522 3031 3580 habet
3053 3523 3111 3579 in
3134 3524 3447 3597 semetipso
3470 3523 3649 3580 vitam
3673 3528 3837 3580 mter-

2184 3625 2320 3664 nam
2347 3614 2681 3666 manentem
2705 3611 2748 3681 (ι
2775 3613 2931 3668 Ιοαη.
2967 3613 3073 3684 ιιι).
3107 3634 3136 3664 ››
3184 3614 3254 3669 Et
3310 3629 3547 3669 rursum
3580 3627 3594 3668 :
3663 3636 3684 3661 ι
3722 3611 3836 3677 Qui

2181 3697 2304 3753 odit
2322 3697 2561 3754 fratrem
2593 3716 2769 3754 suum
2805 3700 2862 3756 in
2894 3702 3152 3779 tenebris
3182 3702 3467 3772 ambulat,
3499 3708 3557 3759 et
3586 3701 3646 3756 in
3672 3705 3835 3758 tene-

2180 3786 2303 3841 bris
2319 3791 2403 3843 est
2430 3803 2617 3860 usque
2640 3789 2830 3845 adhuc
2865 3807 2878 3846 :
2911 3794 2967 3846 et
2997 3790 3182 3847 nescit
3213 3808 3328 3864 quo
3358 3796 3471 3858 eat,
3503 3790 3645 3865 quia
3672 3793 3834 3847 tene-

2179 3874 2294 3930 bras
2315 3881 2678 3933 cecaverunt
2706 3878 2906 3934 oculos
2939 3881 3065 3951 ejus
3097 3881 3146 3952 (I
3178 3882 3335 3937 Joan.
3371 3884 3460 3951 ιι).
3493 3904 3521 3931 »

2249 3966 2338 4030 At,
2370 3965 2591 4037 inquis,
2622 3967 2843 4023 sufficit
2872 3967 3015 4023 mihi
3048 3970 3205 4040 quod
3235 3975 3500 4026 amantes
3545 3985 3639 4026 me
3702 3968 3834 4025 dili-

2176 4066 2269 4124 go.
2292 4052 2578 4111 Dominus
2608 4060 2813 4111 contra
2842 4056 2923 4111 ait
2956 4073 2968 4111 :
3006 4081 3033 4106 ‹‹
3067 4057 3124 4112 Si
3154 4057 3311 4114 enim
3326 4058 3575 4131 diligitis
3605 4074 3706 4114 eos
3725 4058 3830 4131 qui

2176 4157 2277 4196 vos
2307 4141 2564 4213 diligunt
2591 4159 2770 4214 quam
2803 4146 3128 4201 mercedem
3161 4146 3452 4203 habebitis
3478 4146 3508 4202 ?
3538 4148 3741 4203 Nonne
3770 4154 3833 4203 et

2174 4228 2474 4285 Publieani
2507 4230 2614 4286 hoc
2639 4231 2909 4287 faciunt?
2937 4255 2964 4282 ››
2997 4235 3204 4307 (Matth.
3227 4253 3300 4303 v;
3358 4237 3485 4291 Luc.
3518 4237 3625 4307 vr.)
3676 4236 3827 4300 Quid

2176 4321 2233 4372 tu
2262 4334 2498 4390 quoque
2529 4320 2600 4375 ad
2633 4320 2740 4376 hoc
2768 4322 3018 4393 obiicere
3050 4323 3206 4379 vales
3232 4323 3260 4379 ?
3286 4326 3474 4392 Certe,
3507 4348 3535 4375 ‹‹
3571 4324 3668 4398 qui
3699 4325 3827 4381 odit

2172 4405 2409 4462 fratrem
2442 4425 2641 4472 suum,
2689 4416 2885 4467 manet
2910 4412 2965 4467 in
3000 4416 3206 4477 morte,
3243 4417 3301 4468 et
3330 4413 3430 4485 qui
3487 4412 3699 4486 diligit,
3760 4415 3820 4469 in

2170 4495 2287 4551 Deo
2316 4502 2531 4565 manet,
2556 4503 2611 4553 et
2628 4498 2779 4555 Deus
2811 4500 2870 4555 in
2894 4517 2960 4557 eo
2989 4503 3040 4571 (1
3064 4503 3225 4557 Ιοαη.
3257 4519 3343 4569 ιιι,
3378 4503 3476 4573 1v).
3496 4524 3525 4553 ››
3572 4502 3819 4559 Omnem

2170 4599 2307 4655 ergo
2329 4587 2781 4643 amaritudinem
2817 4588 2967 4644 tellis
3007 4607 3229 4661 evome,
3265 4595 3322 4647 et
3380 4607 3615 4664 quoquo
3647 4596 3825 4664 pacto

2172 4672 2421 4729 valueris
2442 4675 2748 4732 charitatis
2777 4677 3144 4735 dulcedinem
3176 4697 3366 4737 sume.
3389 4679 3479 4735 Nil
3510 4680 3666 4736 enim
3687 4698 3825 4736 sua-

2167 4762 2441 4831 viusilla,
2467 4764 2549 4818 nil
2584 4767 2935 4824 estbeatius.
2999 4790 3027 4819 ‹‹
3078 4769 3253 4837 Deus,
3287 4769 3481 4843 inquit
3534 4768 3819 4839 Joannes,

409 4843 612 4932 dicens
645 4862 667 4932 :_
690 4867 717 4894 ‹‹
749 4849 935 4932 Super
965 4849 1301 4906 cathedram
1333 4851 1476 4906 Mosi
1511 4852 1787 4907 sederunt
1843 4853 2057 4909 Scriba-2
2169 4850 2423 4907 charitas
2452 4858 2541 4908 est
2561 4854 2609 4925 (Ι
2632 4856 2790 4911 Joan.
2824 4858 2923 4926 1v).
2958 4879 2988 4908 ››
3011 4858 3081 4913 Et
3111 4858 3382 4932 egregius
3431 4857 3819 4932 praedicator:

413 4933 471 4987 et
502 4929 801 4988 Pharisaei.
841 4935 975 4998 Qua:
1006 4937 1169 4991 vobis
1199 4938 1404 4993 dicunt
1436 4939 1605 4994 facite
1638 4956 1651 4993 :
1685 4956 1813 5011 quas
1858 4946 2053 4997 autem

2167 4939 2476 4996 «Charitas
2496 4941 2599 4997 Dei
2644 4943 2861 5000 diffusa
2905 4945 3081 5001 estin
3117 4947 3394 5003 cordibus
3442 4946 3684 5016 nostris,
3706 4964 3820 5021 per

408 5016 650 5085 faciunt,
684 5019 862 5076 nolite
893 5023 1077 5079 facere
1112 5042 1124 5079 :
1160 5026 1471 5097 imponunt
1498 5026 1654 5082 enim
1684 5027 1743 5081 in
1778 5027 2057 5085 humeros
2164 5028 2447 5100 Spiritum
2470 5036 2743 5088 sanctum
2785 5036 2885 5105 qui
2909 5035 3083 5091 datus
3130 5039 3221 5091 est
3242 5036 3413 5092 nobis
3457 5037 3634 5107 (Rom.
3672 5016 3753 5106 v).
3785 5059 3820 5086 ι»

405 5107 717 5164 hominum
742 5126 919 5165 onera
948 5112 1145 5184 gravia
1163 5121 1219 5168 et
1247 5115 1642 5186 importabilia
1674 5132 1686 5171 :
1721 5116 1904 5188 digito
1953 5135 2052 5174 au-
2164 5116 2327 5173 Unde
2358 5136 2461 5174 nec
2483 5119 2775 5177 immerito
2837 5123 3091 5178 charitas
3148 5125 3406 5181 fraterna
3463 5124 3822 5182 delictorum

400 5201 520 5255 tem
546 5215 653 5255 suo
685 5197 893 5254 nolunt
922 5218 990 5255 ea
1019 5218 1267 5258 movere.
1300 5207 1514 5273 (Matth.
1549 5206 1725 5270 χχιιι).
1770 5227 1798 5255 ››
2162 5205 2417 5261 facinora
2449 5211 2639 5282 tegere
2670 5210 2900 5277 dicitur,
2934 5211 3087 5267 sicut
3115 5213 3402 5285 scciptum
3433 5217 3525 5269 est
3561 5230 3575 5269 :
3610 5233 3634 5262 ι
3668 5213 3817 5271 Uni-

2159 5310 2322 5350 versa
2352 5296 2563 5351 delicta
2579 5298 2767 5368 operit
2797 5297 3053 5356 charitas
3091 5302 3141 5373 (Ι
3155 5303 3305 5358 Patr.
3340 5302 3437 5375 Iv).
3473 5324 3504 5353 »

466 5410 529 5465 In
560 5426 674 5481 quo
705 5410 824 5478 illo,
857 5413 948 5469 vel
980 5414 1078 5470 illo
1112 5415 1305 5471 minor
1333 5434 1395 5474 es
1424 5419 1452 5473 ‘?
1482 5421 1594 5473 Cur
1622 5435 1758 5490 ergo
1802 5419 2044 5492 mqualis
2704 5420 3015 5462 υπευλατίο
3055 5423 3206 5463 DIC”
3236 5425 3249 5464 ε

389 5497 496 5589 eis,
533 5496 920 5589 veIAsupuior
950 5521 1061 5558 non
1097 5522 1157 5560 es
1188 5505 1216 5559 ?
1246 5508 1474 5570 Quanta
1528 5506 1704 5574 vales,
1758 5508 1870 5581 ipsi
1926 5526 2041 5565 non
2222 5506 2364 5570 Quis
2391 5511 2582 5580 potest
2611 5509 2924 5582 sustinere,
2958 5512 3091 5587 quis
3122 5513 3353 5573 silentio
3368 5517 3582 5589 tegere,
3615 5532 3815 5589 quan-

389 5584 588 5679 valent
618 5585 646 5641 ?
675 5586 802 5679 Non
841 5605 977 5663 ergo
1010 5592 1113 5647 tibi
1176 5598 1278 5649 aut
1337 5594 1671 5668 superiores
1730 5612 1878 5665 esse,
1940 5602 2042 5655 aut
2149 5594 2328 5652 taille
2357 5597 2442 5652 vel
2475 5595 2572 5653 ille
2604 5615 2782 5671 prava
2810 5584 3144 5674 committit,
3191 5604 3305 5662 nisi
3337 5584 3815 5679 quiforte_coa~

389 5675 565 5733 etiam
596 5675 849 5747 mquales
879 5695 1007 5735 esse
1036 5680 1268 5737 debent.
2150 5683 2329 5744 sentit
2358 5686 2386 5741 ?

994 5325 1214 5365 INVIDIA
1252 5327 1403 5366 DICIT
1435 5327 1447 5366 Ξ
