4074 6180
294 373 422 435 565

464 524 736 567 ιιεειιτΑθ
762 524 954 569 αυετέε
980 524 1389 568 CORRECTIONIS
1421 524 1749 566 RESPONDFT
1780 523 1791 564 ζ

365 597 505 655 ΠΛΡ.
539 601 661 656 VII.
694 600 810 658 Nec
857 601 1103 657 tacenda
1149 604 1292 657 sunt
1339 598 1497 656 mala
1546 595 1817 671 proximi,
1851 611 1958 652 uec

288 689 753 746 eonseutienda:
768 691 871 747 sed
888 690 1174 747 charitate
1192 691 1447 745 fraterna
1464 689 1523 743 in
1545 688 1749 743 faciem
1775 684 1965 757 [ιι-οχὶ-

286 793 442 833 mus
472 780 916 850 redarguendus
945 783 1054 846 est,
1076 795 1189 835 non
1222 785 1415 834 autem
1447 776 1498 834 ei
1522 775 1747 832 occulte
1776 774 1963 828 detra-

288 866 590 925 hendum.
613 870 776 936 Quod
808 869 856 926 si
888 868 1164 937 objicitur
1196 885 1209 924 :
1244 867 1458 924 idcirco
1490 867 1727 922 fratrem
1762 878 1961 920 coram

278 959 493 1016 oculis
535 959 837 1030 increpare
866 958 1022 1021 nolo,
1047 975 1118 1014 ne
1149 962 1528 1030 exasperatus
1577 956 1962 1013 correctione.

280 1066 423 1105 non
454 1048 739 1121 proficiat,
765 1049 866 1103 sed
913 1047 1102 1121 magis
1130 1064 1198 1103 ex
1227 1047 1583 1103 correctione
1613 1044 1958 1102 scandalum

275 1142 526 1206 sumat,
548 1136 801 1193 occurrit
820 1135 1016 1192 divina
1035 1136 1421 1209 Scriptura,et
1439 1151 1604 1191 versa
1629 1135 1749 1190 vice
1770 1135 1958 1207 magis

270 1226 646 1283 scandalum
670 1225 976 1281 denuntiat
1001 1224 1202 1281 dicens
1227 1243 1275 1280 τα
1299 1226 1518 1280 Sedens
1542 1224 1821 1279 adversus
1844 1223 1956 1279 fra-

276 1320 455 1372 trem
504 1322 672 1370 tuum
719 1314 1090 1381 detrahebas,
1116 1317 1171 1369 et
1203 1314 1482 1369 adversus
1514 1312 1698 1367 ﬁlium
1750 1312 1958 1367 matris

270 1408 412 1460 tua
443 1405 705 1476 ponebas
736 1403 1077 1460 scandalum
1112 1404 1284 1475 (Psal.
1318 1404 1492 1472 XLIX).
1523 1426 1544 1453 ι
1582 1401 1770 1473 Magis
1800 1400 1955 1456 enim

273 1493 647 1549 scandalum
679 1492 861 1548 sumit
900 1492 998 1565 qui
1046 1491 1158 1547 sibi
1207 1492 1607 1547 detrahentem
1660 1489 1954 1561 intelligit,

277 1599 489 1657 quam
529 1580 623 1653 qui
653 1580 1061 1652 corripientem
1111 1580 1383 1636 sustinet.
1417 1581 1484 1635 Et
1514 1578 1652 1652 quia
1682 1596 1956 1633 nonnun-

280 1689 496 1746 quam
514 1676 685 1726 errata
701 1669 1171 1742 delinquentium
1189 1669 1261 1725 ad
1282 1673 1513 1740 tempus
1532 1669 1780 1740 tegenda
1792 1671 1953 1733 sunt,

274 1768 370 1817 ut
402 1760 607 1832 aptiori
643 1764 905 1830 tempore
946 1759 1333 1829 corrigantur,
1361 1762 1668 1831 propterea
1705 1757 1954 1829 subjun-

1105 374 1207 439 DE
1251 376 1688 441 CONFLICTU
1734 372 2123 439 VITIORUM
2169 375 2437 461 ATQUE
2482 374 2921 440 VIRTUTUM.

1986 508 2042 575 Α
2069 523 2184 587 tur,
2211 541 2237 570 «
2268 519 2325 576 Si
2361 537 2472 575 non
2524 516 2933 592 compatimur,
2974 532 3079 573 nec
3122 510 3663 588 conregnabimus?
3688 533 3714 561 η

3594 375 3713 439 566

2071 612 2243 685 (Tim.
2277 612 2364 684 ιι.)
2395 613 2757 684 Quapropter
2784 605 3129 665 retundendi
3161 607 3300 662 sunt
3334 603 3435 659 irze
3462 600 3715 672 stimuli,

2070 706 2127 758 et
2154 702 2282 773 ejus
2330 701 2643 758 metuenda
2683 698 3003 756 damnatio.
3034 696 3091 751 Si
3138 694 3378 769 quidem
3410 714 3438 743 «
3473 691 3574 766 qui
3603 690 3718 746 ira-

2070 792 2255 849 scitur
2284 791 2448 849 fratri
2480 808 2587 847 suo
2617 807 2751 847 reus
2781 788 2890 846 erit
2911 788 3168 862 judicio;
3200 786 3301 861 qui
3331 790 3527 844 autem
3558 786 3718 843 dixe-

2071 883 2145 938 rit
2178 882 2335 937 fratri
2368 899 2475 938 suo
2522 881 2719 948 racha,
2754 897 2888 937 reus
2918 880 3029 936 erit
3056 877 3327 947 consilio;
3363 877 3465 951 qui
3519 880 3717 934 autem

2070 971 2299 1040 dixerit,
2331 973 2507 1040 fatue,
2541 988 2674 1027 reus
2704 970 2813 1027 erit
2843 969 3122 1043 gehennae
3151 967 3306 1042 ignis
3332 967 3549 1040 (Matth.
3582 967 3659 1039 v).
3686 988 3716 1017 »

2070 1060 2176 1117 Ubi
2210 1064 2404 1117 autem
2456 1060 2778 1117 remedium
2827 1059 3138 1126 invenitur,
3173 1060 3334 1130 patet
3361 1073 3430 1113 ex
3459 1072 3526 1112 eo
3558 1056 3715 1128 quod

2069 1149 2346 1206 subditur
2378 1168 2391 1205 :
2419 1172 2447 1198 «
2480 1150 2539 1205 Si
2579 1149 2751 1205 otl‘ers
2800 1165 3020 1204 munus
3075 1151 3245 1202 tuum
3298 1145 3373 1201 ad
3428 1143 3629 1209 altare,
3662 1145 3720 1199 et

2067 1239 2145 1295 ibi
2179 1239 2518 1295 recordatus
2564 1238 2744 1293 fueris
2794 1236 2933 1309 quia
2971 1236 3148 1291 frater
3195 1238 3335 1290 tuus
3382 1232 3562 1288 habet
3605 1230 3717 1287 ali-

2067 1329 2207 1401 quid
2259 1328 2567 1383 adversum
2598 1331 2674 1392 te,
2708 1325 2971 1398 relinque
3001 1323 3082 1380 ibi
3114 1339 3333 1379 munus
3378 1325 3548 1377 tuum
3581 1322 3716 1377 ante

2068 1418 2267 1486 altare,
2292 1420 2351 1474 et
2378 1417 2522 1472 vade
2551 1414 2910 1472 reconciliari
2943 1412 3108 1486 prius
3140 1410 3304 1468 fratri
3331 1414 3454 1477 tuo,
3487 1413 3545 1465 et
3572 1413 3716 1464 tunc

2064 1500 2304 1563 veniens
2336 1507 2543 1563 offeres
2575 1522 2790 1560 munus
2831 1507 3001 1561 tuum
3031 1501 3236 1574 (Matth.
3268 1499 3346 1571 v).
3377 1518 3405 1551 ν
3437 1500 3519 1553 Ac
3550 1497 3599 1552 si
3629 1496 3716 1551 di-

2066 1600 2332 1653 ceretur:
2366 1596 2481 1651 Nec
2510 1595 2567 1650 in
2610 1594 2781 1650 corde
2843 1592 3079 1649 tacitam
3137 1604 3370 1664 precem
3428 1585 3715 1653 eﬂ‘undas,

2066 1685 2179 1741 nisi
2212 1685 2376 1758 prius
2409 1685 2696 1740 offensum
2726 1683 3057 1754 proximum
3087 1677 3500 1736 satisfaciendo
3531 1676 3600 1731 ad
3636 1674 3716 1729 le-

2027 1817 2038 1824 .
2068 1774 2269 1831 uitatis
2300 1771 2814 1829 mansuetudinem
2847 1771 3152 1843 perducas.
3186 1767 3401 1822 Munus
3430 1764 3587 1821 enim
3621 1780 3717 1819 uo-

269 1852 462 1924 gitur
489 1867 538 1905 :a
565 1848 688 1904 Haec
721 1846 905 1904 fecisti
929 1851 987 1902 et
1012 1848 1189 1903 tacui.
1217 1869 1244 1896 »
1267 1848 1348 1902 Ne
1379 1851 1575 1903 autem
1603 1863 1670 1902 ex
1700 1847 1809 1902 hoc
1831 1847 1952 1901 dis-

2075 1868 2255 1921 strum
2286 1866 2375 1919 est
2403 1860 2585 1918 oratio
2633 1863 2866 1925 nostra;
2899 1858 3080 1913 altare
3130 1873 3262 1911 vero
3313 1857 3580 1910 nostrum
3628 1855 3719 1907 est

266 1944 455 1995 creto
505 1937 735 1993 silentio
793 1938 1148 1992 detractores
1200 1935 1309 1992 sibi
1369 1935 1811 2008 applaudereut,
1848 1935 1947 2008 qui

265 2031 436 2085 dum
470 2044 705 2097 semper
728 2026 952 2082 occulte
974 2026 1253 2098 derogare
1278 2024 1525 2093 malunt,
1550 2042 1854 2096 nunquam
1889 2025 1947 2079 in

266 2123 563 2189 apertam
593 2115 1049 2187 increpatiouem
1082 2114 1417 2189 prosiliunt,
1443 2115 1633 2170 adhuc
1665 2113 1953 2169 subinfer—

268 2213 391 2263 tur
415 2224 467 2261 εει
492 2204 854 2261 Existimasti
898 2203 1098 2276 inique
1130 2204 1284 2275 quod
1318 2220 1415 2260 ero
1446 2205 1529 2260 tui
1580 2203 1844 2260 similis.»
1872 2205 1950 2258 Ac

269 2299 330 2353 si
368 2296 676 2351 diceretur
697 2312 711 2350 :
737 2293 1010 2364 Iniquum
1034 2297 1121 2348 est
1144 2293 1397 2367 cogitare
1421 2298 1486 2349 ut
1508 2292 1640 2348 inde
1661 2293 1952 2347 detractor

279 2383 526 2443 similis
548 2399 854 2456 appaream
879 2400 892 2439 ί
916 2384 1069 2438 unde
1099 2384 1170 2439 ad
1202 2390 1434 2455 tempus
1468 2383 1738 2453 reticens,
1756 2381 1948 2437 locum

272 2480 446 2548 aptas
478 2472 858 2543 correctionis
879 2475 1163 2544 exspecto.
1188 2473 1352 2527 Unde
1381 2475 1438 2527 et
1464 2471 1731 2544 protinus
1749 2469 1951 2526 subdi-

270 2571 394 2621 tur
417 2581 471 2620 :«
496 2565 772 2634 Arguam,
799 2565 877 2621 te.
900 2565 956 2617 et
986 2564 1240 2616 statuam
1269 2564 1471 2616 contra
1492 2559 1696 2616 faciem
1718 2563 1879 2614 tuam
1899 2576 1949 2626 ;»

267 2652 477 2709 veluti
529 2651 857 2707 diceretur:
892 2650 1015 2706 Non
1046 2650 1105 2705 in
1157 2651 1404 2715 occulto,
1442 2654 1501 2705 ut
1548 2654 1652 2704 tua
1699 2664 1951 2704 consue-

274 2743 438 2800 tudo
500 2745 608 2808 est,
640 2741 742 2797 sed
800 2740 858 2795 in
917 2745 1138 2812 aperto,
1170 2744 1237 2795 ut
1265 2757 1395 2797 mea
1450 2745 1536 2795 est
1592 2738 1951 2795 consuetudo

272 2837 504 2905 aptum
535 2836 772 2903 tempus
804 2828 1151 2900 corripiendi
1196 2833 1541 2902 exspectans
1589 2832 1951 2902 peccatorem

272 2936 567 2993 arguam,
599 2920 813 2989 eteius
859 2918 1069 2975 delicta
1110 2923 1312 2975 contra
1360 2918 1564 2974 faciem
1622 2917 1783 2972 illius
1832 2920 1949 2970 sta-

272 3018 479 3067 tuam.
516 3013 605 3074 At,
635 3007 875 3080 iniquis,
910 3024 1024 3076 nou
1058 3007 1211 3073 odio,
1246 3008 1343 3064 sed
1378 3024 1531 3075 amo,
1565 3023 1739 3079 quem
1774 3006 1855 3061 ita
1886 3004 1945 3058 in

271 3098 656 3155 absconditis
706 3098 1037 3168 dijudicans
1087 3097 1467 3168 reprehendo.
1519 3097 1590 3152 Et
1635 3111 1787 3167 ego:
1823 3094 1949 3148 Imo

2060 1970 2177 2010 cor.
2214 1950 2313 2007 Ille
2345 1955 2539 2008 autem
2571 1949 2669 2022 qui
2710 1948 2819 2004 hoc
2851 1947 3036 2003 facere
3067 1943 3320 2018 (quoties
3366 1941 3519 1997 inter
3565 1940 3716 1996 duos

2058 2042 2147 2098 ira
2176 2042 2350 2097 fuerit
2388 2038 2655 2107 excitata)
2706 2035 3021 2103 studuerit,
3052 2032 3418 2106 prtemissam
3469 2030 3712 2085 damna-

2057 2131 2275 2188 tionem
2326 2143 2694 2202 nequaquam
2747 2125 3016 2181 iucurrit.
3048 2123 3163 2179 Sed
3203 2123 3343 2178 sunt
3391 2116 3563 2175 multi
3611 2117 3713 2189 qui

2058 2219 2276 2293 petenti
2307 2217 2418 2273 sibi
2452 2216 2703 2284 veniam,
2735 2213 2946 2270 delicta
2989 2229 3105 2269 non
3142 2209 3469 2267 remittunt.
3502 2207 3715 2263 Contra

2059 2325 2207 2381 quos
2238 2306 2337 2363 illa
2369 2304 2602 2363 Domini
2633 2296 2928 2359 sententia
2956 2301 3129 2368 venit,
3164 2316 3280 2371 qua
3310 2297 3563 2353 dicitur:
3596 2316 3623 2349 ιι
3652 2294 3712 2351 Si

2059 2415 2174 2453 non
2235 2394 2577 2453 remiseritis
2632 2390 2974 2449 hominibus
3030 2391 3269 2463 peccata
3324 2401 3551 2454 eorum,
3609 2400 3716 2440 nec

2059 2488 2231 2543 Pater
2258 2488 2446 2542 vester
2474 2481 2727 2540 cmlestis
2756 2480 3014 2538 remittet
3052 2477 3217 2535 vobis
3262 2479 3501 2549 peccata
3522 2475 3718 2531 vestra

2060 2575 2266 2648 (Matth.
2304 2574 2403 2644 VI).

2131 2664 2304 2719 Plura
2333 2666 2489 2728 sunt,
2522 2660 2743 2732 inquis,
2768 2675 2894 2731 quas
2927 2655 3263 2721 committit,
3288 2656 3346 2710 et
3376 2666 3470 2708 me
3499 2650 3713 2722 saepius

2060 2752 2319 2809 offendit.
2352 2752 2436 2806 Ad
2469 2750 2591 2805 haec
2623 2766 2736 2805 non
2769 2765 2895 2821 ego,
2919 2747 3022 2802 sed
3048 2742 3328 2800 Dominus
3358 2738 3708 2811 respondet:

2056 2842 2205 2898 Nam
2238 2858 2370 2897 cum
2404 2840 2607 2896 Petrus
2635 2839 2704 2895 ad
2755 2853 2891 2893 eum
2939 2834 3158 2891 diceret
3189 2848 3202 2889 :
3229 2854 3256 2882 ‹‹
3290 2828 3526 2895 Quoties
3576 2843 3708 2900 pec-

2060 2929 2217 2986 cabit
2246 2929 2303 2984 in
2337 2944 2430 2983 me
2478 2928 2653 2982 frater
2690 2942 2879 2990 meus,
2919 2922 3213 2978 dimittam
3257 2918 3345 2975 illi
3395 2932 3584 2990 usque
3613 2932 3708 2973 se-

2059 3017 2247 3091 pties?
2272 3040 2298 3065 n
2321 3016 2423 3071 Ille
2452 3016 2525 3071 ad
2556 3031 2688 3071 eum
2715 3032 2727 3070 :
2756 3036 2784 3064 ‹‹
2812 3013 2937 3068 Non
2967 3011 3097 3067 dico
3126 3009 3256 3077 tibi,
3281 3006 3494 3079 inquit,
3519 3021 3709 3079 usque

2059 3105 2295 3180 septies,
2316 3105 2413 3161 sed
2449 3121 2636 3175 usque
2665 3101 3000 3174 septuagies
3023 3098 3240 3171 septies
3254 3096 3462 3170 (Matth.
3484 3096 3708 3166 xvm).»

281 3187 494 3257 magis
526 3187 653 3241 hinc
691 3186 840 3249 odis,
870 3190 929 3242 et
979 3203 1094 3241 non
1143 3185 1361 3258 diligis,
1406 3185 1560 3240 unde
1606 3183 1866 3239 detrahis
1896 3185 1954 3237 et
1984 3247 2020 3263 Α
2060 3198 2244 3263 Quam
2278 3192 2447 3250 multi
2503 3196 2697 3249 autem
2746 3194 2887 3248 sunt
2914 3189 3016 3262 qui
3046 3205 3186 3244 suas
3240 3185 3491 3258 injurias
3544 3184 3713 3240 tarde

288 3247 438 3332 non,
461 3275 709 3347 corripis.
735 3247 918 3339 Quam
953 3274 1028 3330 sit
1058 3247 1639 3329 autcmvdetestanda
1668 3272 1949 3328 detractio
1980 3247 2022 3314 (ἶ
2064 3247 2486 3351 ἷέίξέέιιῇ-,ήοθί
2510 3247 2667 3338 ’προ
2724 3247 2899 3337 citius
2930 3247 3252 3350 indulgent
3284 3247 3515 3347 {atque
3560 3272 3733 3329 non;

293 3362 893 3437 proximi,plerisque
931 3362 988 3417 in
1032 3363 1177 3419 locis
1208 3361 1441 3434 eloquia
1492 3362 1687 3417 divina
1734 3365 1950 3416 testan-

286 3459 425 3523 tur,
458 3452 608 3506 unde
635 3456 721 3507 est
751 3450 897 3507 illud
923 3467 936 3507 :
962 3475 989 3501 ‹‹
1019 3451 1426 3506 Detrahentem
1457 3451 1739 3505 adversus
1772 3449 1957 3521 proxi-

293 3557 471 3599 mum
508 3557 678 3596 suum
724 3539 965 3607 occulte,
998 3540 1154 3595 hunc
1199 3540 1590 3611 persequebar
1621 3538 1793 3611 (Psal.
1828 3539 1901 3611 c).
1929 3560 1955 3586 »

286 3632 368 3688 Et
398 3630 544 3685 illud
580 3647 648 3685 :«
681 3629 786 3697 Qui
838 3629 1092 3684 detrahit
1138 3628 1297 3685 fratri
1332 3628 1724 3683 eradicabitur
1752 3628 1950 3699 (Iacob.

290 3720 405 3789 tv).
431 3740 461 3768 ι)
494 3718 616 3774 Nec
646 3735 760 3773 non
792 3725 852 3774 et
881 3718 1024 3773 illud
1057 3717 1304 3790 apostoli
1336 3715 1496 3772 Pauli
1534 3733 1547 3771 :
1577 3739 1597 3765 α
1632 3715 1834 3771 Videte
1866 3733 1959 3771 ne-

285 3810 443 3864 dum
476 3807 728 3862 iuvicem
781 3806 1083 3870 mordetis,
1116 3806 1190 3861 ab
1227 3805 1476 3861 invicem
1526 3804 1958 3862 consumamini

287 3898 519 3969 (δοιαὶ.
549 3897 628 3967 v).
655 3917 683 3945 ››

970 4003 1066 4042 IRA
1105 4001 1257 4041 DICIT
1287 4002 1301 4040 Ζ

366 4078 511 4141 Qum
543 4091 683 4148 erga
708 4080 765 4131 te
795 4077 1068 4148 aguntur,
1092 4074 1500 4146 aequanimiter
1522 4074 1652 4128 ferri
1690 4090 1800 4129 non
1828 4089 1957 4144 pos-

292 4171 449 4223 sunt
483 4182 498 4221 :
531 4164 654 4221 haec
703 4165 987 4237 patienter
1032 4162 1297 4227 tolerare,
1332 4166 1636 4234 peccatum
1686 4166 1793 4218 est.
1826 4166 1960 4228 Quae

292 4255 411 4310 etsi
450 4269 566 4308 non
608 4253 694 4309 eis
723 4269 856 4309 cum
906 4268 1120 4322 magna
1164 4250 1599 4323 exasperatione
1649 4250 1960 4312 resistitur,

297 4348 518 4399 contra
547 4348 606 4398 te
635 4342 910 4414 deinceps
940 4341 1068 4397 sine
1096 4356 1373 4397 mensura
1402 4338 1797 4395 cumulantur.

785 4447 1084 4487 ΡΑΤῙΕΝΤῙΑ
1115 4447 1443 4486 RESPONDET
1477 4447 1489 4484 ἶ

375 4521 519 4576 CAP.
544 4519 691 4575 VIII.
716 4520 774 4575 Si
806 4519 1002 4591 passio
1037 4518 1444 4592 Redemptoris
1482 4518 1553 4573 ad
1588 4523 1839 4573 mentem
1875 4535 1962 4575 re-

2063 3388 2366 3444 nunquam
2401 3376 2466 3427 ut
2490 3370 2793 3426 occasione
2823 3368 3049 3424 Domini
3080 3366 3328 3439 injurias
3356 3360 3712 3430 vindicandi,

2065 3477 2204 3518 suas
2234 3460 2534 3515 vindicant
2576 3458 2727 3515 irati.
2760 3456 2908 3522 Quid
2957 3471 3190 3529 quoque
3237 3455 3308 3510 de
3353 3451 3474 3509 illis
3519 3450 3714 3507 dicen-

2065 3551 2208 3606 dum
2242 3553 2351 3617 est,
2382 3549 2480 3621 qui
2519 3549 2709 3604 furore
2749 3545 3027 3603 cceeitatis
3068 3560 3257 3617 usque
3286 3542 3359 3599 ad
3386 3541 3563 3598 verba
3591 3555 3720 3613 pro-

2066 3641 2246 3694 ruunt
2277 3636 2732 3707 maledictionis,
2764 3635 2876 3693 nisi
2918 3635 3028 3692 hoc
3058 3634 3212 3707 quod
3242 3629 3559 3705 Apostolus
3589 3628 3672 3685 ait
3703 3644 3717 3683 :

2071 3750 2097 3779 ‹‹
2142 3727 2341 3799 Neque
2399 3724 2668 3782 maledici
2728 3741 2974 3797 regnum
3032 3722 3132 3779 Dei
3190 3716 3633 3793 possidebunt?
3692 3736 3713 3766 ι

2069 3816 2116 3888 (ι
2142 3818 2265 3873 Cor.
2299 3815 2403 3883 v1.)
2432 3814 2592 3879 Quod
2648 3813 2902 3869 Jacohus
2959 3806 3362 3881 exaggerando
3422 3805 3722 3861 detestans

2070 3905 2152 3961 ait
2184 3921 2197 3958 :
2235 3927 2260 3954 α
2295 3903 2581 3976 Linguam
2615 3900 2814 3957 nullus
2855 3899 3165 3956 hominum
3214 3896 3405 3969 potest
3433 3893 3672 3950 domare
3707 3907 3721 3946 :

2070 3992 2397 4064 inquietum
2448 3990 2694 4056 malum,
2736 3988 2976 4061 plenum
3023 4002 3244 4045 veneno
3291 3981 3611 4041 mortifero.
3657 3980 3723 4035 In

2071 4079 2197 4151 ipsa
2244 4077 2648 4134 benedicimus
2699 4076 3007 4133 Dominum
3039 4078 3096 4131 et
3124 4071 3463 4148 patremﬁet
3508 4069 3570 4126 in
3599 4068 3730 4142 ipsa

2074 4166 2481 4223 maledicimus
2537 4165 2829 4232 homines,
2861 4165 2958 4238 qui
3011 4160 3588 4236 adﬁsimilitudinem
3627 4156 3731 4215 Dei

2074 4257 2210 4311 facti
2244 4258 2400 4310 sunt.
2434 4256 2515 4310 Ex
2558 4255 2686 4326 ipso
2727 4271 2826 4311 ore
2876 4247 3491 4326 proceditzbenedictio
3521 4250 3578 4303 et
3608 4262 3731 4302 ma-

2075 4343 2328 4402 ledictio.
2353 4343 2476 4399 Non
2510 4347 2737 4417 Oportet
2757 4344 2965 4399 fratres
2997 4341 3111 4398 mei
3142 4340 3265 4396 haec
3294 4336 3552 4410 ita2fieri.
3576 4335 3735 4391 Nun-

2074 4434 2216 4508 quid
2251 4434 2378 4490 fons
2410 4434 2479 4489 de
2518 4433 2721 4490 eodem
2784 4432 3069 4489 foramine
3128 4431 3366 4485 emanat
3419 4424 3653 4481 dulcem
3683 4425 3743 4478 et

2074 4538 2338 4579 amaram
2400 4521 2711 4593 aquam?»
2746 4522 2879 4592 (Jac.
2917 4519 3027 4591 ιιι.)
3061 4518 3177 4573 Hac
3236 4516 3309 4570 de
3364 4529 3544 4569 causa
3599 4508 3775 4595 alibi.

305 4610 568 4673 ducitur,
601 4608 749 4663 nihil
781 4612 900 4663 tam
949 4608 1189 4673 durum,
1219 4608 1371 4679 quod
1407 4624 1521 4661 non
1557 4624 1721 4679 (equo
1770 4608 1965 4665 animo
1997 4614 2043 4678 D
2073 4611 2248 4668 etiam
2297 4608 2510 4665 dicitur
2543 4626 2556 4664 :
2588 4634 2607 4657 ιι
2657 4612 2809 4664 Mors
2856 4611 2911 4663 et
2940 4606 3056 4662 vita
3101 4604 3162 4660 in
3212 4601 3484 4659 manibus
3530 4598 3745 4672 linguas

309 4697 618 4753 tolere't'ur.
642 4719 669 4748 (ς
694 4697 964 4755 Christus
986 4696 1164 4761 enim,
1188 4701 1250 4752 ut
1282 4696 1359 4750 ait
1394 4695 1622 4768 Petrus,
1647 4712 1860 4768 passus
1891 4706 1980 4754 est

308 4802 418 4859 pro
450 4786 643 4852 nobis,
670 4785 1009 4859 relinquens
1056 4785 1226 4843 nobis
1269 4784 1622 4857 exemplum,
1657 4789 1722 4840 ut
1758 4803 1965 4858 sequa-

315 4893 453 4931 mur
497 4875 745 4947 vestigia
795 4876 926 4946 ejus
954 4876 1003 4946 (I
1026 4877 1174 4931 Petr.
1220 4876 1303 4945 ιι).
1332 4897 1359 4924 ››
1393 4875 1521 4946 Ipse
1569 4874 1723 4930 enim
1773 4875 1966 4947 dixit;

314 4988 343 5015 α
378 4965 439 5020 Si
470 4963 959 5037 patremfamilias
1000 4963 1319 5020 Beelzebub
1349 4967 1719 5023 vocaverunt.
1753 4970 1971 5036 quanto

318 5053 515 5125 magis
568 5052 929 5109 domesticos
982 5053 1205 5124 ejus?»
1236 5052 1459 5123 (Matth.
1510 5052 1590 5123 x.)
1622 5053 1692 5107 Et
1746 5052 1858 5108 alio
1914 5055 1974 5108 in

317 5145 447 5199 loco
480 5159 532 5195 εει
556 5142 614 5198 Si
649 5158 745 5198 me
786 5142 1072 5213 persecuti
1123 5146 1282 5210 sunt,
1316 5145 1372 5197 et
1400 5157 1501 5197 vos
1552 5146 1981 5214 persequentur

316 5234 485 5303 (Joan
497 5274 511 5285 .
542 5232 656 5303 xv).
682 5253 710 5281 ››

395 5321 507 5377 Sed
537 5325 763 5393 quanta
807 5323 947 5374 sunt
976 5321 1035 5374 in
1066 5318 1501 5391 comparatione
1535 5319 1879 5391 passionum
1909 5321 1983 5376 il-

314 5409 611 5481 1ius,quaa
641 5407 936 5481 patimur?
959 5406 1060 5464 Ille
1094 5408 1250 5462 enim
1294 5407 1628 5480 opprobria,
1663 5408 1983 5477 irrisioues,

315 5496 735 5562 contumelias.
769 5495 991 5569 alapas,
1018 5500 1192 5569 sputa
1230 5495 1479 5569 ﬂagella,
1514 5496 1778 5567 spineam
1826 5513 1986 5553 coro-

316 5604 487 5653 nam,
516 5602 870 5657 crucemque
918 5585 1202 5642 sustinuit
1233 5602 1247 5641 :
1283 5588 1339 5640 et
1386 5601 1494 5640 nos
1544 5585 1744 5640 miseri
1778 5588 1847 5641 ad
1884 5604 1990 5642 no-

311 5683 509 5734 stram
547 5675 957 5732 confusionem
1007 5691 1126 5731 uno
1177 5691 1445 5731 sermone
1506 5673 1842 5745 fatigamur,
1876 5694 1994 5732 uno

309 5765 500 5825 verbo
533 5764 866 5835 dejicimur.
901 5765 971 5822 Et
1009 5763 1152 5840 quid
1183 5764 1415 5837 agimus
1446 5764 1517 5821 de
1548 5780 1635 5833 eo,
1662 5765 1818 5837 quod
1854 5766 1996 5823 dici-

2090 4701 2275 4773 (Prov.
2311 4700 2450 4770 x1x).
2478 4721 2505 4747 ››

2621 4804 2653 4841 Ρ
2662 4802 2938 4841 ιιοτειὶνιλ
2969 4798 3119 4839 DICI'l‘
3152 4799 3165 4837 ζ

2147 4877 2425 4950 Nunquid
2458 4874 2679 4943 stultis,
2735 4871 3008 4946 nunquid
3062 4871 3409 4942 inscusatis,
3443 4888 3511 4928 ac
3561 4873 3754 4949 brutis

2083 4966 2445 5023 animalibus
2492 4963 2647 5020 lenia
2693 4964 2888 5029 verba,
2923 4964 3135 5034 etnon
3189 4961 3378 5035 magis
3426 4964 3756 5035 asperrima

2086 5057 2177 5128 (ut
2207 5055 2426 5111 talibus
2458 5055 2623 5109 decet
2645 5053 2786 5108 dum
2819 5050 3191 5124 delinquunt)
3213 5051 3544 5122 objicienda
3573 5053 3756 5109 sunt?

2518 5161 2596 5197 ΜΛ
2606 5158 2908 5198 NSUETUDO
2940 5156 3269 5196 RESPONDET
3301 5157 3314 5195 ε

2166 5238 2297 5288 CAP.
2338 5232 2430 5287 IX.
2457 5232 2581 5288 Non
2615 5236 2713 5286 tua
2762 5231 2819 5286 in
2869 5231 2962 5287 his
2994 5227 3317 5303 persuasio,
3343 5227 3445 5282 sed
3492 5211 3756 5299 Apostoli

2093 5321 2395 5394 sequenda
2426 5326 2507 5375 est
2544 5319 2874 5393 praeceptio,
2901 5318 3095 5392 quide
3122 5317 3229 5372 hac
3263 5314 3552 5371 sententia
3583 5314 3755 5374 dilec-

2098 5415 2225 5467 tum
2260 5408 2615 5481 discipulum
2651 5409 2947 5475 admonet,
2971 5404 3170 5460 dicens
3196 5421 3208 5460 :
3235 5425 3261 5454 «
3302 5402 3602 5461 Seniorem
3632 5423 3751 5463 non

2099 5496 2514 5571 increpaveris,
2539 5499 2636 5553 sed
2665 5497 2905 5552 obsecra
2928 5497 2994 5549 ut
3016 5495 3259 5565 patrem,
3276 5491 3525 5563 juvenes
3556 5499 3623 5550 ut
3652 5494 3764 5551 fra-

2101 5593 2241 5658 tres,
2269 5604 2417 5642 anus
2441 5591 2501 5641 ut
2531 5590 2764 5652 matres,
2782 5579 3131 5655 juvenculas
3162 5584 3226 5636 ut
3245 5597 3499 5652 sorores,
3519 5583 3579 5639 in
3601 5582 3763 5640 omni

2107 5677 2371 5733 castitate
2394 5675 2594 5747 (ITz'm.
2620 5691 2637 5728 ι
2662 5674 2814 5741 etv).
2845 5694 2870 5719 υ
2897 5671 2962 5727 Et
3005 5687 3245 5727 rursum
3279 5687 3292 5726 :
3319 5692 3346 5721 ‹‹
3378 5671 3641 5739 Servum,
3678 5670 3765 5727 in-

2113 5765 2262 5840 quit,
2286 5763 2522 5823 domino
2556 5780 2669 5820 non
2701 5764 2927 5836 oportet
2969 5760 3217 5836 litigare,
3240 5761 3343 5820 sed
3388 5763 3767 5821 mansuetum
