4102 6174
391 391 507 452 567
521 451 529 458 .

1459 387 1521 446 S.
1576 381 1850 442 LEOle
1899 378 1975 437 IX
2023 371 2251 434 PAPIE
2295 371 2728 434 OPUSCULA.

3685 367 3807 430 568

393 535 525 578 esse
554 519 624 577 ad
648 535 850 576 omnes
876 536 887 574 :
913 518 1208 575 doctorem
1239 519 1578 592 patientem,
1602 531 1736 570 cum
1760 507 2045 567 modestia
2071 505 2128 573 Α
2155 509 2485 577 temporum
2517 503 2791 577 proponis
2829 501 3052 576 spatia?
3099 499 3383 592 Nunquid
3416 498 3531 557 scis
3564 500 3617 592 si
3647 517 3810 592 cras-

396 610 806 682 corripientem
837 626 936 666 eos
967 608 1068 681 qui
1099 609 1434 666 resistunt.»
1460 607 1832 674 Rursumque
1857 618 1904 656 ει(
1933 600 2041 653 Ar-

398 717 530 775 gue,
561 701 822 766 obsecra,
845 699 1098 769 increpa,
1129 699 1186 752 in
1211 699 1368 754 omni
1403 694 1682 767 patientia
1701 697 1758 747 et
1779 688 2045 746 doctrina

400 790 473 863 (II
503 791 640 845 Tim.
675 792 772 857 1v).
804 811 824 838 »
861 789 1018 852 Quod
1053 787 1318 842 videlicet
1358 785 1580 841 malum
1612 780 1929 856 proterviae,
1954 779 2047 832 de-

400 878 586 936 terius
619 878 809 934 adhuc
841 877 1093 932 subditis
1115 893 1291 949 quam
1325 875 1580 947 prmlatis
1614 875 1798 928 nocet.
1824 868 2048 940 Saepius

401 969 559 1026 enim
589 968 832 1039 contigit
864 972 928 1022 ut
956 967 1162 1022 leniter
1208 983 1273 1021 ac
1323 982 1456 1020 cum
1509 960 1808 1018 charitatis
1857 957 2048 1014 dulce-

404 1058 538 1130 dine
594 1057 879 1129 prolatam
935 1056 1350 1111 correctionem
1409 1054 1707 1124 spernant,
1740 1052 1796 1104 et
1849 1051 2052 1102 contra

403 1147 757 1203 humilitatis
812 1147 1005 1213 verba,
1065 1143 1453 1216 despectionis
1512 1141 1783 1196 emittant
1828 1135 2047 1207 jacula.

405 1237 567 1293 Unde
599 1236 882 1308 scriptum
915 1239 1003 1290 est
1033 1251 1046 1288 :
1078 1256 1104 1282 «
1141 1233 1247 1298 Qui
1307 1229 1500 1302 arguit
1554 1229 1894 1294 derisorem,
1927 1226 2079 1297 ipse

407 1325 519 1381 sibi
551 1324 690 1380 facit
714 1324 1050 1394 injuriam.»
1078 1323 1199 1385 Quo
1242 1324 1443 1375 contra
1473 1319 1544 1373 de
1572 1317 1672 1372 illo
1703 1315 1801 1387 qui
1835 1331 1936 1387 per
1966 1315 2051 1368 in-

407 1412 804 1484 crepationem
836 1411 1082 1482 proﬁcit,
1108 1409 1318 1464 dicitur
1351 1425 1396 1462 ;‹‹
1432 1409 1622 1479 Argue
1653 1405 1975 1477 sapientem
1999 1407 2056 1458 et

409 1500 629 1557 amabit
658 1503 713 1554 te
746 1502 922 1566 (Prov.
961 1500 1056 1568 Ix).
1086 1520 1112 1546 ››

1010 1605 1213 1643 TUMOR
1251 1603 1401 1641 DICIT
1430 1604 1441 1641 2

481 1679 714 1735 Testem
755 1677 936 1732 habes
978 1677 1160 1732 Deum
1192 1676 1250 1730 in
1283 1675 1460 1741 caelis,
1498 1691 1613 1730 non
1664 1674 1768 1729 tibi
1801 1673 1876 1729 sit
1907 1687 2057 1726 cura;

411 1767 549 1839 quid
582 1767 653 1823 de
681 1771 739 1822 te
770 1766 1144 1837 suspicentur
1173 1763 1442 1819 homines
1472 1763 1530 1817 in
1562 1762 1754 1818 terris.

717 1870 956 1909 HUMILIS
987 1869 1341 1908 SATISFACTIO
1374 1868 1700 1906 RESPONDE‘I‘
1731 1868 1743 1904 2

479 1943 616 1998 CAP.
650 1947 718 1997 X.
753 1943 876 1998 Non
909 1946 999 1998 est
1027 1941 1222 1999 danda
1269 1941 1613 1996 detrahendi
1662 1938 1910 2004 occasio,
1946 1955 2059 1994 non

413 2033 763 2090 susurrandi
812 2031 1092 2104 suspicio,
1125 2032 1223 2087 sed
1257 2031 1306 2087 si
1341 2031 1556 2086 adsunt
1595 2048 1721 2103 quae
1773 2029 2067 2102 corrigan-

412 2125 533 2190 tur,
560 2121 1010 2186 manifestanda,
1038 2124 1140 2176 aut
1167 2123 1319 2175 certe
1353 2119 1402 2175 si
1433 2120 1666 2185 desunt,
1691 2116 1900 2173 humili
1933 2132 2071 2188 pro-

413 2211 726 2267 testatione
783 2210 1050 2283 neganda
1102 2227 1113 2262 :
1179 2209 1314 2280 quia
1371 2213 1427 2263 et
1482 2207 1794 2280 Apostolus
1852 2208 2068 2272 monet,

418 2324 445 2351 «
480 2299 704 2356 nullam
734 2299 1098 2354 occasionem
1129 2299 1268 2353 dare
1297 2297 1526 2353 diabolo
1561 2296 1853 2352 maledicti
1887 2296 2075 2368 gratia

421 2389 471 2467 (1
497 2388 617 2442 Cor.
651 2390 794 2454 vm).
818 2410 844 2436 ››
880 2388 1043 2452 Quod
1083 2387 1258 2441 etiam
1311 2386 1370 2440 in
1431 2385 1547 2441 illis
1605 2387 1929 2441 detestatus
1962 2389 2070 2451 est,

421 2476 522 2548 qui
555 2475 945 2532 Christianam
997 2477 1170 2530 fidem
1222 2480 1546 2541 censentes,
1581 2477 1638 2530 in
1673 2475 1845 2531 idolis
1876 2476 1947 2530 ad
1979 2492 2071 2530 co-

421 2566 777 2621 medendum
811 2566 1245 2632 recumbebant,
1271 2571 1327 2620 et
1359 2582 1696 2637 quanquam
1730 2565 1922 2636 ipsum
1957 2564 2073 2619 ido-

421 2653 545 2710 lum
577 2672 680 2726 pro
711 2654 892 2709 nihilo
937 2655 1236 2722 ducentes,
1271 2653 1573 2710 immolata
1605 2654 1771 2725 quasi
1807 2654 2074 2709 innoxios

420 2746 582 2802 cibos
616 2747 940 2811 sumerent;
979 2743 1244 2800 inﬁrmas
1279 2748 1470 2798 tamen
1505 2744 1747 2798 fratrum
1779 2743 2077 2798 conscien-

421 2837 536 2892 tias
566 2851 667 2906 per
713 2834 821 2889 hoc
874 2833 1091 2888 factum
1124 2833 1194 2889 ad
1229 2833 1510 2888 nefandos
1559 2832 1850 2888 idolorum
1902 2833 2072 2900 ritus,

420 2925 755 2980 trahebant.

989 3028 1266 3067 TRISTITIA
1306 3029 1457 3068 DICIT
1490 3030 1502 3069 2

495 3101 642 3167 Quid
696 3100 878 3156 habes
935 3102 1088 3156 unde
1117 3102 1395 3174 gaudeas,
1428 3117 1562 3158 cum
1610 3105 1774 3158 tanta
1821 3101 1973 3158 mala
2004 3102 2075 3156 de

424 3190 706 3265 proximis
736 3191 969 3261 portas?
1001 3190 1293 3262 Perpende
1325 3208 1440 3262 quo
1480 3207 1725 3247 moerere
1755 3208 1958 3247 omnes
1986 3191 2072 3246 in-

423 3250 625 3336 tuendi
652 3250 790 3347 sint,
815 3279 912 3352 qui
935 3279 993 3334 in
1013 3250 1174 3334 tanto
1196 3250 1398 3334 contra
1427 3283 1482 3335 te
1510 3279 1920 3336 amaritudinis
1941 3278 2071 3336 felle
2100 3250 2144 3318 δ

423 3372 747 3440 versantur.

757 3473 1050 3512 SPIRITALE
1081 3473 1345 3511 GAUDIUM
1379 3473 1706 3513 RESPONDET
1739 3476 1750 3512 2

497 3549 630 3604 CAP.
655 3546 748 3602 XI.
773 3545 1078 3601 Geminam
1111 3562 1237 3600 esse
1268 3545 1568 3600 tristitiam
1603 3548 1754 3616 novi,
1779 3548 1896 3604 imo
1929 3549 2076 3604 duas

425 3653 553 3695 esse
610 3635 881 3692 tristitias
935 3635 1307 3690 novizunam
1341 3634 1562 3690 scilicet
1619 3652 1744 3706 qua:
1801 3635 2072 3705 salutem,

423 3727 667 3783 alteram
699 3742 832 3782 vero
863 3742 988 3797 quae
1034 3724 1350 3797 perniciem
1382 3728 1656 3796 operatur
1689 3743 1700 3780 ε
1739 3742 1914 3780 unam
1949 3744 2075 3798 quae

423 3817 494 3874 ad
527 3816 929 3889 poenitentiam
963 3814 1160 3882 trahit,
1191 3813 1432 3869 alteram
1465 3830 1591 3885 quae
1622 3815 1691 3868 ad
1725 3815 2077 3886 desperatio-

422 3922 557 3960 nem
590 3905 874 3976 perducit.
910 3905 997 3958 Tu
1032 3904 1266 3974 quidem
1309 3919 1484 3958 unam
1517 3919 1585 3958 ex
1616 3903 1734 3958 illis
1765 3921 2070 3975 cognosce-

423 3993 527 4060 ris,
570 3993 670 4047 sed
723 3993 963 4046 omnino
1023 4009 1148 4063 quae
1208 3997 1448 4048 mortem
1499 3993 1775 4064 operaris.
1811 3994 1934 4049 Non
1989 3998 2078 4049 est

422 4079 603 4150 igitur
632 4079 691 4132 in
724 4079 816 4133 his
841 4080 1305 4135 contristandum
1331 4098 1456 4152 quae
1485 4082 1720 4147 suades,
1743 4083 1844 4137 sed
1877 4088 2077 4138 contra

423 4167 615 4239 magis
646 4167 1022 4238 gaudendum
1070 4169 1127 4221 in
1179 4169 1251 4221 iis
1300 4186 1425 4239 quae
1474 4171 1722 4225 necdum
1775 4171 2074 4244 intelligis,

426 4256 567 4328 quia
596 4259 654 4311 et
685 4255 851 4314 dator
897 4255 1094 4327 gaudii
1136 4257 1409 4327 perennis
1453 4258 1634 4313 dixit:
1660 4282 1687 4307 «
1713 4264 1854 4314 Cum
1887 4277 2075 4332 perse-

424 4345 544 4402 cuti
572 4361 675 4401 vos
709 4344 927 4399 fuerint
957 4344 1246 4413 homines,
1269 4351 1324 4400 et
1371 4346 1621 4403 dixerint
1651 4364 1823 4405 omne
1853 4350 2075 4406 malum

423 4437 735 4492 adversum
767 4451 890 4502 vos,
924 4435 1296 4503 mentientes,
1331 4440 1566 4508 propter
1604 4455 1815 4494 nomen
1849 4455 2075 4507 meum,

420 4527 670 4600 gaudete
701 4528 758 4582 et
791 4525 1078 4582 exsultate
1109 4525 1167 4580 in
1209 4525 1310 4581 illa
1339 4526 1451 4592 die,
1484 4543 1613 4583 ecce
1662 4529 1818 4585 enim
1852 4547 2073 4588 merces

2151 595 2275 650 tina
2300 595 2393 650 die
2412 594 2607 650 vivas?
2641 596 2760 648 lmo
2792 593 2968 648 etiam
2989 592 3040 648 si
3060 591 3148 648 vel
3171 607 3348 647 unam
3372 591 3578 646 horam
3606 591 3666 645 in
3699 589 3812 646 hac

2152 685 2272 740 vita
2302 683 2519 740 facias?
2545 687 2632 738 An
2667 684 2809 738 forte
2853 686 3052 738 mente
3101 681 3333 748 excidit,
3359 681 3513 752 quod
3546 679 3814 736 Salvator

2155 775 2214 829 in
2247 771 2556 846 Evangelio
2587 772 2728 827 dicit
2760 788 2771 826 :
2804 795 2824 820 α
2860 771 3129 844 Vigilate,
3161 769 3300 842 quia
3341 769 3579 825 nescitis
3629 769 3812 840 diem,

2156 880 2342 936 neque
2397 863 2604 918 horam
2654 862 2874 931 (Matth.
2925 861 3077 930 xxv).
3114 880 3142 909 ››
3173 861 3536 931 Quapropter
3585 858 3818 914 discute

2158 953 2417 1025 corporis
2470 951 2766 1018 inertiam,
2799 965 3148 1021 semperque
3178 952 3494 1014 memento,
3528 948 3668 1020 quia
3720 965 3816 1004 re-

2159 1059 2342 1115 gnum
2402 1041 2674 1097 celorum
2733 1056 2848 1095 non
2907 1038 3111 1110 tepidi,
3171 1053 3361 1110 neque
3419 1036 3646 1104 molles,
3701 1055 3816 1092 non

2159 1131 2413 1198 desides,
2454 1131 2553 1187 sed
2610 1128 2866 1196 violenti,
2897 1128 3135 1200 vimque
3192 1127 3473 1184 facientes
3529 1126 3821 1200 diripiunt

2163 1222 2368 1294 (Matth.
2405 1222 2487 1291 η).

2589 1342 2898 1381 DISSOLUTA
2928 1341 3165 1382 VAGATIO
3197 1340 3348 1380 DICIT
3383 1341 3395 1379 2

2235 1434 2294 1491 Si
2325 1439 2501 1489 Deum
2535 1449 2662 1489 esse
2707 1432 2896 1488 credis
2927 1431 3167 1505 ubique,
3202 1449 3307 1487 cur
3345 1448 3532 1487 unum
3564 1431 3820 1508 singula-

2166 1524 2305 1579 riter
2327 1522 2544 1590 locum,
2570 1539 2683 1594 quo
2703 1527 2865 1578 tanta
2889 1525 3301 1594 perpetrantur
3319 1521 3604 1592 custodis,
3629 1526 3685 1579 et
3706 1539 3820 1578 non

2166 1614 2362 1686 potius
2395 1613 2465 1668 ad
2499 1611 2612 1668 alia
2641 1612 2880 1668 transis.

2239 1703 2374 1759 CAP.
2406 1703 2552 1758 XIII.
2575 1702 2632 1758 Si
2663 1702 2744 1758 ita
2773 1706 2861 1758 est
2891 1705 2956 1756 ut
2986 1702 3366 1773 asseris,quaa
3396 1701 3614 1774 ubique
3636 1701 3824 1759 Deum

2168 1807 2297 1848 esse
2353 1791 2574 1857 fateris,
2607 1807 2742 1864 ergo
2799 1807 2905 1846 nec
2962 1791 3072 1847 iste
3129 1789 3293 1846 locus
3325 1791 3681 1848 deserendus
3712 1797 3824 1860 est,

2090 1882 2138 1947 B
2169 1897 2342 1954 quem
2374 1881 2572 1954 fugere
2619 1880 2867 1952 appetis,
2902 1881 3042 1952 quia
3071 1885 3129 1936 et
3157 1880 3218 1935 in
3269 1880 3394 1952 ipso
3424 1881 3576 1937 Deus
3607 1885 3716 1937 est.
3750 1885 3829 1937 At

2178 1972 2378 2044 inquis
2407 1989 2419 2026 :
2452 1970 2748 2026 Meliorem
2794 1970 3049 2042 inquiro,
3082 1968 3378 2026 meliorem
3426 1969 3670 2026 invenio.
3706 1970 3824 2026 Sed

2179 2077 2284 2134 ego
2332 2059 2990 2132 respondeozNunquid
3037 2057 3360 2129 meliorem,
3392 2062 3492 2114 aut
3536 2058 3711 2114 etiam
3745 2063 3830 2114 ta-

2179 2150 2296 2205 lem
2343 2149 2588 2218 invenis,
2623 2149 2857 2221 qualem
2909 2145 3234 2214 diabolum,
3267 2152 3326 2203 et
3353 2146 3652 2204 hominem
3701 2164 3828 2220 per-

2183 2239 2401 2297 didisse
2444 2237 2836 2311 cognoscis?«
2871 2238 3092 2293 Memor
3141 2243 3266 2293 esto
3315 2237 3512 2308 itaque
3542 2237 3682 2309 quia
3713 2239 3832 2310 pri-

2183 2347 2317 2386 mus
2347 2329 2589 2402 angelus
2628 2329 2698 2384 de
2730 2327 2872 2384 ccelo
2921 2325 3138 2382 corruit
3165 2329 3291 2397 (Isa.
3323 2328 3467 2398 xxv);
3503 2349 3532 2376 »
3567 2349 3594 2376 ‹‹
3623 2330 3681 2382 et
3715 2327 3831 2399 pri-

2185 2436 2317 2476 mus
2348 2420 2523 2474 homo
2572 2419 2641 2474 de
2690 2415 2960 2490 paradiso
3007 2414 3283 2488 expulsus
3332 2419 3420 2472 est
3465 2416 3627 2484 (Gen.
3662 2419 3770 2484 III);
3805 2439 3832 2466 υ

2185 2515 2242 2566 et
2273 2511 2343 2564 ad
2375 2525 2698 2564 azrumnam
2747 2507 2928 2578 hujus
2967 2505 3162 2562 saeculi
3221 2505 3502 2578 pervenit.
3563 2507 3836 2575 Attende,

2185 2600 2326 2672 quia
2359 2600 2462 2654 Lot
2517 2597 2786 2654 exercitio
2845 2596 3134 2652 malorum
3193 2595 3472 2668 probatus
3532 2595 3683 2651 inter
3732 2597 3836 2652 So-

2185 2688 2437 2744 domitas
2469 2691 2707 2743 sanctus
2742 2686 2883 2754 fuit;
2917 2709 2945 2736 «
2981 2685 3038 2740 in
3071 2689 3268 2740 monte
3295 2690 3491 2740 autem
3523 2685 3840 2742 securitate

2185 2782 2442 2850 torpens,
2502 2777 2826 2844 debriatus,
2880 2791 3014 2831 cum
3073 2773 3308 2830 ﬁliabus
3364 2775 3620 2846 peccavit
3678 2775 3837 2846 (Gen.

2184 2869 2322 2939 xxx).
2354 2889 2380 2917 »

2255 2956 2416 3021 Quod
2446 2955 2712 3012 videlicet
2730 2953 3056 3026 vagationis
3078 2951 3342 3009 studium
3366 2951 3559 3008 adhuc
3589 2952 3844 3010 alteram

2182 3047 2436 3120 speciem
2469 3044 2678 3110 reddit,
2697 3044 2838 3099 dum
2863 3042 3150 3114 quosdam
3177 3045 3233 3096 et
3259 3039 3320 3096 in
3347 3058 3462 3096 uno
3486 3041 3607 3098 loco
3638 3059 3844 3114 perse-

2181 3140 2446 3192 verantes
2468 3152 2502 3191 a
2532 3133 2895 3207 spiritalibus
2922 3131 3245 3196 retrahens,
3266 3130 3353 3186 vel
3381 3130 3625 3187 terrenis
3657 3148 3837 3205 nego-

2181 3226 2280 3282 tiis
2311 3225 2631 3298 implicare,
2663 3223 2749 3278 vel
2797 3223 2971 3277 rebus
3019 3220 3355 3276 utilissimis
3407 3220 3622 3294 satagit
3659 3237 3832 3277 occu-

2186 3333 2341 3388 pare,
2366 3319 2568 3371 contra
2598 3310 2856 3384 Apostoli
2899 3310 3053 3366 dicta
3091 3325 3296 3382 agens,
3327 3309 3427 3380 qui
3458 3309 3539 3364 ait
3570 3326 3617 3364 :«
3654 3310 3837 3367 Nemo

2186 3405 2447 3460 militans
2482 3405 2614 3470 Deo,
2647 3400 2912 3473 implicat
2952 3417 3013 3456 se
3056 3399 3304 3472 negotiis
3335 3397 3737 3464 saecularibus,
3774 3404 3838 3454 ut

2184 3495 2233 3550 ei
2268 3492 2510 3566 placeat,
2543 3491 2634 3547 cui
2667 3506 2728 3546 se
2759 3489 3021 3562 probavit
3046 3489 3116 3561 (II
3137 3489 3270 3543 Tim.
3297 3489 3378 3560 ιι).
3406 3510 3435 3537 ››
3457 3489 3524 3542 Et
3552 3503 3793 3543 rursum
3822 3507 3836 3544 :

2186 3607 2213 3634 ‹‹
2247 3583 2383 3639 Sine
2441 3579 2874 3636 intermissione
2931 3581 3109 3646 orate,
3169 3577 3229 3632 in
3281 3576 3556 3633 omnibus
3610 3579 3837 3649 gratias

2186 3671 2338 3743 agite
2369 3673 2416 3742 (I
2440 3669 2612 3725 Thess.
2646 3669 2722 3740 v).
2754 3690 2781 3717 »

2717 3791 3063 3831 DESPERATIO
3104 3790 3256 3829 DICIT
3287 3791 3300 3829 2

2257 3876 2389 3939 Quae
2423 3879 2478 3930 et
2508 3876 2728 3946 quanta
2759 3872 3129 3942 commisisti,
3153 3889 3280 3944 quae
3319 3871 3521 3944 gravia
3565 3870 3836 3940 crimina,

2187 3982 2312 4037 quae
2343 3964 2723 4018 innumerosa
2743 3959 2972 4028 delicta,
2996 3965 3054 4016 et
3075 3977 3220 4032 pene
3248 3960 3307 4014 in
3340 3960 3552 4016 melius
3585 3961 3837 4018 necdum

2184 4055 2361 4109 vitam
2423 4050 2688 4118 mutasti,
2743 4051 2994 4106 necdum
3053 4049 3555 4105 conversationem
3615 4050 3840 4106 utiliter

2186 4142 2526 4198 correxisti?
2557 4141 2696 4196 Ecce
2722 4139 2900 4206 enim,
2929 4143 2994 4194 ut
3022 4139 3234 4203 cernis,
3267 4137 3424 4193 mala
3457 4153 3688 4210 semper
3707 4154 3842 4194 con-

2186 4232 2496 4288 suetudine
2527 4227 2822 4300 obligatus
2852 4227 3090 4284 teneris.
3110 4227 3348 4283 Conaris
3378 4243 3709 4300 exsurgere,
3734 4229 3837 4284 sed

2186 4327 2555 4395 peccatorum
2587 4318 2862 4374 oneribus
2906 4320 3321 4390 praegravatus,
3355 4316 3652 4372 relaberis.
3685 4315 3836 4380 Quid

2184 4427 2320 4484 ergo
2352 4410 2644 4483 agendum
2676 4411 2764 4464 est
2789 4407 3020 4479 quando
3051 4407 3122 4462 de
3153 4405 3460 4478 praeteritis
3491 4408 3646 4461 certa
3673 4405 3840 4460 dam-

2184 4501 2340 4556 natio
2395 4499 2686 4566 imminet,
2719 4499 2790 4553 de
2846 4495 3230 4570 prasentibus
3285 4494 3446 4551 nulla
3501 4495 3834 4552 emendatio

416 4585 608 4675 vestra
637 4620 725 4674 est
754 4616 813 4671 in
845 4615 987 4671 cmlo
1009 4615 1214 4688 (Matth.
1238 4616 1352 4686 v).»
1376 4585 1663 4672 Memento
1699 4635 1823 4690 quae
1855 4585 2068 4677 nostra;
2097 4623 2144 4689 D
2177 4590 2492 4690 Euccurrﬁt’
2526 4588 2639 4690 Plsi
2673 4591 2879 4690 MPO”
2930 4585 3276 4686 ami“‘"}‘“”
3314 4600 3508 4690 rem"?
3527 4588 3832 4690 fami!”-

417 4706 716 4777 religionis
748 4705 1015 4776 apostoli,
1044 4727 1071 4754 «
1104 4705 1268 4759 ibant
1301 4706 1621 4776 gaudentes
1669 4725 1702 4762 a
1750 4715 2062 4780 conspectu

415 4792 664 4860 concilii,
691 4795 966 4863 quoniam
993 4793 1152 4866 digni
1175 4794 1358 4849 habiti
1385 4800 1523 4849 sunt
1545 4813 1648 4867 pro
1672 4797 1903 4852 nomine
1924 4798 2064 4854 Jesu

414 4880 828 4937 contumeliam
859 4883 1031 4952 pati.»
1056 4883 1266 4938 Nullus
1292 4900 1427 4954 ergo
1458 4884 1723 4940 maeroris
1752 4885 1914 4942 locus
1936 4905 2064 4945 esse

414 4971 603 5040 debet,
627 4970 728 5024 ubi
758 4972 920 5025 tanta
949 4969 1149 5025 laetitia
1178 4972 1458 5026 succedit.

815 5075 1041 5112 TORPOR
1069 5076 1173 5112 VEL
1202 5076 1431 5114 IGNAV’IA
1465 5077 1614 5114 DICIT
1647 5078 1658 5115 2

479 5149 536 5205 Si
565 5147 795 5204 lectioni
847 5146 1181 5202 continuato
1227 5148 1422 5204 studio
1473 5149 1717 5217 insistis,
1754 5152 2058 5210 oculorum

409 5240 716 5312 caliginem
748 5237 1018 5292 incurris.
1044 5236 1098 5291 Si
1148 5237 1546 5293 indesinenter
1585 5238 1871 5312 lacrymas
1921 5243 2058 5297 Iun--

409 5329 520 5396 dis,
554 5329 713 5400 ipsos
743 5327 921 5382 etiam
954 5325 1151 5382 oculos
1174 5327 1491 5382 amittis.Si
1517 5327 1819 5398 protelatis
1842 5331 2056 5403 vigiliis

408 5417 769 5489 psalmorum
802 5433 1040 5472 censum
1075 5415 1374 5488 persolvis,
1400 5416 1688 5471 insaniam
1720 5419 1929 5489 capitis
1961 5438 2054 5477 ac-

410 5505 614 5577 quiris.
647 5505 702 5558 Si
765 5505 1098 5575 quotidiano
1160 5505 1355 5560 labore
1387 5508 1440 5559 te
1483 5505 1741 5573 conﬁcis,
1777 5508 1846 5562 ad
1907 5527 2054 5584 opus

408 5593 670 5666 spiritale
699 5594 934 5664 quando
964 5597 1017 5648 te
1047 5594 1240 5665 surgis
1261 5595 1288 5647 ?

710 5699 974 5738 VIRTUTIS
1005 5699 1348 5739 EXERCITIUM
1380 5699 1706 5742 RESPONDET
1735 5705 1746 5741 2

478 5775 612 5830 CAP.
633 5771 748 5830 XII.
775 5773 921 5836 Quid
953 5773 1056 5828 tibi
1091 5775 1161 5830 ad
1193 5774 1313 5832 haec
1348 5777 1689 5846 perferenda
1726 5782 1844 5836 tam
1875 5779 2050 5853 longa

2175 4680 2320 4736 lium
2350 4681 2698 4751 voluptates,
2722 4678 2864 4732 dum
2892 4675 3170 4747 consequi
3193 4678 3491 4747 nequeunt
3522 4674 3703 4729 futuri
3731 4690 3835 4729 saa-

2177 4769 2292 4825 culi
2323 4767 2740 4825 oblectationes
2761 4767 2789 4819 ?

2601 4889 2723 4929 SPEI
2760 4888 2988 4927 FIDUCIA
3018 4887 3350 4927 RESPONDET
3388 4888 3401 4927 2

2243 4973 2376 5029 CAP.
2403 4973 2544 5028 XIV.
2570 4971 2628 5026 Si
2661 4971 2730 5026 de
2759 4969 3106 5025 criminibus
3127 4973 3182 5025 et
3202 4969 3431 5025 delictis
3459 4967 3676 5042 agitur,
3701 4985 3835 5026 ecce

2172 5063 2348 5117 David
2381 5060 2666 5116 adulterio
2698 5058 2873 5115 simul
2904 5062 2961 5114 et
2990 5057 3306 5114 homicidio
3333 5074 3490 5124 reus,
3517 5059 3587 5112 de
3616 5057 3833 5114 inferni

2170 5152 2439 5206 faucibus
2470 5149 2698 5205 Domini
2722 5147 3122 5204 misericordia
3142 5147 3494 5202 describitur
3520 5146 3828 5204 liberatus.

2168 5241 2310 5296 Ecce
2357 5239 2657 5294 Manasses
2717 5235 2981 5293 omnium
3039 5239 3410 5307 peccatorum
3473 5236 3828 5292 nefandissi-

2167 5326 2770 5399 mus,impurissimus
2798 5341 2863 5380 ac
2906 5325 3827 5395 sordidissimus,illecebrosissi-

2167 5436 2300 5475 mus
2343 5434 2594 5490 quoque,
2627 5420 2681 5470 et
2729 5413 3218 5470 sceleratissimus
3261 5431 3362 5486 per
3419 5414 3826 5488 paenitentiam

2119 5519 2122 5522 '
2165 5509 2235 5564 de
2268 5511 2453 5562 morte
2486 5507 2555 5561 ad
2589 5505 2764 5559 vitam
2817 5503 3010 5558 rediit.
3047 5504 3189 5559 Ecce
3238 5504 3420 5560 Maria
3451 5503 3820 5578 Magdalena,

2162 5596 2490 5660 innumeris
2523 5593 2922 5651 fornicationis
2953 5593 3228 5650 sordibus
3256 5593 3583 5666 inquinata,
3600 5593 3672 5648 ad
3701 5594 3824 5650 fon-

2160 5688 2278 5746 tem
2310 5685 2539 5762 pictatis
2585 5684 2756 5742 anxia
2787 5700 3050 5756 currens,
3074 5683 3423 5756 Dominique
3454 5683 3705 5755 vestigia
3734 5682 3816 5740 la-

2160 5779 2375 5854 crymis
2407 5779 2625 5851 rigans,
2651 5775 2877 5849 capillis
2907 5776 3234 5848 detergens,
3259 5773 3748 5846 deosculansque,
3763 5778 3818 5831 et
