4102 6174
241 411 362 473 569
377 443 384 449 -

1054 411 1156 472 DE
1199 410 1635 476 CONFLICTU
1679 414 2062 478 VlTIOltUM
2107 415 2372 490 ATQUE
2416 416 2852 483 VIRTU'I‘UM.

3533 427 3651 489 570

238 547 536 616 lambens,
596 547 1014 619 unguentoque
1071 561 1404 620 perungens
1463 547 1622 604 ablui
1653 548 1886 605 meruit.
1919 549 1974 617 Α
2003 547 2266 622 piditatis
2296 550 2607 622 industria,
2642 556 2863 627 quanto
2893 553 3082 630 magis
3132 555 3510 630 periculosior
3562 564 3653 617 est

241 642 382 694 Ecce
412 638 623 692 Petrus
648 635 975 708 negationis
1006 653 1126 692 suae
1155 635 1404 693 vinculis
1426 639 1892 706 astrictus,ama-

240 726 502 783 rissimis
544 725 822 798 lacrymis
849 724 1212 782 infidelitatis
1243 727 1429 784 nodos
1467 728 1718 783 resolvit.
1751 729 1893 784 Ecce

243 814 524 873 seditioni
556 819 615 870 et
645 814 914 870 eii‘usioni
947 815 1192 871 fratrum
1225 816 1532 889 sanguinis
1588 817 1737 873 latro
1795 818 1893 872 ob-

238 905 480 972 noxius,
513 904 691 959 unius
721 903 876 959 hom
908 908 1223 973 momento,
1257 922 1492 978 unaque
1509 905 1894 962 confessionis

239 1011 400 1062 voce,
437 994 514 1050 de
538 1009 712 1049 cruce
745 994 813 1048 ad
850 993 1189 1064 paradisum
1219 994 1470 1051 transiit.
1505 999 1648 1051 Ecce
1679 995 1895 1051 Saulus

241 1083 568 1141 Ecclesiam
602 1098 982 1155 persequens,
1018 1081 1234 1138 multos
1264 1101 1368 1156 pro
1410 1085 1648 1140 nomine
1677 1084 1894 1140 Christi

242 1173 546 1246 perimens
575 1176 651 1240 et,
676 1175 741 1226 ut
758 1172 837 1226 ita
861 1171 1458 1245 dixerim,martyrum
1482 1190 1684 1230 cruore
1707 1177 1895 1229 totum

244 1280 306 1320 se
337 1262 633 1332 inﬁciens,
663 1259 979 1334 Apostolus
1012 1262 1222 1330 factus,
1255 1261 1314 1317 in
1344 1279 1447 1318 vas
1477 1263 1777 1319 electionis
1808 1266 1898 1318 est

247 1356 543 1409 mutatus.

314 1441 431 1498 Ubi
463 1457 602 1514 ergo
632 1443 714 1496 tot
743 1444 1022 1512 tantaque
1063 1441 1387 1512 procedunt
1440 1441 1723 1514 exempla,
1783 1458 1896 1498 non

249 1532 394 1589 dent
421 1531 620 1587 locum
653 1529 1044 1602 desperationi
1069 1529 1225 1586 mala
1252 1529 1705 1602 colloquia,cum
1724 1530 1898 1586 etiam

251 1621 542 1693 scriptum
566 1619 678 1675 sit:
715 1643 744 1669 ‹‹
779 1619 839 1674 In
875 1635 1221 1691 quocunque
1266 1623 1533 1692 peccator
1588 1636 1901 1676 conversus

255 1709 630 1783 ingemuerit,
660 1707 861 1764 salvus
890 1708 1000 1764 erit
1030 1708 1242 1780 (Ezech.
1277 1709 1463 1780 xvm).
1492 1731 1519 1757 »
1540 1709 1861 1766 Etrursum
1885 1726 1898 1764 :

259 1798 470 1854 «Nolo
529 1803 776 1854 mortem
836 1797 1026 1871 impii,
1085 1797 1226 1853 dicit
1309 1798 1597 1854 Dominus
1684 1799 1899 1870 (Esech.

252 1888 478 1960 xxxm).
517 1909 545 1936 »

323 1983 405 2034 De
431 1977 876 2034 conversatione
904 1993 1037 2032 vero
1070 1977 1124 2031 in
1149 1977 1360 2033 melius
1383 1994 1757 2050 nequaquam
1774 1994 1902 2032 mu-

253 2072 396 2136 tata,
431 2067 576 2139 quid
609 2066 763 2121 aliud
800 2067 1202 2138 respondeam,
1262 2066 1377 2123 nisi
1436 2071 1520 2138 ut,
1578 2067 1733 2139 quod
1778 2067 1903 2123 heri

256 2157 510 2232 quisque
545 2174 660 2212 non
692 2157 830 2228 egit,
859 2159 994 2228 agat
1039 2155 1212 2210 hodie
1267 2157 1408 2211 dum
1468 2155 1659 2211 adhuc
1717 2155 1906 2212 vivere

257 2248 425 2304 licet?
451 2247 572 2303 Nec
603 2246 831 2301 differat
859 2248 929 2301 de
961 2245 1053 2302 die
1079 2245 1137 2300 in
1169 2245 1346 2313 diem,
1399 2262 1747 2318 semperque
1803 2262 1906 2316 pro

257 2338 486 2393 viribus
520 2337 773 2408 desuper
803 2335 1077 2408 acceptis,
1113 2352 1312 2407 praavw
1345 2335 1758 2391 consuetudini
1815 2352 1907 2390 re-

258 2427 501 2493 sistens,
539 2425 697 2480 dicat
723 2441 892 2480 mane
923 2429 981 2481 et
1009 2441 1283 2497 vespere:
1317 2447 1346 2475 «
1378 2426 1521 2480 Ecce
1553 2442 1710 2480 nunc
1741 2424 1908 2497 ccepi,

257 2517 376 2573 hzec
401 2520 497 2573 est
528 2514 866 2570 immutatio
897 2513 1144 2570 dextera:
1174 2513 1395 2570 Excelsi
1428 2515 1598 2586 (Psal.
1633 2515 1844 2586 Lxxv1).
1880 2535 1908 2564 »

835 2620 1132 2659 CUPIDlTAS
1173 2621 1350 2659 DICIT!

325 2683 508 2754 Οθτῐε
531 2695 662 2750 sine
721 2693 893 2765 culpa
948 2697 1046 2749 est
1103 2694 1260 2765 quod
1321 2695 1586 2766 quaedam
1643 2693 1913 2749 habenda

263 2783 660 2858 concupiscis,
693 2782 831 2855 quia
876 2799 990 2838 non
1049 2783 1428 2855 multiplicari
1487 2784 1735 2855 appetis,
1810 2784 1911 2839 sed

257 2891 433 2950 agere
459 2873 852 2948 pertimescis,
885 2876 942 2928 et
971 2874 1125 2945 quod
1161 2872 1314 2928 male
1343 2872 1493 2928 alius
1526 2872 1752 2941 retinet,
1787 2873 1914 2945 ipse

259 2965 475 3022 melius
498 2963 805 3038 expendis.

587 3069 780 3110 MUNDI
817 3067 1187 3108 CONTEMPTUS
1227 3067 1594 3106 RESPONDET.’

328 3144 463 3199 CAP.
495 3142 616 3198 XV.
653 3144 770 3198 Ista
799 3158 903 3198 nec
935 3142 1090 3215 apud
1123 3139 1430 3196 saeculares
1460 3140 1728 3197 homines
1787 3139 1913 3196 sine

1999 637 2120 695 illis
2151 640 2250 711 qui
2282 639 2484 697 habitu
2507 649 2561 698 et
2585 645 3020 702 conversatione
3035 646 3162 717 jam
3192 644 3499 702 saeculares
3525 663 3653 703 esse

1999 728 2323 798 desierunt,
2355 731 2454 801 qui
2475 735 2662 788 totum
2687 735 2841 805 quod
2865 735 3086 802 vivunt,
3120 735 3368 791 Domino
3394 753 3523 792 esse
3552 737 3647 792 de-

1999 818 2325 873 voverunt?
2354 821 2442 875 Ad
2477 837 2624 892 quos
2655 822 2985 894 specialiter
3016 823 3423 898 Redemptoris
3455 830 3651 882 trans-

2003 911 2142 961 eunt
2171 909 2364 975 verba,
2398 909 2612 980 quibus
2635 911 2852 967 destrui
2877 912 3064 984 possit
3096 915 3338 969 morbus
3394 915 3648 970 avaritiae

2005 1016 2033 1044 «
2065 995 2266 1065 Nolite,
2302 997 2514 1070 inquit,
2549 999 2783 1055 solliciti
2814 1017 2942 1058 esse
2971 1001 3108 1074 quid
3131 1003 3518 1074 manducetis,
3551 1008 3654 1059 aut

2005 1084 2144 1154 quid
2177 1085 2412 1158 bibatis,
2446 1091 2547 1141 aut
2576 1103 2691 1158 quo
2721 1089 3084 1160 operiamini.
3119 1091 3247 1146 Haec
3274 1091 3429 1146 enim
3455 1093 3654 1147 omnia

2006 1176 2208 1242 gentes
2239 1172 2562 1244 inquirunt.
2591 1178 2837 1242 Quaerite
2867 1183 3062 1233 autem
3096 1179 3352 1251 primum
3404 1197 3652 1252 regnum

2008 1259 2106 1316 Dei
2139 1262 2503 1333 etjustitiam
2528 1266 2742 1335 ejus,et
2761 1266 2881 1322 haec
2904 1269 3102 1325 omnia
3123 1269 3476 1339 adjicientur
3490 1269 3652 1326 vobis

2009 1349 2217 1422 (Matth.
2251 1351 2347 1423 v1).
2387 1375 2413 1401 ››
2445 1353 2488 1409 Ο
2520 1371 2695 1426 quam
2729 1356 2917 1420 beata,
2943 1357 2985 1411 Ο
3015 1373 3189 1429 quam
3217 1376 3440 1428 secura,
3475 1377 3652 1431 quam

2008 1439 2415 1512 amplectenda
2428 1443 2956 1500 sententia.Nullus
2970 1445 3124 1501 enim
3151 1447 3207 1500 in
3233 1448 3339 1503 hac
3350 1449 3558 1505 vitaita
3573 1465 3656 1505 se-

2010 1546 2187 1585 curus
2212 1535 2320 1598 est,
2350 1536 2413 1586 ut
2444 1531 2541 1588 ille
2573 1533 2672 1604 qui
2698 1533 2842 1589 nihil
2867 1538 3076 1607 praeter
3106 1535 3404 1592 Christum
3437 1539 3658 1610 appetit

2010 1619 2980 1696 possidere.Cunctanamque,quae
2996 1629 3133 1680 sunt
3151 1627 3499 1695 necessaria,
3518 1629 3656 1685 sub-

2010 1707 2119 1763 hac
2149 1709 2462 1780 sponsione
2486 1712 2768 1782 probatur
2785 1712 3176 1782 habere,sicut
3205 1717 3420 1773 Paulus
3443 1718 3659 1774 ditissi-

2012 1813 2397 1868 mus,paupor
2427 1798 2657 1855 dicebat
2687 1817 2738 1856 :«
2772 1802 3078 1874 Tanquam
3111 1804 3259 1859 nihil
3292 1805 3660 1874 habentes,et

1931 1926 1981 1991 Β
2013 1885 2211 1942 omnia
2239 1887 2607 1958 possidentes
2636 1890 2713 1962 (II
2744 1891 2862 1947 Cor.
2898 1892 2997 1963 v1).
3033 1891 3276 1949 »Omnia
3295 1893 3496 1966 utique
3543 1911 3659 1950 non

2016 1975 2333 2048 superﬂua,
2367 1977 2468 2032 sed
2493 1981 2724 2034 tantum
2753 1981 3104 2046 necessaria,
3132 1982 3254 2053 ipso
3275 1983 3662 2040 confirmante

2015 2081 2080 2120 ac
2101 2065 2328 2122 dicente
2352 2082 2364 2122 :
2403 2090 2424 2117 «
2460 2067 2751 2125 Habentes
2783 2069 2995 2125 victum
3014 2075 3071 2126 et
3092 2071 3384 2140 vestitum,
3409 2071 3501 2127 his
3524 2089 3661 2130 con-

2015 2153 2158 2209 tenti
2188 2172 2396 2212 sumus
2428 2155 2474 2228 (Ι
2504 2158 2635 2212 Tim.
2670 2158 2768 2227 VI).
2809 2181 2830 2208 ο
2867 2159 2977 2214 Sed
3039 2159 3188 2215 forte
3245 2159 3417 2217 dicis:
3464 2161 3598 2217 ldeo
3631 2180 3666 2218 a

2017 2245 2236 2300 sanctis
2267 2245 2671 2318 religiosisque
2701 2246 2842 2302 viris
2870 2247 3041 2319 plura
3071 2249 3342 2305 habenda
3371 2254 3533 2321 sunt,
3594 2255 3660 2307 ut

2019 2332 2229 2388 melius
2290 2335 2360 2389 ab
2416 2336 2560 2407 ipsis
2615 2353 2853 2408 quama
2912 2338 3292 2410 popularibus
3353 2345 3666 2412 erogentur

2019 2421 2232 2478 Christi
2265 2425 2643 2496 pauperibus.
2676 2427 2746 2480 Et
2775 2443 2879 2498 ego
2909 2428 3232 2494 consentio,
3263 2427 3365 2484 sed
3387 2427 3666 2500 praelatis,

2021 2528 2136 2566 non
2167 2517 2362 2568 autem
2397 2515 2698 2585 subjectis,
2731 2532 2880 2588 quos
2911 2517 3165 2572 maxime
3196 2517 3341 2572 illud
3399 2518 3667 2576 mulieris

2020 2600 2161 2655 Loth
2181 2601 2512 2673 exemplum
2542 2604 2814 2670 deterret,
2848 2622 2996 2677 quae,
3031 2607 3170 2660 dum
3204 2611 3337 2678 post
3365 2611 3597 2680 tergum
3635 2627 3667 2665 a

2021 2689 2291 2746 Sodomis
2322 2691 2518 2747 exiens
2549 2693 2890 2763 respexit,in
2925 2697 3182 2748 statuam
3215 2694 3357 2750 salis
3388 2711 3670 2752 conversa

2021 2778 2296 2850 spiritum
2328 2779 2541 2835 eﬂlavit
2571 2780 2723 2853 (Gen.
2757 2783 2893 2852 xxx).
2929 2781 3091 2836 Unde
3120 2786 3175 2838 et
3231 2782 3496 2840 Christus
3545 2784 3659 2841 tale

2022 2866 2165 2938 quid
2189 2871 2633 2940 praecavendum
2664 2870 3200 2939 denuntiat,dicens
3226 2888 3239 2928 :
3272 2895 3299 2922 ‹‹
3324 2873 3506 2929 Nemo
3528 2873 3668 2929 mit-

2021 2959 2152 3012 tens
2183 2973 2427 3013 manum
2459 2975 2627 3014 suam
2651 2959 2722 3014 ad
2756 2964 3036 3030 aratrum,
3073 2965 3128 3017 et
3150 2961 3467 3035 respiciens
3491 2967 3667 3034 retro,

2024 3049 2195 3116 aptus
2225 3050 2316 3102 est
2345 3063 2522 3119 regno
2553 3047 2653 3103 Dei
2687 3049 2835 3120 (Luc.
2871 3050 2968 3122 1x).
3006 3072 3034 3101 ››
3092 3051 3240 3106 Hinc
3289 3053 3495 3110 Petrus
3533 3054 3666 3126 (ait:

2024 3157 2051 3184 ‹‹
2086 3133 2295 3190 Melius
2326 3141 2450 3193 erat
2481 3136 2600 3193 illis
2631 3155 2746 3193 non
2807 3155 3155 3212 cognoscere
3213 3139 3366 3196 viam
3420 3143 3668 3212 justitiae

260 3231 525 3304 periculo
555 3231 643 3287 vel
673 3231 990 3286 offensione
1037 3233 1445 3303 procurentur,
1507 3229 1646 3301 quia
1695 3234 1914 3301 quanto
1955 3297 1986 3304 _
2026 3239 2202 3294 quam
2235 3229 2368 3297 post
2397 3226 2789 3298 cognitionem
2824 3231 3141 3284 retrorsum
3175 3230 3429 3285 converti
3463 3231 3534 3286 ab
3581 3247 3668 3300 eo,

270 3297 529 3392 quisque
560 3319 807 3392 amplius
837 3297 1056 3376 habere
1069 3319 1325 3392 coeperit,
1356 3297 1795 3392 tanto-amplius
1816 3318 1914 3374 ha.
1945 3297 1987 3365 C
2028 3313 2182 3383 quod
2215 3314 2495 3370 traditum
2517 3320 2606 3371 est
2627 3315 2746 3373 illis
2775 3321 2976 3374 sancto
3001 3319 3276 3376 mandato
3307 3319 3355 3392 (Ι
3383 3324 3499 3375 Pet.
3533 3321 3614 3392 ιι).
3640 3297 3667 3371 ἦ

268 3407 416 3463 bere
474 3407 860 3481 concupiscit:
927 3409 1106 3481 fitque
1168 3411 1233 3463 ut
1287 3408 1528 3463 modum
1586 3407 1645 3463 in
1705 3425 1917 3464 concu-

262 3497 554 3570 piscendo
586 3514 696 3553 non
725 3497 960 3566 habeat,
994 3497 1136 3552 dum
1168 3497 1452 3552 inumeris
1482 3496 1662 3568 hujus
1720 3497 1915 3552 saeculi

261 3587 427 3644 curis
461 3587 751 3644 deservire
783 3586 1036 3643 festinat.
1069 3586 1143 3642 Ut
1175 3586 1332 3642 enim
1391 3586 1692 3658 Scriptura
1741 3586 1913 3643 dicit:

258 3702 286 3727 α
319 3682 557 3734 Avarus
586 3677 851 3750 pecuniis
879 3693 995 3733 non
1022 3675 1299 3748 impletur
1355 3676 1550 3748 (Eccle.
1577 3676 1658 3748 v.)
1692 3698 1721 3725 »
1783 3677 1916 3740 Quae

254 3767 552 3823 nimirum
579 3783 758 3838 quam
791 3767 868 3822 sit
896 3765 1260 3833 detestanda,
1292 3763 1510 3821 Paulus
1543 3765 1782 3835 indicat,
1827 3765 1916 3821 di-

250 3873 439 3913 cens:
479 3880 508 3906 ‹‹
542 3857 615 3912 Et
667 3855 934 3927 avaritia,
993 3871 1121 3927 quae
1169 3857 1259 3910 est
1313 3853 1603 3910 idolorum
1664 3855 1916 3911 servitus

250 3946 480 4018 (Ephes.
517 3946 600 4017 v).
644 3967 671 3993 ››
713 3945 848 4008 Quae
880 3944 1035 4016 quod
1068 3944 1133 3998 fit
1165 3943 1358 4010 noxia,
1410 3942 1565 3998 idem
1623 3959 1916 4017 exponens

247 4034 360 4092 ait:
389 4059 420 4085 «
460 4035 574 4101 Qui
608 4033 810 4090 volunt
841 4033 1047 4089 divites
1078 4032 1203 4087 fieri
1232 4031 1502 4088 incidunt
1559 4032 1618 4087 in
1643 4034 1915 4090 tentatio-

243 4142 408 4193 nem,
441 4129 509 4181 et
539 4122 598 4178 in
630 4122 908 4196 laqueum
939 4121 1179 4190 diaboli,
1203 4125 1260 4177 et
1287 4121 1580 4178 desideria
1609 4122 1797 4179 multa
1860 4129 1916 4180 et

240 4215 480 4283 nociva,
548 4229 676 4285 qua:
736 4215 1012 4284 mergunt
1066 4211 1338 4267 homines
1395 4211 1455 4266 in
1495 4211 1798 4267 interitum
1856 4217 1912 4268 et

239 4303 652 4376 perditionem
685 4302 840 4373 (Tim.
867 4303 967 4370 vr).
1002 4322 1030 4351 »
1063 4301 1195 4366 Quae
1218 4317 1396 4372 quam
1427 4299 1504 4356 sit
1547 4300 1909 4369 detestanda,

240 4393 502 4466 quidam
539 4390 775 4463 sapiens
807 4389 1134 4457 denuntiat,
1165 4405 1297 4445 cum
1329 4388 1505 4444 dicit:
1548 4411 1568 4438 α
1602 4393 1790 4447 Avaro
1822 4390 1913 4446 ni-

2028 3400 2335 3475 Continget
2356 3404 2513 3460 enim
2544 3405 2627 3460 eis
2657 3404 2801 3461 illud
2829 3407 2946 3463 veri
2969 3408 3260 3465 Proverbii
3294 3425 3306 3462 :
3335 3431 3363 3459 «
3389 3408 3561 3465 Canis
3584 3425 3670 3464 re-

2027 3507 2229 3546 versus
2259 3495 2348 3548 est
2379 3494 2449 3548 ad
2482 3511 2656 3550 suum
2687 3497 2994 3566 vomitum,
3029 3501 3086 3552 et
3117 3497 3426 3554 suslotain
3445 3497 3670 3554 voluta-

2027 3579 2132 3635 bro
2163 3579 2271 3636 luti
2302 3583 2483 3652 (Prov.
2515 3585 2650 3655 xw).
2688 3607 2715 3633 »
2747 3585 2854 3650 Qui
2888 3585 3169 3642 nimirum
3201 3586 3457 3642 avaritiae
3515 3605 3670 3642 mor-

2030 3669 2143 3724 bus
2173 3687 2477 3743 nunquam
2505 3671 2715 3728 melius
2746 3675 3157 3746 compescitur,
3190 3675 3303 3731 nisi
3356 3692 3489 3730 cum
3547 3675 3672 3731 dies

2029 3760 2238 3815 mortis
2268 3761 2395 3817 sine
2417 3761 2702 3818 oblivione
2734 3765 3048 3831 mediatur,
3107 3781 3240 3819 cum
3303 3764 3494 3836 qualis
3541 3767 3674 3836 post

2027 3849 2323 3905 modicum
2356 3851 2416 3906 in
2448 3850 2714 3923 sepulcro
2749 3853 2985 3908 futurus
3017 3852 3094 3908 sit
3116 3851 3311 3921 homo,
3336 3853 3671 3908 considera-

2026 3940 2138 3993 tur.
2161 3938 2277 3994 Hoc
2307 3943 2460 3994 certe
2486 3941 2664 3995 fixum
2699 3941 3042 3996 manebatin
3067 3940 3246 3997 illlius
3263 3941 3544 3997 memoria
3566 3941 3669 4014 qui

2025 4026 2311 4083 dicebat:«
2335 4028 2516 4083 Homo
2544 4029 2806 4100 putredo,
2836 4034 2892 4084 et
2935 4029 3093 4085 filius
3143 4029 3400 4086 hominis
3447 4031 3663 4088 vermis

2027 4115 2170 4187 (Job.
2206 4121 2387 4184 xxm).
2425 4139 2452 4166 »
2475 4117 2794 4173 Hocabillo
2819 4136 2930 4174 non
2947 4120 3395 4192 recesserat,qui
3417 4121 3665 4178 dicebat:

2030 4228 2057 4255 «
2085 4207 2146 4260 In
2171 4205 2445 4262 omnibus
2477 4205 2753 4278 operibus
2784 4207 2910 4263 tuis
2971 4225 3296 4265 memorare
3345 4211 3670 4268 novissima

2029 4298 2131 4350 tua
2157 4300 2212 4351 et
2243 4295 2300 4352 in
2324 4300 2607 4353 aeternum
2641 4314 2754 4353 non
2786 4298 3054 4370 peccabis
3086 4299 3271 4370 (Eccli.
3305 4299 3426 4371 vn).
3455 4322 3481 4347 »
3521 4301 3667 4367 Quid

2028 4387 2188 4454 tunc,
2216 4402 2374 4460 rogo,
2423 4385 2564 4458 quid
2616 4389 2754 4444 tunc
2805 4387 3013 4443 divitiae
3072 4392 3420 4444 conservatae
3460 4390 3667 4460 prode-

235 4480 322 4538 hil
382 4486 488 4538 est
550 4479 856 4536 scelestius
905 4479 1099 4552 (Eccle.
1160 4480 1239 4552 x).
1274 4500 1302 4528 ››
1361 4479 1547 4544 Quam
1632 4480 1709 4536 sit
1791 4480 1913 4536 haec
2029 4475 2375 4532 runt?Audi
2402 4475 2572 4547 quid:
2609 4498 2636 4527 «
2679 4477 2883 4533 Nudus
2905 4491 3206 4548 regressus
3230 4477 3667 4533 sumdeventre

235 4570 470 4627 iterum
546 4569 738 4637 noxia,
794 4569 1049 4625 Jacobus
1106 4569 1316 4642 aperit,
1389 4569 1622 4625 dicens:
1659 4592 1687 4620 «
1747 4571 1914 4643 Agite
2028 4566 2233 4622 matris
2273 4583 2434 4633 mere,
2469 4566 2666 4621 nudus
2698 4569 2957 4622 revertar
2986 4565 3124 4620 illuc
3155 4566 3298 4637 (Job.
3354 4566 3417 4636 1).
3453 4588 3481 4615 ››
3512 4567 3666 4622 Audi

233 4677 424 4728 nunc,
461 4659 705 4724 divites,
745 4657 989 4731 plorate,
1022 4657 1319 4714 ululantes
1358 4657 1418 4713 in
1476 4657 1728 4713 miseriis
1788 4675 1914 4730 quae
1945 4675 1992 4739 D
2028 4656 2206 4729 quid:
2246 4677 2271 4708 «
2301 4655 2457 4710 Nihil
2489 4655 2800 4711 intulimus
2826 4656 2884 4710 in
2912 4655 3068 4709 hunc
3084 4654 3400 4710 mundum:
3437 4655 3537 4711 sed
3563 4671 3667 4712 nec

233 4750 575 4805 advenient
603 4747 788 4803 vobis.
823 4747 1039 4802 Divitiae
1097 4752 1299 4803 vestrae
1361 4745 1694 4819 putrefactis
1753 4752 1910 4804 sunt.
2025 4747 2252 4802 auferre
2282 4746 2422 4817 quid
2456 4762 2770 4817 possumus
2794 4748 2840 4817 (l
2865 4747 2996 4800 Tim.
3028 4743 3127 4815 v1).
3164 4765 3192 4793 »

229 4837 628 4895 Vestimenta
681 4853 716 4891 a
774 4835 948 4892 tineis
1009 4839 1267 4892 comesta
1322 4839 1481 4891 sunt.
1566 4837 1792 4890 Aurum
1853 4842 1910 4893 et
2576 4851 2897 4890 OBDUBATIO
2939 4851 3126 4891 morr:

229 4931 573 5000 argentum
603 4928 866 4980 vestrum
897 4925 1261 4998 aeruginavit,
1293 4928 1348 4980 et
1369 4939 1562 4996 aerugo
1589 4940 1791 4981 eorum
1849 4926 1910 4981 in
2093 4924 2153 4980 Si
2183 4941 2270 4995 ea,
2304 4941 2432 4996 quae
2464 4924 2748 4997 possides,
2780 4925 3087 4996 egentibus
3113 4925 3514 4997 tribuis,unde
3536 4926 3671 4984 sub-

225 5014 667 5074 testimonium
719 5015 830 5070 erit
872 5014 1062 5083 vobis,
1114 5018 1170 5070 et
1250 5011 1625 5068 manducavit
1705 5030 1910 5071 carnes
2015 5013 2204 5084 jectos
2235 5014 2458 5085 absque
2489 5015 2737 5086 pecunta
2768 5013 3006 5070 nutris?

224 5112 472 5163 vestras
510 5103 669 5162 sicut
699 5104 854 5178 ignis
886 5105 1018 5177 (Jac.
1053 5103 1128 5177 v).
1161 5126 1188 5153 ››
1223 5104 1336 5159 Sed
1394 5119 1500 5159 nec
1556 5103 1913 5176 Redemptor
2442 5120 2841 5160 MISERICORDIA
2881 5121 3248 5162 nesrouns'r:

226 5200 446 5253 noster
470 5194 778 5268 praeterire
801 5193 989 5248 voluit
1045 5192 1384 5265 cupiditatis
1434 5192 1680 5261 malum,
1733 5210 1909 5267 quam

223 5285 494 5342 noxium
533 5286 710 5339 esset.
741 5282 834 5338 Ait
864 5283 1050 5338 enim:
1088 5305 1115 5332 «
1139 5281 1406 5350 Difficile,
1469 5283 1570 5354 qui
1630 5285 1912 5356 pecunias

222 5373 495 5442 habent,
535 5388 784 5444 regnum
816 5371 1093 5428 ccelorum
1124 5371 1428 5428 intrabunt
1459 5373 1609 5445 (Luc.
1660 5373 1845 5445 xvm).
1881 5396 1909 5424 »

223 5465 290 5521 Et
324 5477 633 5520 rursum:
661 5485 689 5511 ‹‹
725 5462 974 5518 Facilius
1007 5465 1096 5517 est
1151 5462 1439 5518 camelum
1491 5480 1593 5536 per
1649 5463 1909 5520 foramen

222 5569 376 5611 acus
408 5549 705 5619 transire,
739 5568 917 5622 quam
948 5549 1418 5607 divitemintrare
1441 5552 1500 5608 in
1523 5569 1768 5627 regnum
1796 5569 1907 5609 cce-

220 5643 438 5700 lorum
461 5639 750 5713 (Ibidem).
780 5662 806 5691 ››

295 5732 364 5790 Si
397 5730 610 5804 igitur
637 5729 1014 5789 saecularibus
1042 5729 1185 5788 viris
1215 5729 1298 5787 ita
1328 5733 1416 5787 est
1446 5731 1772 5802 periculosa
1809 5747 1908 5788 cu-

2094 5194 2226 5249 CAP.
2247 5194 2393 5248 XVI.
2429 5193 2487 5249 Si
2512 5193 2761 5266 apostoli
2790 5196 3034 5251 modum
3080 5195 3140 5250 in
3198 5195 3306 5250 hac
3362 5195 3525 5264 parte
3582 5192 3666 5245 te-

2022 5283 2243 5350 nueris,
2276 5286 2524 5355 utraque
2555 5285 2834 5356 perﬁcere
2862 5284 3105 5340 valebis.
3139 5283 3282 5337 Hinc
3313 5279 3468 5336 enim
3510 5279 3665 5334 idem

2020 5371 2146 5445 ipse
2172 5371 2245 5428 ad
2277 5371 2610 5429 Corinthios
2643 5373 2726 5429 ait
2757 5375 2828 5445 (II
2859 5374 2984 5428 Cor.
3014 5375 3178 5440 vm):
3217 5391 3244 5418 «
3278 5368 3339 5424 Si
3394 5367 3664 5424 voluntas

2021 5464 2292 5534 prompta
2322 5464 2431 5532 est,
2465 5477 2533 5517 ex
2562 5461 2673 5517 hoc
2705 5462 2857 5533 quod
2891 5460 3086 5526 habet,
3121 5461 3359 5528 accepta
3389 5461 3499 5525 est,
3545 5474 3663 5514 non

2019 5551 2346 5608 secundum
2381 5551 2536 5622 quod
2572 5568 2685 5606 non
2717 5550 2912 5606 habet.
2943 5547 3067 5602 Non
3091 5546 3250 5602 enim
3281 5551 3345 5602 ut
3403 5547 3536 5602 aliis
3587 5548 3668 5602 sit

2020 5639 2311 5708 remissio,
2344 5640 2512 5696 nobis
2544 5645 2738 5696 autem
2766 5635 3065 5694 tribulatio
3099 5654 3111 5703 ;
3138 5637 3238 5692 sed
3263 5653 3332 5693 ex
3353 5635 3666 5709 aqualitate

2021 5731 2082 5786 in
2115 5728 2388 5803 praesenti
2414 5732 2674 5798 tempore
2694 5731 2886 5784 vestra
2909 5726 3269 5784 abundantia
3289 5725 3523 5782 illorum
3545 5723 3669 5781 ino-
