4102 6174
424 370 538 438 571

1494 363 1564 430 Β.
1608 359 1887 428 LEONIS
1927 353 2012 421 IX
2049 348 2280 416 ΡΑΡιΕ
2319 349 2754 416 OPUSCULA.

3703 335 3823 398 572

424 511 584 587 piam
613 504 901 582 suppleat,
935 510 999 563 ut
1053 509 1112 562 et
1150 503 1385 561 illorum
1435 495 1799 558 abundantia
1851 494 2059 551 vestra;
2094 484 2152 556 Α
2179 487 2428 544 tiflcioso
2457 483 2872 558 ingenio,sicut
2891 475 3250 549 fallacia,sed
3273 472 3524 548 simplici
3558 471 3822 547 negatio-

425 583 632 673 inopise
660 600 724 655 ﬁt
761 596 1260 669 supplementum,
1294 597 1360 649 ut
1403 591 1506 647 flat
1553 585 1858 661 mqualitas
1918 583 2069 673 sicut

425 671 708 762 scriptum
739 691 858 743 est:
889 685 1309 751 «Quimultum
1331 679 1556 743 habuit,
1589 695 1704 734 non
1727 671 2065 737 abundavit,

425 784 482 835 et
502 760 603 852 qui
624 778 1067 838 modieum,non
1082 769 1587 841 minoravit(Exod.
1609 766 1726 834 xvx)
1742 788 1769 815 ››
1783 764 1929 819 Hinc
1942 760 2068 833 qui-

426 849 560 925 dam
584 869 784 939 justus
816 863 1036 937 prolem
1071 862 1340 917 dilectam
1375 861 1666 923 admonet,
1700 855 1930 910 dicens:
1955 873 1983 901 «
2009 849 2067 904 Si

427 958 678 1013 multum
709 955 815 1008 tibi
847 953 1040 1014 fuerit,
1065 951 1434 1006 abundanter
1460 948 1689 1010 tribue;
1725 943 1814 997 sin
1873 944 2068 996 autem

426 1047 726 1116 exiguum,
757 1047 813 1096 et
843 1042 952 1096 hoc
976 1041 1172 1112 ipsum
1202 1038 1505 1109 impertire
1535 1034 1676 1104 (Tob.
1714 1033 1810 1102 IV).
1848 1051 1875 1080 »
1925 1030 2070 1083 Hinc

427 1149 662 1206 quoque
693 1131 1000 1185 incarnata
1027 1127 1252 1184 Veritas
1281 1126 1420 1180 dicit
1445 1142 1457 1179 :
1498 1145 1526 1173 ‹‹
1553 1122 1768 1176 Verum
1792 1118 1947 1190 quod
1970 1133 2070 1172 su-

427 1224 638 1294 perest,
671 1220 804 1274 date
835 1217 1285 1289 eleemosynam,
1318 1219 1375 1268 et
1413 1228 1544 1268 ecce
1592 1209 1791 1265 omnia
1846 1207 2071 1262 munda

429 1313 568 1365 sunt
593 1307 756 1362 vobis
785 1307 936 1378 (Luc.
969 1306 1071 1375 χι).
1105 1325 1132 1353 ››
1166 1303 1310 1357 Audi
1346 1317 1577 1372 quoque
1605 1299 1757 1370 quod
1783 1296 2069 1368 scriptum

427 1401 553 1452 est:
591 1418 618 1444 »
648 1393 946 1450 Judicium
980 1392 1104 1446 sine
1128 1391 1526 1446 misericordia
1556 1388 1654 1442 ﬁet
1683 1387 1734 1442 ei
1797 1384 1894 1457 qui
1955 1401 2069 1437 non

430 1473 628 1538 fecerit
650 1481 1108 1536 misericordiam
1135 1479 1408 1550 (Jac.n).»
1426 1479 1548 1542 Quo
1571 1480 1771 1531 contra
1789 1473 2072 1545 propheta

428 1572 704 1627 admonet
733 1569 934 1624 dicens
959 1586 971 1625 :
994 1592 1020 1618 «
1047 1569 1269 1636 Frange
1289 1567 1572 1624 esurienti
1595 1581 1801 1636 panem
1819 1565 2075 1625 tuum,et

428 1676 641 1733 egenos
669 1675 964 1730 vagosque
994 1657 1170 1712 induc
1212 1657 1268 1712 in
1301 1658 1540 1710 domum
1570 1657 1754 1708 tuam.
1788 1651 1932 1705 Cum
1989 1648 2072 1702 vi-

429 1748 584 1804 deris
614 1749 862 1813 nudum,
896 1747 1052 1817 operi
1087 1750 1308 1809 eum,et
1337 1759 1572 1800 carnem
1632 1747 1792 1796 tuam
1844 1755 1919 1794 ne
1973 1740 2072 1793 de-

2181 577 2273 634 nis
2301 576 2472 632 verbo
2503 578 2728 648 oportet
2756 574 3020 645 decipere
3050 582 3431 644 quemquam.

2469 680 2701 720 VERITAS
2741 680 2812 718 AD
2853 677 3119 724 UTRAQUE
3156 668 3518 714 RESPONDET:

2251 758 2380 812 CAP.
2415 755 2610 810 XVIII.
2662 753 2974 823 Nunquam
3009 754 3160 804 Deus
3207 745 3328 801 falli
3383 745 3590 815 potest.
3628 739 3737 796 Sed
3770 745 3830 795 te

2177 846 2395 917 potius,
2427 859 2607 916 quam
2630 842 2815 896 Deum
2839 838 3011 904 fallis,
3036 836 3174 908 quia
3194 833 3456 904 quolibet
3473 831 3648 886 modo
3671 845 3832 883 men-

2179 935 2381 997 tiatur,
2407 955 2435 982 «
2457 948 2557 987 eos
2570 929 2726 1002 quod
2749 923 3270 992 mentitur,oceidit
3281 920 3540 977 animam
3558 917 3826 989 (Sap.1);»

2181 1045 2210 1074 «
2242 1027 2300 1077 et
2329 1021 2530 1076 oribus
2561 1017 2944 1074 mendacibus
2973 1031 3108 1086 pars
3138 1012 3372 1067 illorum
3396 1008 3506 1065 erit
3536 1007 3594 1062 in
3617 1010 3825 1078 stagno

2179 1111 2334 1184 ignis
2365 1108 2623 1166 ardentis
2649 1107 2932 1179 sulphure
2952 1104 3133 1174 (Apoc.
3162 1101 3302 1160 xxxi.
3345 1121 3373 1147 ››

2596 1213 2838 1254 VENTRIS
2868 1208 3169 1250 INGLUVIES
3210 1204 3390 1244 DIClTi

2253 1291 2334 1344 Ad
2366 1306 2532 1345 esum
2567 1293 2716 1342 Deus
2739 1284 2936 1342 omnia
2965 1281 3187 1336 munda
3237 1275 3500 1333 condidit
3532 1292 3544 1329 :
3608 1276 3665 1328 et
3723 1273 3826 1344 qui

2182 1377 2432 1434 saturari
2463 1377 2591 1432 cibo
2625 1373 2866 1446 respuit,
2921 1371 3061 1443 quid
3122 1367 3303 1434 aliud,
3366 1380 3545 1438 quam
3596 1360 3826 1418 muneri

2186 1484 2462 1523 concesso
2493 1463 2859 1522 contradicit.

2476 1570 2727 1611 CIBORUM
2768 1564 3120 1606 PARCIMONIA
3159 1560 3518 1601 RESPONDET:

2254 1648 2388 1701 CAP.
2420 1644 2562 1700 XIX.
2595 1647 2792 1698 Unum
2819 1640 3033 1695 horum
3065 1651 3190 1708 quas
3217 1633 3365 1690 dicis
3393 1646 3593 1687 verum
3617 1632 3723 1686 est.
3749 1627 3831 1683 Ne

2183 1735 2340 1793 enim
2373 1735 2548 1789 homo
2581 1731 2734 1786 fame
2764 1731 3110 1793 moreretur,
3143 1723 3342 1780 omnia
3371 1721 3528 1778 Deus
3551 1719 3623 1775 ad
3655 1732 3826 1775 esum

428 1837 687 1910 spexeris
708 1835 1063 1904 (Isa.LvuI).»
1089 1836 1376 1889 Memento
1407 1833 1548 1904 quid
1578 1833 1896 1903 purpurato
1911 1825 2073 1881 diviti
2108 1859 2155 1923 Β
2187 1824 2409 1881 munda
2437 1821 2672 1878 creavit.
2706 1820 2819 1876 Sed
2849 1835 2920 1873 ne
2942 1813 3281 1872 comedendi
3307 1825 3645 1866 mensuram
3665 1823 3832 1863 exce-

1834 1917 1850 1923 -
1920 1915 1958 1923 ..
2202 1916 2217 1923 -
2329 1917 2338 1923 .
2437 1913 2451 1923 .
2515 1911 2549 1923 ,ο
2680 1909 2715 1923 ,ο
2844 1907 2856 1918 ι
2945 1922 2986 1923 ,,
3040 1904 3144 1923 ,"31
3218 1907 3388 1923 ιι----
3424 1900 3575 1923 ἔ-ι-..
3622 1899 3828 1923 ιιι-..ιλιι-

427 1899 756 1998 contigerit,
792 1924 891 1996 qui
927 1899 1041 1979 non
1077 1923 1204 1978 ideo
1234 1899 1549 1977 damnatus
1580 1899 1851 1989 estquod
1886 1915 2078 1971 aliena
2108 1899 2155 1923 υ
2186 1916 2366 1979 deret,
2403 1909 2819 1967 abstinentiam
2841 1904 3168 1978 imperavit.
3206 1907 3393 1972 Atque
3423 1900 3575 1953 inter
3619 1899 3836 1951 caetera

427 1985 650 2081 tulerit,
679 1985 780 2070 sed
808 1985 965 2085 quod
985 2013 1176 2084 egenti
1197 2009 1440 2084 pauperi
1461 2027 1567 2065 sua
1589 1985 2081 2073 non-tribuerit,et
2188 2021 2297 2060 sua
2329 2001 2508 2067 mala,
2540 1999 2846 2056 saturitate
2871 1995 3123 2050 maxime
3144 1991 3312 2063 panis
3351 1986 3517 2060 periit
3544 1985 3826 2048 Sodoma,

427 2106 488 2161 in
518 2105 748 2161 inferno
771 2104 1021 2175 positus,
1050 2103 1120 2156 ad
1153 2101 1403 2173 petenda
1425 2099 1666 2153 minime
1690 2092 2077 2168 pervenit,qui

427 2194 526 2251 hic
552 2210 727 2264 parva
754 2191 985 2261 negavit
1007 2192 1160 2261 (Luc.
1194 2190 1331 2258 xvr).
1365 2188 1513 2253 Quid
1573 2187 1749 2242 etiam
1809 2184 1880 2239 ad
1935 2181 2076 2238 sini-

429 2287 615 2338 stram
639 2280 1042 2352 positisjudex
1072 2278 1199 2332 cceli
1230 2277 1494 2332 dicturus
1526 2275 1621 2341 sit,
1647 2273 1882 2328 attende
1906 2288 1918 2326 :
1944 2294 1971 2321 «
2000 2273 2079 2326 Ite

429 2370 490 2424 in
521 2369 717 2440 ignem
750 2371 1052 2430 aeternum,
1087 2367 1184 2436 qui
1221 2369 1459 2437 paratus
1491 2368 1578 2420 est
1607 2361 1838 2418 diabolo
1869 2364 1927 2416 et
1977 2376 2079 2414 an-

429 2456 575 2530 gelis
603 2457 752 2524 ejus.
785 2454 1012 2511 Esurivi
1043 2454 1221 2516 enim,
1255 2457 1313 2508 et
1343 2469 1459 2508 non
1478 2451 1724 2508 dedistis
1745 2447 1888 2506 mihi
1912 2464 2078 2502 man-

432 2546 670 2609 ducare,
703 2548 760 2600 et
783 2545 1007 2608 caetera,
1042 2559 1170 2613 quae
1228 2542 1307 2596 ibi
1368 2540 1576 2612 (Matth.
1632 2539 1792 2608 xvm)
1847 2535 2078 2592 terribi-

428 2633 565 2690 liter
595 2636 1042 2689 enumerantur.

505 2724 743 2778 Furtum
775 2725 832 2777 et
862 2720 1387 2792 fraus,quanquam
1410 2719 1628 2789 gradus
1650 2713 2080 2772 habeantlocu-

427 2812 631 2877 tionis,
677 2826 860 2865 unum
894 2813 985 2864 est
1012 2813 1206 2865 tamen
1240 2810 1393 2880 quod
1427 2807 1650 2862 dicunt.

1020 2915 1261 2954 FURTUM
1301 2914 1451 2953 DICIT
1475 2914 1487 2952 ;

503 2987 563 3044 Si
596 2986 785 3042 aliena
815 3003 930 3041 non
961 2986 1118 3042 tollis
1150 3003 1218 3041 ex
1241 2986 1474 3059 preprio
1501 2984 1589 3041 vel
1614 2984 1775 3039 dives
1803 2980 1890 3036 vel
1914 2980 2079 3036 sut‘li-

441 3077 604 3132 ciens
633 3092 762 3132 esse
791 3092 906 3131 non
936 3075 1112 3131 vales.

1055 3182 1234 3221 FRAUS
1275 3180 1426 3220 DICIT
1450 3180 1463 3218 Ξ

2185 2092 2434 2148 Domino
2457 2085 2891 2157 attestante,qui
2921 2085 2993 2139 de
3011 2080 3336 2138 Jerusalem
3360 2093 3460 2148 per
3484 2073 3831 2147 prophetam

2187 2179 2708 2252 loquitur,dicens:
2737 2200 2762 2225 ‹‹
2780 2176 2913 2230 Haec
2936 2169 3342 2242 fuitiniquitas
3364 2165 3580 2221 sororis
3597 2167 3708 2217 tuae
3727 2161 3835 2215 So-

2188 2250 2373 2326 domae
2405 2267 2684 2324 saturitas
2714 2264 2950 2338 panis.»
2981 2261 3343 2333 QuaprOpter
3375 2255 3528 2312 sicut
3552 2267 3704 2323 aeger
3758 2250 3833 2304 ad

2188 2358 2564 2421 medicinam,
2589 2356 2674 2412 sic
2704 2355 2776 2410 ad
2807 2351 3125 2409 sumendas
3157 2349 3336 2418 dapes
3366 2345 3539 2400 debet
3580 2340 3836 2412 quisque

2187 2449 2859 2516 accedere,nequaquam
2882 2440 3105 2498 scilicet
3119 2435 3479 2507 voluptatem
3500 2431 3559 2485 in
3583 2428 3700 2483 illis
3724 2443 3827 2497 ap-

2191 2541 2416 2608 petens,
2441 2535 2539 2590 sed
2574 2529 2906 2589 necessitati
2937 2542 3306 2586 succurrens.
3339 2521 3483 2578 Hinc
3531 2519 3839 2574 incarnata

2186 2626 2418 2682 Veritas
2431 2640 2534 2697 per
2547 2619 2928 2695 Evangelium
2947 2619 3027 2674 ait
3045 2612 3499 2674 :«Attendite,ne
3519 2610 3838 2697 graventur

2187 2715 2363 2770 corda
2381 2694 2574 2769 vestra
2593 2711 2651 2766 in
2673 2694 2913 2780 crapula
2933 2711 2992 2762 et
3011 2701 3448 2770 ebrietate(Luc.
3479 2698 3618 2764 xxx).
3651 2717 3679 2743 »
3708 2694 3836 2758 Quo

2187 2807 2389 2860 contra
2409 2803 2480 2857 de
2501 2797 2817 2856 insatiabili
2835 2796 2946 2853 Jud
2956 2809 3171 2851 eorum
3193 2788 3507 2846 voracitate
3520 2781 3840 2856 Apostolus

2187 2891 2329 2948 dicit
2352 2907 2364 2946 :
2404 2912 2432 2942 «
2463 2889 2631 2946 Multi
2648 2885 2972 2952 ambulant,
2998 2898 3145 2955 quos
3167 2895 3318 2951 saepe
3341 2875 3606 2933 dicebam
3624 2870 3794 2926 vobis
3818 2887 3832 2934 ;

2187 2999 2345 3038 nunc
2375 2983 2572 3036 autem
2603 2981 2660 3034 et
2688 2977 2833 3033 ﬂens
2864 2974 2992 3030 dico
3024 2970 3296 3026 inimicos
3349 2963 3539 3021 crucis
3591 2959 3836 3024 Christi,

2187 3085 2436 3143 quorum
2455 3069 2607 3124 Deus
2628 3069 2830 3122 venter
2847 3066 3019 3128 est,et
3039 3058 3224 3133 gloria
3244 3057 3303 3111 in
3320 3051 3608 3127 pudendis
3629 3065 3838 3104 eorum

2191 3137 2286 3232 qui
2312 3162 2542 3214 terrena
2575 3155 2814 3226 sapiunt
2833 3151 3063 3222 (th'lip.
3088 3148 3194 3216 ιιι).
3226 3168 3252 3196 »
3279 3145 3346 3198 Et
3368 3155 3623 3232 rursum:
3651 3137 3841 3232 «_Esca

501 3253 558 3308 Si
593 3257 803 3308 cuncta
833 3269 959 3324 quae
989 3253 1092 3308 tibi
1126 3253 1400 3325 przelatus
1433 3251 1722 3306 servanda
1753 3245 2071 3311 commisit,
2107 3231 2153 3296 C
2190 3225 2396 3313 ventri,
2426 3249 2482 3301 et
2510 3225 2709 3299 venter
2737 3241 2906 3297 escis.
2941 3240 3095 3295 Deus
3115 3240 3311 3292 autem
3336 3238 3392 3287 et
3417 3231 3572 3286 hunc
3593 3233 3651 3283 et
3680 3225 3839 3281 hanc

429 3341 656 3395 illibata
686 3341 1020 3410 consignas,
1055 3345 1109 3395 et
1130 3358 1201 3396 ne
1221 3341 1281 3395 in
1304 3341 1597 3394 modicum
1620 3338 1760 3409 quid
1778 3351 2078 3392 reservan-

433 3429 572 3482 dum
607 3428 930 3494 existimas,
959 3430 1115 3484 unde
1143 3428 1231 3482 vel
1271 3427 1524 3498 prepriis
1554 3426 1910 3480 utilitatibus
1941 3441 2078 3479 con-

434 3514 600 3580 sulis,
620 3515 707 3570 vel
738 3515 944 3570 amicis
973 3521 1028 3570 et
1059 3515 1564 3572 commilitonibus
1584 3513 1779 3585 places
1801 3514 1829 3568 ?

685 3620 1018 3660 INNOCEVTIA
1058 3622 1128 3660 AD
1170 3620 1431 3666 UTRAQUE
1471 3619 1826 3658 RESPONDE’I‘:

501 3693 637 3749 CAP.
662 3691 829 3748 XVII.
866 3693 1073 3748 Melius
1104 3698 1193 3748 est
1215 3708 1528 3764 pauperem
1549 3693 1605 3746 et
1625 3688 2078 3745 insufflcientem

430 3781 853 3853 esse,nullique
875 3800 944 3838 ex
965 3783 1100 3838 dato
1123 3781 1371 3855 placere.
1392 3797 1570 3852 quam
1594 3779 1850 3851 aliquem
1873 3778 2080 3834 laedere

431 3871 587 3926 furto
616 3871 704 3924 vel
740 3872 961 3926 fraude.
995 3871 1099 3938 Qui
1132 3871 1287 3926 enim
1314 3869 1503 3924 aliena
1526 3867 1786 3941 quolibet
1808 3867 2082 3922 modoin-

425 3959 586 4028 juste
617 3959 894 4030 praeripit,
920 3960 1045 4030 ipse
1063 3959 1172 4014 sibi
1200 3959 1358 4030 regni
1397 3957 1650 4013 cealestis
1671 3945 1900 4012 aditum
1924 3955 2082 4010 clau-

433 4045 536 4099 dit.
561 4045 722 4101 Unde
743 4052 797 4101 et
818 4049 1161 4116 praedicator
1177 4047 1446 4119 egregius
1465 4046 1763 4118 quondam
1784 4044 2083 4115 redarguit

434 4133 674 4189 dicens:
707 4157 735 4183 «
768 4135 1020 4190 Omnino
1051 4136 1318 4191 dilictum
1351 4139 1440 4189 est
1472 4135 1532 4189 in
1564 4134 1750 4195 vobis,
1785 4133 1939 4204 quod
1980 4133 2080 4204 ju-

435 4221 586 4276 dicia
615 4221 844 4276 habetis
874 4221 1027 4277 inter
1056 4239 1175 4277 vos.
1208 4225 1395 4285 Quare
1427 4239 1531 4277 nos
1563 4222 1752 4292 magis
1801 4220 2078 4291 injuriam

435 4308 744 4381 accipitis?
769 4310 957 4373 Quare
988 4327 1103 4365 non
1139 4310 1327 4382 magis
1360 4310 1625 4364 fraudem
1662 4309 1862 4379 patimi
1885 4311 1913 4364 ‘?
1968 4310 2079 4365 Sed

433 4397 713 4470 injuriam
745 4399 1019 4465 lacitis,et
1042 4398 1395 4463 fraudatis“
1422 4398 1626 4468 Carm)
1655 4415 1668 4463 ;
1704 4419 1731 4446 »
1756 4398 1943 4452 ethoc
1966 4399 2079 4453 fra-

435 4487 661 4543 tribus:
699 4509 728 4536 «
763 4494 846 4541 An
881 4489 1117 4543 nescitis
1150 4488 1288 4559 quia
1317 4485 1502 4558 iniqui
1537 4501 1784 4556 regnum
1817 4485 1917 4540 Dei
1966 4503 2080 4540 non

2188 3338 2450 3392 destruet
2478 3335 2524 3404 (ι
2554 3335 2672 3390 Cor.
2705 3330 2802 3400 v1).
2840 3352 2868 3379 »
2899 3328 2998 3384 Ille
3024 3330 3218 3383 autem
3245 3319 3840 3404 hocvitiumsuperat

2187 3403 2494 3498 plene,qui
2515 3423 2572 3476 in
2590 3418 2894 3477 sumendis
2915 3415 3165 3487 dapibus
3187 3428 3303 3468 non
3331 3408 3518 3465 solum
3547 3403 3841 3477 parcimo-

2189 3515 2346 3570 niam
2378 3516 2556 3578 tenet,
2589 3514 2654 3564 ut
2682 3508 2906 3564 scilicet
2930 3502 3301 3561 refectionem
3314 3510 3545 3569 semper
3565 3491 3839 3549 esuriens

2189 3603 2454 3672 imperet,
2481 3614 2684 3655 verum
2717 3597 2916 3666 etiam,
2947 3591 3336 3650 accuratiores
3369 3582 3546 3641 simul
3595 3591 3650 3636 et
3680 3596 3830 3635 sua-

2189 3667 2376 3745 viores
2409 3667 2634 3760 epulas,
2657 3689 2896 3758 excepta
2913 3681 3171 3756 corporis
3190 3676 3530 3734 inﬁrmitate
3555 3673 3609 3725 et
3629 3667 3844 3740 hospi-

2190 3783 2320 3835 tum
2352 3777 2742 3849 susceptione,
2775 3772 3116 3832 contemnit.

2663 3881 2867 3920 INEPTA
2905 3879 3135 3918 LEPITIA
3175 3875 3325 3914 DICIT
3359 3873 3371 3910 Σ

2266 3956 2480 4028 thuid
2506 3953 2688 4009 animi
2711 3953 2992 4025 gaudium
3016 3951 3175 4005 intus
3199 3938 3849 4028 abscondis?Egredere

2192 4046 2251 4100 in
2284 4025 2584 4117 publicum
2617 4042 2817 4098 laetus:
2857 4041 2953 4095 Dic
2984 4037 3124 4094 foris
3155 4034 3399 4106 aliquid,
3434 4031 3590 4086 unde
3626 4025 3846 4117 velgtu.

2189 4114 2556 4205 vel—proximi
2588 4131 2674 4186 tui
2701 4131 2948 4186 rideant.
2979 4131 3091 4183 Fac
3118 4135 3219 4182 eos
3249 4124 3410 4178 laetos
3441 4124 3544 4176 tua
3573 4114 3800 4172 laetitia.

2523 4235 2864 4276 MODERATUS
2896 4233 3121 4273 MOEROR
3159 4225 3511 4269 RESPONDE‘I‘:

2263 4311 2397 4365 CAP.
2432 4309 2545 4364 XX.
2577 4309 2739 4364 Unde
2768 4307 2873 4362 tibi
2899 4307 3050 4361 inest
3078 4309 3240 4360 tanta
3269 4296 3519 4357 laetitia?
3551 4290 3840 4363 Nunquid

2185 4400 2311 4471 jam
2345 4396 2642 4453 diabolum
2673 4394 2912 4451 vicisti?
2935 4391 3231 4463 Numquid
3251 4391 3376 4460 jam
3398 4383 3612 4442 interni
3637 4397 3851 4471 pinnas

2192 4467 2469 4544 evasisti?
2490 4485 2767 4556 Nunquid
2777 4486 2904 4555 jam
2929 4483 2999 4538 de
3021 4481 3195 4538 exilio
3217 4479 3290 4535 ad
3321 4475 3568 4549 patriam
3590 4467 3856 4526 venisti?

433 4575 818 4648 Ροεείάθδυῐιί
840 4580 863 4632 Ρ
886 4600 912 4626 ”
937 4577 1126 4646 (Ηῖίάο)
1148 4557 1335 4647 Atque
1356 4575 1510 4630 inter
1529 4581 1733 4630 caetera
1754 4575 2078 4645 subjnnxit:
2114 4595 2161 4659 Β
2193 4575 2601 4646 nunquidjam
2623 4574 2695 4628 de
2713 4577 2816 4628 tua
2836 4571 3118 4629 electione
3138 4567 3513 4626 securitatem
3535 4557 3859 4656 accepisti?

434 4685 463 4713 ‹‹
495 4665 693 4735 Neque
725 4665 903 4732 fures,
937 4682 1125 4737 neque
1143 4680 1402 4735 rapaces,
1417 4679 1664 4736 regnum
1691 4663 1790 4718 Dei
1815 4663 2080 4734 posside-

435 4751 585 4806 bunt
613 4753 818 4824 (Ibid.).
853 4776 881 4804 »

509 4837 760 4894 Fallacia
788 4845 960 4912 atque
990 4841 1383 4907 mendacium,
1417 4844 1474 4896 et
1497 4840 1624 4910 ipsa
1647 4856 1830 4894 unum
1854 4839 2077 4894 dicunt.

437 4925 688 4982 Fallacia
701 4928 765 4982 fit
785 4927 1039 5000 ingenio,
1065 4930 1433 4984 mendacium
1459 4945 1588 4982 vero
1607 4927 1858 5000 simplici
1883 4929 2076 4984 verbo.

898 5034 1164 5073 FALLACIA
1195 5034 1391 5072 IGITUR
1430 5034 1610 5071 DICITZ

505 5105 579 5161 Ut
602 5122 671 5162 ex
692 5104 893 5161 multis
910 5123 1092 5160 unum
1110 5105 1708 5178 proferamus,cumin
1728 5122 1842 5160 non
1865 5105 2078 5172 dando,

433 5195 688 5267 aliquem
723 5195 966 5250 illudere
1000 5195 1231 5265 quaeris.
1267 5195 1411 5260 Quid
1459 5195 1514 5248 in
1581 5195 1827 5265 petendo
1885 5211 2079 5248 moras

433 5283 688 5340 inuectis
711 5285 738 5338 ‘I
770 5285 892 5340 Non
922 5285 1107 5340 habeo
1140 5285 1296 5356 quod
1320 5284 1576 5338 tribuere
1626 5283 1867 5353 possim.
1923 5283 2082 5338 Celat

433 5373 636 5442 utique
666 5374 725 5428 in
756 5374 927 5430 corde
957 5391 1083 5446 quae.
1107 5373 1299 5430 habet.
1332 5371 1419 5426 vel
1449 5371 1605 5440 quod
1628 5371 1736 5425 sibi
1759 5375 2078 5436 conservet,

429 5457 517 5513 vel
548 5462 701 5530 quod
735 5462 856 5528 alii,
890 5462 939 5516 si
971 5462 1241 5517 voluntas
1273 5461 1445 5526 inest,
1472 5459 1714 5514 tribuat.

882 5566 1216 5605 MEVDACIUM
1259 5561 1614 5603 SURJUNGIT:

505 5635 754 5692 Omnino
776 5640 930 5709 quod
957 5640 1218 5710 postulas
1239 5653 1355 5693 non
1378 5635 1583 5703 habeo,
1605 5634 1826 5692 scilicet
1849 5654 1963 5694 non
1988 5654 2080 5696 ar-

2191 4669 2278 4718 An
2313 4645 2459 4718 forte
2490 4662 2549 4715 in
2582 4660 2932 4716 oblivionem
2963 4662 3124 4715 venit
3155 4656 3309 4729 quod
3343 4650 3624 4709 Dominus
3655 4645 3809 4700 dicit
3835 4661 3850 4699 :

2191 4775 2218 4802 «
2250 4751 2507 4806 Mundus
2537 4748 2814 4821 gaudebit
2841 4765 2944 4804 vos
2975 4751 3178 4804 autem
3210 4735 3675 4802 constristabimi
3702 4751 3715 4788 :
3741 4733 3860 4790 sed

2190 4840 2432 4897 tristitia
2462 4843 2654 4893 vestra
2681 4842 2940 4892 vertetur
2970 4838 3033 4894 in
3080 4835 3361 4910 gaudium
3382 4832 3409 4886 τί
3433 4850 3460 4880 ‹‹
3485 4829 3668 4898 (Ιοαη.
3700 4823 3862 4892 xvx.)

2191 4936 2276 4986 An
2306 4928 2452 4983 forte
2482 4943 2515 4981 a
2544 4925 2825 4981 memoria
2857 4925 3112 4983 excessit
3137 4923 3291 4996 quod
3315 4922 3470 4976 idem
3493 4913 3636 4971 alibi
3654 4910 3810 4966 dicit
3848 4928 3862 4967 :

2191 5041 2220 5068 ‹‹
2257 5018 2346 5072 Vae
2376 5016 2540 5072 vobis
2570 5015 2672 5086 qui
2704 5031 2861 5071 nunc
2887 5013 3273 5085 ridetis,quia
3291 5003 3594 5082 plorabitis
3611 5000 3870 5057 etﬂebi-

2195 5107 2314 5162 tis?
2346 5127 2373 5156 »
2406 5105 2557 5176 (Luc.
2587 5104 2690 5175 v1.)
2725 5104 3013 5178 Quodque
3043 5120 3146 5176 per
3178 5100 3550 5157 Salomonem
3595 5087 3869 5178 dicitur:

2193 5219 2220 5246 α
2256 5197 2432 5251 Risus
2455 5193 2653 5249 dolore
2686 5177 3058 5259 miscebitur,
3091 5196 3426 5249 etextrema
3445 5177 3876 5257 gaudiiluctus

2192 5288 2438 5355 occupat
2470 5284 2654 5353 (Prov.
2685 5281 2822 5351 xw).
2866 5303 2895 5331 »
2928 5283 2995 5337 Et
3023 5297 3054 5337 e
3083 5285 3308 5344 contra,
3334 5291 3439 5347 per
3469 5263 3873 5355 Evangelium

2187 5352 2401 5429 dicitur
2432 5387 2445 5424 :
2479 5352 2510 5417 e
2539 5369 2690 5422 Beati
2718 5369 2822 5438 qui
2857 5369 3092 5442 lugent,
3126 5366 3407 5441 quoniam
3437 5359 3549 5432 ipsi
3584 5352 3877 5411 consola-

2189 5463 2409 5517 buntur
2439 5455 2651 5527 (Matth.
2685 5456 2767 5523 v).
2806 5481 2835 5508 »
2889 5459 3268 5529 Rursumque
3317 5468 3417 5526 per
3473 5445 3880 5504 Salomonem

2190 5547 2404 5605 dicitur
2436 5563 2448 5600 :
2478 5566 2502 5594 ι
2536 5543 2737 5603 Nescit
2756 5547 2935 5604 homo
2953 5551 3147 5602 utrum
3171 5559 3368 5602 amore
3380 5537 3466 5595 vel
3481 5535 3612 5592 odio
3634 5531 3782 5603 dign
3797 5547 3880 5588 us

2187 5637 2294 5706 είῐς
2330 5635 2431 5693 θεά
2491 5632 2697 5700 οωηὶα
2753 5636 2814 5700 in
2872 5637 3136 5696 futurum
3189 5632 3562 5692 reservantur
3619 5620 3874 5676 incerta
