4102 6174
292 350 410 408 577

1487 341 1774 408 ORATIO
1821 344 1923 408 AD
1970 343 2575 409 Ai)ELBlilt'l‘U;\l..

3593 359 3710 420 578

298 480 439 536 cidae
470 483 528 535 et
558 479 888 552 proditores
919 477 1113 536 fuistis
1136 480 1163 536 ?
1187 479 1328 545 Quis
1360 483 1556 536 autem
1606 497 1722 535 non
1761 480 1955 536 videat
1984 497 2038 562 Α
2069 480 2156 535 ria
2184 485 2501 536 sectatores
2534 497 2673 537 suos
2704 483 3033 554 perducunt
3065 484 3135 540 ad
3171 487 3296 541 coeli
3328 488 3561 560 palatia.

299 573 534 642 quantae
569 569 938 642 temeritatis,
971 573 1320 642 quantaeque
1351 570 1429 626 sit
1478 569 1952 642 praesumptionis

297 658 561 730 aliquem
595 659 709 714 sibi
741 659 1032 732 prophetae
1067 677 1279 716 nomen
1313 676 1612 716 assumere
1633 660 1661 713 ‘I

367 748 453 803 Tu
475 748 660 821 igitur
676 765 809 805 cum
825 749 1128 807 charitatis
1139 750 1443 806 affectione
1459 748 1604 804 tales
1627 749 1723 804 red
1733 764 1912 821 argue
1936 766 1949 817 ;

296 842 354 894 et
373 837 554 908 juxta
581 837 847 911 regulam
879 837 1116 895 Patrum
1148 838 1339 894 vivere
1369 853 1603 910 semper
1627 838 1952 905 stude,ma-

295 927 456 982 xime
488 930 688 982 autem
721 927 906 982 sancti
936 927 1290 985 confessoris
1334 925 1649 984 Benedicti.
1699 926 1825 982 Non
1855 925 1954 981 de-

297 1015 485 1073 clines
511 1017 586 1073 ab
617 1033 686 1072 ea
717 1033 969 1088 quoque,
1000 1033 1106 1073 nec
1137 1015 1221 1071 illi
1253 1016 1438 1073 addas
1487 1015 1816 1088 quidpiam,
1848 1030 1954 1071 nec

297 1105 558 1164 minuas.
596 1107 809 1162 Totum
839 1105 997 1163 enim
1029 1106 1186 1178 quod
1217 1106 1459 1178 sufﬁcit,
1491 1104 1686 1171 habet,
1711 1109 1767 1162 et
1814 1121 1954 1160 nus-

295 1212 480 1266 quam
539 1195 738 1252 minus
792 1195 985 1252 habet.
1039 1195 1220 1267 Cujus
1292 1196 1471 1252 verba
1547 1198 1723 1269 atque
1779 1193 1957 1266 impe-

2134 571 2298 636 Ecce,
2334 570 2512 626 frater
2537 571 3068 641 charissime,inter
3090 579 3326 633 caeteras
3357 595 3518 636 meas
3547 597 3714 637 occu-

2067 659 2330 730 pationes
2361 659 2519 714 hunc
2551 658 2654 714 tibi
2687 678 3017 719 sermonem
3049 665 3351 723 nocturnis
3382 667 3717 734 horis,lieet

2063 747 2290 804 inculta
2320 752 2643 820 venustate,
2677 750 2889 805 dictavi
2921 756 3098 824 atque
3143 755 3490 828 conscripsi.
3533 759 3718 823 Quem

2065 837 2204 909 quia
2228 836 2601 909 epistolarem
2630 839 2870 895 modum
2903 843 3156 899 transire
3179 845 3716 916 cognovi,libellum

2066 925 2260 997 potius
2289 926 2370 982 De
2391 926 2665 982 conﬂictu
2688 928 2965 985 vitiorum
2992 935 3166 1002 atque
3187 933 3475 991 virtutum
3498 953 3724 993 nuncu-

2064 1030 2202 1084 pare
2234 1014 2438 1082 malui,
2470 1014 2530 1070 in
2563 1033 2678 1087 quo
2701 1017 2748 1072 si
2782 1019 3187 1078 aediﬁcationis
3218 1020 3441 1096 aliquid
3473 1026 3717 1098 reperis,

2064 1101 2221 1158 hunc
2251 1103 2565 1176 legendum
2596 1109 2652 1161 et
2683 1105 2811 1162 aliis
2843 1109 3071 1166 tradere
3102 1111 3300 1168 debes.

1221 1528 1836 1633 SANGTI
1921 1528 2537 1633 ιεοπιε
2628 1531 2814 1632 IX

1621 1727 1923 1790 ROMANI
1981 1727 2416 1789 PONTIFICIS

906 1901 1366 2019 ORATIO
1443 1903 1609 2018 AD
1690 1901 2507 2018 ADELBERTUM
2586 1865 3126 2018 GOMITEM

1345 2113 1434 2175 De
1464 2112 1832 2176 restitutione
1859 2111 2210 2174 monasterii
2232 2108 2698 2190 Hirsaugiensis.

1804 2275 2008 2355 (Anno
2041 2275 2240 2354 1049).

1023 2437 1214 2511 (Apud
1246 2435 1584 2507 Baronium,
1629 2435 1831 2492 Annal.
1872 2439 1994 2494 tom

2093 2435 2142 2508 .I,
2175 2451 2309 2510 pag.
2343 2437 2466 2505 184,
2500 2437 2573 2494 ad
2605 2453 2740 2494 ann.
2777 2440 2960 2513 1049.)

1691 2763 2356 2854 MONITUM.

383 2942 948 3024 Arguenduaerroris
973 2940 1292 3024 l‘rz‘themius
1319 2955 1442 3024 cum
1472 2940 1534 2995 in
1564 2941 1828 3024 Chronico
1859 2942 2264 3024 Ilirsaugiensz's
2293 2943 2619 3024 monasterii
2653 2957 2761 3024 non
2816 2942 3106 3024 hoc-anno
3142 2944 3312 3024 jOiQ,
3332 3021 3339 3024 _
3363 2948 3454 3004 sed
3484 2955 3734 3022 seq-uenti

302 3011 480 3095 ponit
500 3016 676 3095 sancti
703 3015 900 3095 Leonis
932 3012 1221 3095 agt-ventum
1359 3011 1708 3095 Germaniam
1735 3020 1785 3068 et
1818 3013 2166 3095 celebratum
2195 3013 2261 3066 ab
2292 3014 2676 3095 eogenonciliu‘m
2706 3013 3235 3095 illoguntinnmLQui
3263 3021 3431 3095 etiarn
3451 3011 3570 3092 qua}
3600 3031 3731 3080 tunc

308 3085 380 3144 de
409 3088 654 3160 ejusdem
684 3087 1006 3160 monasterii
1034 3085 1378 3142 restitutione
1409 3086 1831 3140 intercesserunt
1863 3086 2009 3140 inter
2036 3086 2214 3155 ipsum
2239 3085 2550 3154 pontiﬁcem
2577 3089 2628 3140 et
2673 3087 2789 3156 ejus
2817 3089 3020 3143 sororis
3062 3089 3242 3158 ﬁli-um
3271 3085 3616 3150 Adetbértum
3643 3113 3729 3152 co-

311 3157 537 3228 mitem,
569 3161 646 3215 sic
674 3157 946 3216 describit.

408 3331 568 3384 Anno
590 3326 872 3383 Dominici
903 3325 1236 3382 Nativitatis
1268 3325 1406 3381 1050
1433 3325 1617 3398 [1049]
1658 3324 1974 3381 indictione
2008 3327 2054 3392 B
2088 3324 2552 3390 debat.Quadam
2575 3327 2667 3384 die
2685 3328 2944 3401 pontifex
2965 3332 3340 3390 recreationis
3357 3334 3536 3391 animi
3555 3353 3734 3394 causa

333 3417 514 3474 tertia
539 3416 851 3488 [secunda],
885 3419 1125 3472 sanctus
1160 3416 1270 3472 Leo
1303 3432 1454 3488 papa
1483 3431 1673 3471 nonus
1703 3415 1777 3471 ad
1817 3431 1976 3470 com-

329 3506 636 3581 ponendas
682 3523 773 3562 res
829 3510 888 3562 et
938 3509 1159 3561 statum
1214 3504 1627 3574 Ecclesiarum,
1660 3521 1980 3577 pacemque

328 3595 540 3653 Galliis
557 3595 1126 3665 reddendam,Roma
1146 3610 1416 3667 egressus
1429 3611 1563 3650 cum
1584 3593 1980 3650 cardinalibus

325 3685 541 3742 multis
569 3685 731 3742 venit
754 3684 813 3739 in
829 3684 1226 3745 Germaniam.
1248 3683 1384 3740 Erat
1412 3688 1747 3756 eotempore
1778 3699 1973 3738 comes

317 3775 680 3832 Adelbertus
701 3775 771 3830 de
785 3773 978 3829 Calwe
1008 3763 1797 3847 monasterii'Hirsaugiensis
1811 3773 1981 3827 advo-

317 3872 516 3933 catus,
551 3865 652 3922 sed
709 3863 1087 3920 desolationis
1149 3866 1455 3936 patronus,
1492 3863 1594 3934 qui
1637 3880 1753 3919 non
1785 3861 1977 3919 solum

318 3956 638 4011 restituere
671 3953 1024 4026 contempsit
1053 3969 1155 4025 per
1192 3969 1436 4025 proavos
1457 3953 1516 4008 S.
1542 3952 1768 4008 Aurelio
1801 3951 1980 4023 impie

317 4045 545 4110 ablata,
578 4060 783 4099 verum
815 4060 876 4098 se
901 4044 1064 4112 justo
1096 4043 1295 4098 omnia
1324 4043 1621 4115 possidere
1638 4041 1808 4098 titulo
1833 4041 1979 4097 arbi-

317 4131 698 4197 tratus,nihil
722 4131 918 4186 minus
943 4147 1121 4203 quam
1152 4131 1223 4186 de
1245 4129 1608 4202 reparatione
1640 4128 1980 4184 monasterii

317 4222 641 4294 cogitabat.
672 4219 926 4292 Contigit
956 4219 1135 4292 igitur
1160 4235 1315 4275 anno
1345 4222 1688 4292 praanotato,
1738 4217 1836 4288 qui
1871 4217 1980 4272 fuit

315 4310 709 4368 desolationis
740 4308 1081 4365 monasterii
1109 4312 1350 4364 octavus
1382 4311 1438 4363 et
1467 4306 1977 4380 quadragesimus,

319 4418 511 4473 supra
569 4398 950 4455 millesimum
1012 4414 1144 4453 vero
1195 4397 1447 4464 Domini,
1506 4397 1660 4453 sicut
1697 4394 1975 4464 diximus,

319 4487 1046 4563 quinquagesimus,quod
1078 4487 1353 4542 idemLeo
1376 4484 1791 4542 sanctissimus
1803 4502 1974 4557 papa,

321 4578 528 4635 comiti
564 4577 802 4650 praefato
855 4574 1146 4648 sanguine
1166 4575 1433 4646 junctus,
1468 4575 1653 4630 Roma
1683 4589 1976 4646 egressus,

319 4665 611 4739 Italiaque
641 4665 997 4722 transmissa
1026 4680 1130 4736 per
1160 4664 1306 4720 ﬁnes
1335 4664 1622 4720 Sueorum
1652 4663 1764 4719 iter
1801 4678 1974 4719 suum

318 4773 531 4812 versus
563 4755 928 4828 Moguntiam
960 4752 1255 4825 dirigeret.
1290 4753 1451 4819 Quod
1475 4769 1608 4809 cum
1633 4751 1974 4808 Adelbertus

317 4861 527 4902 comes
543 4845 819 4918 praefatus
841 4842 1496 4911 rescisset,avunculum
1515 4842 1782 4898 videlicet
1801 4859 1974 4898 suum

317 4939 541 4991 sanctae
574 4935 848 4991 Romanis
879 4937 936 4989 et
966 4931 1312 4989 universalis
1339 4931 1611 4988 Ecclesiae
1638 4931 1973 5004 pontiﬁcem

316 5041 467 5080 suas
499 5024 887 5081 transiturum
919 5040 1022 5095 per
1050 5027 1255 5091 terras,
1289 5022 1519 5078 obviam
1550 5021 1634 5077 illi
1656 5038 1975 5094 properans

313 5112 677 5169 humillimis
698 5129 835 5168 eum
859 5110 1130 5183 precibus
1159 5109 1370 5166 devicit
1389 5113 1682 5182 quatenus
1705 5109 1766 5164 in
1786 5108 1979 5182 hospi-

309 5202 480 5258 tium
511 5201 743 5274 nepotis
773 5201 992 5256 intrare
1023 5216 1138 5255 non
1170 5199 1694 5272 despiceret.Papa,
1725 5202 1852 5254 tum
1884 5198 1978 5254 de-

313 5289 557 5346 votione
578 5288 905 5357 invitantis,
928 5294 1057 5345 tum
1081 5288 1389 5362 sanguinis
1411 5288 1632 5346 ratione
1654 5292 1974 5362 permotus,

311 5381 541 5452 petenti
565 5379 841 5445 assensit,
865 5377 1173 5436 castellum
1195 5378 1430 5436 comitis
1449 5378 1709 5446 intravit,
1733 5378 1833 5451 qui
1853 5394 1980 5450 per-

306 5469 664 5527 humaniter
694 5472 993 5542 exceptus,
1027 5468 1303 5525 doctrinae
1334 5468 1611 5528 salutaris
1641 5469 1978 5536 verbum,ut

307 5559 416 5618 sui
448 5559 633 5617 moris
662 5563 810 5630 erat,
838 5558 1164 5627 seminans,
1196 5562 1423 5616 mentes
1444 5558 1702 5616 hostium
1733 5573 1975 5614 suorum

310 5651 394 5711 ad
427 5665 695 5711 amorem
717 5647 968 5709 caelestis
987 5647 1191 5724 patria
1214 5649 1438 5729 erigere
1461 5664 1834 5725 summopere
1852 5651 1975 5708 stu-

2088 3413 2361 3470 comitem
2394 3416 2595 3472 dextra
2625 3417 2984 3490 complexus,
3021 3421 3091 3475 de
3121 3422 3358 3480 castello
3383 3441 3498 3481 non
3532 3427 3732 3499 procul

2088 3504 2161 3559 ad
2192 3504 2364 3560 vicini
2395 3506 2611 3562 montis
2642 3507 2920 3564 verticem
2951 3509 3148 3579 exivit,
3182 3513 3254 3568 ad
3283 3530 3456 3585 quem
3479 3515 3631 3572 inter
3657 3516 3736 3573 lo-

2089 3595 2387 3666 quendum
2414 3611 2426 3650 :

2161 3706 2188 3733 ‹‹
2224 3687 2405 3749 Quam
2439 3689 2630 3756 aptus,
2651 3685 2864 3758 inquit,
2897 3704 2928 3742 ο
2959 3689 3062 3755 fili,
3084 3688 3246 3744 locus
3278 3691 3420 3746 mihi
3441 3692 3734 3752 videretur

2095 3795 2115 3823 α
2153 3774 2452 3829 montibus
2481 3774 2910 3846 circumseptus
2944 3777 3222 3847 undique,
3258 3794 3431 3849 quem
3465 3785 3522 3836 et
3550 3799 3731 3854 aqua-

2091 3884 2118 3912 «
2152 3878 2281 3917 rum
2311 3862 2478 3933 copia
2509 3862 2732 3930 utilem,
2794 3863 3048 3918 solitudo
3105 3866 3295 3920 reddit
3351 3867 3638 3939 quietum,
3671 3871 3732 3926 in

2094 3973 2120 4001 ‹‹
2154 3968 2266 4022 quo
2298 3966 2597 4005 servorum
2619 3950 2719 4006 Dei
2744 3953 3166 4007 monasterium
3190 3957 3452 4012 construi
3503 3960 3731 4030 debeat,

2090 4062 2116 4090 «
2151 4039 2251 4110 qui
2281 4039 2534 4093 Creatori
2557 4043 2761 4094 nostro
2783 4038 2986 4095 laudes
3009 4041 3319 4100 continuas
3342 4049 3735 4118 persolventes

2091 4150 2118 4176 ‹‹
2151 4143 2254 4200 pro
2286 4125 2472 4182 salute
2501 4127 2818 4184 multorum
2853 4129 3116 4186 devotius
3148 4141 3471 4193 exorarent.

2159 4217 2256 4271 Cui
2290 4232 2521 4272 comes:
2557 4239 2584 4264 »
2643 4218 2763 4284 Est,
2797 4218 3008 4290 inquit,
3068 4221 3407 4280 beatissime
3437 4227 3627 4297 Pater,
3675 4227 3734 4283 in

2092 4330 2112 4356 «
2148 4306 2338 4361 vicino
2368 4305 2612 4361 ecclesia
2629 4307 2699 4361 ab
2719 4310 3194 4366 antecessoribus
3213 4313 3357 4369 meis
3380 4314 3438 4368 in
3453 4315 3735 4372 honorem

2088 4419 2116 4445 «
2149 4396 2460 4467 cujusdam
2513 4397 2699 4451 sancti
2757 4397 2999 4467 Aurelii,
3051 4399 3221 4469 cujus
3251 4405 3308 4455 et
3336 4417 3547 4472 corpus
3579 4404 3637 4458 in
3668 4419 3736 4458 ea

2091 4509 2118 4536 «
2150 4485 2332 4540 fertur
2361 4484 2682 4557 sepultum,
2717 4485 2854 4542 olim
2887 4488 2960 4542 ad
2991 4487 3412 4543 monachorum
3435 4489 3733 4547 habitacu-

2088 4599 2114 4625 ‹‹
2150 4575 2272 4629 lum
2304 4591 2438 4629 cum
2498 4573 2740 4646 reliquis
2783 4575 3190 4632 mansionibus
3221 4578 3566 4635 necessariis
3596 4595 3732 4636 con-

2093 4686 2114 4712 a
2151 4661 2456 4729 structa,in
2491 4662 2989 4732 quacumdudum
3008 4662 3279 4718 monachi
3304 4679 3733 4736 perannosnon

2089 4775 2117 4801 «
2151 4767 2366 4824 paucos
2378 4749 2760 4822 omnipotenti
2775 4749 2890 4805 Deo
2907 4749 3176 4823 religiose
3193 4753 3590 4829 servivissent,
3605 4774 3736 4830 pos-

2087 4865 2114 4892 ‹‹
2150 4845 2452 4912 tremoque
2482 4856 2514 4894 a
2546 4838 2797 4911 regulari
2829 4839 3142 4912 disciplina
3173 4843 3381 4901 misere
3415 4848 3730 4921 torpentes,

2087 4953 2113 4980 ‹‹
2150 4947 2282 4986 cum
2315 4929 2492 4984 nullis
2524 4928 3024 4986 admonitionibus
3081 4935 3373 5006 majorum
3405 4938 3736 5010 acquiesce-

2088 5043 2115 5070 ‹‹
2150 5024 2297 5084 rent,
2331 5036 2365 5074 a
2395 5017 2865 5091 progenitoribus
2897 5021 3045 5078 meis
3079 5027 3357 5096 tanquam
3391 5027 3731 5084 scandalum

2091 5133 2118 5160 α
2151 5109 2334 5182 plebis
2366 5109 2501 5164 inde
2532 5107 2779 5181 projecti
2810 5115 2970 5166 sunt.
3009 5135 3037 5161 ››

2157 5198 2258 5255 His
2289 5197 2726 5255 sacratissimus
2759 5200 3019 5271 pontifex
3050 5203 3265 5258 auditis
3287 5204 3358 5258 ad
3385 5202 3578 5259 locum
3603 5220 3728 5275 per-

2086 5287 2365 5344 sonaliter
2394 5287 2660 5356 accessit,
2713 5287 2894 5345 libros
2944 5290 3044 5362 qui
3095 5295 3506 5346 remanserunt
3532 5291 3729 5362 volvit,

2086 5377 2330 5450 cupiens
2386 5375 2642 5433 historiae
2702 5394 3049 5449 cognoscere
3103 5380 3427 5436 veritatem.
3485 5381 3619 5437 Erat
3649 5381 3729 5438 ibi

2085 5467 2328 5523 clericus
2357 5467 2510 5523 inter
2539 5471 2775 5524 caeteros
2797 5484 2973 5524 senex
2993 5468 3230 5524 nomine
3252 5468 3729 5544 Bertholdus,qui

2085 5556 2222 5613 olim
2255 5557 2314 5612 in
2345 5557 2468 5614 loco
2497 5557 2719 5614 viderat
2748 5557 3068 5614 monachos
3099 5557 3216 5615 Deo
3264 5559 3641 5619 famulantes.
3677 5563 3730 5619 Is

2083 5646 2343 5724 pontifici
2373 5663 2496 5706 rem
2528 5663 2762 5708 omnem
2795 5647 2948 5707 sicut
2977 5651 3142 5725 gesta
3171 5649 3362 5710 fuerat
3390 5650 3640 5728 aperuit,
3673 5656 3730 5712 et
