4102 6174
418 369 536 431 579

1481 345 1544 412 S.
1590 340 1875 410 LEONIS
1920 345 1997 408 lX
2040 345 2268 407 PAP/E
2311 343 2738 409 OPUSCULA.

3703 343 3824 409 580

419 497 712 576 quomodo
744 507 883 550 avus
940 485 1138 545 comiti
1193 483 1482 540 Adelherti
1539 480 1864 537 coenobium
1893 478 2063 562 bonis
2090 481 2144 548 Α
2175 502 2200 529 ‹‹
2235 479 2453 551 potenti
2510 479 2626 535 Deo
2673 483 2730 534 et
2758 495 2934 535 sacrae
2983 477 3317 534 monasticae
3366 476 3632 550 religioni
3677 477 3818 534 olim

417 569 730 664 spoliaset
758 579 1056 644 omnibus,
1087 574 1463 648 expulsisque
1511 569 1811 628 monachis
1842 585 2060 642 paucos

415 681 477 736 in
503 679 697 734 locum
726 669 968 728 clericos
997 664 1309 738 posuisset.

486 764 710 835 Quibus
763 756 1012 831 cognitis
1060 756 1301 810 sanctus
1356 747 1568 823 praesul
1612 746 1922 820 ingemuit,
1956 745 2058 802 sed

415 854 608 914 cordis
639 850 730 908 sui
762 847 1021 904 dolorem
1053 836 1787 915 prudenterdissimulans,
1817 835 2059 891 ubinam

413 959 625 1017 corpus
657 938 773 996 divi
801 935 1113 991 haberetur
1124 927 1339 985 Aurelii
1356 929 1427 983 ab
1449 927 1650 1017 eodem
1670 925 2061 1017 clerico_q_uae-

413 1011 563 1090 sivit.
598 1027 705 1093 Qui
737 1041 869 1079 cum
893 1021 1110 1076 diceret
1130 1035 1191 1073 se
1217 1035 1252 1072 a
1271 1015 1592 1087 majoribus
1612 1014 1738 1069 suis
1766 1011 2060 1068 audivisse

410 1135 608 1179 sacras
640 1110 934 1172 S.Aurelii
964 1108 1241 1181 reliquias
1259 1110 1517 1177 tempore
1539 1099 2058 1175 quoNorthmanni

407 1207 782 1265 vastaverunt
813 1199 1059 1256 Galliam
1089 1213 1192 1268 per
1223 1194 1542 1266 quemdam
1575 1191 1845 1247 abbatem
1876 1189 2058 1260 hujus

409 1297 522 1356 loci
552 1295 663 1352 sub
693 1299 909 1347 terram
945 1287 1124 1342 fuisse
1155 1281 1551 1347 absconditas,
1611 1284 1668 1335 et
1707 1295 1893 1350 usque
1922 1294 2056 1333 eum

405 1387 468 1442 in
500 1385 656 1441 diem
692 1377 1019 1450 incognitas
1059 1371 1335 1430 onmibus
1367 1368 1781 1442 permansisse,
1815 1370 2057 1422 sanctus

407 1490 578 1546 papa,
617 1467 816 1526 accitis
865 1461 1165 1536 cperariis,
1224 1463 1437 1514 terram
1470 1458 1530 1514 in
1587 1454 1832 1512 diversis
1871 1453 2058 1510 eccle-

407 1543 506 1618 siae
555 1557 698 1615 locis
749 1555 941 1611 fodere
990 1548 1181 1622 coepit,
1235 1551 1292 1603 et
1337 1546 1682 1602 thesaurum
1741 1543 2054 1600 abscondi-

405 1655 533 1706 tum
586 1645 895 1720 diligenter
943 1639 1277 1711 inquirere;
1331 1637 1432 1692 sed
1473 1638 1857 1707 posteaquam
1887 1649 2054 1689 casso

405 1739 604 1795 labore
647 1735 746 1791 diu
791 1731 1158 1787 laborassent
1205 1725 1481 1791 artiﬁces,
1529 1728 1586 1779 et
1629 1723 1776 1778 nihil
1819 1722 2052 1794 penitus

406 1825 778 1898 reperissent,
812 1819 1112 1890 coeperunt
1140 1829 1345 1870 omnes
1376 1812 1478 1884 qui
1511 1812 1756 1868 aderant
1785 1811 1856 1867 de
1894 1811 2050 1867 inve-
2082 1855 2129 1920 Β

404 1914 620 1971 niendo
652 1926 887 1982 corpore
915 1905 1097 1962 sancti
1130 1904 1459 1974 desperare.

477 2005 640 2060 Tunc
681 2002 880 2055 sancto
933 1996 990 2049 in
1037 1992 1402 2049 cretionibus
1432 1989 1706 2062 pontiﬁce
1738 1994 2046 2062 prostrato,

404 2095 651 2167 ipsoque
683 2087 1021 2144 cohortante
1053 2081 1306 2138 artiﬁces
1338 2097 1407 2136 ne
1438 2080 1768 2151 desperent,
1800 2096 1954 2134 unus
1981 2095 2051 2135 ex

404 2183 524 2251 his,
555 2177 778 2236 caeteris
810 2176 868 2230 in
901 2177 1022 2229 arte
1045 2188 1153 2226 sua
1169 2169 1359 2242 magis
1382 2168 1624 2241 peritus,
1649 2170 1750 2240 qui
1779 2185 1963 2241 nuper
1982 2186 2050 2224 ex

404 2269 666 2328 dominio
716 2266 1067 2321 Venetorum
1114 2275 1248 2315 cum
1305 2257 1443 2313 ﬁliis
1491 2258 1827 2324 adveniens,
1861 2256 2049 2312 multa

404 2360 542 2416 huic
571 2358 697 2413 loco
721 2354 844 2412 suis
867 2351 1166 2408 laboribus
1189 2347 1477 2420 impendit
1497 2347 1667 2415 bona,
1693 2347 2051 2402 industriose

403 2447 752 2523 perquirens
784 2440 1019 2515 singula
1046 2439 1192 2507 loca,
1226 2437 1462 2492 tandem
1511 2452 1578 2491 ex
1610 2436 2048 2509 repercussione

404 2537 749 2594 malleorum
779 2527 1159 2605 deprehendit
1195 2531 1410 2582 terram
1461 2525 1672 2581 subtus
1722 2541 1851 2580 esse
1883 2541 2048 2580 cava-

405 2632 562 2695 tam;
597 2624 667 2680 ad
701 2623 870 2694 cujus
902 2616 1211 2676 consilium
1242 2615 1300 2670 in
1323 2614 1525 2670 eodem
1547 2612 1672 2670 loco
1693 2614 1888 2670 fodere
1916 2614 2050 2668 arti-

401 2717 541 2772 ﬁces
568 2714 907 2786 coeperunt:
945 2706 1044 2780 qui
1084 2705 1319 2762 tandem
1354 2721 1468 2760 non
1500 2703 1626 2759 sine
1658 2719 1872 2775 magna
1902 2703 2049 2757 difﬁ-

402 2805 617 2862 cultate
648 2803 830 2857 humo
863 2799 1105 2863 remota,
1139 2809 1430 2850 cameram
1473 2793 1913 2848 subterraneam
1954 2791 2047 2846 in-

400 2898 686 2952 venerunt
717 2890 958 2963 pulchre
991 2887 1134 2942 satis
1165 2887 1499 2950 formatam,
1521 2881 1580 2935 in
1607 2897 1723 2953 qua
1743 2881 2051 2952 sarcopha-

405 2999 517 3054 gus
547 2978 822 3052 apparuit
851 2976 1213 3031 extrinsecus
1243 2971 1559 3027 admodum
1587 2973 1785 3024 ornate
1808 2969 2051 3040 disposi-

409 3077 528 3127 tus.
565 3069 748 3133 Quem
782 3080 916 3121 cum
943 3062 1356 3119 sanctissimus
1377 3075 1528 3132 papa
1549 3059 1810 3128 vidisset,
1837 3074 2049 3130 magno

403 3157 660 3232 repletus
694 3153 907 3229 gaudio
941 3152 1214 3225 praecepit
1261 3152 1325 3205 ut
1373 3163 1577 3204 omnes
1626 3148 1694 3202 ad
1729 3147 2050 3202 orationem

2169 591 2197 618 ‹‹
2229 568 2697 641 progenitoribus
2729 569 2844 625 tuis
2877 568 2986 624 rite
3027 568 3309 634 dicatum,
3339 565 3545 623 multis
3583 584 3822 640 quoque

2173 680 2195 708 ι
2231 657 2402 714 annis
2431 675 2464 712 a
2492 661 2661 712 Petro
2693 657 2792 712 Dei
2824 656 3042 712 famulo
3071 655 3490 722 inhabitatum,
3524 673 3700 728 quem
3728 656 3820 712 tui

2168 769 2197 797 «
2232 749 2484 817 majores
2515 763 2655 802 avus
2686 745 3048 819 genitorque,
3070 747 3331 818 pessima
3355 749 3411 800 et
3433 744 3654 801 crudeli
3679 763 3818 802 ava-

2169 857 2197 885 ς(
2231 835 2365 891 ritia
2394 834 2575 905 ducti,
2611 833 2838 890 abbatis
2869 833 3342 906 possessionibus
3371 840 3428 889 et
3453 833 3624 890 bonis
3655 834 3819 891 deso-

2175 949 2195 972 ι
2229 923 2415 979 latum
2451 925 2742 980 fecerunt:
2775 927 2833 979 et
2858 923 3014 995 quod
3046 922 3205 978 omni
3237 923 3452 978 scelere
3476 922 3817 981 sceleratius

2168 1035 2195 1061 «
2229 1019 2339 1078 est,
2363 1013 2664 1068 monachis
2679 1011 2960 1084 expulsis,
2975 1011 3268 1066 ofﬁcinam
3285 1017 3621 1067 sanctarum
3637 1012 3816 1068 virtu-

2168 1123 2195 1150 ‹‹
2229 1104 2377 1168 tum,
2410 1101 2761 1156 introductis
2789 1100 3259 1156 dissolutissimee
3281 1099 3406 1155 vita:
3428 1100 3812 1157 saecularibus

2168 1214 2193 1238 ‹‹
2229 1189 2475 1262 clericis,
2510 1191 2567 1245 in
2598 1190 2864 1246 omnium
2887 1189 3231 1262 speluncam
3255 1190 3530 1245 vitiorum
3553 1206 3815 1246 commu-

2167 1302 2193 1327 ‹‹
2228 1283 2445 1334 tarunt.
2498 1281 2582 1334 Tu
2635 1295 2888 1350 quoque,
2940 1279 3134 1350 pravis
3187 1281 3477 1350 majorum
3522 1278 3811 1336 inhaerens

2167 1390 2193 1417 «
2228 1368 2512 1440 vestigiis,
2545 1366 2716 1423 sicuti
2739 1368 2979 1440 probato
3003 1385 3211 1424 sumus
3238 1367 3427 1424 edocti
3450 1369 3808 1438 testimonio,

2166 1478 2194 1507 «
2230 1473 2345 1510 non
2377 1456 2567 1512 solum
2601 1473 2668 1512 ea
2697 1475 2824 1528 qua;
2857 1457 2940 1511 illi
2972 1457 3273 1529 sacrilegio
3303 1457 3513 1528 polluti
3545 1476 3580 1513 a
3613 1453 3807 1515 servo-

2165 1569 2190 1594 ‹‹
2229 1562 2359 1600 rum
2404 1545 2504 1601 Dei
2537 1545 2796 1601 cmuobio
2829 1545 3218 1617 injustissime
3258 1545 3649 1618 abstulerunt,
3680 1548 3809 1604 sine

2167 1658 2194 1683 ‹‹
2229 1635 2324 1689 Dei
2354 1635 2560 1690 timore
2590 1635 2877 1706 possides,
2909 1635 3008 1689 sed
3045 1639 3154 1688 tua;
3185 1633 3400 1689 salutis
3431 1635 3667 1706 penitus
3696 1637 3809 1692 im-

2164 1747 2192 1772 ‹‹
2227 1739 2470 1793 memor,
2524 1729 2710 1778 totum
2759 1724 2914 1796 quod
2963 1722 3049 1777 illi
3094 1724 3382 1794 parcendo
3430 1723 3808 1795 reliquissent

2165 1812 2536 1881 «intactum,
2587 1812 2873 1883 rapuisti:
2927 1812 3230 1883 Deumque
3273 1816 3330 1867 et
3377 1813 3434 1868 S.
3476 1813 3803 1883 Aurelium,

2161 1925 2186 1950 α
2222 1901 2339 1956 imo
2410 1901 2562 1956 cives
2609 1917 2875 1972 supernis
2924 1902 3124 1972 patriae
3170 1900 3468 1956 universos
3516 1901 3802 1958 irritando

2161 1989 2321 2045 «tibi
2375 1989 2738 2045 adversarios
2794 1989 3004 2045 fecisti.
3074 1990 3272 2060 Neque
3333 1988 3483 2045 enim
3550 2007 3794 2061 parvum

2159 2103 2184 2127 ‹‹
2223 2086 2525 2150 peccatum
2569 2079 2982 2134 aestimandum
3047 2083 3140 2134 est
3189 2079 3346 2149 quod
3395 2079 3453 2133 in
3512 2083 3690 2134 Deum
3741 2083 3802 2134 et

2162 2189 2188 2216 «
2223 2172 2457 2222 sanctos
2488 2168 2614 2238 ejus
2646 2166 3051 2235 committitur,
3086 2183 3221 2221 cum
3253 2167 3408 2239 apud
3443 2167 3600 2240 ipsos
3621 2167 3798 2224 etiam

2159 2278 2185 2304 «
2220 2255 2489 2311 homines
2519 2257 2740 2327 injusta
2769 2272 2964 2310 rerum
2990 2255 3327 2326 alienijuris
3351 2257 3651 2328 usurpatio
3681 2274 3803 2313 sce-

2159 2367 2185 2394 «
2220 2345 2315 2401 lus
2380 2345 2794 2417 gravissimum
2847 2345 3162 2415 judicetur.
3216 2346 3359 2400 Ecce
3407 2351 3469 2400 tu
3520 2363 3635 2402 una
3661 2363 3799 2402 cum

2158 2458 2184 2484 ‹‹
2220 2433 2691 2507 progenitoribus
2714 2435 2830 2490 tuis
2861 2443 3096 2507 pactum
3131 2434 3376 2503 violasti,
3421 2435 3798 2508 primumque

2163 2545 2189 2573 «
2221 2529 2456 2578 tuorum
2483 2523 2815 2595 corrupisti,
2839 2522 2957 2578 imo
2978 2523 3320 2578 annihilasti
3339 2530 3608 2579 sanctum
3627 2528 3803 2580 testa-

2159 2635 2186 2661 «
2222 2617 2509 2678 mentum,
2542 2616 2598 2667 et
2625 2629 2751 2684 quae
2781 2611 2865 2666 illi
2895 2611 3279 2684 omnipotenti
3309 2613 3424 2668 Deo
3447 2612 3700 2686 simplici
3731 2631 3802 2670 ac

2163 2725 2187 2750 ‹‹
2221 2706 2424 2756 sancta
2453 2702 2754 2756 devotione
2786 2718 2887 2772 pro
2918 2700 3251 2757 animarum
3276 2701 3529 2758 remedio
3560 2719 3805 2759 suarum

2159 2813 2186 2838 «
2224 2789 2582 2855 obtulerunt,
2618 2795 2676 2844 tu
2711 2789 2894 2845 Deum
2927 2794 2983 2845 et
3012 2793 3245 2845 sanctos
3275 2790 3423 2861 ejus,
3459 2791 3638 2863 impia
3669 2808 3806 2847 cru-

2160 2899 2188 2926 «
2227 2879 2461 2932 delitate
2485 2884 2537 2934 et
2557 2879 2775 2932 crudeli
2802 2878 3043 2934 avaritia
3058 2894 3400 2947 succensus,
3424 2880 3673 2952 spoliare
3689 2897 3808 2936 non

2159 2991 2186 3016 ‹‹
2225 2966 2498 3035 timuisti,
2529 2968 2716 3023 factus
2741 2967 3016 3024 inimicus
3033 2971 3091 3024 et
3113 2968 3480 3026 adversarius
3497 2987 3612 3026 non
3636 2970 3813 3027 modo

2159 3080 2184 3105 (‹
2220 3057 2315 3111 Dei
2352 3061 2408 3112 et
2438 3061 2778 3112 sanctorum
2810 3058 2958 3128 ejus,
2991 3057 3092 3114 sed
3124 3061 3182 3113 et
3211 3058 3442 3114 tibimet
3491 3058 3602 3131 ipsi
3632 3075 3810 3132 gene-

2162 3169 2191 3197 «
2223 3146 2388 3218 rique
2417 3151 2517 3202 tuo
2550 3145 2736 3202 hostis
2767 3145 3120 3215 declaratus,
3153 3150 3211 3203 et
3239 3147 3491 3204 crudelis
3536 3149 3806 3218 antistes,

401 3224 595 3320 genua
625 3224 956 3308 ﬂecterent,
977 3246 1033 3296 et
1063 3239 1244 3295 Deum
1278 3255 1381 3310 pro
1429 3237 1779 3294 confessoris
1828 3237 1917 3292 sui
1950 3238 2049 3291 de-
2083 3224 2124 3290 C
2165 3261 2187 3283 υ
2227 3236 2415 3307 ipsam
2456 3236 2833 3308 propaginem
2879 3252 2950 3292 ex
2997 3241 3097 3292 tuo
3146 3237 3369 3293 semine
3406 3238 3812 3309 generandam

402 3336 654 3394 siderata
674 3332 1008 3388 inventione
1031 3327 1448 3384 collaudarent.
1472 3325 1742 3382 Oratione
1763 3323 2052 3397 completa

403 3429 647 3482 sanctus
705 3421 818 3476 Leo
855 3417 1096 3491 propius
1137 3415 1441 3482 accedens,
1489 3414 1672 3484 jussit
1705 3415 1928 3485 aperire
1959 3431 2048 3468 se-

405 3513 673 3586 pulcrum
697 3527 714 3562 :
745 3524 861 3579 quo
893 3504 1142 3571 recluso,
1167 3501 1557 3558 suavissimus
1579 3501 1720 3556 odor
1740 3500 2046 3566 exhalavit,

405 3601 505 3674 qui
538 3614 741 3656 omnes
775 3595 876 3668 qui
908 3593 1152 3649 aderant
1174 3590 1323 3645 mira
1345 3589 1626 3644 suavitate
1647 3589 1738 3643 sui
1765 3590 2044 3644 reﬁceret.

405 3691 756 3747 Invenerunt
784 3685 980 3756 itaque
1031 3678 1394 3738 sanctissimi
1450 3677 1804 3734 conlessoris
1834 3677 2048 3732 Christi

401 3778 619 3836 Aurelii
650 3773 1050 3834 sacratissima
1088 3787 1223 3826 ossa
1252 3767 1478 3824 cericiis
1510 3766 1769 3822 involuta
1815 3767 2050 3838 pannis,

404 3869 647 3942 pulchre
668 3867 728 3922 in
750 3866 997 3921 formam
1023 3859 1283 3933 corporis
1305 3857 1501 3913 debito
1521 3855 1801 3913 collocata
1824 3855 2048 3921 ordine,

404 3965 462 4013 et
491 3959 563 4013 ad
594 3959 768 4028 caput
791 3954 919 4024 ejus
949 3948 1212 4008 tabulam
1243 3965 1312 4004 ex
1341 3946 1582 4020 plumbo
1612 3945 1725 4000 ista
1755 3945 2052 4002 continen-

404 4052 568 4125 temz‘

797 4145 1024 4185 CORPUS
1054 4145 1104 4183 8.
1137 4143 1371 4182 AURELII
1400 4142 1657 4180 EPISCOPI

642 4235 909 4276 TEMPORE
945 4231 1240 4272 ARNULPHI
1279 4231 1445 4271 REGIS
1484 4231 1806 4270 REPOSITUM

934 4320 1273 4361 HERDERADO
1310 4320 1526 4358 ABBATE

754 4413 967 4454 OCTAVO
1008 4409 1297 4450 KALENDAS
1335 4409 1549 4448 SEPTEM
1560 4410 1631 4447 BR
1643 4410 1690 4448 iS
1699 4435 1711 4447 .

405 4495 547 4548 Cum
579 4493 820 4546 sanctus
850 4503 1002 4559 papa
1031 4484 1186 4539 hunc
1235 4480 1476 4538 titulum
1526 4500 1716 4537 coram
1776 4484 2050 4539 omnibus

404 4580 666 4654 legisset,
718 4574 1041 4664 ingemuit,
1068 4573 1315 4664 dicens:
1367 4595 1392 4620 «
1441 4569 1536 4664 Vae
1583 4570 1701 4664 illis
1727 4573 1823 4644 qui
1856 4571 2048 4664 locum
2086 4601 2130 4664 D

405 4670 550 4726 tanti
576 4665 842 4742 praesulis
863 4663 1288 4721 sanctiﬁcatum
1313 4659 1536 4716 meritis
1557 4663 1613 4715 et
1633 4663 1939 4732 praesentia
1964 4663 2056 4717 de-

407 4758 693 4823 solarunt,
725 4761 783 4811 et
813 4754 1012 4810 clauso
1045 4750 1428 4824 sarcophago,
1462 4765 1533 4804 ne
1566 4749 1826 4820 reliquiae
1867 4750 2054 4805 sancti

406 4845 612 4918 quovis
630 4843 802 4899 modo
817 4841 1328 4906 subtraherentur,
1347 4854 1478 4893 cum
1505 4837 1628 4892 suis
1651 4838 1719 4892 ad
1741 4837 2051 4893 castellum

405 4932 640 4990 comitis
656 4936 746 4987 est
760 4947 1046 4986 reversus.
1071 4953 1096 4977 ››
1119 4929 1355 4984 Postera
1371 4927 1483 4992 die,
1502 4943 1568 4980 cu
1581 4944 1634 4980 m
1653 4931 1891 4981 sanctus
1904 4943 2056 4999 papa

408 5025 519 5081 Leo
545 5027 779 5094 tempus
810 5019 1050 5074 vidisset
1080 5016 1389 5072 intentioni
1423 5034 1538 5072 suae
1571 5015 1927 5088 complenda:
1951 5032 2053 5088 op-

404 5119 751 5188 portunum,
782 5107 1000 5165 vocatis
1033 5105 1246 5161 comite
1276 5123 1424 5178 saepe
1459 5104 1609 5160 diclo
1654 5104 1960 5160 Adelberto
1999 5110 2056 5160 et

403 5203 700 5261 Wiltrude
732 5213 907 5258 uxore
938 5199 1087 5270 ejus,
1123 5196 1498 5252 devotissima
1530 5194 1766 5263 femina,
1812 5196 1870 5250 in
1903 5212 2048 5267 prae-

404 5294 594 5352 sentia
618 5306 859 5349 suorum
889 5283 1300 5354 cardinalium,
1330 5283 1554 5342 caeteris
1601 5283 1874 5355 exclusis,
1907 5283 2052 5341 dixit

405 5385 477 5442 ad
510 5389 776 5456 nepotem
809 5399 822 5436 :

478 5496 506 5524 ‹‹
541 5473 822 5528 Hesterno
850 5471 1106 5526 vidimus
1137 5468 1250 5536 die,
1284 5467 1456 5523 chare
1476 5481 1676 5538 nepos,
1697 5479 1894 5520 sacras
1918 5480 2054 5519 con-

405 5585 434 5616 «
471 5561 712 5620 fessoris
741 5557 955 5618 Christi
987 5556 1263 5632 reliquias
1293 5555 1513 5613 honore
1534 5553 1727 5611 debito
1750 5552 2051 5628 spoliatas,

409 5674 440 5714 «
468 5653 781 5738 ipsumque
807 5649 1006 5710 locum
1035 5667 1139 5725 pro
1169 5663 1366 5706 amore
1387 5645 1635 5708 caelestis
1656 5646 1854 5726 patriae
1872 5646 2055 5707 omni-

2161 3347 2188 3374 ‹‹
2223 3324 2568 3397 gravissimo
2601 3324 2816 3381 scelere
2844 3324 3165 3394 innodasti,
3197 3342 3324 3398 quae
3345 3325 3608 3398 quandiu
3630 3327 3812 3383 sacri-

2162 3438 2186 3463 ‹‹
2223 3413 2352 3486 lega
2381 3414 2714 3470 ha-reditate
2743 3414 2921 3470 etiam
2954 3415 3220 3471 nesciens
3252 3414 3550 3488 polluitur,
3593 3420 3696 3472 aut
3724 3416 3809 3472 ‘in

2163 3524 2190 3553 «
2224 3502 2428 3574 paucis
2459 3503 2933 3575 generationibus
2984 3503 3258 3560 deﬁciens
3299 3504 3810 3574 exterminabitur,

2161 3615 2184 3640 u
2223 3593 2390 3646 autin
2408 3592 2516 3647 hac
2532 3591 2650 3648 vita
2662 3591 3014 3650 miserabilis
3027 3594 3248 3664 evadet,
3267 3593 3496 3650 aeternis
3508 3600 3814 3667 postmor-

2163 3707 2184 3728 α
2227 3687 2341 3735 tem
2372 3681 2678 3753 suppliciis
2707 3699 2811 3754 pro
2841 3683 3143 3739 demeritis
3173 3684 3507 3740 crucianda.
3542 3684 3668 3738 Tibi
3695 3700 3812 3738 au-

2162 3795 2189 3822 ‹‹
2223 3775 2339 3825 tem
2375 3787 2498 3842 quae
2525 3787 2658 3842 spes
2688 3776 2912 3827 aaternze
2943 3772 3234 3829 felicitatis
3257 3775 3666 3845 consequenda
3702 3790 3814 3845 po-

2163 3881 2189 3908 ‹‹
2229 3859 2368 3914 terit
2393 3875 2542 3928 esse,
2594 3876 2626 3915 ο
2654 3859 2737 3915 ﬁli
2783 3860 2885 3930 mi,
2937 3878 3071 3916 cum
3122 3879 3226 3934 per
3273 3867 3393 3917 tam
3429 3862 3813 3918 manifestum

2164 3973 2190 3999 ‹‹
2226 3947 2415 4004 scelus
2457 3953 2515 4004 et
2557 3948 2932 4022 sacrilegium
2965 3955 3146 4007 Deum
3179 3950 3639 4023 omnipotentem
3672 3967 3814 4007 cum

2165 4062 2192 4089 ‹‹
2226 4038 2500 4094 omnibus
2529 4038 2748 4094 sanctis
2780 4039 2904 4095 suis
2935 4039 3247 4096 inimicum
3278 4032 3381 4095 tibi
3411 4041 3640 4106 feceris,
3672 4039 3816 4096 hos-

2167 4150 2193 4176 ‹‹
2225 4132 2461 4199 temque
2491 4131 2548 4183 et
2577 4129 2980 4186 adversarium
3000 4129 3028 4185 ?
3058 4128 3454 4202 periculosum
3480 4135 3570 4185 est
3587 4129 3692 4184 tibi
3716 4145 3821 4201 pe—

2168 4241 2196 4268 «
2230 4217 2506 4290 nitusque
2535 4217 2888 4284 damnabile,
2932 4219 3099 4275 crede
3149 4216 3338 4286 nobis,
3381 4219 3565 4275 Deum
3595 4217 3818 4273 habere

2167 4330 2195 4356 «
2231 4307 2611 4375 contrarium,
2646 4306 2768 4379 qui,
2800 4308 2911 4364 etsi
2942 4308 3232 4380 patienter
3262 4308 3509 4380 injurias
3548 4307 3823 4363 videatur

2169 4419 2197 4447 ‹‹
2226 4395 2371 4453 ferre
2402 4413 2540 4451 suas
2568 4396 2626 4451 in
2656 4396 2766 4451 hoc
2796 4396 3291 4469 tempore,vindex
3321 4414 3453 4453 cum
3483 4397 3561 4453 sit
3581 4399 3824 4469 justus-

2171 4509 2191 4535 α
2227 4503 2340 4558 que
2363 4487 2562 4557 judex,
2593 4485 2824 4541 aeternis
2847 4485 3000 4541 hanc
3039 4486 3380 4558 patientiam
3402 4490 3534 4558 post
3563 4490 3823 4542 mortem

2167 4598 2195 4626 ‹‹
2235 4574 2561 4647 suppliciis,
2596 4591 2712 4630 non
2744 4574 2999 4642 dubites,
3029 4575 3365 4631 vindicabit.

2238 4687 2265 4713 ‹‹
2298 4665 2414 4719 Nos
2443 4681 2596 4732 vero,
2630 4665 2848 4735 quibus
2877 4680 3019 4719 cura
3066 4662 3276 4720 salutis
3308 4668 3419 4720 tua
3453 4669 3825 4735 tuorumque

2165 4776 2191 4801 «
2227 4757 2334 4820 est,
2371 4771 2483 4808 non
2519 4753 2690 4808 modo
2722 4753 2944 4807 ratione
2976 4753 3286 4824 pastoralis
3333 4753 3632 4821 culminis,
3664 4769 3820 4824 qua,

2164 4864 2190 4891 ‹‹
2225 4841 2359 4897 licet
2390 4841 2690 4911 immeriti,
2743 4842 2917 4896 saluti
2966 4841 3228 4897 omnium
3281 4859 3488 4898 sumus
3518 4842 3824 4898 debitores

2163 4956 2190 4980 «
2225 4947 2293 4986 ex
2322 4930 2533 4997 ofﬁcio,
2567 4948 2764 4986 verum
2797 4929 2971 4985 etiam
3002 4946 3071 4986 ex
3100 4931 3408 5002 sanguinis
3436 4931 3819 5003 cogitatione,

2164 5044 2191 5069 α
2227 5036 2342 5091 qua
2395 5019 2564 5076 nobis
2613 5035 2809 5076 sorore
2856 5018 3030 5075 natus
3079 5019 3283 5075 intime
3333 5022 3701 5090 conjunctus,
3757 5026 3824 5074 te

2167 5131 2192 5161 ι
2223 5115 2474 5181 tuosqus
2486 5109 2673 5182 perire
2687 5125 2804 5164 non
2821 5108 3184 5181 patiemurin
3197 5115 3502 5178 aeternum,
3520 5113 3822 5181 quantum

2163 5222 2189 5250 «
2225 5199 2284 5255 in
2316 5199 2485 5255 nobis
2514 5204 2624 5255 est.
2659 5199 2821 5256 Unde
2852 5199 3199 5255 auctoritate
3247 5198 3664 5272 omnipotentis
3704 5197 3827 5254 Dei

2161 5314 2188 5340 ι‹
2223 5294 2280 5346 et
2339 5289 2643 5346 beatorum
2693 5288 3092 5360 apostolorum
3153 5288 3282 5360 ejus
3324 5289 3477 5344 Petri
3527 5292 3584 5344 et
3623 5285 3825 5356 Pauli,

2162 5404 2190 5431 «
2224 5395 2476 5451 quorum
2504 5378 2765 5450 gerimus
2791 5375 2943 5432 vices
2974 5377 3034 5432 in
3079 5379 3272 5446 terris,
3313 5381 3369 5433 te
3418 5393 3727 5432 monemus
3759 5379 3830 5434 et

2163 5493 2192 5520 ι(
2224 5467 2599 5539 requirimus,
2633 5470 2807 5538 atque
2837 5467 2950 5521 sub
2980 5471 3206 5522 aeternae
3225 5465 3618 5523 damnationis
3638 5465 3833 5521 inter-

2161 5581 2190 5609 ‹‹
2224 5555 2566 5626 minatisne,
2605 5569 2825 5630 perque
2887 5555 3221 5613 districtum
3271 5555 3371 5612 Dei
3414 5553 3704 5628 judicium
3759 5560 3826 5614 te

2164 5650 2623 5708 «contestamur
2664 5663 2730 5708 ac
2781 5645 2893 5706 sub
2946 5646 3316 5709 anathemate
3347 5645 3608 5710 districto
3654 5660 3825 5725 pras-
