4102 6174
275 266 382 330 581

1587 272 1903 377 ΝΟΤΙΤῙΑ
1955 277 2380 342 BRUNONIS.

3572 293 3689 360 582

279 422 304 453 ι
335 401 637 504 ‘ciplentes‘
669 400 781 503 tibi
822 403 1194 504 mandamus,
1249 411 1538 479 quatenus
1586 411 1924 481 prmdictum
1962 417 2011 480 Α
2042 433 2069 459 α
2107 413 2505 483 dignationem
2555 416 2978 488 omnipotentis
3039 409 3164 489 Dei,
3232 429 3691 504 sanctorumquo

277 511 307 542 α
335 489 555 560 locum,
587 491 817 548 clericis
846 493 1124 565 expulsis,
1157 511 1304 567 quos
1332 497 1676 554 auctoritate
1695 503 1926 571 aposto-

273 601 303 628 «
335 577 453 634 lica
473 579 637 634 omni
679 581 963 636 beneficio
1011 585 1066 637 et
1114 583 1432 640 residentia
1475 585 1533 640 in
1582 587 1786 643 eadem
1817 584 1928 643 hac

269 688 298 717 α
328 666 474 723 hora
502 668 876 725 decernimus
908 670 1182 742 privatos,
1221 673 1279 727 in
1333 674 1652 746 pristinum
1704 679 1924 732 statum

265 778 298 806 «
325 757 609 813 reducere
639 774 830 827 cures,
867 759 1304 834 monachosque
1334 766 1390 818 et
1420 763 1690 820 abbatem
1724 781 1928 821 secun-

270 868 293 893 -
327 846 473 901 dum
489 845 754 917 regulam
770 845 885 902 divi
899 847 1087 904 Patris
1100 850 1857 923 Benedicti,quemadmodu
1869 869 1926 908 m

271 954 302 988 ι
331 951 367 990 a
413 934 707 1006 principio
771 935 851 991 ibi
918 935 1101 993 fuisse
1146 944 1572 1006 memorantur.
1623 941 1922 1010 instituas,

270 1045 302 1073 «ι
332 1024 543 1096 eisque
574 1023 774 1079 omnia
803 1028 861 1080 et
893 1025 1124 1098 singula
1171 1044 1273 1100 per
1317 1032 1451 1086 tuos
1501 1032 1923 1102 progenitores,

263 1133 297 1161 ‹‹
329 1115 509 1183 teque
551 1111 640 1167 vel
690 1112 838 1168 alios
887 1130 1291 1188 quoscumque
1340 1117 1534 1174 ablata
1582 1120 1711 1174 sine
1761 1133 1928 1174 mora

263 1223 296 1251 ‹‹
331 1201 640 1270 restituas,
673 1206 732 1257 et
762 1202 812 1258 si
845 1204 987 1275 quid
1019 1204 1276 1277 amplius
1309 1207 1381 1262 ad
1415 1206 1536 1263 hac
1569 1206 1926 1279 perﬁcienda

265 1312 298 1339 α
324 1289 650 1362 requiritur
697 1291 1112 1361 necessarium,
1157 1295 1230 1350 de
1273 1299 1378 1351 tua
1420 1297 1753 1352 substantia
1785 1296 1922 1352 lide-

264 1401 296 1429 ‹‹
329 1378 466 1435 liter
493 1383 554 1435 et
584 1380 712 1437 sine
743 1379 865 1436 ulla
895 1381 1356 1440 contradictione
1392 1401 1496 1456 pro
1539 1388 1764 1440 aeternae
1794 1385 1922 1440 vitae

265 1491 296 1519 ‹‹
328 1467 820 1541 amorelegaliter
845 1469 1176 1543 impendas.
1208 1472 1338 1528 Haec
1366 1474 1444 1528 illi
1495 1481 1712 1546 quanto
1753 1475 1924 1530 citius

263 1580 296 1608 ‹‹
331 1558 690 1630 perﬁcienda
721 1576 838 1614 una
883 1576 1018 1615 cum
1067 1563 1314 1633 conjuge
1362 1569 1465 1618 tua
1515 1564 1683 1619 nobis
1713 1565 1926 1620 dilecta

262 1671 296 1697 ‹‹
334 1649 916 1720 censummandaque
958 1650 1304 1706 auctoritate
1355 1651 1773 1724 omnipotentis
1805 1653 1924 1720 Dei,

266 1759 300 1787 «
340 1736 402 1791 in
424 1737 825 1793 remissionem
849 1743 1087 1794 tuorum
1110 1745 1481 1811 peccatorum
1503 1743 1653 1797 serio
1673 1741 1927 1816 injungi-

262 1848 295 1876 ‹‹
334 1842 491 1882 mus.
529 1828 661 1892 Qua
689 1827 738 1882 si
771 1827 952 1898 (quod
992 1827 1167 1899 absit)
1199 1827 1522 1902 neglexeris
1557 1835 1924 1887 nostrorum-

269 1936 300 1964 «ι
333 1931 450 1987 que
473 1915 890 1972 mandatorum
921 1921 1288 1990 contemptor
1314 1918 1584 1976 inventus
1607 1920 1810 1988 fueris,
1835 1920 1924 1976 in-

2041 522 2069 551 ‹‹
2102 501 2254 556 Petri
2286 506 2342 555 et
2371 502 2528 558 Pauli
2562 504 2985 576 apostolorum,
3009 513 3065 565 et
3085 512 3346 568 omnium
3372 501 3687 576 electorum

2036 611 2064 639 ‹‹
2099 590 2309 645 Christi
2337 593 2564 647 noveris
2589 593 2915 658 incursum,
2940 600 3112 670 teque
3153 601 3262 656 sub
3299 604 3689 664 anathematis

2036 699 2065 726 ‹‹
2097 678 2330 733 vinculo
2361 680 2704 737 auctoritate
2739 684 3059 754 apostolica
3081 689 3486 759 constrictum,
3512 694 3691 751 divini

2035 789 2065 816 «
2097 767 2384 823 examinis
2407 769 2634 838 judicio
2653 773 2773 826 fore
2795 773 3170 844 obonoxium,
3201 779 3569 850 gravissimis
3591 796 3691 852 ge-

2036 878 2064 906 «
2100 856 2306 912 bennre
2336 859 2645 916 tormentis
2678 877 2811 916 cum
2845 862 3046 936 impiis
3096 865 3222 921 sine
3272 869 3386 925 ﬁne
3437 870 3689 942 punien-

2037 967 2064 995 «
2101 945 2266 1000 dum.
2302 968 2330 996 η

2104 1035 2220 1089 Hac
2250 1036 2542 1106 pontificis
2596 1039 2856 1093 oratione
2908 1047 3322 1113 compunctus,
3371 1046 3443 1102 ad
3488 1061 3683 1120 genua

2033 1122 2162 1192 ejus
2212 1139 2407 1179 comes
2455 1126 2722 1196 procidit,
2758 1145 2939 1200 seque
2971 1147 3240 1202 peccasse
3269 1135 3522 1206 graviter
3551 1153 3688 1194 cum

2033 1210 2308 1284 lacrymis
2339 1213 2567 1284 publice
2607 1216 2931 1284 confessus,
2979 1221 3178 1276 omnia
3227 1237 3353 1294 qua:
3377 1224 3688 1294 juberetur

2036 1300 2322 1356 facturum
2355 1319 2458 1373 pro
2499 1304 2721 1360 viribus
2768 1307 3076 1377 promittit,
3127 1310 3357 1366 veniam
3409 1315 3686 1371 commis-

2034 1406 2233 1445 sorum
2282 1390 2827 1467 absolutionemque
2863 1395 3166 1467 postulans
3199 1415 3233 1454 a
3279 1401 3555 1472 pontifice
3583 1421 3687 1459 au-

2036 1477 2175 1532 divit
2203 1496 2215 1532 :

2107 1590 2135 1616 ‹‹
2169 1567 2228 1623 Si
2260 1569 2568 1640 perfeceris
2608 1587 2695 1638 ea,
2748 1588 2874 1643 qua)
2925 1574 3403 1647 precipientibus
3433 1578 3602 1636 nobis
3631 1582 3692 1636 te

2037 1680 2062 1704 α
2102 1655 2393 1712 facturum
2417 1659 2731 1730 promittis,
2765 1661 2997 1717 veniam
3028 1663 3134 1718 tibi
3168 1682 3284 1721 non
3334 1665 3528 1723 solum
3551 1683 3690 1725 con-

2041 1765 2068 1794 «
2099 1745 2418 1801 missorum
2469 1763 2604 1802 cum
2673 1749 3038 1805 absolutione
3102 1752 3536 1825 impendamus,
3586 1757 3690 1812 sed

2044 1852 2064 1880 α
2099 1833 2275 1888 etiam
2327 1835 2564 1906 praamia
2623 1835 2913 1892 felicitatis
2964 1842 3188 1894 aeterna)
3239 1842 3590 1900 multimoda
3627 1844 3690 1899 in

2038 1946 2065 1973 ‹‹
2101 1925 2242 1979 coelo
2273 1923 2379 1978 tibi
2410 1925 2667 1996 reposita
2705 1927 3190 1998 repromittimus.
3227 1950 3256 1980 ››

265 2077 3684 2108 ———____—.___________—___._.____________________________

1422 2220 1887 2308 NOTITIA
1949 2221 2540 2336 BitUNONIS

1011 2395 1328 2453 EPISCOPI
1367 2396 1790 2464 TULLENSIS,
1830 2398 2270 2456 POSTMODUM
2311 2399 2567 2457 LEONlS
2609 2400 2680 2456 IX
2720 2402 2939 2470 ΡΑΡιΈ,

1409 2542 1498 2602 De
1526 2542 1954 2604 instauratione
1980 2542 2234 2605 canobii
2261 2543 2334 2605 S.
2368 2545 2541 2625 Apri.

1639 2693 1839 2774 (Circa
1868 2713 2103 2756 annum
2141 2696 2350 2775 l030.)

917 2843 1104 2914 (Apud
1139 2841 1359 2898 Mabill.
1394 2844 1467 2898 De
1497 2860 1556 2899 re
1577 2844 1951 2916 diplomatica.
1986 2844 2089 2900 lib.
2122 2863 2200 2911 v1,
2234 2863 2367 2918 pag.
2401 2847 2526 2912 602,
2557 2863 2624 2901 ex
2654 2847 3068 2919 autographo.)

341 3074 406 3129 In
440 3073 680 3129 nomine
724 3078 942 3129 sanctae
990 3079 1047 3130 et
1092 3075 1407 3131 individua:
1455 3076 1922 3142 TrinitatisVPa-
1954 3079 1996 3143 C
2033 3077 2253 3147 pinare.
2289 3076 2452 3132 Unde
2499 3076 2745 3149 contigit
2775 3083 2842 3133 ut
2888 3079 3086 3151 plures
3119 3096 3320 3137 eorum
3361 3094 3687 3154 quaerentes

264 3164 405 3230 tris,
436 3169 495 3218 et
522 3162 652 3232 filii,
683 3167 740 3218 et
776 3164 1030 3235 Spiritus
1080 3165 1290 3230 sancti,
1337 3181 1444 3238 ego
1491 3169 1706 3232 Bruno,
1739 3166 1927 3238 gratia

267 3252 382 3308 Dei
412 3251 776 3307 Leuchorum
812 3251 1044 3324 praesul,
1090 3252 1242 3308 clero
1287 3259 1342 3310 et
1393 3254 1604 3326 populo
1632 3255 1923 3325 praesenti,

275 3345 468 3411 atque
496 3340 768 3397 universis
799 3343 979 3413 hujus
999 3343 1252 3399 ecclesia
1275 3343 1433 3412 filiis,
1456 3347 1574 3398 tam
1595 3344 1925 3399 viventibus

282 3444 471 3500 quam
503 3432 558 3483 et
578 3430 949 3486 successuris.

351 3517 595 3573 Scitura
612 3518 1414 3594 pluribusqual‘tertempore
1431 3523 1628 3577 domni
1651 3521 1924 3590 Bertoldi,

272 3607 461 3678 hujus
494 3607 650 3663 sedis
681 3608 996 3680 pontiﬁcis,
1033 3626 1133 3680 per
1164 3610 1446 3664 domnum
1476 3611 1744 3666 abbatem
1781 3608 1926 3663 Wil-

268 3695 544 3762 lelmum,
577 3695 769 3752 locum
801 3697 992 3752 Sancti
1032 3699 1166 3770 Apri
1199 3699 1358 3754 omni
1383 3699 1660 3771 religione
1683 3699 1928 3755 destitu-

267 3790 402 3840 tum
436 3785 593 3841 Deus
622 3787 979 3852 visitaverat,
1014 3804 1187 3860 quem
1220 3789 1314 3842 vix
1355 3787 1603 3843 evictum
1657 3789 1928 3861 precibus

269 3874 431 3929 idem
464 3875 679 3946 praesul
713 3875 1020 3932 Bertoldus
1052 3875 1293 3931 adduxit
1320 3875 1721 3949 aBurgundize
1751 3877 1928 3949 parti-

271 3963 411 4028 bus,
442 3964 612 4036 eique
652 3964 870 4020 ibidem
921 3964 1267 4038 regulariter
1320 3965 1578 4038 praefecit
1625 3965 1923 4021 fratribus.

267 4053 381 4107 Sed
419 4052 560 4125 quia
605 4053 724 4109 vita
772 4054 1116 4123 monastica,
1168 4054 1311 4109 dum
1371 4055 1650 4122 nescitur,
1700 4054 1930 4110 videtur

269 4143 445 4214 quasi
478 4142 802 4198 contraria:
837 4160 970 4198 cum
1003 4143 1127 4199 vice
1161 4147 1406 4213 mutata,
1440 4143 1705 4199 viderent
1735 4146 1792 4199 et
1822 4161 1930 4198 au-

271 4231 470 4286 dirent
499 4233 568 4286 de
615 4231 819 4288 ordine
867 4232 1288 4288 monachorum
1321 4233 1623 4297 inusitata,
1655 4236 1711 4288 et
1742 4232 1925 4288 inter-

270 4320 568 4376 diceretur
596 4321 931 4394 quibusque
968 4321 1214 4379 curiosis
1241 4323 1490 4378 fratrum
1536 4321 1924 4386 familiaritas,

2037 3166 2374 3220 societatem
2406 3166 2890 3238 adipiscerentur,
2915 3168 3178 3241 plerique
3201 3187 3333 3225 vero
3356 3170 3531 3226 etiam
3560 3189 3684 3228 mo-

2037 3253 2206 3308 nachi
2239 3253 2649 3310 efficerentur:
2680 3255 2882 3328 sicque
2905 3261 3200 3314 crescente
3223 3258 3487 3314 fidelium
3510 3261 3686 3314 devo-

2035 3342 2193 3399 tione
2222 3343 2396 3415 ccnpit
2427 3344 2740 3415 smpefatus
2790 3345 3079 3402 sublevari
3128 3347 3291 3403 locus
3340 3348 3687 3405 donantium

2035 3431 2324 3505 largitate.
2359 3431 2505 3486 Nam
2541 3433 2810 3505 quisquis
2843 3433 2899 3488 in
2927 3436 3266 3491 societatem
3291 3437 3537 3491 fratrum
3561 3452 3689 3492 sese

2037 3521 2335 3590 offerebat,
2353 3520 2716 3594 largiebatur
2731 3527 3054 3593 spontaneu
3064 3541 3091 3579 s
3107 3525 3464 3592 transitoria,
3480 3529 3544 3580 ut
3556 3541 3687 3597 par-

2036 3609 2375 3681 ticipatione
2400 3615 2512 3665 Deo
2535 3610 2915 3666 servientium
2943 3618 3685 3685 merereturpermansura.

2037 3701 2403 3770 Quapropter
2432 3699 2503 3753 de
2533 3699 2802 3770 expensis
2821 3715 3021 3754 eorum
3047 3701 3306 3772 aggressi
3341 3706 3479 3755 sunt
3500 3702 3687 3756 facere

2039 3787 2379 3842 memoriale
2446 3792 2748 3854 aeternum,
2804 3791 2870 3841 ut
2926 3788 3135 3842 talium
3197 3789 3572 3860 cleemosyna
3625 3789 3683 3844 in

2038 3880 2351 3948 conspectu
2387 3874 2644 3948 fidelium
2679 3875 3052 3946 praesentium
3085 3880 3141 3930 et
3187 3877 3514 3932 futurorum
3546 3893 3683 3932 con-

2037 3965 2260 4037 spicua,
2294 3971 2351 4019 et
2383 3964 2437 4017 in
2471 3963 2580 4019 hoc
2605 3963 2810 4019 saeculo
2834 3964 2910 4018 sit
2932 3965 2988 4018 in
3015 3965 3438 4020 benedictionis
3463 3983 3685 4022 memo-

2035 4052 2178 4108 riale
2209 4055 2341 4107 ante
2371 4051 2553 4107 Deum
2585 4051 2642 4106 in
2668 4051 3137 4108 remuneratione
3159 4059 3460 4125 perpetua.
3485 4057 3687 4128 Itaque

2035 4141 2229 4197 Sancti
2261 4140 2395 4211 Apri
2431 4139 2739 4211 antiquum
2773 4141 3196 4196 monasterium
3221 4148 3505 4200 vetustate
3535 4143 3689 4217 laps-

2035 4231 2362 4296 abundum,
2397 4228 2576 4284 semel
2611 4233 2667 4284 et
2709 4229 2800 4285 bis
2855 4229 2993 4285 olim
3041 4231 3175 4304 igne
3224 4238 3684 4298 concrematum.

2036 4319 2107 4374 ab
2155 4319 2302 4391 ipsis
2354 4318 2754 4373 fundamentis
2807 4321 3205 4376 renovandum
3256 4322 3691 4378 constituerunt

272 4426 409 4483 qua:
431 4409 650 4481 passim
676 4411 838 4483 prius
862 4410 1086 4466 cunctis
1108 4411 1438 4467 communis
1462 4414 1518 4466 et
1541 4411 1726 4467 facilis
1748 4411 1926 4466 exsti—
1965 4446 2006 4510 Β
2039 4407 2262 4480 erigere
2297 4407 2357 4462 in
2389 4406 2774 4463 domicilium.
2809 4409 2878 4463 Et
2921 4413 2985 4464 ut
3014 4411 3236 4465 sciatur
3267 4411 3482 4480 quibus
3513 4412 3686 4466 bene-

271 4502 429 4554 terat
454 4517 466 4565 ;
501 4497 592 4553 his
614 4503 670 4554 et
707 4499 840 4554 aliis
861 4498 1263 4556 occasionibus
1285 4499 1457 4572 cmpit
1474 4499 1611 4555 oriri
1639 4499 1930 4572 querimo-

274 4587 374 4642 nia
405 4591 610 4643 contra
640 4587 853 4655 locum,
906 4592 962 4642 et
1011 4605 1143 4644 cum
1193 4589 1590 4644 ditfamatione
1634 4587 1924 4659 vitupera-

269 4675 456 4730 tionis
496 4677 864 4744 scandalum,
919 4681 980 4732 ut
1029 4678 1270 4749 quidam
1325 4678 1558 4750 sapiens
1589 4677 1706 4732 ait:
1739 4677 1928 4732 Omnis

265 4765 458 4820 subita
478 4768 707 4821 mutatio
724 4782 911 4822 rerum
930 4783 1042 4821 non
1061 4768 1122 4837 ﬁt
1142 4767 1260 4822 sine
1277 4767 1510 4837 quodam
1525 4767 1694 4835 ﬂuctu
1711 4768 1925 4820 animo-

265 4869 420 4908 rum.
458 4852 618 4909 Unde
653 4855 868 4911 factum
903 4861 989 4910 est
1021 4859 1085 4910 ut
1108 4855 1312 4910 vicinis
1336 4854 1842 4910 murmurantibus
1873 4858 1930 4908 ct

268 4941 746 5010 detrahentibus,
781 4943 1332 5016 blasphemantibus
1381 4948 1436 4998 et
1486 4943 1922 5008 accusantibus,

269 5028 444 5082 locus
474 5029 885 5085 adversitatem
918 5031 1017 5084 diu
1049 5031 1387 5098 sustineret,
1419 5045 1595 5102 quam
1627 5047 1660 5084 a
1682 5029 1927 5101 quibus~

268 5117 410 5171 dam
436 5118 726 5174 excitabat
749 5137 861 5175 non
887 5124 1008 5175 tam
1030 5119 1256 5176 malitia
1276 5135 1454 5191 quam
1471 5118 1664 5176 minus
1679 5135 1927 5192 peccans

263 5203 627 5277 ignorantia.
662 5206 912 5263 Reddita
931 5212 1127 5264 autem
1161 5224 1302 5280 pace
1337 5249 1349 5262 .
1397 5251 1409 5262 .
1455 5249 1467 5263 .
1514 5252 1526 5264 .
1567 5247 1582 5265 .
1632 5252 1644 5264 .
1690 5250 1703 5264 .
1744 5248 1760 5264 .
1791 5207 1927 5265 sede

265 5293 569 5350 residente
612 5296 906 5368 pontiﬁce,
948 5300 1250 5370 coeperunt
1298 5297 1397 5370 qui
1448 5295 1586 5353 olim
1639 5297 1929 5354 adversati

265 5383 510 5439 fuerant
543 5426 556 5439 .
601 5427 614 5440 .
662 5429 674 5441 .
722 5429 734 5442 .
780 5430 793 5442 .
841 5428 854 5442 .
903 5429 915 5442 .
962 5429 974 5442 .
1008 5387 1418 5460 resipiscentes
1448 5403 1570 5443 rem
1600 5385 1919 5460 inquirere,

265 5476 330 5530 et
359 5473 436 5530 ab
465 5489 535 5530 ea
565 5491 742 5549 quam
769 5475 1140 5535 crediderant
1167 5476 1184 5533 i
1219 5520 1232 5534 .
1279 5518 1292 5532 .
1339 5520 1352 5532 .
1386 5475 1638 5546 veniam,
1669 5475 1931 5533 venerari

262 5566 329 5621 et
358 5561 627 5639 diligere,
662 5571 716 5623 et
747 5567 884 5627 boni
909 5566 1104 5626 odoris
1125 5565 1340 5624 famam
1364 5566 1752 5643 undecunque
1790 5582 1929 5643 pro-

2043 4497 2361 4552 factoribus
2393 4497 2772 4565 construitur,
2806 4514 3006 4553 eorum
3046 4497 3329 4554 vocabulo
3384 4499 3603 4570 pariter
3630 4503 3689 4554 et

2035 4602 2322 4657 expensas
2358 4586 2705 4641 nominatim
2746 4587 2948 4642 subter
2977 4587 3421 4657 assignaverunt
3450 4587 3683 4658 ,suique

2035 4675 2190 4742 piam
2222 4675 2680 4730 recordationem
2709 4674 2930 4746 jugiter
2959 4676 3260 4731 devotione
3303 4675 3683 4731 recolendam

2036 4765 2286 4835 posteris
2312 4763 2695 4836 reliquerunt.
2723 4764 2937 4818 Exinde
2960 4763 3364 4838 supplicamus
3385 4765 3565 4838 hujus
3582 4783 3687 4822 no-

2037 4858 2165 4907 stra:
2198 4853 2355 4908 sedis
2380 4869 2750 4908 successores
2773 4852 3068 4911 antistites
3092 4872 3183 4918 ne,
3201 4857 3373 4926 juxta
3393 4855 3690 4929 magnitu-

2037 4943 2231 4996 dinem
2266 4946 2574 4996 structura:
2611 4943 2912 4998 fncultatcs
2944 4943 3054 4999 loci
3107 4946 3490 5014 aestimantes,
3524 4945 3690 5002 obliti

2036 5029 2422 5102 paternitatis,
2456 5030 2587 5084 duri
2619 5030 2763 5087 fiant
2801 5048 3197 5104 oppresores.
3231 5035 3300 5091 Et
3331 5040 3394 5091 ut
3424 5035 3692 5091 noverint

2037 5136 2214 5192 quam
2238 5120 2400 5191 justa
2433 5120 2508 5174 sit
2538 5119 2658 5175 haec
2689 5126 2890 5177 nostra
2933 5123 3283 5196 deprecatio,
3335 5125 3526 5196 legere
3555 5124 3682 5196 dig-

2036 5207 2523 5264 nenturcbartam
2541 5210 2964 5280 quamGauzlin
2977 5229 3044 5267 us
3058 5213 3367 5284 episcopus
3383 5227 3515 5266 cum
3533 5227 3689 5284 rega-

2036 5298 2075 5353 li
2106 5295 2394 5371 praicepto
2428 5298 2560 5353 fecit
2591 5303 2649 5353 et
2679 5299 2931 5355 ﬁrmavit
2961 5318 3110 5373 sape
3135 5302 3286 5356 dicto
3317 5299 3464 5367 loco,
3489 5298 3547 5353 in
3567 5316 3686 5371 quo

2039 5391 2170 5444 ante
2224 5386 2626 5459 episcopatum
2680 5393 2939 5444 nostram
2987 5391 3321 5445 societatem
3374 5387 3684 5447 collocavi:

2037 5477 2099 5532 in
2129 5476 2469 5549 episcopatu
2502 5483 2697 5533 autem
2745 5478 2993 5550 positus,
3040 5477 3216 5533 rebus
3259 5477 3476 5550 quibus
3525 5477 3687 5552 potui

2042 5563 2318 5640 ampliavi
2349 5569 2408 5623 et
2455 5567 2732 5624 continua
2764 5566 2948 5625 nostri
2971 5566 3256 5629 memoria
3278 5572 3341 5626 ut
3362 5582 3465 5645 per
3484 5566 3686 5644 singu~
3728 5576 3736 5584 ’
