  <div class='ocr_page' id='page_1' title='image "/cluster/home/n/w/nwhite01/storage/ocr_20150623/143/hvd.32044054760038/299.png"; bbox 0 0 4102 6174; ppageno 0'>
   <div class='ocr_carea' id='block_1_1' title="bbox 407 202 526 261">
    <p class='ocr_par' dir='ltr' id='par_1_1' title="bbox 407 202 526 261">
     <span class='ocr_line' id='line_1_1' title="bbox 407 202 526 261; baseline -0.008 0"><span class='ocrx_word' id='word_1_1' title='bbox 407 202 526 261; x_wconf 80' lang='lat'><strong>583</strong></span> 
     </span>
    </p>
   </div>
   <div class='ocr_carea' id='block_1_2' title="bbox 1479 188 2744 257">
    <p class='ocr_par' dir='ltr' id='par_1_2' title="bbox 1479 188 2744 257">
     <span class='ocr_line' id='line_1_2' title="bbox 1479 188 2744 257; baseline -0.002 -1"><span class='ocrx_word' id='word_1_2' title='bbox 1479 195 1544 256; x_wconf 94' lang='lat' dir='ltr'><strong>S.</strong></span> <span class='ocrx_word' id='word_1_3' title='bbox 1591 193 1869 255; x_wconf 85' lang='lat' dir='ltr'><strong>LEONIS</strong></span> <span class='ocrx_word' id='word_1_4' title='bbox 1913 191 1994 255; x_wconf 85' lang='lat' dir='ltr'><strong>IX</strong></span> <span class='ocrx_word' id='word_1_5' title='bbox 2038 188 2268 254; x_wconf 66' lang='lat' dir='ltr'><strong>PAPIE</strong></span> <span class='ocrx_word' id='word_1_6' title='bbox 2308 192 2744 257; x_wconf 87' lang='lat' dir='ltr'><strong>OPUSCULA.</strong></span> 
     </span>
    </p>
   </div>
   <div class='ocr_carea' id='block_1_3' title="bbox 3697 197 3817 258">
    <p class='ocr_par' dir='ltr' id='par_1_3' title="bbox 3697 197 3817 258">
     <span class='ocr_line' id='line_1_3' title="bbox 3697 197 3817 258; baseline -0.017 0"><span class='ocrx_word' id='word_1_7' title='bbox 3697 197 3817 258; x_wconf 74' lang='lat'><strong>584</strong></span> 
     </span>
    </p>
   </div>
   <div class='ocr_carea' id='block_1_4' title="bbox 409 325 3134 406">
    <p class='ocr_par' dir='ltr' id='par_1_4' title="bbox 409 325 3134 406">
     <span class='ocr_line' id='line_1_4' title="bbox 409 325 3134 406; baseline -0.005 -11"><span class='ocrx_word' id='word_1_8' title='bbox 409 339 498 396; x_wconf 90' lang='lat' dir='ltr'><strong>las</strong></span> <span class='ocrx_word' id='word_1_9' title='bbox 529 337 643 394; x_wconf 90' lang='lat' dir='ltr'><strong>diei</strong></span> <span class='ocrx_word' id='word_1_10' title='bbox 675 335 848 392; x_wconf 86' lang='lat' dir='ltr'><strong>horas</strong></span> <span class='ocrx_word' id='word_1_11' title='bbox 877 330 1163 388; x_wconf 79' lang='lat' dir='ltr'><strong>habeatur</strong></span> <span class='ocrx_word' id='word_1_12' title='bbox 1191 327 1294 397; x_wconf 89' lang='lat' dir='ltr'><strong>ibi,</strong></span> <span class='ocrx_word' id='word_1_13' title='bbox 1324 345 1358 384; x_wconf 91' lang='lat' dir='ltr'><strong>a</strong></span> <span class='ocrx_word' id='word_1_14' title='bbox 1404 327 1649 384; x_wconf 81' lang='lat' dir='ltr'><strong>fratrum</strong></span> <span class='ocrx_word' id='word_1_15' title='bbox 1679 325 1836 383; x_wconf 81' lang='lat' dir='ltr'><strong>ﬁdiei</strong></span> <span class='ocrx_word' id='word_1_16' title='bbox 1883 328 2052 383; x_wconf 89' lang='lat' dir='ltr'><strong>devo-</strong></span> <span class='ocrx_word' id='word_1_17' title='bbox 2082 341 2137 406; x_wconf 73' lang='grc' dir='ltr'><strong>Α</strong></span> <span class='ocrx_word' id='word_1_18' title='bbox 2242 326 2502 383; x_wconf 90' lang='lat' dir='ltr'><strong>Domnus</strong></span> <span class='ocrx_word' id='word_1_19' title='bbox 2534 327 2715 384; x_wconf 83' lang='lat' dir='ltr'><strong>abbas</strong></span> <span class='ocrx_word' id='word_1_20' title='bbox 2743 327 3064 402; x_wconf 87' lang='lat' dir='ltr'><strong>Sigifredus</strong></span> <span class='ocrx_word' id='word_1_21' title='bbox 3097 343 3134 382; x_wconf 90' lang='grc' dir='ltr'><strong>ι.</strong></span> 
     </span>
    </p>
   </div>
   <div class='ocr_carea' id='block_1_5' title="bbox 408 415 1730 488">
    <p class='ocr_par' dir='ltr' id='par_1_5' title="bbox 408 415 1730 488">
     <span class='ocr_line' id='line_1_5' title="bbox 408 415 1730 488; baseline -0.014 1"><span class='ocrx_word' id='word_1_22' title='bbox 408 432 565 488; x_wconf 85' lang='lat' dir='ltr'><strong>tione</strong></span> <span class='ocrx_word' id='word_1_23' title='bbox 596 427 872 486; x_wconf 89' lang='lat' dir='ltr'><strong>omnibus</strong></span> <span class='ocrx_word' id='word_1_24' title='bbox 902 421 1110 479; x_wconf 90' lang='lat' dir='ltr'><strong>diebus</strong></span> <span class='ocrx_word' id='word_1_25' title='bbox 1139 419 1268 475; x_wconf 74' lang='lat' dir='ltr'><strong>vitae</strong></span> <span class='ocrx_word' id='word_1_26' title='bbox 1299 434 1441 475; x_wconf 67' lang='lat' dir='ltr'><strong>mem</strong></span> <span class='ocrx_word' id='word_1_27' title='bbox 1485 415 1730 473; x_wconf 87' lang='lat' dir='ltr'><strong>obtinui.</strong></span> 
     </span>
    </p>
   </div>
   <div class='ocr_carea' id='block_1_6' title="bbox 483 504 2052 581">
    <p class='ocr_par' dir='ltr' id='par_1_6' title="bbox 483 504 2052 581">
     <span class='ocr_line' id='line_1_6' title="bbox 483 504 2052 581; baseline -0.013 -5"><span class='ocrx_word' id='word_1_28' title='bbox 483 523 609 576; x_wconf 83' lang='lat' dir='ltr'><strong>llaec</strong></span> <span class='ocrx_word' id='word_1_29' title='bbox 640 520 778 574; x_wconf 91' lang='lat' dir='ltr'><strong>sunt</strong></span> <span class='ocrx_word' id='word_1_30' title='bbox 801 511 1047 570; x_wconf 66' lang='lat' dir='ltr'><strong>nomina:</strong></span> <span class='ocrx_word' id='word_1_31' title='bbox 1070 509 1632 581; x_wconf 86' lang='lat' dir='ltr'><strong>eleemosynatorum</strong></span> <span class='ocrx_word' id='word_1_32' title='bbox 1655 521 1787 561; x_wconf 92' lang='lat' dir='ltr'><strong>cum</strong></span> <span class='ocrx_word' id='word_1_33' title='bbox 1806 504 2052 562; x_wconf 78' lang='lat' dir='ltr'><strong>eleemn-</strong></span> 
     </span>
    </p>
   </div>
   <div class='ocr_carea' id='block_1_7' title="bbox 409 607 729 667">
    <p class='ocr_par' dir='ltr' id='par_1_7' title="bbox 409 607 729 667">
     <span class='ocr_line' id='line_1_7' title="bbox 409 607 729 667; baseline -0.016 -1"><span class='ocrx_word' id='word_1_34' title='bbox 409 610 556 667; x_wconf 86' lang='lat' dir='ltr'>sinis</span> <span class='ocrx_word' id='word_1_35' title='bbox 587 607 729 664; x_wconf 83' lang='lat' dir='ltr'><strong>suis.</strong></span> 
     </span>
    </p>
   </div>
   <div class='ocr_carea' id='block_1_8' title="bbox 478 682 2050 764">
    <p class='ocr_par' dir='ltr' id='par_1_8' title="bbox 478 682 2050 764">
     <span class='ocr_line' id='line_1_8' title="bbox 478 682 2050 764; baseline -0.011 -10"><span class='ocrx_word' id='word_1_36' title='bbox 478 699 741 753; x_wconf 92' lang='lat' dir='ltr'><strong>Domnus</strong></span> <span class='ocrx_word' id='word_1_37' title='bbox 771 693 1089 764; x_wconf 81' lang='lat' dir='ltr'><strong>imperator</strong></span> <span class='ocrx_word' id='word_1_38' title='bbox 1119 686 1499 743; x_wconf 88' lang='lat' dir='ltr'><strong>Cbaonradus</strong></span> <span class='ocrx_word' id='word_1_39' title='bbox 1529 683 1711 740; x_wconf 91' lang='lat' dir='ltr'><strong>libras</strong></span> <span class='ocrx_word' id='word_1_40' title='bbox 1739 700 1810 739; x_wconf 85' lang='lat' dir='ltr'><strong>xv</strong></span> <span class='ocrx_word' id='word_1_41' title='bbox 1838 687 1895 739; x_wconf 90' lang='lat' dir='ltr'><strong>et</strong></span> <span class='ocrx_word' id='word_1_42' title='bbox 1925 682 2050 739; x_wconf 84' lang='lat' dir='ltr'><strong>auri</strong></span> 
     </span>
    </p>
   </div>
   <div class='ocr_carea' id='block_1_9' title="bbox 407 785 718 843">
    <p class='ocr_par' dir='ltr' id='par_1_9' title="bbox 407 785 718 843">
     <span class='ocr_line' id='line_1_9' title="bbox 407 785 718 843; baseline -0.016 0"><span class='ocrx_word' id='word_1_43' title='bbox 407 785 612 843; x_wconf 86' lang='lat' dir='ltr'><strong>uncias</strong></span> <span class='ocrx_word' id='word_1_44' title='bbox 644 801 718 839; x_wconf 84' lang='grc' dir='ltr'><strong>ιν.</strong></span> 
     </span>
    </p>
   </div>
   <div class='ocr_carea' id='block_1_10' title="bbox 481 859 2047 941">
    <p class='ocr_par' dir='ltr' id='par_1_10' title="bbox 481 859 2047 941">
     <span class='ocr_line' id='line_1_10' title="bbox 481 859 2047 941; baseline -0.011 -10"><span class='ocrx_word' id='word_1_45' title='bbox 481 877 703 931; x_wconf 91' lang='lat' dir='ltr'><strong>Domna</strong></span> <span class='ocrx_word' id='word_1_46' title='bbox 731 865 1071 941; x_wconf 86' lang='lat' dir='ltr'><strong>imperatrix</strong></span> <span class='ocrx_word' id='word_1_47' title='bbox 1099 865 1281 920; x_wconf 91' lang='lat' dir='ltr'><strong>libras</strong></span> <span class='ocrx_word' id='word_1_48' title='bbox 1311 881 1375 917; x_wconf 92' lang='grc' dir='ltr'><strong>ιιι</strong></span> <span class='ocrx_word' id='word_1_49' title='bbox 1408 866 1464 918; x_wconf 91' lang='lat' dir='ltr'><strong>et</strong></span> <span class='ocrx_word' id='word_1_50' title='bbox 1485 862 1632 918; x_wconf 92' lang='lat' dir='ltr'><strong>duas</strong></span> <span class='ocrx_word' id='word_1_51' title='bbox 1665 860 1870 917; x_wconf 84' lang='lat' dir='ltr'><strong>uncias</strong></span> <span class='ocrx_word' id='word_1_52' title='bbox 1900 859 2047 916; x_wconf 87' lang='lat' dir='ltr'><strong>auri.</strong></span> 
     </span>
    </p>
   </div>
   <div class='ocr_carea' id='block_1_11' title="bbox 477 951 1512 1030">
    <p class='ocr_par' dir='ltr' id='par_1_11' title="bbox 477 951 1512 1030">
     <span class='ocr_line' id='line_1_11' title="bbox 477 951 1512 1030; baseline -0.013 -11"><span class='ocrx_word' id='word_1_53' title='bbox 477 963 740 1018; x_wconf 90' lang='lat' dir='ltr'><strong>Domnus</strong></span> <span class='ocrx_word' id='word_1_54' title='bbox 770 958 1079 1030; x_wconf 90' lang='lat' dir='ltr'><strong>episcopus</strong></span> <span class='ocrx_word' id='word_1_55' title='bbox 1119 951 1418 1009; x_wconf 90' lang='lat' dir='ltr'><strong>Mettensis</strong></span> <span class='ocrx_word' id='word_1_56' title='bbox 1452 969 1512 1006; x_wconf 92' lang='grc' dir='ltr'><strong>ιι.</strong></span> 
     </span>
    </p>
   </div>
   <div class='ocr_carea' id='block_1_12' title="bbox 474 1040 1441 1105">
    <p class='ocr_par' dir='ltr' id='par_1_12' title="bbox 474 1040 1441 1105">
     <span class='ocr_line' id='line_1_12' title="bbox 474 1040 1441 1105; baseline -0.01 0"><span class='ocrx_word' id='word_1_57' title='bbox 474 1054 677 1105; x_wconf 86' lang='lat' dir='ltr'><strong>Comes</strong></span> <span class='ocrx_word' id='word_1_58' title='bbox 711 1045 1026 1102; x_wconf 88' lang='lat' dir='ltr'><strong>Leitfridus</strong></span> <span class='ocrx_word' id='word_1_59' title='bbox 1057 1060 1116 1100; x_wconf 84' lang='lat' dir='ltr'><strong>v1</strong></span> <span class='ocrx_word' id='word_1_60' title='bbox 1157 1045 1214 1098; x_wconf 92' lang='lat' dir='ltr'><strong>et</strong></span> <span class='ocrx_word' id='word_1_61' title='bbox 1242 1040 1441 1098; x_wconf 88' lang='lat' dir='ltr'><strong>semis.</strong></span> 
     </span>
    </p>
   </div>
   <div class='ocr_carea' id='block_1_13' title="bbox 473 1126 2049 1202">
    <p class='ocr_par' dir='ltr' id='par_1_13' title="bbox 473 1126 2049 1202">
     <span class='ocr_line' id='line_1_13' title="bbox 473 1126 2049 1202; baseline -0.008 -8"><span class='ocrx_word' id='word_1_62' title='bbox 473 1137 763 1195; x_wconf 90' lang='lat' dir='ltr'><strong>Comtissa</strong></span> <span class='ocrx_word' id='word_1_63' title='bbox 794 1133 1075 1190; x_wconf 83' lang='lat' dir='ltr'><strong>Alberada</strong></span> <span class='ocrx_word' id='word_1_64' title='bbox 1106 1151 1122 1187; x_wconf 86' lang='lat'>1</span> <span class='ocrx_word' id='word_1_65' title='bbox 1163 1135 1220 1187; x_wconf 92' lang='lat' dir='ltr'><strong>et</strong></span> <span class='ocrx_word' id='word_1_66' title='bbox 1249 1130 1533 1187; x_wconf 84' lang='lat' dir='ltr'><strong>cortinam</strong></span> <span class='ocrx_word' id='word_1_67' title='bbox 1565 1129 1848 1202; x_wconf 84' lang='lat' dir='ltr'><strong>optimam</strong></span> <span class='ocrx_word' id='word_1_68' title='bbox 1879 1126 2049 1184; x_wconf 92' lang='lat' dir='ltr'><strong>cubi-</strong></span> 
     </span>
    </p>
   </div>
   <div class='ocr_carea' id='block_1_14' title="bbox 399 1221 1546 1292">
    <p class='ocr_par' dir='ltr' id='par_1_14' title="bbox 399 1221 1546 1292">
     <span class='ocr_line' id='line_1_14' title="bbox 399 1221 1546 1292; baseline -0.01 -7"><span class='ocrx_word' id='word_1_69' title='bbox 399 1233 595 1285; x_wconf 88' lang='lat' dir='ltr'><strong>torum</strong></span> <span class='ocrx_word' id='word_1_70' title='bbox 627 1243 799 1292; x_wconf 78' lang='lat' dir='ltr'><strong>LXXII,</strong></span> <span class='ocrx_word' id='word_1_71' title='bbox 831 1228 888 1280; x_wconf 92' lang='lat' dir='ltr'><strong>et</strong></span> <span class='ocrx_word' id='word_1_72' title='bbox 914 1239 1156 1278; x_wconf 87' lang='lat' dir='ltr'><strong>annonae</strong></span> <span class='ocrx_word' id='word_1_73' title='bbox 1188 1221 1345 1276; x_wconf 92' lang='lat' dir='ltr'><strong>mod.</strong></span> <span class='ocrx_word' id='word_1_74' title='bbox 1393 1235 1546 1276; x_wconf 87' lang='lat' dir='ltr'><strong>cccc.</strong></span> 
     </span>
    </p>
   </div>
   <div class='ocr_carea' id='block_1_15' title="bbox 471 1307 1696 1374">
    <p class='ocr_par' dir='ltr' id='par_1_15' title="bbox 471 1307 1696 1374">
     <span class='ocr_line' id='line_1_15' title="bbox 471 1307 1696 1374; baseline -0.009 -1"><span class='ocrx_word' id='word_1_75' title='bbox 471 1315 712 1374; x_wconf 83' lang='lat' dir='ltr'><strong>Ductrix</strong></span> <span class='ocrx_word' id='word_1_76' title='bbox 739 1311 1038 1369; x_wconf 90' lang='lat' dir='ltr'><strong>Mathildis</strong></span> <span class='ocrx_word' id='word_1_77' title='bbox 1064 1310 1167 1365; x_wconf 89' lang='lat' dir='ltr'><strong>lib.</strong></span> <span class='ocrx_word' id='word_1_78' title='bbox 1202 1325 1381 1365; x_wconf 90' lang='lat' dir='ltr'><strong>unam</strong></span> <span class='ocrx_word' id='word_1_79' title='bbox 1411 1311 1469 1364; x_wconf 89' lang='lat' dir='ltr'><strong>et</strong></span> <span class='ocrx_word' id='word_1_80' title='bbox 1498 1307 1696 1364; x_wconf 87' lang='lat' dir='ltr'><strong>semis.</strong></span> 
     </span>
    </p>
   </div>
   <div class='ocr_carea' id='block_1_16' title="bbox 471 1401 1230 1461">
    <p class='ocr_par' dir='ltr' id='par_1_16' title="bbox 471 1401 1230 1461">
     <span class='ocr_line' id='line_1_16' title="bbox 471 1401 1230 1461; baseline -0.009 0"><span class='ocrx_word' id='word_1_81' title='bbox 471 1403 780 1461; x_wconf 89' lang='lat' dir='ltr'><strong>Heinricus</strong></span> <span class='ocrx_word' id='word_1_82' title='bbox 811 1401 1143 1456; x_wconf 83' lang='lat' dir='ltr'><strong>Advocatus</strong></span> <span class='ocrx_word' id='word_1_83' title='bbox 1175 1416 1230 1455; x_wconf 85' lang='grc' dir='ltr'><strong>ν.</strong></span> 
     </span>
    </p>
   </div>
   <div class='ocr_carea' id='block_1_17' title="bbox 470 1489 1154 1562">
    <p class='ocr_par' dir='ltr' id='par_1_17' title="bbox 470 1489 1154 1562">
     <span class='ocr_line' id='line_1_17' title="bbox 470 1489 1154 1562; baseline -0.01 -13"><span class='ocrx_word' id='word_1_84' title='bbox 470 1492 672 1550; x_wconf 86' lang='lat' dir='ltr'><strong>Filista</strong></span> <span class='ocrx_word' id='word_1_85' title='bbox 702 1491 917 1562; x_wconf 86' lang='lat' dir='ltr'><strong>conjux</strong></span> <span class='ocrx_word' id='word_1_86' title='bbox 938 1489 1066 1560; x_wconf 88' lang='lat' dir='ltr'><strong>ejus</strong></span> <span class='ocrx_word' id='word_1_87' title='bbox 1099 1506 1154 1543; x_wconf 90' lang='lat' dir='ltr'><strong>v.</strong></span> 
     </span>
    </p>
   </div>
   <div class='ocr_carea' id='block_1_18' title="bbox 467 1578 1174 1655">
    <p class='ocr_par' dir='ltr' id='par_1_18' title="bbox 467 1578 1174 1655">
     <span class='ocr_line' id='line_1_18' title="bbox 467 1578 1174 1655; baseline -0.011 -16"><span class='ocrx_word' id='word_1_88' title='bbox 467 1583 634 1655; x_wconf 91' lang='lat' dir='ltr'><strong>Hugo</strong></span> <span class='ocrx_word' id='word_1_89' title='bbox 665 1581 736 1637; x_wconf 93' lang='lat' dir='ltr'><strong>de</strong></span> <span class='ocrx_word' id='word_1_90' title='bbox 765 1578 1053 1636; x_wconf 90' lang='lat' dir='ltr'><strong>Brisciaco</strong></span> <span class='ocrx_word' id='word_1_91' title='bbox 1090 1594 1174 1632; x_wconf 89' lang='grc' dir='ltr'><strong>ιιι.</strong></span> 
     </span>
    </p>
   </div>
   <div class='ocr_carea' id='block_1_19' title="bbox 467 1668 1136 1728">
    <p class='ocr_par' dir='ltr' id='par_1_19' title="bbox 467 1668 1136 1728">
     <span class='ocr_line' id='line_1_19' title="bbox 467 1668 1136 1728; baseline -0.012 0"><span class='ocrx_word' id='word_1_92' title='bbox 467 1671 768 1728; x_wconf 90' lang='lat' dir='ltr'><strong>Widricus</strong></span> <span class='ocrx_word' id='word_1_93' title='bbox 797 1668 1051 1725; x_wconf 87' lang='lat' dir='ltr'><strong>Grossus</strong></span> <span class='ocrx_word' id='word_1_94' title='bbox 1079 1684 1136 1722; x_wconf 93' lang='lat' dir='ltr'><strong>v.</strong></span> 
     </span>
    </p>
   </div>
   <div class='ocr_carea' id='block_1_20' title="bbox 467 1757 1106 1817">
    <p class='ocr_par' dir='ltr' id='par_1_20' title="bbox 467 1757 1106 1817">
     <span class='ocr_line' id='line_1_20' title="bbox 467 1757 1106 1817; baseline -0.011 0"><span class='ocrx_word' id='word_1_95' title='bbox 467 1760 774 1817; x_wconf 84' lang='lat' dir='ltr'><strong>Heinricus</strong></span> <span class='ocrx_word' id='word_1_96' title='bbox 805 1760 875 1813; x_wconf 93' lang='lat' dir='ltr'><strong>de</strong></span> <span class='ocrx_word' id='word_1_97' title='bbox 904 1757 1021 1812; x_wconf 89' lang='lat' dir='ltr'><strong>Fau</strong></span> <span class='ocrx_word' id='word_1_98' title='bbox 1053 1773 1106 1810; x_wconf 93' lang='lat' dir='ltr'><strong>v.</strong></span> 
     </span>
    </p>
   </div>
   <div class='ocr_carea' id='block_1_21' title="bbox 467 1844 1268 1905">
    <p class='ocr_par' dir='ltr' id='par_1_21' title="bbox 467 1844 1268 1905">
     <span class='ocr_line' id='line_1_21' title="bbox 467 1844 1268 1905; baseline -0.009 0"><span class='ocrx_word' id='word_1_99' title='bbox 467 1848 774 1905; x_wconf 84' lang='lat' dir='ltr'><strong>Heinricus</strong></span> <span class='ocrx_word' id='word_1_100' title='bbox 807 1847 877 1902; x_wconf 91' lang='lat' dir='ltr'><strong>de</strong></span> <span class='ocrx_word' id='word_1_101' title='bbox 907 1844 1184 1900; x_wconf 90' lang='lat' dir='ltr'><strong>Tussiaco</strong></span> <span class='ocrx_word' id='word_1_102' title='bbox 1215 1861 1268 1898; x_wconf 93' lang='lat' dir='ltr'><strong>v.</strong></span> 
     </span>
    </p>
   </div>
   <div class='ocr_carea' id='block_1_22' title="bbox 465 1934 1229 2008">
    <p class='ocr_par' dir='ltr' id='par_1_22' title="bbox 465 1934 1229 2008">
     <span class='ocr_line' id='line_1_22' title="bbox 465 1934 1229 2008; baseline -0.005 -15"><span class='ocrx_word' id='word_1_103' title='bbox 465 1935 840 2008; x_wconf 88' lang='lat' dir='ltr'><strong>Hildeburgis</strong></span> <span class='ocrx_word' id='word_1_104' title='bbox 871 1935 942 1990; x_wconf 91' lang='lat' dir='ltr'><strong>de</strong></span> <span class='ocrx_word' id='word_1_105' title='bbox 971 1934 1146 1988; x_wconf 90' lang='lat' dir='ltr'><strong>Barro</strong></span> <span class='ocrx_word' id='word_1_106' title='bbox 1178 1949 1229 1989; x_wconf 88' lang='lat' dir='ltr'><strong>v.</strong></span> 
     </span>
    </p>
   </div>
   <div class='ocr_carea' id='block_1_23' title="bbox 465 2019 2040 2084">
    <p class='ocr_par' dir='ltr' id='par_1_23' title="bbox 465 2019 2040 2084">
     <span class='ocr_line' id='line_1_23' title="bbox 465 2019 2040 2084; baseline -0.005 0"><span class='ocrx_word' id='word_1_107' title='bbox 465 2027 589 2084; x_wconf 89' lang='lat' dir='ltr'><strong>Oda</strong></span> <span class='ocrx_word' id='word_1_108' title='bbox 617 2027 689 2082; x_wconf 92' lang='lat' dir='ltr'><strong>de</strong></span> <span class='ocrx_word' id='word_1_109' title='bbox 719 2025 934 2081; x_wconf 91' lang='lat' dir='ltr'><strong>domno</strong></span> <span class='ocrx_word' id='word_1_110' title='bbox 967 2022 1217 2079; x_wconf 89' lang='lat' dir='ltr'><strong>Martino</strong></span> <span class='ocrx_word' id='word_1_111' title='bbox 1248 2019 1454 2077; x_wconf 90' lang='lat' dir='ltr'><strong>uncias</strong></span> <span class='ocrx_word' id='word_1_112' title='bbox 1495 2019 1620 2076; x_wconf 90' lang='lat' dir='ltr'><strong>auri</strong></span> <span class='ocrx_word' id='word_1_113' title='bbox 1669 2035 1727 2078; x_wconf 83' lang='grc' dir='ltr'><strong>ιν</strong></span> <span class='ocrx_word' id='word_1_114' title='bbox 1757 2022 1813 2075; x_wconf 92' lang='lat' dir='ltr'><strong>et</strong></span> <span class='ocrx_word' id='word_1_115' title='bbox 1841 2019 2040 2076; x_wconf 85' lang='lat' dir='ltr'><strong>semis.</strong></span> 
     </span>
    </p>
   </div>
   <div class='ocr_carea' id='block_1_24' title="bbox 465 2113 1045 2173">
    <p class='ocr_par' dir='ltr' id='par_1_24' title="bbox 465 2113 1045 2173">
     <span class='ocr_line' id='line_1_24' title="bbox 465 2113 1045 2173; baseline -0.01 0"><span class='ocrx_word' id='word_1_116' title='bbox 465 2115 826 2173; x_wconf 83' lang='lat' dir='ltr'><strong>Mainfredus</strong></span> <span class='ocrx_word' id='word_1_117' title='bbox 857 2113 960 2169; x_wconf 91' lang='lat' dir='ltr'><strong>lib.</strong></span> <span class='ocrx_word' id='word_1_118' title='bbox 990 2129 1045 2169; x_wconf 87' lang='grc' dir='ltr'><strong>ν.</strong></span> 
     </span>
    </p>
   </div>
   <div class='ocr_carea' id='block_1_25' title="bbox 463 2207 778 2263">
    <p class='ocr_par' dir='ltr' id='par_1_25' title="bbox 463 2207 778 2263">
     <span class='ocr_line' id='line_1_25' title="bbox 463 2207 778 2263; baseline -0.013 -1"><span class='ocrx_word' id='word_1_119' title='bbox 463 2207 673 2263; x_wconf 85' lang='lat' dir='ltr'><strong>Emma</strong></span> <span class='ocrx_word' id='word_1_120' title='bbox 698 2221 778 2261; x_wconf 83' lang='lat' dir='ltr'><strong>v1.</strong></span> 
     </span>
    </p>
   </div>
   <div class='ocr_carea' id='block_1_26' title="bbox 463 2294 900 2350">
    <p class='ocr_par' dir='ltr' id='par_1_26' title="bbox 463 2294 900 2350">
     <span class='ocr_line' id='line_1_26' title="bbox 463 2294 900 2350; baseline -0.011 1"><span class='ocrx_word' id='word_1_121' title='bbox 463 2294 819 2350; x_wconf 88' lang='lat' dir='ltr'><strong>Walderada</strong></span> <span class='ocrx_word' id='word_1_122' title='bbox 845 2309 900 2347; x_wconf 94' lang='lat' dir='ltr'><strong>v.</strong></span> 
     </span>
    </p>
   </div>
   <div class='ocr_carea' id='block_1_27' title="bbox 463 2377 1233 2440">
    <p class='ocr_par' dir='ltr' id='par_1_27' title="bbox 463 2377 1233 2440">
     <span class='ocr_line' id='line_1_27' title="bbox 463 2377 1233 2440; baseline -0.009 0"><span class='ocrx_word' id='word_1_123' title='bbox 463 2381 802 2440; x_wconf 90' lang='lat' dir='ltr'><strong>Mainherus</strong></span> <span class='ocrx_word' id='word_1_124' title='bbox 833 2381 904 2436; x_wconf 91' lang='lat' dir='ltr'><strong>de</strong></span> <span class='ocrx_word' id='word_1_125' title='bbox 935 2377 1150 2435; x_wconf 90' lang='lat' dir='ltr'><strong>Calmis</strong></span> <span class='ocrx_word' id='word_1_126' title='bbox 1179 2396 1233 2437; x_wconf 91' lang='lat' dir='ltr'><strong>v.</strong></span> 
     </span>
    </p>
   </div>
   <div class='ocr_carea' id='block_1_28' title="bbox 462 2469 1241 2530">
    <p class='ocr_par' dir='ltr' id='par_1_28' title="bbox 462 2469 1241 2530">
     <span class='ocr_line' id='line_1_28' title="bbox 462 2469 1241 2530; baseline -0.01 0"><span class='ocrx_word' id='word_1_127' title='bbox 462 2472 808 2530; x_wconf 90' lang='lat' dir='ltr'><strong>Lambertus</strong></span> <span class='ocrx_word' id='word_1_128' title='bbox 837 2469 1155 2526; x_wconf 90' lang='lat' dir='ltr'><strong>canonicus</strong></span> <span class='ocrx_word' id='word_1_129' title='bbox 1187 2485 1241 2523; x_wconf 92' lang='lat' dir='ltr'><strong>v.</strong></span> 
     </span>
    </p>
   </div>
   <div class='ocr_carea' id='block_1_29' title="bbox 466 2560 895 2633">
    <p class='ocr_par' dir='ltr' id='par_1_29' title="bbox 466 2560 895 2633">
     <span class='ocr_line' id='line_1_29' title="bbox 466 2560 895 2633; baseline -0.005 -17"><span class='ocrx_word' id='word_1_130' title='bbox 466 2560 813 2633; x_wconf 85' lang='lat' dir='ltr'><strong>Ingobertus</strong></span> <span class='ocrx_word' id='word_1_131' title='bbox 841 2576 895 2614; x_wconf 91' lang='lat' dir='ltr'><strong>v.</strong></span> 
     </span>
    </p>
   </div>
   <div class='ocr_carea' id='block_1_30' title="bbox 462 2645 1370 2706">
    <p class='ocr_par' dir='ltr' id='par_1_30' title="bbox 462 2645 1370 2706">
     <span class='ocr_line' id='line_1_30' title="bbox 462 2645 1370 2706; baseline -0.004 0"><span class='ocrx_word' id='word_1_132' title='bbox 462 2650 728 2706; x_wconf 91' lang='lat' dir='ltr'><strong>Domnus</strong></span> <span class='ocrx_word' id='word_1_133' title='bbox 759 2647 943 2704; x_wconf 86' lang='lat' dir='ltr'><strong>abbas</strong></span> <span class='ocrx_word' id='word_1_134' title='bbox 972 2645 1300 2703; x_wconf 85' lang='lat' dir='ltr'><strong>Richardus</strong></span> <span class='ocrx_word' id='word_1_135' title='bbox 1331 2663 1370 2702; x_wconf 91' lang='grc' dir='ltr'><strong>ι.</strong></span> 
     </span>
    </p>
   </div>
   <div class='ocr_carea' id='block_1_31' title="bbox 461 2736 1360 2796">
    <p class='ocr_par' dir='ltr' id='par_1_31' title="bbox 461 2736 1360 2796">
     <span class='ocr_line' id='line_1_31' title="bbox 461 2736 1360 2796; baseline -0.007 0"><span class='ocrx_word' id='word_1_136' title='bbox 461 2739 728 2796; x_wconf 90' lang='lat' dir='ltr'><strong>Domnus</strong></span> <span class='ocrx_word' id='word_1_137' title='bbox 758 2737 941 2793; x_wconf 83' lang='lat' dir='ltr'><strong>abbas</strong></span> <span class='ocrx_word' id='word_1_138' title='bbox 970 2736 1290 2792; x_wconf 83' lang='lat' dir='ltr'><strong>Norbertus</strong></span> <span class='ocrx_word' id='word_1_139' title='bbox 1321 2749 1360 2791; x_wconf 87' lang='grc' dir='ltr'><strong>ι.</strong></span> 
     </span>
    </p>
   </div>
   <div class='ocr_carea' id='block_1_32' title="bbox 2235 415 3042 490">
    <p class='ocr_par' dir='ltr' id='par_1_32' title="bbox 2235 415 3042 490">
     <span class='ocr_line' id='line_1_32' title="bbox 2235 415 3042 490; baseline 0.002 -19"><span class='ocrx_word' id='word_1_140' title='bbox 2235 415 2497 472; x_wconf 91' lang='lat' dir='ltr'><strong>Domnus</strong></span> <span class='ocrx_word' id='word_1_141' title='bbox 2529 417 2710 473; x_wconf 88' lang='lat' dir='ltr'><strong>abbas</strong></span> <span class='ocrx_word' id='word_1_142' title='bbox 2741 417 2934 490; x_wconf 92' lang='lat' dir='ltr'><strong>Poppo</strong></span> <span class='ocrx_word' id='word_1_143' title='bbox 2966 434 3042 474; x_wconf 89' lang='lat' dir='ltr'><strong>1v.</strong></span> 
     </span>
    </p>
   </div>
   <div class='ocr_carea' id='block_1_33' title="bbox 2235 504 3526 562">
    <p class='ocr_par' dir='ltr' id='par_1_33' title="bbox 2235 504 3526 562">
     <span class='ocr_line' id='line_1_33' title="bbox 2235 504 3526 562; baseline 0.002 -4"><span class='ocrx_word' id='word_1_144' title='bbox 2235 509 2495 560; x_wconf 87' lang='lat' dir='ltr'><strong>Domnus</strong></span> <span class='ocrx_word' id='word_1_145' title='bbox 2527 505 2707 560; x_wconf 87' lang='lat' dir='ltr'><strong>abbas</strong></span> <span class='ocrx_word' id='word_1_146' title='bbox 2736 505 2970 562; x_wconf 90' lang='lat' dir='ltr'><strong>Erlinus</strong></span> <span class='ocrx_word' id='word_1_147' title='bbox 3010 521 3190 562; x_wconf 90' lang='lat' dir='ltr'><strong>unam</strong></span> <span class='ocrx_word' id='word_1_148' title='bbox 3233 508 3292 562; x_wconf 91' lang='lat' dir='ltr'><strong>et</strong></span> <span class='ocrx_word' id='word_1_149' title='bbox 3323 504 3526 561; x_wconf 88' lang='lat' dir='ltr'><strong>semis.</strong></span> 
     </span>
    </p>
   </div>
   <div class='ocr_carea' id='block_1_34' title="bbox 2232 592 3150 650">
    <p class='ocr_par' dir='ltr' id='par_1_34' title="bbox 2232 592 3150 650">
     <span class='ocr_line' id='line_1_34' title="bbox 2232 592 3150 650; baseline 0 -2"><span class='ocrx_word' id='word_1_150' title='bbox 2232 592 2497 649; x_wconf 87' lang='lat' dir='ltr'><strong>Domnus</strong></span> <span class='ocrx_word' id='word_1_151' title='bbox 2527 593 2709 649; x_wconf 87' lang='lat' dir='ltr'><strong>abbas</strong></span> <span class='ocrx_word' id='word_1_152' title='bbox 2739 594 3055 650; x_wconf 88' lang='lat' dir='ltr'><strong>Herbertus</strong></span> <span class='ocrx_word' id='word_1_153' title='bbox 3089 612 3150 648; x_wconf 90' lang='grc' dir='ltr'><strong>ιι.</strong></span> 
     </span>
    </p>
   </div>
   <div class='ocr_carea' id='block_1_35' title="bbox 2230 681 3702 739">
    <p class='ocr_par' dir='ltr' id='par_1_35' title="bbox 2230 681 3702 739">
     <span class='ocr_line' id='line_1_35' title="bbox 2230 681 3702 739; baseline 0 -1"><span class='ocrx_word' id='word_1_154' title='bbox 2230 681 2494 738; x_wconf 88' lang='lat' dir='ltr'><strong>Domnus</strong></span> <span class='ocrx_word' id='word_1_155' title='bbox 2525 681 2846 738; x_wconf 85' lang='lat' dir='ltr'><strong>Azechinus</strong></span> <span class='ocrx_word' id='word_1_156' title='bbox 2876 699 3056 738; x_wconf 90' lang='lat' dir='ltr'><strong>unam</strong></span> <span class='ocrx_word' id='word_1_157' title='bbox 3088 685 3145 738; x_wconf 88' lang='lat' dir='ltr'><strong>et</strong></span> <span class='ocrx_word' id='word_1_158' title='bbox 3174 681 3353 739; x_wconf 87' lang='lat' dir='ltr'><strong>semis</strong></span> <span class='ocrx_word' id='word_1_159' title='bbox 3382 686 3440 738; x_wconf 93' lang='lat' dir='ltr'><strong>et</strong></span> <span class='ocrx_word' id='word_1_160' title='bbox 3467 699 3504 738; x_wconf 93' lang='lat' dir='ltr'><strong>v</strong></span> <span class='ocrx_word' id='word_1_161' title='bbox 3532 681 3702 739; x_wconf 88' lang='lat' dir='ltr'><strong>solid.</strong></span> 
     </span>
    </p>
   </div>
   <div class='ocr_carea' id='block_1_36' title="bbox 2229 771 3812 844">
    <p class='ocr_par' dir='ltr' id='par_1_36' title="bbox 2229 771 3812 844">
     <span class='ocr_line' id='line_1_36' title="bbox 2229 771 3812 844; baseline 0.003 -18"><span class='ocrx_word' id='word_1_162' title='bbox 2229 771 2579 844; x_wconf 85' lang='lat' dir='ltr'><strong>Eleemosyae</strong></span> <span class='ocrx_word' id='word_1_163' title='bbox 2643 788 3077 828; x_wconf 89' lang='lat' dir='ltr'><strong>conversorum.</strong></span> <span class='ocrx_word' id='word_1_164' title='bbox 3153 772 3418 828; x_wconf 90' lang='lat' dir='ltr'><strong>Domnus</strong></span> <span class='ocrx_word' id='word_1_165' title='bbox 3493 772 3812 831; x_wconf 85' lang='lat' dir='ltr'><strong>Herbertus</strong></span> 
     </span>
    </p>
   </div>
   <div class='ocr_carea' id='block_1_37' title="bbox 2158 859 3812 934">
    <p class='ocr_par' dir='ltr' id='par_1_37' title="bbox 2158 859 3812 934">
     <span class='ocr_line' id='line_1_37' title="bbox 2158 859 3812 934; baseline 0.002 -19"><span class='ocrx_word' id='word_1_166' title='bbox 2158 859 2532 934; x_wconf 88' lang='lat' dir='ltr'><strong>primicerius</strong></span> <span class='ocrx_word' id='word_1_167' title='bbox 2563 878 2618 916; x_wconf 92' lang='lat' dir='ltr'><strong>v.</strong></span> <span class='ocrx_word' id='word_1_168' title='bbox 2652 861 2917 917; x_wconf 92' lang='lat' dir='ltr'><strong>Domnus</strong></span> <span class='ocrx_word' id='word_1_169' title='bbox 2950 860 3264 917; x_wconf 89' lang='lat' dir='ltr'><strong>Herbertus</strong></span> <span class='ocrx_word' id='word_1_170' title='bbox 3310 860 3539 918; x_wconf 90' lang='lat' dir='ltr'><strong>archid.</strong></span> <span class='ocrx_word' id='word_1_171' title='bbox 3582 879 3722 918; x_wconf 86' lang='lat' dir='ltr'><strong>xvm</strong></span> <span class='ocrx_word' id='word_1_172' title='bbox 3753 868 3812 920; x_wconf 91' lang='lat' dir='ltr'><strong>et</strong></span> 
     </span>
    </p>
   </div>
   <div class='ocr_carea' id='block_1_38' title="bbox 2159 949 3810 1022">
    <p class='ocr_par' dir='ltr' id='par_1_38' title="bbox 2159 949 3810 1022">
     <span class='ocr_line' id='line_1_38' title="bbox 2159 949 3810 1022; baseline 0.003 -17"><span class='ocrx_word' id='word_1_173' title='bbox 2159 965 2404 1022; x_wconf 89' lang='lat' dir='ltr'><strong>cappam</strong></span> <span class='ocrx_word' id='word_1_174' title='bbox 2440 965 2815 1022; x_wconf 88' lang='lat' dir='ltr'><strong>purpuream.</strong></span> <span class='ocrx_word' id='word_1_175' title='bbox 2851 955 3111 1006; x_wconf 90' lang='lat' dir='ltr'><strong>Domnus</strong></span> <span class='ocrx_word' id='word_1_176' title='bbox 3133 949 3442 1006; x_wconf 88' lang='lat' dir='ltr'><strong>Gozelinus</strong></span> <span class='ocrx_word' id='word_1_177' title='bbox 3461 968 3517 1005; x_wconf 86' lang='grc' dir='ltr'><strong>ν.</strong></span> <span class='ocrx_word' id='word_1_178' title='bbox 3542 954 3810 1010; x_wconf 88' lang='lat' dir='ltr'><strong>Domnus</strong></span> 
     </span>
    </p>
   </div>
   <div class='ocr_carea' id='block_1_39' title="bbox 2157 1037 3809 1098">
    <p class='ocr_par' dir='ltr' id='par_1_39' title="bbox 2157 1037 3809 1098">
     <span class='ocr_line' id='line_1_39' title="bbox 2157 1037 3809 1098; baseline 0.002 -4"><span class='ocrx_word' id='word_1_179' title='bbox 2157 1037 2459 1094; x_wconf 87' lang='lat' dir='ltr'><strong>Girbertus</strong></span> <span class='ocrx_word' id='word_1_180' title='bbox 2490 1056 2589 1095; x_wconf 83' lang='lat' dir='ltr'><strong>x11.</strong></span> <span class='ocrx_word' id='word_1_181' title='bbox 2623 1039 2886 1094; x_wconf 91' lang='lat' dir='ltr'><strong>Domnus</strong></span> <span class='ocrx_word' id='word_1_182' title='bbox 2915 1038 3189 1094; x_wconf 84' lang='lat' dir='ltr'><strong>Albertus</strong></span> <span class='ocrx_word' id='word_1_183' title='bbox 3217 1056 3291 1094; x_wconf 79' lang='lat' dir='ltr'><strong>vr.</strong></span> <span class='ocrx_word' id='word_1_184' title='bbox 3328 1041 3588 1097; x_wconf 91' lang='lat' dir='ltr'><strong>Domnus</strong></span> <span class='ocrx_word' id='word_1_185' title='bbox 3617 1041 3809 1098; x_wconf 87' lang='lat' dir='ltr'><strong>Theo-</strong></span> 
     </span>
    </p>
   </div>
   <div class='ocr_carea' id='block_1_40' title="bbox 2157 1127 3806 1187">
    <p class='ocr_par' dir='ltr' id='par_1_40' title="bbox 2157 1127 3806 1187">
     <span class='ocr_line' id='line_1_40' title="bbox 2157 1127 3806 1187; baseline 0.003 -5"><span class='ocrx_word' id='word_1_186' title='bbox 2157 1127 2388 1182; x_wconf 90' lang='lat' dir='ltr'><strong>dericus</strong></span> <span class='ocrx_word' id='word_1_187' title='bbox 2431 1145 2531 1182; x_wconf 85' lang='lat' dir='ltr'><strong>vn.</strong></span> <span class='ocrx_word' id='word_1_188' title='bbox 2585 1127 2850 1184; x_wconf 90' lang='lat' dir='ltr'><strong>Domnus</strong></span> <span class='ocrx_word' id='word_1_189' title='bbox 2897 1127 3222 1185; x_wconf 84' lang='lat' dir='ltr'><strong>Goisfridus</strong></span> <span class='ocrx_word' id='word_1_190' title='bbox 3272 1145 3452 1184; x_wconf 90' lang='lat' dir='ltr'><strong>unam</strong></span> <span class='ocrx_word' id='word_1_191' title='bbox 3497 1133 3555 1185; x_wconf 90' lang='lat' dir='ltr'><strong>et</strong></span> <span class='ocrx_word' id='word_1_192' title='bbox 3603 1131 3806 1187; x_wconf 88' lang='lat' dir='ltr'><strong>semis.</strong></span> 
     </span>
    </p>
   </div>
   <div class='ocr_carea' id='block_1_41' title="bbox 2159 1215 3808 1289">
    <p class='ocr_par' dir='ltr' id='par_1_41' title="bbox 2159 1215 3808 1289">
     <span class='ocr_line' id='line_1_41' title="bbox 2159 1215 3808 1289; baseline 0.004 -19"><span class='ocrx_word' id='word_1_193' title='bbox 2159 1215 2420 1272; x_wconf 91' lang='lat' dir='ltr'><strong>Domnus</strong></span> <span class='ocrx_word' id='word_1_194' title='bbox 2467 1216 2827 1273; x_wconf 86' lang='lat' dir='ltr'><strong>Harwardus</strong></span> <span class='ocrx_word' id='word_1_195' title='bbox 2863 1235 2882 1271; x_wconf 92' lang='grc' dir='ltr'><strong>ι</strong></span> <span class='ocrx_word' id='word_1_196' title='bbox 2928 1220 2988 1272; x_wconf 93' lang='lat' dir='ltr'><strong>et</strong></span> <span class='ocrx_word' id='word_1_197' title='bbox 3035 1216 3248 1289; x_wconf 87' lang='lat' dir='ltr'><strong>pallam</strong></span> <span class='ocrx_word' id='word_1_198' title='bbox 3297 1234 3495 1273; x_wconf 91' lang='lat' dir='ltr'><strong>unam.</strong></span> <span class='ocrx_word' id='word_1_199' title='bbox 3542 1217 3808 1276; x_wconf 88' lang='lat' dir='ltr'><strong>Domnus</strong></span> 
     </span>
    </p>
   </div>
   <div class='ocr_carea' id='block_1_42' title="bbox 2159 1305 3802 1365">
    <p class='ocr_par' dir='ltr' id='par_1_42' title="bbox 2159 1305 3802 1365">
     <span class='ocr_line' id='line_1_42' title="bbox 2159 1305 3802 1365; baseline 0.002 -4"><span class='ocrx_word' id='word_1_200' title='bbox 2159 1305 2358 1361; x_wconf 89' lang='lat' dir='ltr'><strong>Tendo</strong></span> <span class='ocrx_word' id='word_1_201' title='bbox 2389 1305 2591 1362; x_wconf 90' lang='lat' dir='ltr'><strong>vineas</strong></span> <span class='ocrx_word' id='word_1_202' title='bbox 2621 1305 2693 1361; x_wconf 92' lang='lat' dir='ltr'><strong>ad</strong></span> <span class='ocrx_word' id='word_1_203' title='bbox 2724 1323 2761 1361; x_wconf 72' lang='grc' dir='ltr'><em>κ</em></span> <span class='ocrx_word' id='word_1_204' title='bbox 2790 1322 2939 1362; x_wconf 87' lang='lat' dir='ltr'><strong>carr.</strong></span> <span class='ocrx_word' id='word_1_205' title='bbox 2989 1305 3129 1362; x_wconf 92' lang='lat' dir='ltr'><strong>vini.</strong></span> <span class='ocrx_word' id='word_1_206' title='bbox 3181 1305 3390 1362; x_wconf 89' lang='lat' dir='ltr'><strong>Comes</strong></span> <span class='ocrx_word' id='word_1_207' title='bbox 3442 1306 3604 1364; x_wconf 92' lang='lat' dir='ltr'><strong>Oddo</strong></span> <span class='ocrx_word' id='word_1_208' title='bbox 3634 1325 3671 1362; x_wconf 84' lang='lat' dir='ltr'><strong>x</strong></span> <span class='ocrx_word' id='word_1_209' title='bbox 3697 1307 3802 1365; x_wconf 91' lang='lat' dir='ltr'><strong>lib.</strong></span> 
     </span>
    </p>
   </div>
   <div class='ocr_carea' id='block_1_43' title="bbox 2226 1393 3804 1468">
    <p class='ocr_par' dir='ltr' id='par_1_43' title="bbox 2226 1393 3804 1468">
     <span class='ocr_line' id='line_1_43' title="bbox 2226 1393 3804 1468; baseline 0.003 -19"><span class='ocrx_word' id='word_1_210' title='bbox 2226 1394 2339 1450; x_wconf 91' lang='lat' dir='ltr'><strong>Nec</strong></span> <span class='ocrx_word' id='word_1_211' title='bbox 2361 1393 2573 1451; x_wconf 91' lang='lat' dir='ltr'><strong>minori</strong></span> <span class='ocrx_word' id='word_1_212' title='bbox 2596 1395 2921 1468; x_wconf 84' lang='lat' dir='ltr'><strong>gratiarum</strong></span> <span class='ocrx_word' id='word_1_213' title='bbox 2938 1395 3164 1451; x_wconf 87' lang='lat' dir='ltr'><strong>actione</strong></span> <span class='ocrx_word' id='word_1_214' title='bbox 3183 1395 3518 1468; x_wconf 91' lang='lat' dir='ltr'><strong>suscipiunt</strong></span> <span class='ocrx_word' id='word_1_215' title='bbox 3537 1397 3691 1468; x_wconf 91' lang='lat' dir='ltr'><strong>quod</strong></span> <span class='ocrx_word' id='word_1_216' title='bbox 3716 1397 3804 1454; x_wconf 86' lang='lat' dir='ltr'><strong>eis</strong></span> 
     </span>
    </p>
   </div>
   <div class='ocr_carea' id='block_1_44' title="bbox 2156 1481 3802 1556">
    <p class='ocr_par' dir='ltr' id='par_1_44' title="bbox 2156 1481 3802 1556">
     <span class='ocr_line' id='line_1_44' title="bbox 2156 1481 3802 1556; baseline 0.002 -18"><span class='ocrx_word' id='word_1_217' title='bbox 2156 1481 2309 1538; x_wconf 89' lang='lat' dir='ltr'><strong>cives</strong></span> <span class='ocrx_word' id='word_1_218' title='bbox 2353 1487 2410 1539; x_wconf 90' lang='lat' dir='ltr'><strong>et</strong></span> <span class='ocrx_word' id='word_1_219' title='bbox 2457 1484 2781 1540; x_wconf 89' lang='lat' dir='ltr'><strong>suburbani</strong></span> <span class='ocrx_word' id='word_1_220' title='bbox 2828 1483 3012 1541; x_wconf 86' lang='lat' dir='ltr'><strong>nostri</strong></span> <span class='ocrx_word' id='word_1_221' title='bbox 3060 1483 3119 1538; x_wconf 92' lang='lat' dir='ltr'><strong>in</strong></span> <span class='ocrx_word' id='word_1_222' title='bbox 3165 1499 3476 1556; x_wconf 88' lang='lat' dir='ltr'><strong>carropera</strong></span> <span class='ocrx_word' id='word_1_223' title='bbox 3518 1483 3802 1555; x_wconf 83' lang='lat' dir='ltr'><strong>fecerunt,</strong></span> 
     </span>
    </p>
   </div>
   <div class='ocr_carea' id='block_1_45' title="bbox 2155 1570 3803 1645">
    <p class='ocr_par' dir='ltr' id='par_1_45' title="bbox 2155 1570 3803 1645">
     <span class='ocr_line' id='line_1_45' title="bbox 2155 1570 3803 1645; baseline 0.003 -19"><span class='ocrx_word' id='word_1_224' title='bbox 2155 1587 2290 1627; x_wconf 91' lang='lat' dir='ltr'><strong>cum</strong></span> <span class='ocrx_word' id='word_1_225' title='bbox 2322 1589 2462 1628; x_wconf 85' lang='lat' dir='ltr'><strong>saxa</strong></span> <span class='ocrx_word' id='word_1_226' title='bbox 2485 1570 2746 1645; x_wconf 90' lang='lat' dir='ltr'><strong>ingentia</strong></span> <span class='ocrx_word' id='word_1_227' title='bbox 2775 1575 2832 1628; x_wconf 87' lang='lat' dir='ltr'><strong>et</strong></span> <span class='ocrx_word' id='word_1_228' title='bbox 2861 1571 3084 1645; x_wconf 90' lang='lat' dir='ltr'><strong>lapides</strong></span> <span class='ocrx_word' id='word_1_229' title='bbox 3116 1571 3362 1629; x_wconf 89' lang='lat' dir='ltr'><strong>muralis</strong></span> <span class='ocrx_word' id='word_1_230' title='bbox 3391 1573 3618 1630; x_wconf 87' lang='lat' dir='ltr'><strong>ordinis</strong></span> <span class='ocrx_word' id='word_1_231' title='bbox 3661 1573 3803 1632; x_wconf 87' lang='lat' dir='ltr'><strong>totis</strong></span> 
     </span>
    </p>
   </div>
   <div class='ocr_carea' id='block_1_46' title="bbox 2155 1661 3802 1734">
    <p class='ocr_par' dir='ltr' id='par_1_46' title="bbox 2155 1661 3802 1734">
     <span class='ocr_line' id='line_1_46' title="bbox 2155 1661 3802 1734; baseline 0.004 -20"><span class='ocrx_word' id='word_1_232' title='bbox 2155 1661 2402 1730; x_wconf 87' lang='lat' dir='ltr'><strong>viribus,</strong></span> <span class='ocrx_word' id='word_1_233' title='bbox 2423 1665 2743 1734; x_wconf 87' lang='lat' dir='ltr'><strong>spontaneo</strong></span> <span class='ocrx_word' id='word_1_234' title='bbox 2766 1661 2900 1718; x_wconf 90' lang='lat' dir='ltr'><strong>nisu</strong></span> <span class='ocrx_word' id='word_1_235' title='bbox 2922 1663 2979 1717; x_wconf 88' lang='lat' dir='ltr'><strong>et</strong></span> <span class='ocrx_word' id='word_1_236' title='bbox 3018 1665 3290 1734; x_wconf 89' lang='lat' dir='ltr'><strong>prompta</strong></span> <span class='ocrx_word' id='word_1_237' title='bbox 3330 1662 3631 1720; x_wconf 85' lang='lat' dir='ltr'><strong>voluntate</strong></span> <span class='ocrx_word' id='word_1_238' title='bbox 3667 1680 3802 1721; x_wconf 87' lang='lat' dir='ltr'><strong>con-</strong></span> 
     </span>
    </p>
   </div>
   <div class='ocr_carea' id='block_1_47' title="bbox 2076 1720 3800 1823">
    <p class='ocr_par' dir='ltr' id='par_1_47' title="bbox 2076 1720 3800 1823">
     <span class='ocr_line' id='line_1_47' title="bbox 2076 1720 3800 1823; baseline 0.002 -18"><span class='ocrx_word' id='word_1_239' title='bbox 2076 1720 2124 1785; x_wconf 84' lang='lat' dir='ltr'><strong>B</strong></span> <span class='ocrx_word' id='word_1_240' title='bbox 2154 1754 2452 1818; x_wconf 85' lang='lat' dir='ltr'><strong>vexerunt,</strong></span> <span class='ocrx_word' id='word_1_241' title='bbox 2487 1750 2806 1823; x_wconf 89' lang='lat' dir='ltr'><strong>ruinasque</strong></span> <span class='ocrx_word' id='word_1_242' title='bbox 2833 1753 3095 1807; x_wconf 87' lang='lat' dir='ltr'><strong>veterum</strong></span> <span class='ocrx_word' id='word_1_243' title='bbox 3128 1767 3433 1807; x_wconf 90' lang='lat' dir='ltr'><strong>murorum</strong></span> <span class='ocrx_word' id='word_1_244' title='bbox 3459 1747 3641 1809; x_wconf 84' lang='lat' dir='ltr'><strong>totius</strong></span> <span class='ocrx_word' id='word_1_245' title='bbox 3675 1769 3800 1810; x_wconf 90' lang='lat' dir='ltr'><strong>mo-</strong></span> 
     </span>
    </p>
   </div>
   <div class='ocr_carea' id='block_1_48' title="bbox 2150 1839 3792 1913">
    <p class='ocr_par' dir='ltr' id='par_1_48' title="bbox 2150 1839 3792 1913">
     <span class='ocr_line' id='line_1_48' title="bbox 2150 1839 3792 1913; baseline 0.003 -19"><span class='ocrx_word' id='word_1_246' title='bbox 2150 1839 2389 1896; x_wconf 89' lang='lat' dir='ltr'><strong>nasterii</strong></span> <span class='ocrx_word' id='word_1_247' title='bbox 2411 1839 2686 1896; x_wconf 89' lang='lat' dir='ltr'><strong>manibus</strong></span> <span class='ocrx_word' id='word_1_248' title='bbox 2708 1840 3158 1908; x_wconf 90' lang='lat' dir='ltr'><strong>mundaverunt,</strong></span> <span class='ocrx_word' id='word_1_249' title='bbox 3183 1841 3504 1898; x_wconf 88' lang='lat' dir='ltr'><strong>cervicibus</strong></span> <span class='ocrx_word' id='word_1_250' title='bbox 3525 1845 3792 1913; x_wconf 84' lang='lat' dir='ltr'><strong>asporta-</strong></span> 
     </span>
    </p>
   </div>
   <div class='ocr_carea' id='block_1_49' title="bbox 2151 1929 3826 2002">
    <p class='ocr_par' dir='ltr' id='par_1_49' title="bbox 2151 1929 3826 2002">
     <span class='ocr_line' id='line_1_49' title="bbox 2151 1929 3826 2002; baseline 0.002 -18"><span class='ocrx_word' id='word_1_251' title='bbox 2151 1933 2379 2000; x_wconf 91' lang='lat' dir='ltr'><strong>verunt,</strong></span> <span class='ocrx_word' id='word_1_252' title='bbox 2419 1929 2654 2001; x_wconf 88' lang='lat' dir='ltr'><strong>quando</strong></span> <span class='ocrx_word' id='word_1_253' title='bbox 2704 1929 2953 1984; x_wconf 88' lang='lat' dir='ltr'><strong>necdum</strong></span> <span class='ocrx_word' id='word_1_254' title='bbox 2999 1929 3311 2002; x_wconf 85' lang='lat' dir='ltr'><strong>attigerant</strong></span> <span class='ocrx_word' id='word_1_255' title='bbox 3359 1929 3826 2000; x_wconf 50' lang='lat' dir='ltr'><strong>incensionum,</strong></span> 
     </span>
    </p>
   </div>
   <div class='ocr_carea' id='block_1_50' title="bbox 2153 2017 3794 2091">
    <p class='ocr_par' dir='ltr' id='par_1_50' title="bbox 2153 2017 3794 2091">
     <span class='ocr_line' id='line_1_50' title="bbox 2153 2017 3794 2091; baseline 0.002 -19"><span class='ocrx_word' id='word_1_256' title='bbox 2153 2018 2654 2091; x_wconf 70' lang='lat' dir='ltr'><strong>depraedationum</strong></span> <span class='ocrx_word' id='word_1_257' title='bbox 2675 2022 2731 2075; x_wconf 91' lang='lat' dir='ltr'><strong>et</strong></span> <span class='ocrx_word' id='word_1_258' title='bbox 2746 2017 2991 2075; x_wconf 88' lang='lat' dir='ltr'><strong>vastatio</strong></span> <span class='ocrx_word' id='word_1_259' title='bbox 3000 2034 3141 2074; x_wconf 89' lang='lat' dir='ltr'><strong>num</strong></span> <span class='ocrx_word' id='word_1_260' title='bbox 3162 2017 3364 2075; x_wconf 80' lang='lat' dir='ltr'><strong>infelix</strong></span> <span class='ocrx_word' id='word_1_261' title='bbox 3377 2018 3794 2076; x_wconf 75' lang='lat' dir='ltr'><strong>infortunium.</strong></span> 
     </span>
    </p>
   </div>
   <div class='ocr_carea' id='block_1_51' title="bbox 2154 2107 3797 2181">
    <p class='ocr_par' dir='ltr' id='par_1_51' title="bbox 2154 2107 3797 2181">
     <span class='ocr_line' id='line_1_51' title="bbox 2154 2107 3797 2181; baseline 0.001 -18"><span class='ocrx_word' id='word_1_262' title='bbox 2154 2109 2225 2164; x_wconf 90' lang='lat' dir='ltr'><strong>Et</strong></span> <span class='ocrx_word' id='word_1_263' title='bbox 2255 2107 2395 2180; x_wconf 88' lang='lat' dir='ltr'><strong>quia</strong></span> <span class='ocrx_word' id='word_1_264' title='bbox 2424 2107 2774 2164; x_wconf 88' lang='lat' dir='ltr'><strong>nominatim</strong></span> <span class='ocrx_word' id='word_1_265' title='bbox 2805 2123 2903 2164; x_wconf 90' lang='lat' dir='ltr'><strong>eos</strong></span> <span class='ocrx_word' id='word_1_266' title='bbox 2933 2124 3050 2164; x_wconf 90' lang='lat' dir='ltr'><strong>non</strong></span> <span class='ocrx_word' id='word_1_267' title='bbox 3092 2107 3248 2180; x_wconf 91' lang='lat' dir='ltr'><strong>capit</strong></span> <span class='ocrx_word' id='word_1_268' title='bbox 3295 2124 3547 2181; x_wconf 74' lang='lat' dir='ltr'><strong>praesens</strong></span> <span class='ocrx_word' id='word_1_269' title='bbox 3572 2107 3797 2178; x_wconf 87' lang='lat' dir='ltr'><strong>charta,</strong></span> 
     </span>
    </p>
   </div>
   <div class='ocr_carea' id='block_1_52' title="bbox 2153 2196 3798 2270">
    <p class='ocr_par' dir='ltr' id='par_1_52' title="bbox 2153 2196 3798 2270">
     <span class='ocr_line' id='line_1_52' title="bbox 2153 2196 3798 2270; baseline 0 -18"><span class='ocrx_word' id='word_1_270' title='bbox 2153 2197 2345 2270; x_wconf 88' lang='lat' dir='ltr'><strong>capiat</strong></span> <span class='ocrx_word' id='word_1_271' title='bbox 2374 2196 2507 2254; x_wconf 90' lang='lat' dir='ltr'><strong>illos</strong></span> <span class='ocrx_word' id='word_1_272' title='bbox 2532 2197 2782 2254; x_wconf 83' lang='lat' dir='ltr'><strong>caelestis</strong></span> <span class='ocrx_word' id='word_1_273' title='bbox 2812 2196 2976 2269; x_wconf 83' lang='lat' dir='ltr'><strong>regni</strong></span> <span class='ocrx_word' id='word_1_274' title='bbox 3008 2196 3143 2253; x_wconf 90' lang='lat' dir='ltr'><strong>aula</strong></span> <span class='ocrx_word' id='word_1_275' title='bbox 3170 2213 3275 2270; x_wconf 92' lang='lat' dir='ltr'><strong>pro</strong></span> <span class='ocrx_word' id='word_1_276' title='bbox 3305 2213 3375 2253; x_wconf 90' lang='lat' dir='ltr'><strong>ea</strong></span> <span class='ocrx_word' id='word_1_277' title='bbox 3403 2213 3581 2270; x_wconf 89' lang='lat' dir='ltr'><strong>quam</strong></span> <span class='ocrx_word' id='word_1_278' title='bbox 3611 2197 3798 2254; x_wconf 71' lang='lat' dir='ltr'><strong>aediﬁ-</strong></span> 
     </span>
    </p>
   </div>
   <div class='ocr_carea' id='block_1_53' title="bbox 2149 2286 3797 2358">
    <p class='ocr_par' dir='ltr' id='par_1_53' title="bbox 2149 2286 3797 2358">
     <span class='ocr_line' id='line_1_53' title="bbox 2149 2286 3797 2358; baseline 0.001 -15"><span class='ocrx_word' id='word_1_279' title='bbox 2149 2289 2430 2343; x_wconf 90' lang='lat' dir='ltr'><strong>caverunt</strong></span> <span class='ocrx_word' id='word_1_280' title='bbox 2466 2287 2580 2343; x_wconf 87' lang='lat' dir='ltr'><strong>Deo</strong></span> <span class='ocrx_word' id='word_1_281' title='bbox 2620 2289 2678 2342; x_wconf 90' lang='lat' dir='ltr'><strong>et</strong></span> <span class='ocrx_word' id='word_1_282' title='bbox 2707 2290 2909 2343; x_wconf 89' lang='lat' dir='ltr'><strong>sancto</strong></span> <span class='ocrx_word' id='word_1_283' title='bbox 2957 2288 3109 2358; x_wconf 91' lang='lat' dir='ltr'><strong>Apro</strong></span> <span class='ocrx_word' id='word_1_284' title='bbox 3147 2287 3208 2343; x_wconf 93' lang='lat' dir='ltr'><strong>in</strong></span> <span class='ocrx_word' id='word_1_285' title='bbox 3238 2286 3348 2343; x_wconf 89' lang='lat' dir='ltr'><strong>hac</strong></span> <span class='ocrx_word' id='word_1_286' title='bbox 3396 2286 3628 2344; x_wconf 90' lang='lat' dir='ltr'><strong>mortali</strong></span> <span class='ocrx_word' id='word_1_287' title='bbox 3657 2287 3797 2344; x_wconf 84' lang='lat' dir='ltr'><strong>vita.</strong></span> 
     </span>
    </p>
   </div>
   <div class='ocr_carea' id='block_1_54' title="bbox 2218 2375 3801 2450">
    <p class='ocr_par' dir='ltr' id='par_1_54' title="bbox 2218 2375 3801 2450">
     <span class='ocr_line' id='line_1_54' title="bbox 2218 2375 3801 2450; baseline 0.003 -20"><span class='ocrx_word' id='word_1_288' title='bbox 2218 2380 2504 2433; x_wconf 73' lang='lat' dir='ltr'><strong>Prteterea</strong></span> <span class='ocrx_word' id='word_1_289' title='bbox 2517 2375 2612 2432; x_wconf 92' lang='lat' dir='ltr'><strong>hic</strong></span> <span class='ocrx_word' id='word_1_290' title='bbox 2625 2376 2999 2433; x_wconf 88' lang='lat' dir='ltr'><strong>annumerari</strong></span> <span class='ocrx_word' id='word_1_291' title='bbox 3016 2377 3259 2449; x_wconf 89' lang='lat' dir='ltr'><strong>dignum</strong></span> <span class='ocrx_word' id='word_1_292' title='bbox 3277 2381 3374 2434; x_wconf 64' lang='lat' dir='ltr'><strong>est,</strong></span> <span class='ocrx_word' id='word_1_293' title='bbox 3392 2376 3525 2434; x_wconf 92' lang='lat' dir='ltr'><strong>illos</strong></span> <span class='ocrx_word' id='word_1_294' title='bbox 3545 2393 3801 2450; x_wconf 89' lang='lat' dir='ltr'><strong>quorum</strong></span> 
     </span>
    </p>
   </div>
   <div class='ocr_carea' id='block_1_55' title="bbox 2149 2464 3802 2539">
    <p class='ocr_par' dir='ltr' id='par_1_55' title="bbox 2149 2464 3802 2539">
     <span class='ocr_line' id='line_1_55' title="bbox 2149 2464 3802 2539; baseline 0.002 -19"><span class='ocrx_word' id='word_1_295' title='bbox 2149 2464 2260 2520; x_wconf 85' lang='lat' dir='ltr'><strong>fuit</strong></span> <span class='ocrx_word' id='word_1_296' title='bbox 2289 2464 2476 2521; x_wconf 90' lang='lat' dir='ltr'><strong>multo</strong></span> <span class='ocrx_word' id='word_1_297' title='bbox 2507 2466 2698 2537; x_wconf 90' lang='lat' dir='ltr'><strong>major</strong></span> <span class='ocrx_word' id='word_1_298' title='bbox 2725 2465 3127 2522; x_wconf 87' lang='lat' dir='ltr'><strong>benevolentia</strong></span> <span class='ocrx_word' id='word_1_299' title='bbox 3148 2482 3326 2538; x_wconf 91' lang='lat' dir='ltr'><strong>quam</strong></span> <span class='ocrx_word' id='word_1_300' title='bbox 3358 2467 3646 2539; x_wconf 88' lang='lat' dir='ltr'><strong>potuisset</strong></span> <span class='ocrx_word' id='word_1_301' title='bbox 3667 2482 3802 2524; x_wconf 88' lang='lat' dir='ltr'><strong>esse</strong></span> 
     </span>
    </p>
   </div>
   <div class='ocr_carea' id='block_1_56' title="bbox 2148 2552 3800 2628">
    <p class='ocr_par' dir='ltr' id='par_1_56' title="bbox 2148 2552 3800 2628">
     <span class='ocr_line' id='line_1_56' title="bbox 2148 2552 3800 2628; baseline 0.003 -20"><span class='ocrx_word' id='word_1_302' title='bbox 2148 2552 2435 2627; x_wconf 87' lang='lat' dir='ltr'><strong>largiendi</strong></span> <span class='ocrx_word' id='word_1_303' title='bbox 2467 2553 2739 2623; x_wconf 80' lang='lat' dir='ltr'><strong>facultas,</strong></span> <span class='ocrx_word' id='word_1_304' title='bbox 2772 2555 2871 2627; x_wconf 91' lang='lat' dir='ltr'><strong>qui</strong></span> <span class='ocrx_word' id='word_1_305' title='bbox 2899 2554 3120 2612; x_wconf 90' lang='lat' dir='ltr'><strong>solidos</strong></span> <span class='ocrx_word' id='word_1_306' title='bbox 3152 2555 3432 2628; x_wconf 90' lang='lat' dir='ltr'><strong>quinque,</strong></span> <span class='ocrx_word' id='word_1_307' title='bbox 3465 2560 3568 2613; x_wconf 87' lang='lat' dir='ltr'><strong>aut</strong></span> <span class='ocrx_word' id='word_1_308' title='bbox 3595 2557 3800 2613; x_wconf 87' lang='lat' dir='ltr'><strong>decem</strong></span> 
     </span>
    </p>
   </div>
   <div class='ocr_carea' id='block_1_57' title="bbox 2151 2643 3804 2716">
    <p class='ocr_par' dir='ltr' id='par_1_57' title="bbox 2151 2643 3804 2716">
     <span class='ocr_line' id='line_1_57' title="bbox 2151 2643 3804 2716; baseline 0.002 -17"><span class='ocrx_word' id='word_1_309' title='bbox 2151 2647 2252 2699; x_wconf 93' lang='lat' dir='ltr'><strong>aut</strong></span> <span class='ocrx_word' id='word_1_310' title='bbox 2281 2643 2640 2716; x_wconf 90' lang='lat' dir='ltr'><strong>quindecim,</strong></span> <span class='ocrx_word' id='word_1_311' title='bbox 2673 2648 2775 2700; x_wconf 88' lang='lat' dir='ltr'><strong>aut</strong></span> <span class='ocrx_word' id='word_1_312' title='bbox 2800 2659 3078 2700; x_wconf 89' lang='lat' dir='ltr'><strong>nummos</strong></span> <span class='ocrx_word' id='word_1_313' title='bbox 3099 2644 3407 2702; x_wconf 88' lang='lat' dir='ltr'><strong>duodecim</strong></span> <span class='ocrx_word' id='word_1_314' title='bbox 3438 2645 3527 2703; x_wconf 92' lang='lat' dir='ltr'><strong>vel</strong></span> <span class='ocrx_word' id='word_1_315' title='bbox 3549 2661 3670 2716; x_wconf 84' lang='lat' dir='ltr'><strong>sex,</strong></span> <span class='ocrx_word' id='word_1_316' title='bbox 3693 2649 3804 2704; x_wconf 89' lang='lat' dir='ltr'><strong>aut</strong></span> 
     </span>
    </p>
   </div>
   <div class='ocr_carea' id='block_1_58' title="bbox 2152 2733 3003 2805">
    <p class='ocr_par' dir='ltr' id='par_1_58' title="bbox 2152 2733 3003 2805">
     <span class='ocr_line' id='line_1_58' title="bbox 2152 2733 3003 2805; baseline 0.002 -17"><span class='ocrx_word' id='word_1_317' title='bbox 2152 2733 2285 2805; x_wconf 90' lang='lat' dir='ltr'><strong>plus</strong></span> <span class='ocrx_word' id='word_1_318' title='bbox 2317 2733 2584 2790; x_wconf 90' lang='lat' dir='ltr'><strong>minusve</strong></span> <span class='ocrx_word' id='word_1_319' title='bbox 2610 2733 3003 2790; x_wconf 90' lang='lat' dir='ltr'><strong>contulerunt.</strong></span> 
     </span>
    </p>
   </div>
   <div class='ocr_carea' id='block_1_59' title="bbox 1327 3061 2865 3171">
    <p class='ocr_par' dir='ltr' id='par_1_59' title="bbox 1327 3061 2865 3171">
     <span class='ocr_line' id='line_1_59' title="bbox 1327 3061 2865 3171; baseline -0.002 -1"><span class='ocrx_word' id='word_1_320' title='bbox 1327 3065 1934 3171; x_wconf 74' lang='lat' dir='ltr'><strong>SANGTI</strong></span> <span class='ocrx_word' id='word_1_321' title='bbox 2001 3061 2606 3168; x_wconf 63' lang='lat' dir='ltr'><strong>1.80le</strong></span> <span class='ocrx_word' id='word_1_322' title='bbox 2679 3066 2865 3167; x_wconf 78' lang='lat' dir='ltr'><strong>IX</strong></span> 
     </span>
    </p>
   </div>
   <div class='ocr_carea' id='block_1_60' title="bbox 1747 3260 2434 3354">
    <p class='ocr_par' dir='ltr' id='par_1_60' title="bbox 1747 3260 2434 3354">
     <span class='ocr_line' id='line_1_60' title="bbox 1747 3260 2434 3354; baseline 0 -4"><span class='ocrx_word' id='word_1_323' title='bbox 1747 3260 2434 3354; x_wconf 68' lang='lat' dir='ltr'><strong>D&#39;IPLOMATA.</strong></span> 
     </span>
    </p>
   </div>
   <div class='ocr_carea' id='block_1_61' title="bbox 1173 3459 3022 3518">
    <p class='ocr_par' dir='ltr' id='par_1_61' title="bbox 1173 3459 3022 3518">
     <span class='ocr_line' id='line_1_61' title="bbox 1173 3459 3022 3518; baseline 0 -1"><span class='ocrx_word' id='word_1_324' title='bbox 1173 3461 1363 3517; x_wconf 85' lang='lat' dir='ltr'><strong>DATA</strong></span> <span class='ocrx_word' id='word_1_325' title='bbox 1402 3460 1552 3516; x_wconf 91' lang='lat' dir='ltr'><strong>CUM</strong></span> <span class='ocrx_word' id='word_1_326' title='bbox 1592 3459 1832 3516; x_wconf 87' lang='lat' dir='ltr'><strong>ADHUC</strong></span> <span class='ocrx_word' id='word_1_327' title='bbox 1871 3459 2250 3516; x_wconf 85' lang='lat' dir='ltr'><strong>EPISCOPUS</strong></span> <span class='ocrx_word' id='word_1_328' title='bbox 2291 3459 2678 3518; x_wconf 87' lang='lat' dir='ltr'><strong>TULLENSIS</strong></span> <span class='ocrx_word' id='word_1_329' title='bbox 2714 3459 3022 3518; x_wconf 81' lang='lat' dir='ltr'><strong>AGERET.</strong></span> 
     </span>
    </p>
   </div>
   <div class='ocr_carea' id='block_1_62' title="bbox 1206 3721 1226 3773">
    <p class='ocr_par' dir='ltr' id='par_1_62' title="bbox 1206 3721 1226 3773">
     <span class='ocr_line' id='line_1_62' title="bbox 1206 3721 1226 3773; baseline 0 0"><span class='ocrx_word' id='word_1_330' title='bbox 1206 3721 1226 3773; x_wconf 92' lang='grc' dir='ltr'>Ι</span> 
     </span>
    </p>
   </div>
   <div class='ocr_carea' id='block_1_63' title="bbox 462 3807 1933 3885">
    <p class='ocr_par' dir='ltr' id='par_1_63' title="bbox 462 3807 1933 3885">
     <span class='ocr_line' id='line_1_63' title="bbox 462 3807 1933 3885; baseline -0.005 -14"><span class='ocrx_word' id='word_1_331' title='bbox 462 3818 665 3883; x_wconf 71' lang='lat' dir='ltr'><strong>Brimo,</strong></span> <span class='ocrx_word' id='word_1_332' title='bbox 699 3814 978 3885; x_wconf 77' lang='lat' dir='ltr'><strong>episcopus</strong></span> <span class='ocrx_word' id='word_1_333' title='bbox 1014 3809 1277 3885; x_wconf 77' lang='lat' dir='ltr'><strong>Tutlensis</strong></span> <span class='ocrx_word' id='word_1_334' title='bbox 1306 3807 1544 3885; x_wconf 35' lang='lat' dir='ltr'><strong>ab‘batiee</strong></span> <span class='ocrx_word' id='word_1_335' title='bbox 1574 3809 1759 3864; x_wconf 80' lang='lat' dir='ltr'><strong>Sancti</strong></span> <span class='ocrx_word' id='word_1_336' title='bbox 1802 3809 1834 3864; x_wconf 78' lang='grc' dir='ltr'><em>Α</em></span> <span class='ocrx_word' id='word_1_337' title='bbox 1843 3811 1933 3880; x_wconf 80' lang='lat' dir='ltr'><strong>pri</strong></span> 
     </span>
    </p>
   </div>
   <div class='ocr_carea' id='block_1_64' title="bbox 865 3880 1557 3954">
    <p class='ocr_par' dir='ltr' id='par_1_64' title="bbox 865 3880 1557 3954">
     <span class='ocr_line' id='line_1_64' title="bbox 865 3880 1557 3954; baseline 0.001 -21"><span class='ocrx_word' id='word_1_338' title='bbox 865 3880 1229 3954; x_wconf 69' lang='lat' dir='ltr'><strong>possessiones</strong></span> <span class='ocrx_word' id='word_1_339' title='bbox 1250 3880 1557 3950; x_wconf 81' lang='lat' dir='ltr'><strong>conﬁrmat.</strong></span> 
     </span>
    </p>
   </div>
   <div class='ocr_carea' id='block_1_65' title="bbox 1028 3969 1430 4041">
    <p class='ocr_par' dir='ltr' id='par_1_65' title="bbox 1028 3969 1430 4041">
     <span class='ocr_line' id='line_1_65' title="bbox 1028 3969 1430 4041; baseline -0.002 -18"><span class='ocrx_word' id='word_1_340' title='bbox 1028 3970 1218 4041; x_wconf 89' lang='lat' dir='ltr'><strong>(Anno</strong></span> <span class='ocrx_word' id='word_1_341' title='bbox 1247 3969 1430 4041; x_wconf 82' lang='grc'><strong>1034.)</strong></span> 
     </span>
    </p>
   </div>
   <div class='ocr_carea' id='block_1_66' title="bbox 387 4057 2036 4130">
    <p class='ocr_par' dir='ltr' id='par_1_66' title="bbox 387 4057 2036 4130">
     <span class='ocr_line' id='line_1_66' title="bbox 387 4057 2036 4130; baseline 0.001 -17"><span class='ocrx_word' id='word_1_342' title='bbox 387 4060 553 4130; x_wconf 91' lang='lat' dir='ltr'><strong>[Dom</strong></span> <span class='ocrx_word' id='word_1_343' title='bbox 583 4057 822 4124; x_wconf 85' lang='lat' dir='ltr'><strong>Calmet,</strong></span> <span class='ocrx_word' id='word_1_344' title='bbox 849 4058 1092 4112; x_wconf 81' lang='lat' dir='ltr'><strong>Histoire</strong></span> <span class='ocrx_word' id='word_1_345' title='bbox 1120 4058 1186 4112; x_wconf 85' lang='lat' dir='ltr'><strong>de</strong></span> <span class='ocrx_word' id='word_1_346' title='bbox 1213 4059 1506 4125; x_wconf 81' lang='lat' dir='ltr'><strong>Lorm’nne,</strong></span> <span class='ocrx_word' id='word_1_347' title='bbox 1536 4059 1801 4114; x_wconf 89' lang='lat' dir='ltr'><strong>Preuves.</strong></span> <span class='ocrx_word' id='word_1_348' title='bbox 1831 4059 2036 4130; x_wconf 58' lang='lat'><strong>1,513.]</strong></span> 
     </span>
    </p>
   </div>
   <div class='ocr_carea' id='block_1_67' title="bbox 458 4163 2034 4233">
    <p class='ocr_par' dir='ltr' id='par_1_67' title="bbox 458 4163 2034 4233">
     <span class='ocr_line' id='line_1_67' title="bbox 458 4163 2034 4233; baseline 0.001 -13"><span class='ocrx_word' id='word_1_349' title='bbox 458 4165 518 4220; x_wconf 93' lang='lat' dir='ltr'><strong>In</strong></span> <span class='ocrx_word' id='word_1_350' title='bbox 540 4163 776 4220; x_wconf 90' lang='lat' dir='ltr'><strong>nomine</strong></span> <span class='ocrx_word' id='word_1_351' title='bbox 790 4168 1002 4219; x_wconf 59' lang='lat' dir='ltr'><strong>sancta</strong></span> <span class='ocrx_word' id='word_1_352' title='bbox 1016 4168 1072 4219; x_wconf 90' lang='lat' dir='ltr'><strong>et</strong></span> <span class='ocrx_word' id='word_1_353' title='bbox 1091 4163 1268 4218; x_wconf 86' lang='lat' dir='ltr'><strong>indivi</strong></span> <span class='ocrx_word' id='word_1_354' title='bbox 1283 4165 1410 4218; x_wconf 81' lang='lat' dir='ltr'><strong>duae</strong></span> <span class='ocrx_word' id='word_1_355' title='bbox 1425 4164 1750 4233; x_wconf 82' lang='lat' dir='ltr'><strong>Trinitatis,</strong></span> <span class='ocrx_word' id='word_1_356' title='bbox 1767 4166 2034 4221; x_wconf 91' lang='lat' dir='ltr'><strong>omnium</strong></span> 
     </span>
    </p>
   </div>
   <div class='ocr_carea' id='block_1_68' title="bbox 387 4251 2035 4328">
    <p class='ocr_par' dir='ltr' id='par_1_68' title="bbox 387 4251 2035 4328">
     <span class='ocr_line' id='line_1_68' title="bbox 387 4251 2035 4328; baseline -0.001 -18"><span class='ocrx_word' id='word_1_357' title='bbox 387 4271 512 4328; x_wconf 78' lang='lat' dir='ltr'><strong>quae</strong></span> <span class='ocrx_word' id='word_1_358' title='bbox 536 4253 872 4310; x_wconf 88' lang='lat' dir='ltr'><strong>subsistunt</strong></span> <span class='ocrx_word' id='word_1_359' title='bbox 892 4251 1247 4308; x_wconf 86' lang='lat' dir='ltr'><strong>aeternaliter</strong></span> <span class='ocrx_word' id='word_1_360' title='bbox 1263 4253 1556 4308; x_wconf 85' lang='lat' dir='ltr'><strong>creatricis</strong></span> <span class='ocrx_word' id='word_1_361' title='bbox 1575 4258 1748 4324; x_wconf 89' lang='lat' dir='ltr'><strong>atque</strong></span> <span class='ocrx_word' id='word_1_362' title='bbox 1773 4255 2035 4310; x_wconf 87' lang='lat' dir='ltr'><strong>modera-</strong></span> 
     </span>
    </p>
   </div>
   <div class='ocr_carea' id='block_1_69' title="bbox 384 4341 2033 4412">
    <p class='ocr_par' dir='ltr' id='par_1_69' title="bbox 384 4341 2033 4412">
     <span class='ocr_line' id='line_1_69' title="bbox 384 4341 2033 4412; baseline -0.001 -12"><span class='ocrx_word' id='word_1_363' title='bbox 384 4343 565 4411; x_wconf 91' lang='lat' dir='ltr'><strong>tricis,</strong></span> <span class='ocrx_word' id='word_1_364' title='bbox 601 4343 816 4410; x_wconf 92' lang='lat' dir='ltr'><strong>Bruno,</strong></span> <span class='ocrx_word' id='word_1_365' title='bbox 847 4347 1059 4400; x_wconf 65' lang='lat' dir='ltr'><strong>sanctae</strong></span> <span class='ocrx_word' id='word_1_366' title='bbox 1111 4341 1406 4398; x_wconf 89' lang='lat' dir='ltr'><strong>&#39;l‘ullensis</strong></span> <span class='ocrx_word' id='word_1_367' title='bbox 1454 4341 1739 4412; x_wconf 70' lang='lat' dir='ltr'><strong>Ecclesiaz,</strong></span> <span class='ocrx_word' id='word_1_368' title='bbox 1789 4342 2033 4400; x_wconf 90' lang='lat' dir='ltr'><strong>humilis</strong></span> 
     </span>
    </p>
   </div>
   <div class='ocr_carea' id='block_1_70' title="bbox 385 4432 623 4506">
    <p class='ocr_par' dir='ltr' id='par_1_70' title="bbox 385 4432 623 4506">
     <span class='ocr_line' id='line_1_70' title="bbox 385 4432 623 4506; baseline 0 -18"><span class='ocrx_word' id='word_1_369' title='bbox 385 4432 623 4506; x_wconf 75' lang='lat' dir='ltr'><strong>praesul.</strong></span> 
     </span>
    </p>
   </div>
   <div class='ocr_carea' id='block_1_71' title="bbox 455 4519 2035 4594">
    <p class='ocr_par' dir='ltr' id='par_1_71' title="bbox 455 4519 2035 4594">
     <span class='ocr_line' id='line_1_71' title="bbox 455 4519 2035 4594; baseline -0.001 -15"><span class='ocrx_word' id='word_1_370' title='bbox 455 4522 670 4579; x_wconf 70' lang='lat' dir='ltr'><strong>Divinas</strong></span> <span class='ocrx_word' id='word_1_371' title='bbox 703 4520 1107 4594; x_wconf 88' lang='lat' dir='ltr'><strong>dispositionis</strong></span> <span class='ocrx_word' id='word_1_372' title='bbox 1129 4520 1316 4593; x_wconf 88' lang='lat' dir='ltr'><strong>gratia</strong></span> <span class='ocrx_word' id='word_1_373' title='bbox 1341 4519 1534 4592; x_wconf 88' lang='lat' dir='ltr'><strong>agitur</strong></span> <span class='ocrx_word' id='word_1_374' title='bbox 1551 4521 2035 4594; x_wconf 55' lang='lat' dir='ltr'><strong>qualine-cumque</strong></span> 
     </span>
    </p>
   </div>
   <div class='ocr_carea' id='block_1_72' title="bbox 384 4608 2030 4682">
    <p class='ocr_par' dir='ltr' id='par_1_72' title="bbox 384 4608 2030 4682">
     <span class='ocr_line' id='line_1_72' title="bbox 384 4608 2030 4682; baseline -0.001 -14"><span class='ocrx_word' id='word_1_375' title='bbox 384 4613 619 4669; x_wconf 89' lang='lat' dir='ltr'><strong>animus</strong></span> <span class='ocrx_word' id='word_1_376' title='bbox 651 4611 1118 4682; x_wconf 87' lang='lat' dir='ltr'><strong>uniuscujusque</strong></span> <span class='ocrx_word' id='word_1_377' title='bbox 1149 4610 1220 4664; x_wconf 90' lang='lat' dir='ltr'><strong>ad</strong></span> <span class='ocrx_word' id='word_1_378' title='bbox 1262 4610 1482 4664; x_wconf 91' lang='lat' dir='ltr'><strong>bonum</strong></span> <span class='ocrx_word' id='word_1_379' title='bbox 1515 4608 1660 4666; x_wconf 86' lang='lat' dir='ltr'><strong>velle</strong></span> <span class='ocrx_word' id='word_1_380' title='bbox 1692 4611 2030 4682; x_wconf 87' lang='lat' dir='ltr'><strong>inspiratur.</strong></span> 
     </span>
    </p>
   </div>
   <div class='ocr_carea' id='block_1_73' title="bbox 384 4698 2033 4772">
    <p class='ocr_par' dir='ltr' id='par_1_73' title="bbox 384 4698 2033 4772">
     <span class='ocr_line' id='line_1_73' title="bbox 384 4698 2033 4772; baseline -0.001 -14"><span class='ocrx_word' id='word_1_381' title='bbox 384 4703 637 4758; x_wconf 85' lang='lat' dir='ltr'><strong>maxime</strong></span> <span class='ocrx_word' id='word_1_382' title='bbox 668 4701 764 4756; x_wconf 93' lang='lat' dir='ltr'><strong>ille</strong></span> <span class='ocrx_word' id='word_1_383' title='bbox 794 4701 894 4772; x_wconf 91' lang='lat' dir='ltr'><strong>qui</strong></span> <span class='ocrx_word' id='word_1_384' title='bbox 926 4699 1056 4772; x_wconf 89' lang='lat' dir='ltr'><strong>plus</strong></span> <span class='ocrx_word' id='word_1_385' title='bbox 1088 4698 1309 4755; x_wconf 90' lang='lat' dir='ltr'><strong>caeteris</strong></span> <span class='ocrx_word' id='word_1_386' title='bbox 1344 4698 1403 4754; x_wconf 90' lang='lat' dir='ltr'><strong>in</strong></span> <span class='ocrx_word' id='word_1_387' title='bbox 1426 4698 1534 4754; x_wconf 91' lang='lat' dir='ltr'><strong>hoc</strong></span> <span class='ocrx_word' id='word_1_388' title='bbox 1557 4700 1779 4755; x_wconf 90' lang='lat' dir='ltr'><strong>mundo</strong></span> <span class='ocrx_word' id='word_1_389' title='bbox 1811 4699 2033 4772; x_wconf 90' lang='lat' dir='ltr'><strong>aliquid</strong></span> 
     </span>
    </p>
   </div>
   <div class='ocr_carea' id='block_1_74' title="bbox 386 4787 2032 4861">
    <p class='ocr_par' dir='ltr' id='par_1_74' title="bbox 386 4787 2032 4861">
     <span class='ocr_line' id='line_1_74' title="bbox 386 4787 2032 4861; baseline 0 -17"><span class='ocrx_word' id='word_1_390' title='bbox 386 4791 598 4845; x_wconf 88' lang='lat' dir='ltr'><strong>habere</strong></span> <span class='ocrx_word' id='word_1_391' title='bbox 625 4789 902 4856; x_wconf 86' lang='lat' dir='ltr'><strong>cernitur,</strong></span> <span class='ocrx_word' id='word_1_392' title='bbox 935 4805 1070 4844; x_wconf 92' lang='lat' dir='ltr'><strong>cum</strong></span> <span class='ocrx_word' id='word_1_393' title='bbox 1103 4787 1368 4861; x_wconf 88' lang='lat' dir='ltr'><strong>invigilat</strong></span> <span class='ocrx_word' id='word_1_394' title='bbox 1399 4790 1464 4843; x_wconf 92' lang='lat' dir='ltr'><strong>ut</strong></span> <span class='ocrx_word' id='word_1_395' title='bbox 1493 4788 1562 4843; x_wconf 92' lang='lat' dir='ltr'><strong>de</strong></span> <span class='ocrx_word' id='word_1_396' title='bbox 1584 4789 1759 4844; x_wconf 90' lang='lat' dir='ltr'><strong>rebus</strong></span> <span class='ocrx_word' id='word_1_397' title='bbox 1791 4793 2032 4845; x_wconf 60' lang='lat' dir='ltr'><strong>terrena</strong></span> 
     </span>
    </p>
   </div>
   <div class='ocr_carea' id='block_1_75' title="bbox 383 4876 2034 4949">
    <p class='ocr_par' dir='ltr' id='par_1_75' title="bbox 383 4876 2034 4949">
     <span class='ocr_line' id='line_1_75' title="bbox 383 4876 2034 4949; baseline 0.001 -17"><span class='ocrx_word' id='word_1_398' title='bbox 383 4876 800 4933; x_wconf 88' lang='lat' dir='ltr'><strong>dominationis</strong></span> <span class='ocrx_word' id='word_1_399' title='bbox 833 4876 933 4932; x_wconf 93' lang='lat' dir='ltr'><strong>Dei</strong></span> <span class='ocrx_word' id='word_1_400' title='bbox 961 4876 1272 4932; x_wconf 89' lang='lat' dir='ltr'><strong>clementia</strong></span> <span class='ocrx_word' id='word_1_401' title='bbox 1301 4876 1414 4932; x_wconf 91' lang='lat' dir='ltr'><strong>sibi</strong></span> <span class='ocrx_word' id='word_1_402' title='bbox 1446 4877 1829 4949; x_wconf 88' lang='lat' dir='ltr'><strong>propitietur;</strong></span> <span class='ocrx_word' id='word_1_403' title='bbox 1864 4877 2034 4934; x_wconf 88' lang='lat' dir='ltr'><strong>nobis</strong></span> 
     </span>
    </p>
   </div>
   <div class='ocr_carea' id='block_1_76' title="bbox 384 4963 2035 5037">
    <p class='ocr_par' dir='ltr' id='par_1_76' title="bbox 384 4963 2035 5037">
     <span class='ocr_line' id='line_1_76' title="bbox 384 4963 2035 5037; baseline 0.002 -17"><span class='ocrx_word' id='word_1_404' title='bbox 384 4970 581 5021; x_wconf 91' lang='lat' dir='ltr'><strong>tamen</strong></span> <span class='ocrx_word' id='word_1_405' title='bbox 615 4965 949 5037; x_wconf 89' lang='lat' dir='ltr'><strong>pastoribus</strong></span> <span class='ocrx_word' id='word_1_406' title='bbox 980 4963 1246 5020; x_wconf 59' lang='lat' dir='ltr'><strong>Ecclesia;</strong></span> <span class='ocrx_word' id='word_1_407' title='bbox 1281 4966 1377 5037; x_wconf 91' lang='lat' dir='ltr'><strong>pia</strong></span> <span class='ocrx_word' id='word_1_408' title='bbox 1399 4965 1732 5022; x_wconf 89' lang='lat' dir='ltr'><strong>sollicitudo</strong></span> <span class='ocrx_word' id='word_1_409' title='bbox 1753 4965 2035 5023; x_wconf 89' lang='lat' dir='ltr'><strong>indicitur</strong></span> 
     </span>
    </p>
   </div>
   <div class='ocr_carea' id='block_1_77' title="bbox 384 5053 2030 5129">
    <p class='ocr_par' dir='ltr' id='par_1_77' title="bbox 384 5053 2030 5129">
     <span class='ocr_line' id='line_1_77' title="bbox 384 5053 2030 5129; baseline 0.001 -19"><span class='ocrx_word' id='word_1_410' title='bbox 384 5059 451 5111; x_wconf 88' lang='lat' dir='ltr'><strong>ut</strong></span> <span class='ocrx_word' id='word_1_411' title='bbox 480 5071 620 5129; x_wconf 83' lang='lat' dir='ltr'><strong>grex</strong></span> <span class='ocrx_word' id='word_1_412' title='bbox 654 5053 992 5109; x_wconf 83' lang='lat' dir='ltr'><strong>Dominicus</strong></span> <span class='ocrx_word' id='word_1_413' title='bbox 1029 5054 1087 5108; x_wconf 91' lang='lat' dir='ltr'><strong>in</strong></span> <span class='ocrx_word' id='word_1_414' title='bbox 1117 5070 1186 5110; x_wconf 91' lang='lat' dir='ltr'><strong>ea</strong></span> <span class='ocrx_word' id='word_1_415' title='bbox 1215 5054 1572 5111; x_wconf 88' lang='lat' dir='ltr'><strong>constitutus</strong></span> <span class='ocrx_word' id='word_1_416' title='bbox 1611 5059 1811 5111; x_wconf 87' lang='lat' dir='ltr'><strong>nostra</strong></span> <span class='ocrx_word' id='word_1_417' title='bbox 1841 5057 2030 5128; x_wconf 90' lang='lat' dir='ltr'><strong>provi-</strong></span> 
     </span>
    </p>
   </div>
   <div class='ocr_carea' id='block_1_78' title="bbox 383 5141 2027 5219">
    <p class='ocr_par' dir='ltr' id='par_1_78' title="bbox 383 5141 2027 5219">
     <span class='ocr_line' id='line_1_78' title="bbox 383 5141 2027 5219; baseline -0.001 -18"><span class='ocrx_word' id='word_1_418' title='bbox 383 5146 581 5202; x_wconf 91' lang='lat' dir='ltr'><strong>dentia</strong></span> <span class='ocrx_word' id='word_1_419' title='bbox 601 5147 893 5219; x_wconf 90' lang='lat' dir='ltr'><strong>pascatur,</strong></span> <span class='ocrx_word' id='word_1_420' title='bbox 917 5146 971 5198; x_wconf 88' lang='lat' dir='ltr'><strong>et</strong></span> <span class='ocrx_word' id='word_1_421' title='bbox 996 5141 1231 5215; x_wconf 89' lang='lat' dir='ltr'><strong>gemina</strong></span> <span class='ocrx_word' id='word_1_422' title='bbox 1247 5143 1374 5198; x_wconf 66' lang='lat' dir='ltr'><strong>vitae</strong></span> <span class='ocrx_word' id='word_1_423' title='bbox 1397 5143 1728 5200; x_wconf 87' lang='lat' dir='ltr'><strong>substantia</strong></span> <span class='ocrx_word' id='word_1_424' title='bbox 1751 5145 1858 5201; x_wconf 91' lang='lat' dir='ltr'><strong>sub</strong></span> <span class='ocrx_word' id='word_1_425' title='bbox 1880 5149 2027 5202; x_wconf 85' lang='lat' dir='ltr'><strong>tem-</strong></span> 
     </span>
    </p>
   </div>
   <div class='ocr_carea' id='block_1_79' title="bbox 382 5231 2030 5308">
    <p class='ocr_par' dir='ltr' id='par_1_79' title="bbox 382 5231 2030 5308">
     <span class='ocr_line' id='line_1_79' title="bbox 382 5231 2030 5308; baseline -0.001 -16"><span class='ocrx_word' id='word_1_426' title='bbox 382 5235 568 5308; x_wconf 89' lang='lat' dir='ltr'><strong>porali</strong></span> <span class='ocrx_word' id='word_1_427' title='bbox 600 5232 1107 5292; x_wconf 83' lang='lat' dir='ltr'><strong>administratione</strong></span> <span class='ocrx_word' id='word_1_428' title='bbox 1140 5231 1432 5290; x_wconf 82' lang='lat' dir='ltr'><strong>fulciatur.</strong></span> <span class='ocrx_word' id='word_1_429' title='bbox 1476 5233 1694 5291; x_wconf 92' lang='lat' dir='ltr'><strong>Idcirco</strong></span> <span class='ocrx_word' id='word_1_430' title='bbox 1742 5233 2030 5291; x_wconf 89' lang='lat' dir='ltr'><strong>universis</strong></span> 
     </span>
    </p>
   </div>
   <div class='ocr_carea' id='block_1_80' title="bbox 383 5321 2030 5396">
    <p class='ocr_par' dir='ltr' id='par_1_80' title="bbox 383 5321 2030 5396">
     <span class='ocr_line' id='line_1_80' title="bbox 383 5321 2030 5396; baseline 0.001 -18"><span class='ocrx_word' id='word_1_431' title='bbox 383 5323 647 5380; x_wconf 69' lang='lat' dir='ltr'><strong>Ecclesiae</strong></span> <span class='ocrx_word' id='word_1_432' title='bbox 680 5327 917 5393; x_wconf 80' lang='lat' dir='ltr'><strong>nostrae,</strong></span> <span class='ocrx_word' id='word_1_433' title='bbox 947 5321 1040 5377; x_wconf 91' lang='lat' dir='ltr'><strong>cui</strong></span> <span class='ocrx_word' id='word_1_434' title='bbox 1070 5321 1184 5378; x_wconf 92' lang='lat' dir='ltr'><strong>Deo</strong></span> <span class='ocrx_word' id='word_1_435' title='bbox 1216 5326 1452 5379; x_wconf 89' lang='lat' dir='ltr'><strong>auctore</strong></span> <span class='ocrx_word' id='word_1_436' title='bbox 1483 5323 1887 5396; x_wconf 72' lang='lat' dir='ltr'><strong>praesidemus,</strong></span> <span class='ocrx_word' id='word_1_437' title='bbox 1909 5327 2030 5380; x_wconf 90' lang='lat' dir='ltr'><strong>tam</strong></span> 
     </span>
    </p>
   </div>
   <div class='ocr_carea' id='block_1_81' title="bbox 388 5411 2034 5486">
    <p class='ocr_par' dir='ltr' id='par_1_81' title="bbox 388 5411 2034 5486">
     <span class='ocr_line' id='line_1_81' title="bbox 388 5411 2034 5486; baseline 0.003 -20"><span class='ocrx_word' id='word_1_438' title='bbox 388 5413 776 5483; x_wconf 82' lang='lat' dir='ltr'><strong>praesentibus</strong></span> <span class='ocrx_word' id='word_1_439' title='bbox 807 5411 1081 5468; x_wconf 82' lang='lat' dir='ltr'><strong>fidelibus</strong></span> <span class='ocrx_word' id='word_1_440' title='bbox 1127 5428 1306 5483; x_wconf 89' lang='lat' dir='ltr'><strong>quam</strong></span> <span class='ocrx_word' id='word_1_441' title='bbox 1351 5412 1526 5468; x_wconf 90' lang='lat' dir='ltr'><strong>etiam</strong></span> <span class='ocrx_word' id='word_1_442' title='bbox 1577 5417 1707 5486; x_wconf 89' lang='lat' dir='ltr'><strong>post</strong></span> <span class='ocrx_word' id='word_1_443' title='bbox 1743 5412 1914 5486; x_wconf 89' lang='lat' dir='ltr'><strong>longe</strong></span> <span class='ocrx_word' id='word_1_444' title='bbox 1943 5431 2034 5471; x_wconf 90' lang='lat' dir='ltr'><strong>se-</strong></span> 
     </span>
    </p>
   </div>
   <div class='ocr_carea' id='block_1_82' title="bbox 424 5501 2035 5570">
    <p class='ocr_par' dir='ltr' id='par_1_82' title="bbox 424 5501 2035 5570">
     <span class='ocr_line' id='line_1_82' title="bbox 424 5501 2035 5570; baseline 0.002 -10"><span class='ocrx_word' id='word_1_445' title='bbox 424 5501 724 5570; x_wconf 89' lang='lat' dir='ltr'><strong>uentibus,</strong></span> <span class='ocrx_word' id='word_1_446' title='bbox 758 5506 916 5560; x_wconf 91' lang='lat' dir='ltr'><strong>certa</strong></span> <span class='ocrx_word' id='word_1_447' title='bbox 947 5501 1167 5559; x_wconf 89' lang='lat' dir='ltr'><strong>ratione</strong></span> <span class='ocrx_word' id='word_1_448' title='bbox 1199 5502 1576 5560; x_wconf 84' lang='lat' dir='ltr'><strong>manifestum</strong></span> <span class='ocrx_word' id='word_1_449' title='bbox 1608 5518 1736 5560; x_wconf 89' lang='lat' dir='ltr'><strong>esse</strong></span> <span class='ocrx_word' id='word_1_450' title='bbox 1764 5502 2035 5564; x_wconf 89' lang='lat' dir='ltr'><strong>volumus</strong></span> 
     </span>
    </p>
   </div>
   <div class='ocr_carea' id='block_1_83' title="bbox 2067 3717 3801 3792">
    <p class='ocr_par' dir='ltr' id='par_1_83' title="bbox 2067 3717 3801 3792">
     <span class='ocr_line' id='line_1_83' title="bbox 2067 3717 3801 3792; baseline 0.001 -17"><span class='ocrx_word' id='word_1_451' title='bbox 2067 3722 2107 3786; x_wconf 85' lang='lat' dir='ltr'><em>C</em></span> <span class='ocrx_word' id='word_1_452' title='bbox 2149 3720 2298 3789; x_wconf 50' lang='lat' dir='ltr'><strong>quod</strong></span> <span class='ocrx_word' id='word_1_453' title='bbox 2329 3719 2398 3774; x_wconf 89' lang='lat' dir='ltr'><strong>ad</strong></span> <span class='ocrx_word' id='word_1_454' title='bbox 2422 3718 2614 3774; x_wconf 92' lang='lat' dir='ltr'><strong>locum</strong></span> <span class='ocrx_word' id='word_1_455' title='bbox 2639 3719 2833 3775; x_wconf 86' lang='lat' dir='ltr'><strong>Sancti</strong></span> <span class='ocrx_word' id='word_1_456' title='bbox 2850 3719 2987 3792; x_wconf 91' lang='lat' dir='ltr'><strong>Apri</strong></span> <span class='ocrx_word' id='word_1_457' title='bbox 3012 3719 3382 3777; x_wconf 88' lang='lat' dir='ltr'><strong>devenientes</strong></span> <span class='ocrx_word' id='word_1_458' title='bbox 3406 3725 3463 3776; x_wconf 93' lang='lat' dir='ltr'><strong>et</strong></span> <span class='ocrx_word' id='word_1_459' title='bbox 3481 3717 3801 3777; x_wconf 87' lang='lat' dir='ltr'><strong>victualem</strong></span> 
     </span>
    </p>
   </div>
   <div class='ocr_carea' id='block_1_84' title="bbox 2147 3807 3804 3882">
    <p class='ocr_par' dir='ltr' id='par_1_84' title="bbox 2147 3807 3804 3882">
     <span class='ocr_line' id='line_1_84' title="bbox 2147 3807 3804 3882; baseline 0.001 -18"><span class='ocrx_word' id='word_1_460' title='bbox 2147 3807 2568 3864; x_wconf 84' lang='lat' dir='ltr'><strong>monachorum</strong></span> <span class='ocrx_word' id='word_1_461' title='bbox 2603 3808 3171 3865; x_wconf 87' lang='lat' dir='ltr'><strong>administrationem</strong></span> <span class='ocrx_word' id='word_1_462' title='bbox 3212 3809 3304 3882; x_wconf 92' lang='lat' dir='ltr'><strong>pie</strong></span> <span class='ocrx_word' id='word_1_463' title='bbox 3335 3809 3804 3876; x_wconf 85' lang='lat' dir='ltr'><strong>considerantes,</strong></span> 
     </span>
    </p>
   </div>
   <div class='ocr_carea' id='block_1_85' title="bbox 2147 3897 3808 3971">
    <p class='ocr_par' dir='ltr' id='par_1_85' title="bbox 2147 3897 3808 3971">
     <span class='ocr_line' id='line_1_85' title="bbox 2147 3897 3808 3971; baseline 0.002 -19"><span class='ocrx_word' id='word_1_464' title='bbox 2147 3898 2316 3953; x_wconf 90' lang='lat' dir='ltr'><strong>nobis</strong></span> <span class='ocrx_word' id='word_1_465' title='bbox 2347 3898 2405 3952; x_wconf 93' lang='lat' dir='ltr'><strong>in</strong></span> <span class='ocrx_word' id='word_1_466' title='bbox 2440 3897 2619 3952; x_wconf 86' lang='lat' dir='ltr'><strong>futuri</strong></span> <span class='ocrx_word' id='word_1_467' title='bbox 2650 3897 3012 3954; x_wconf 90' lang='lat' dir='ltr'><strong>districtione</strong></span> <span class='ocrx_word' id='word_1_468' title='bbox 3035 3898 3246 3970; x_wconf 89' lang='lat' dir='ltr'><strong>judicii</strong></span> <span class='ocrx_word' id='word_1_469' title='bbox 3281 3915 3393 3954; x_wconf 92' lang='lat' dir='ltr'><strong>non</strong></span> <span class='ocrx_word' id='word_1_470' title='bbox 3417 3899 3646 3954; x_wconf 91' lang='lat' dir='ltr'><strong>modice</strong></span> <span class='ocrx_word' id='word_1_471' title='bbox 3670 3916 3808 3971; x_wconf 81' lang='lat' dir='ltr'><strong>pro—</strong></span> 
     </span>
    </p>
   </div>
   <div class='ocr_carea' id='block_1_86' title="bbox 2147 3987 3801 4060">
    <p class='ocr_par' dir='ltr' id='par_1_86' title="bbox 2147 3987 3801 4060">
     <span class='ocr_line' id='line_1_86' title="bbox 2147 3987 3801 4060; baseline 0.001 -18"><span class='ocrx_word' id='word_1_472' title='bbox 2147 3987 2408 4042; x_wconf 79' lang='lat' dir='ltr'><strong>futurum</strong></span> <span class='ocrx_word' id='word_1_473' title='bbox 2438 4002 2566 4042; x_wconf 90' lang='lat' dir='ltr'><strong>esse</strong></span> <span class='ocrx_word' id='word_1_474' title='bbox 2597 3987 2891 4042; x_wconf 90' lang='lat' dir='ltr'><strong>credimus</strong></span> <span class='ocrx_word' id='word_1_475' title='bbox 2923 3987 2972 4043; x_wconf 89' lang='lat' dir='ltr'><strong>si</strong></span> <span class='ocrx_word' id='word_1_476' title='bbox 3005 4003 3073 4043; x_wconf 93' lang='lat' dir='ltr'><strong>ea</strong></span> <span class='ocrx_word' id='word_1_477' title='bbox 3102 4005 3229 4060; x_wconf 90' lang='lat' dir='ltr'><strong>quae</strong></span> <span class='ocrx_word' id='word_1_478' title='bbox 3261 3988 3331 4044; x_wconf 93' lang='lat' dir='ltr'><strong>ad</strong></span> <span class='ocrx_word' id='word_1_479' title='bbox 3363 3987 3651 4043; x_wconf 87' lang='lat' dir='ltr'><strong>alimenta</strong></span> <span class='ocrx_word' id='word_1_480' title='bbox 3680 3988 3801 4043; x_wconf 86' lang='lat' dir='ltr'><strong>fra-</strong></span> 
     </span>
    </p>
   </div>
   <div class='ocr_carea' id='block_1_87' title="bbox 2145 4075 3806 4149">
    <p class='ocr_par' dir='ltr' id='par_1_87' title="bbox 2145 4075 3806 4149">
     <span class='ocr_line' id='line_1_87' title="bbox 2145 4075 3806 4149; baseline 0.001 -19"><span class='ocrx_word' id='word_1_481' title='bbox 2145 4081 2302 4131; x_wconf 90' lang='lat' dir='ltr'><strong>trum</strong></span> <span class='ocrx_word' id='word_1_482' title='bbox 2333 4075 2452 4131; x_wconf 91' lang='lat' dir='ltr'><strong>illic</strong></span> <span class='ocrx_word' id='word_1_483' title='bbox 2485 4077 2598 4131; x_wconf 92' lang='lat' dir='ltr'><strong>Deo</strong></span> <span class='ocrx_word' id='word_1_484' title='bbox 2621 4075 2998 4132; x_wconf 90' lang='lat' dir='ltr'><strong>servientium</strong></span> <span class='ocrx_word' id='word_1_485' title='bbox 3014 4077 3305 4148; x_wconf 87' lang='lat' dir='ltr'><strong>pertinent</strong></span> <span class='ocrx_word' id='word_1_486' title='bbox 3323 4093 3678 4149; x_wconf 88' lang='lat' dir='ltr'><strong>augeremus</strong></span> <span class='ocrx_word' id='word_1_487' title='bbox 3698 4095 3712 4145; x_wconf 87' lang='lat'>;</span> <span class='ocrx_word' id='word_1_488' title='bbox 3736 4081 3806 4132; x_wconf 82' lang='lat' dir='ltr'><strong>ut</strong></span> 
     </span>
    </p>
   </div>
   <div class='ocr_carea' id='block_1_88' title="bbox 2145 4164 3805 4237">
    <p class='ocr_par' dir='ltr' id='par_1_88' title="bbox 2145 4164 3805 4237">
     <span class='ocr_line' id='line_1_88' title="bbox 2145 4164 3805 4237; baseline 0.002 -17"><span class='ocrx_word' id='word_1_489' title='bbox 2145 4182 2248 4237; x_wconf 92' lang='lat' dir='ltr'><strong>per</strong></span> <span class='ocrx_word' id='word_1_490' title='bbox 2278 4165 2386 4221; x_wconf 90' lang='lat' dir='ltr'><strong>hoc</strong></span> <span class='ocrx_word' id='word_1_491' title='bbox 2412 4172 2464 4221; x_wconf 87' lang='lat' dir='ltr'><strong>el</strong></span> <span class='ocrx_word' id='word_1_492' title='bbox 2497 4164 2838 4221; x_wconf 85' lang='lat' dir='ltr'><strong>memoriale</strong></span> <span class='ocrx_word' id='word_1_493' title='bbox 2885 4170 3153 4222; x_wconf 89' lang='lat' dir='ltr'><strong>nostrum</strong></span> <span class='ocrx_word' id='word_1_494' title='bbox 3199 4165 3257 4221; x_wconf 89' lang='lat' dir='ltr'><strong>in</strong></span> <span class='ocrx_word' id='word_1_495' title='bbox 3306 4183 3373 4222; x_wconf 92' lang='lat' dir='ltr'><strong>eo</strong></span> <span class='ocrx_word' id='word_1_496' title='bbox 3410 4165 3536 4222; x_wconf 93' lang='lat' dir='ltr'><strong>loco</strong></span> <span class='ocrx_word' id='word_1_497' title='bbox 3575 4166 3805 4223; x_wconf 89' lang='lat' dir='ltr'><strong>certius</strong></span> 
     </span>
    </p>
   </div>
   <div class='ocr_carea' id='block_1_89' title="bbox 2145 4253 3808 4327">
    <p class='ocr_par' dir='ltr' id='par_1_89' title="bbox 2145 4253 3808 4327">
     <span class='ocr_line' id='line_1_89' title="bbox 2145 4253 3808 4327; baseline 0.001 -17"><span class='ocrx_word' id='word_1_498' title='bbox 2145 4256 2510 4320; x_wconf 88' lang='lat' dir='ltr'><strong>consisteret,</strong></span> <span class='ocrx_word' id='word_1_499' title='bbox 2544 4258 2600 4310; x_wconf 91' lang='lat' dir='ltr'><strong>et</strong></span> <span class='ocrx_word' id='word_1_500' title='bbox 2631 4269 2928 4310; x_wconf 88' lang='lat' dir='ltr'><strong>servorum</strong></span> <span class='ocrx_word' id='word_1_501' title='bbox 2963 4255 3061 4310; x_wconf 90' lang='lat' dir='ltr'><strong>Dei</strong></span> <span class='ocrx_word' id='word_1_502' title='bbox 3093 4270 3196 4326; x_wconf 89' lang='lat' dir='ltr'><strong>pro</strong></span> <span class='ocrx_word' id='word_1_503' title='bbox 3247 4255 3556 4327; x_wconf 89' lang='lat' dir='ltr'><strong>adeptione</strong></span> <span class='ocrx_word' id='word_1_504' title='bbox 3584 4253 3808 4312; x_wconf 89' lang='lat' dir='ltr'><strong>salutis</strong></span> 
     </span>
    </p>
   </div>
   <div class='ocr_carea' id='block_1_90' title="bbox 2145 4341 3803 4415">
    <p class='ocr_par' dir='ltr' id='par_1_90' title="bbox 2145 4341 3803 4415">
     <span class='ocr_line' id='line_1_90' title="bbox 2145 4341 3803 4415; baseline 0.001 -17"><span class='ocrx_word' id='word_1_505' title='bbox 2145 4348 2353 4400; x_wconf 70' lang='lat' dir='ltr'><strong>nostra:</strong></span> <span class='ocrx_word' id='word_1_506' title='bbox 2385 4342 2569 4399; x_wconf 89' lang='lat' dir='ltr'><strong>oratio</strong></span> <span class='ocrx_word' id='word_1_507' title='bbox 2600 4341 3017 4415; x_wconf 87' lang='lat' dir='ltr'><strong>perpetualiter</strong></span> <span class='ocrx_word' id='word_1_508' title='bbox 3038 4359 3151 4398; x_wconf 90' lang='lat' dir='ltr'><strong>non</strong></span> <span class='ocrx_word' id='word_1_509' title='bbox 3175 4348 3451 4399; x_wconf 86' lang='lat' dir='ltr'><strong>cessaret.</strong></span> <span class='ocrx_word' id='word_1_510' title='bbox 3477 4343 3803 4415; x_wconf 85' lang='lat' dir='ltr'><strong>Hujusita-</strong></span> 
     </span>
    </p>
   </div>
   <div class='ocr_carea' id='block_1_91' title="bbox 2143 4431 3817 4505">
    <p class='ocr_par' dir='ltr' id='par_1_91' title="bbox 2143 4431 3817 4505">
     <span class='ocr_line' id='line_1_91' title="bbox 2143 4431 3817 4505; baseline 0.001 -17"><span class='ocrx_word' id='word_1_511' title='bbox 2143 4448 2256 4505; x_wconf 92' lang='lat' dir='ltr'><strong>que</strong></span> <span class='ocrx_word' id='word_1_512' title='bbox 2290 4432 2370 4488; x_wconf 90' lang='lat' dir='ltr'><strong>rei</strong></span> <span class='ocrx_word' id='word_1_513' title='bbox 2401 4431 2589 4505; x_wconf 89' lang='lat' dir='ltr'><strong>gratia</strong></span> <span class='ocrx_word' id='word_1_514' title='bbox 2617 4432 2796 4499; x_wconf 90' lang='lat' dir='ltr'><strong>ducti,</strong></span> <span class='ocrx_word' id='word_1_515' title='bbox 2830 4448 2896 4488; x_wconf 89' lang='lat' dir='ltr'><strong>ac</strong></span> <span class='ocrx_word' id='word_1_516' title='bbox 2929 4435 3169 4505; x_wconf 90' lang='lat' dir='ltr'><strong>paterno</strong></span> <span class='ocrx_word' id='word_1_517' title='bbox 3212 4431 3532 4488; x_wconf 90' lang='lat' dir='ltr'><strong>sollicitudi</strong></span> <span class='ocrx_word' id='word_1_518' title='bbox 3564 4448 3640 4488; x_wconf 91' lang='lat' dir='ltr'><strong>ne</strong></span> <span class='ocrx_word' id='word_1_519' title='bbox 3669 4442 3817 4504; x_wconf 68' lang='lat' dir='ltr'><strong>per!</strong></span> 
     </span>
    </p>
   </div>
   <div class='ocr_carea' id='block_1_92' title="bbox 2143 4520 3810 4594">
    <p class='ocr_par' dir='ltr' id='par_1_92' title="bbox 2143 4520 3810 4594">
     <span class='ocr_line' id='line_1_92' title="bbox 2143 4520 3810 4594; baseline 0.002 -17"><span class='ocrx_word' id='word_1_520' title='bbox 2143 4521 2308 4587; x_wconf 86' lang='lat' dir='ltr'><strong>moti,</strong></span> <span class='ocrx_word' id='word_1_521' title='bbox 2327 4520 2532 4577; x_wconf 88' lang='lat' dir='ltr'><strong>altaria</strong></span> <span class='ocrx_word' id='word_1_522' title='bbox 2547 4520 2924 4577; x_wconf 89' lang='lat' dir='ltr'><strong>ecclesiarum</strong></span> <span class='ocrx_word' id='word_1_523' title='bbox 2942 4537 3089 4593; x_wconf 90' lang='lat' dir='ltr'><strong>quas</strong></span> <span class='ocrx_word' id='word_1_524' title='bbox 3111 4522 3410 4577; x_wconf 90' lang='lat' dir='ltr'><strong>modernis</strong></span> <span class='ocrx_word' id='word_1_525' title='bbox 3428 4522 3810 4594; x_wconf 87' lang='lat' dir='ltr'><strong>temporibus</strong></span> 
     </span>
    </p>
   </div>
   <div class='ocr_carea' id='block_1_93' title="bbox 2143 4609 3806 4683">
    <p class='ocr_par' dir='ltr' id='par_1_93' title="bbox 2143 4609 3806 4683">
     <span class='ocr_line' id='line_1_93' title="bbox 2143 4609 3806 4683; baseline 0.002 -18"><span class='ocrx_word' id='word_1_526' title='bbox 2143 4611 2217 4666; x_wconf 92' lang='lat' dir='ltr'><strong>ab</strong></span> <span class='ocrx_word' id='word_1_527' title='bbox 2249 4610 2522 4683; x_wconf 86' lang='lat' dir='ltr'><strong>ingenuis</strong></span> <span class='ocrx_word' id='word_1_528' title='bbox 2549 4609 2912 4676; x_wconf 89' lang='lat' dir='ltr'><strong>hominibus,</strong></span> <span class='ocrx_word' id='word_1_529' title='bbox 2947 4626 3049 4666; x_wconf 90' lang='lat' dir='ltr'><strong>seu</strong></span> <span class='ocrx_word' id='word_1_530' title='bbox 3100 4627 3134 4666; x_wconf 93' lang='lat' dir='ltr'><strong>a</strong></span> <span class='ocrx_word' id='word_1_531' title='bbox 3177 4609 3541 4683; x_wconf 90' lang='lat' dir='ltr'><strong>quibuslibet</strong></span> <span class='ocrx_word' id='word_1_532' title='bbox 3580 4609 3806 4668; x_wconf 84' lang='lat' dir='ltr'><strong>vicinis</strong></span> 
     </span>
    </p>
   </div>
   <div class='ocr_carea' id='block_1_94' title="bbox 2144 4697 3811 4770">
    <p class='ocr_par' dir='ltr' id='par_1_94' title="bbox 2144 4697 3811 4770">
     <span class='ocr_line' id='line_1_94' title="bbox 2144 4697 3811 4770; baseline 0 -14"><span class='ocrx_word' id='word_1_533' title='bbox 2144 4699 2368 4756; x_wconf 90' lang='lat' dir='ltr'><strong>noviter</strong></span> <span class='ocrx_word' id='word_1_534' title='bbox 2396 4697 2714 4770; x_wconf 90' lang='lat' dir='ltr'><strong>acquisitas</strong></span> <span class='ocrx_word' id='word_1_535' title='bbox 2735 4698 3035 4770; x_wconf 90' lang='lat' dir='ltr'><strong>possidere</strong></span> <span class='ocrx_word' id='word_1_536' title='bbox 3057 4699 3352 4767; x_wconf 89' lang='lat' dir='ltr'><strong>videntur,</strong></span> <span class='ocrx_word' id='word_1_537' title='bbox 3377 4699 3624 4756; x_wconf 92' lang='lat' dir='ltr'><strong>consilio</strong></span> <span class='ocrx_word' id='word_1_538' title='bbox 3647 4699 3811 4756; x_wconf 84' lang='lat' dir='ltr'><strong>ﬁde-</strong></span> 
     </span>
    </p>
   </div>
   <div class='ocr_carea' id='block_1_95' title="bbox 2141 4786 3808 4860">
    <p class='ocr_par' dir='ltr' id='par_1_95' title="bbox 2141 4786 3808 4860">
     <span class='ocr_line' id='line_1_95' title="bbox 2141 4786 3808 4860; baseline 0.002 -18"><span class='ocrx_word' id='word_1_539' title='bbox 2141 4787 2288 4844; x_wconf 89' lang='lat' dir='ltr'><strong>lium</strong></span> <span class='ocrx_word' id='word_1_540' title='bbox 2309 4791 2643 4844; x_wconf 90' lang='lat' dir='ltr'><strong>nostrorum</strong></span> <span class='ocrx_word' id='word_1_541' title='bbox 2659 4803 2760 4860; x_wconf 93' lang='lat' dir='ltr'><strong>per</strong></span> <span class='ocrx_word' id='word_1_542' title='bbox 2773 4786 3050 4860; x_wconf 86' lang='lat' dir='ltr'><strong>synodale</strong></span> <span class='ocrx_word' id='word_1_543' title='bbox 3062 4789 3363 4845; x_wconf 90' lang='lat' dir='ltr'><strong>decretum</strong></span> <span class='ocrx_word' id='word_1_544' title='bbox 3379 4789 3464 4845; x_wconf 91' lang='lat' dir='ltr'><strong>eis</strong></span> <span class='ocrx_word' id='word_1_545' title='bbox 3476 4788 3808 4847; x_wconf 87' lang='lat' dir='ltr'><strong>donatione</strong></span> 
     </span>
    </p>
   </div>
   <div class='ocr_carea' id='block_1_96' title="bbox 2142 4875 3808 4952">
    <p class='ocr_par' dir='ltr' id='par_1_96' title="bbox 2142 4875 3808 4952">
     <span class='ocr_line' id='line_1_96' title="bbox 2142 4875 3808 4952; baseline 0.002 -20"><span class='ocrx_word' id='word_1_546' title='bbox 2142 4878 2314 4934; x_wconf 85' lang='lat' dir='ltr'><strong>ﬁrma</strong></span> <span class='ocrx_word' id='word_1_547' title='bbox 2341 4876 2770 4933; x_wconf 90' lang='lat' dir='ltr'><strong>concessimus:</strong></span> <span class='ocrx_word' id='word_1_548' title='bbox 2827 4893 2895 4933; x_wconf 88' lang='lat' dir='ltr'><strong>ea</strong></span> <span class='ocrx_word' id='word_1_549' title='bbox 2944 4875 3165 4934; x_wconf 89' lang='lat' dir='ltr'><strong>scilicet</strong></span> <span class='ocrx_word' id='word_1_550' title='bbox 3212 4877 3532 4934; x_wconf 80' lang='lat' dir='ltr'><strong>stabilitate</strong></span> <span class='ocrx_word' id='word_1_551' title='bbox 3579 4881 3636 4933; x_wconf 92' lang='lat' dir='ltr'><strong>et</strong></span> <span class='ocrx_word' id='word_1_552' title='bbox 3665 4877 3808 4952; x_wconf 84' lang='lat' dir='ltr'><strong>lege</strong></span> 
     </span>
    </p>
   </div>
   <div class='ocr_carea' id='block_1_97' title="bbox 2142 4965 3811 5041">
    <p class='ocr_par' dir='ltr' id='par_1_97' title="bbox 2142 4965 3811 5041">
     <span class='ocr_line' id='line_1_97' title="bbox 2142 4965 3811 5041; baseline 0.001 -18"><span class='ocrx_word' id='word_1_553' title='bbox 2142 4985 2260 5041; x_wconf 86' lang='lat' dir='ltr'><strong>qua</strong></span> <span class='ocrx_word' id='word_1_554' title='bbox 2289 4972 2498 5025; x_wconf 69' lang='lat' dir='ltr'><strong>caetera</strong></span> <span class='ocrx_word' id='word_1_555' title='bbox 2520 4965 2728 5023; x_wconf 91' lang='lat' dir='ltr'><strong>altaria</strong></span> <span class='ocrx_word' id='word_1_556' title='bbox 2747 4966 2926 5022; x_wconf 89' lang='lat' dir='ltr'><strong>totius</strong></span> <span class='ocrx_word' id='word_1_557' title='bbox 2947 4966 3192 5023; x_wconf 71' lang='lat' dir='ltr'><strong>abbatiaa</strong></span> <span class='ocrx_word' id='word_1_558' title='bbox 3215 4971 3526 5024; x_wconf 88' lang='lat' dir='ltr'><strong>tenuerant</strong></span> <span class='ocrx_word' id='word_1_559' title='bbox 3547 4967 3619 5023; x_wconf 90' lang='lat' dir='ltr'><strong>ab</strong></span> <span class='ocrx_word' id='word_1_560' title='bbox 3645 4969 3811 5024; x_wconf 86' lang='lat' dir='ltr'><strong>anti-</strong></span> 
     </span>
    </p>
   </div>
   <div class='ocr_carea' id='block_1_98' title="bbox 2141 5055 3809 5130">
    <p class='ocr_par' dir='ltr' id='par_1_98' title="bbox 2141 5055 3809 5130">
     <span class='ocr_line' id='line_1_98' title="bbox 2141 5055 3809 5130; baseline 0 -16"><span class='ocrx_word' id='word_1_561' title='bbox 2141 5075 2258 5130; x_wconf 92' lang='lat' dir='ltr'><strong>quo</strong></span> <span class='ocrx_word' id='word_1_562' title='bbox 2279 5062 2560 5130; x_wconf 90' lang='lat' dir='ltr'><strong>tempore,</strong></span> <span class='ocrx_word' id='word_1_563' title='bbox 2584 5055 2643 5111; x_wconf 90' lang='lat' dir='ltr'><strong>id</strong></span> <span class='ocrx_word' id='word_1_564' title='bbox 2661 5059 2750 5113; x_wconf 87' lang='lat' dir='ltr'><strong>est</strong></span> <span class='ocrx_word' id='word_1_565' title='bbox 2776 5059 2861 5125; x_wconf 91' lang='lat' dir='ltr'><strong>ut,</strong></span> <span class='ocrx_word' id='word_1_566' title='bbox 2881 5055 3297 5114; x_wconf 89' lang='lat' dir='ltr'><strong>decedentibus</strong></span> <span class='ocrx_word' id='word_1_567' title='bbox 3314 5057 3550 5114; x_wconf 90' lang='lat' dir='ltr'><strong>vicariis</strong></span> <span class='ocrx_word' id='word_1_568' title='bbox 3572 5055 3809 5130; x_wconf 85' lang='lat' dir='ltr'><strong>quibus</strong></span> 
     </span>
    </p>
   </div>
   <div class='ocr_carea' id='block_1_99' title="bbox 2138 5144 3811 5218">
    <p class='ocr_par' dir='ltr' id='par_1_99' title="bbox 2138 5144 3811 5218">
     <span class='ocr_line' id='line_1_99' title="bbox 2138 5144 3811 5218; baseline 0 -14"><span class='ocrx_word' id='word_1_569' title='bbox 2138 5146 2548 5204; x_wconf 85' lang='lat' dir='ltr'><strong>tantummodo</strong></span> <span class='ocrx_word' id='word_1_570' title='bbox 2561 5161 2761 5202; x_wconf 90' lang='lat' dir='ltr'><strong>curam</strong></span> <span class='ocrx_word' id='word_1_571' title='bbox 2775 5144 3106 5202; x_wconf 90' lang='lat' dir='ltr'><strong>animarum</strong></span> <span class='ocrx_word' id='word_1_572' title='bbox 3119 5146 3811 5218; x_wconf 87' lang='lat' dir='ltr'><strong>pereorumelectionem</strong></span> 
     </span>
    </p>
   </div>
   <div class='ocr_carea' id='block_1_100' title="bbox 2141 5234 3807 5308">
    <p class='ocr_par' dir='ltr' id='par_1_100' title="bbox 2141 5234 3807 5308">
     <span class='ocr_line' id='line_1_100' title="bbox 2141 5234 3807 5308; baseline 0.001 -15"><span class='ocrx_word' id='word_1_573' title='bbox 2141 5236 2589 5302; x_wconf 90' lang='lat' dir='ltr'><strong>committimus,</strong></span> <span class='ocrx_word' id='word_1_574' title='bbox 2621 5234 2733 5307; x_wconf 91' lang='lat' dir='ltr'><strong>ipsi</strong></span> <span class='ocrx_word' id='word_1_575' title='bbox 2766 5235 2969 5291; x_wconf 88' lang='lat' dir='ltr'><strong>eadem</strong></span> <span class='ocrx_word' id='word_1_576' title='bbox 3000 5234 3208 5293; x_wconf 89' lang='lat' dir='ltr'><strong>altaria</strong></span> <span class='ocrx_word' id='word_1_577' title='bbox 3247 5235 3534 5293; x_wconf 89' lang='lat' dir='ltr'><strong>redimere</strong></span> <span class='ocrx_word' id='word_1_578' title='bbox 3563 5251 3807 5308; x_wconf 85' lang='lat' dir='ltr'><strong>nequa-</strong></span> 
     </span>
    </p>
   </div>
   <div class='ocr_carea' id='block_1_101' title="bbox 2143 5322 3811 5398">
    <p class='ocr_par' dir='ltr' id='par_1_101' title="bbox 2143 5322 3811 5398">
     <span class='ocr_line' id='line_1_101' title="bbox 2143 5322 3811 5398; baseline 0.002 -17"><span class='ocrx_word' id='word_1_579' title='bbox 2143 5341 2322 5398; x_wconf 90' lang='lat' dir='ltr'><strong>quam</strong></span> <span class='ocrx_word' id='word_1_580' title='bbox 2351 5322 2799 5396; x_wconf 88' lang='lat' dir='ltr'><strong>compellantur,</strong></span> <span class='ocrx_word' id='word_1_581' title='bbox 2830 5324 2931 5380; x_wconf 90' lang='lat' dir='ltr'><strong>sed</strong></span> <span class='ocrx_word' id='word_1_582' title='bbox 2954 5323 3326 5382; x_wconf 89' lang='lat' dir='ltr'><strong>solummodo</strong></span> <span class='ocrx_word' id='word_1_583' title='bbox 3347 5324 3631 5382; x_wconf 89' lang='lat' dir='ltr'><strong>electione</strong></span> <span class='ocrx_word' id='word_1_584' title='bbox 3659 5342 3811 5395; x_wconf 84' lang='lat' dir='ltr'><strong>sua,</strong></span> 
     </span>
    </p>
   </div>
   <div class='ocr_carea' id='block_1_102' title="bbox 2145 5411 3817 5486">
    <p class='ocr_par' dir='ltr' id='par_1_102' title="bbox 2145 5411 3817 5486">
     <span class='ocr_line' id='line_1_102' title="bbox 2145 5411 3817 5486; baseline 0.002 -17"><span class='ocrx_word' id='word_1_585' title='bbox 2145 5418 2210 5470; x_wconf 89' lang='lat' dir='ltr'><strong>ut</strong></span> <span class='ocrx_word' id='word_1_586' title='bbox 2239 5414 2463 5470; x_wconf 85' lang='lat' dir='ltr'><strong>dictum</strong></span> <span class='ocrx_word' id='word_1_587' title='bbox 2485 5415 2592 5481; x_wconf 90' lang='lat' dir='ltr'><strong>est,</strong></span> <span class='ocrx_word' id='word_1_588' title='bbox 2624 5411 2934 5470; x_wconf 90' lang='lat' dir='ltr'><strong>succiduos</strong></span> <span class='ocrx_word' id='word_1_589' title='bbox 2953 5413 3203 5472; x_wconf 88' lang='lat' dir='ltr'><strong>vicarios</strong></span> <span class='ocrx_word' id='word_1_590' title='bbox 3223 5413 3552 5482; x_wconf 83' lang='lat' dir='ltr'><strong>exhibeant,</strong></span> <span class='ocrx_word' id='word_1_591' title='bbox 3594 5413 3697 5486; x_wconf 90' lang='lat' dir='ltr'><strong>qui</strong></span> <span class='ocrx_word' id='word_1_592' title='bbox 3723 5415 3817 5473; x_wconf 86' lang='lat' dir='ltr'><strong>de</strong></span> 
     </span>
    </p>
   </div>
   <div class='ocr_carea' id='block_1_103' title="bbox 2147 5501 3820 5578">
    <p class='ocr_par' dir='ltr' id='par_1_103' title="bbox 2147 5501 3820 5578">
     <span class='ocr_line' id='line_1_103' title="bbox 2147 5501 3820 5578; baseline 0.002 -18"><span class='ocrx_word' id='word_1_593' title='bbox 2147 5519 2326 5560; x_wconf 89' lang='lat' dir='ltr'><strong>manu</strong></span> <span class='ocrx_word' id='word_1_594' title='bbox 2357 5505 2557 5564; x_wconf 84' lang='lat' dir='ltr'><strong>nostra</strong></span> <span class='ocrx_word' id='word_1_595' title='bbox 2581 5517 2782 5562; x_wconf 88' lang='lat' dir='ltr'><strong>curam</strong></span> <span class='ocrx_word' id='word_1_596' title='bbox 2815 5502 3150 5562; x_wconf 87' lang='lat' dir='ltr'><strong>animarum</strong></span> <span class='ocrx_word' id='word_1_597' title='bbox 3193 5504 3539 5578; x_wconf 89' lang='lat' dir='ltr'><strong>suscipiant.</strong></span> <span class='ocrx_word' id='word_1_598' title='bbox 3570 5501 3820 5563; x_wconf 74' lang='lat' dir='ltr'><strong>Allaria</strong></span> 
     </span>
    </p>
   </div>
  </div>
