4102 6174
247 319 362 384 585

958 318 1410 386 DIPLOMA'I‘A
1458 325 1667 384 DATA
1717 325 1927 384 ANTE
1971 320 2432 390 SUSCEPTUM
2482 329 2670 395 ROM.
2718 330 2945 395 PONT.

236 471 544 543 Vvero‘quae
579 454 694 512 illis
724 453 1141 526 concessimus,
1173 457 1293 513 haec
1325 461 1483 526 sunt,
1506 457 1792 524 videlicet,
1819 457 1894 513 al-
1923 460 1977 524 Α
2008 474 2074 513 ex
2096 475 2255 514 more
2284 463 2586 532 pastorali,
2622 467 2802 522 nostri
2836 467 3170 539 parochiam
3202 469 3480 539 pontiﬁcii
3523 489 3652 543 per-

246 551 367 599 tare
390 544 650 601 ecclesias
675 546 733 600 in
757 545 894 603 villa
915 564 1040 619 quae
1063 547 1276 603 dicitur
1294 546 1671 602 Vallis-Curia
1696 545 1897 612 ;altare

240 633 500 690 ecclesiae
534 635 593 690 in
623 634 760 691 villa
785 653 911 709 quae
945 637 1158 691 dicitur
1176 636 1229 691 S.
1276 637 1550 691 Germani
1589 635 1892 703 Archadis;

237 713 423 778 altare
473 723 730 781 ecclesia:
780 724 839 780 in
894 725 1250 797 Soponaria;
1307 723 1491 780 altare
1533 724 1788 780 ecclesize
1835 725 1895 780 in

235 807 731 868 Mollensis-V’illa
752 813 952 880 ;altare
983 812 1237 870 ecclesiae
1261 813 1320 867 in
1345 812 1898 885 Claregio.Habeant

236 898 416 955 etiam
451 900 763 956 dimidiam
799 900 1102 957 ecclesiam
1134 901 1192 956 in
1217 899 1894 972 Tantonis-Villa,quam

235 973 740 1066 vir'recordabilis
772 990 1063 1046 memoria:
1097 990 1446 1055 Rainardus,
1485 1007 1551 1044 ex
1595 989 1804 1044 comite
1836 989 1892 1043 in

233 1061 525 1150 p‘i'mdicto
560 1079 912 1150 monasterio
945 1078 1270 1134 monachus
1313 1078 1516 1144 factus,
1567 1095 1699 1132 cum
1733 1077 1892 1132 omni

235 1165 605 1238 patrimonio
653 1168 806 1237 quod
859 1166 1078 1221 ibidem
1131 1166 1488 1238 possederat,
1533 1166 1602 1221 ad
1632 1165 1894 1221 cmlestes

231 1255 554 1310 thesauros
582 1254 984 1322 transtulerat,
1019 1255 1158 1310 dum
1193 1259 1454 1310 maneret
1482 1254 1540 1309 in
1569 1255 1722 1321 vita;
1757 1271 1891 1308 nam

234 1343 425 1398 altera
457 1342 708 1397 dimidia
737 1360 870 1414 pars
894 1344 963 1399 de
985 1343 1296 1415 praebenda
1320 1345 1563 1397 fratrum
1587 1341 1891 1398 canonico-

237 1449 370 1488 rum
402 1431 594 1503 hujus
624 1431 779 1487 sedis
808 1435 952 1487 erat.
989 1432 1055 1486 Et
1084 1432 1224 1503 quia
1273 1431 1453 1486 altare
1505 1448 1621 1486 non
1671 1433 1893 1502 poterat

236 1520 421 1576 dividi
447 1519 579 1593 lege
611 1507 1336 1592 supradicta,tradidimus
1367 1524 1681 1590 utrumque
1712 1520 1890 1574 dona-

233 1610 403 1666 tione
451 1609 772 1676 communi,
823 1613 1116 1680 quatenus
1159 1609 1229 1663 de
1277 1607 1385 1663 hac
1436 1608 1644 1680 pietate
1684 1609 1892 1663 fratres

232 1697 686 1770 praesentialiter
717 1698 774 1752 in
803 1698 1146 1754 memoriam
1163 1699 1465 1766 reducant,
1484 1701 1767 1769 quantum
1788 1714 1891 1768 pro

234 1787 397 1842 bona
421 1785 718 1842 voluntate
742 1786 1127 1858 omnipotenti
1150 1787 1264 1842 Deo
1288 1804 1390 1858 pro
1420 1787 1586 1863 nobis
1609 1787 1891 1841 instanter

232 1875 578 1948 supplicare
609 1875 1152 1931 debeant.Petimus
1173 1875 1421 1948 denique
1442 1879 1499 1930 et
1519 1875 1890 1930 obsecrantes

232 1963 630 2036 deprecamur
657 1980 1063 2019 successorum
1091 1969 1424 2019 nostrorum
1457 1968 1758 2035 paternam
1791 1963 1887 2017 be-

234 2051 726 2118 nevolentiam,ut
747 2052 864 2108 haec
888 2057 1103 2108 nostra:
1126 2052 1416 2125 largitatis
1465 2051 1678 2107 oblatio
1721 2052 1890 2107 ﬁrma

234 2142 524 2198 habeatur
555 2146 611 2197 et
643 2145 786 2207 rata,
822 2141 995 2197 sicuti
1027 2145 1083 2197 et
1111 2141 1224 2213 ipsi
1258 2158 1491 2214 quoque
1521 2159 1630 2197 sua
1659 2141 1890 2196 decreta

237 2230 618 2286 constituturi
633 2233 774 2285 sunt
785 2246 1013 2287 servare
1029 2230 1360 2302 perenniter
1373 2230 1614 2298 illibata;
1639 2231 1888 2286 scientes

236 2319 437 2393 procul
471 2318 659 2374 dubio
693 2335 755 2374 se
783 2320 866 2374 ita
891 2334 993 2391 pro
1023 2321 1174 2375 bona
1203 2319 1498 2375 voluntate
1521 2335 1890 2375 remuneran-

235 2409 548 2479 dos,sicuti
572 2425 678 2480 pro
703 2410 1028 2464 temeritate
1046 2425 1246 2464 eorum
1272 2425 1398 2480 quae
1422 2426 1526 2480 pro
1557 2409 1887 2463 animarum

233 2498 496 2554 remedio
529 2496 850 2554 constituta
881 2497 1120 2565 sunt,ab
1153 2502 1388 2553 auctore
1421 2497 1622 2552 mundi
1655 2497 1888 2569 gravius

234 2587 588 2660 puniendos.
619 2585 695 2642 Ut
725 2589 921 2642 autem
952 2585 1074 2643 haec
1107 2591 1317 2642 nostrae
1368 2585 1700 2641 traditionis
1748 2602 1888 2640 con-

233 2677 422 2732 cessio
443 2676 506 2730 in
533 2675 749 2730 futuris
771 2676 1135 2748 temporibus
1151 2676 1183 2729 ﬁ
1195 2675 1670 2731 rmiorhabeatur
1682 2691 1746 2729 ac
1759 2690 1885 2745 per-

235 2765 549 2838 petualiter
571 2764 756 2820 illaesa
777 2769 1173 2832 conservetur,
1209 2781 1386 2819 manu
1437 2764 1702 2819 omnium
1747 2763 1884 2816 ﬁde—

231 2853 376 2910 lium
406 2858 743 2910 nostrorum
767 2869 891 2908 eam
915 2853 1271 2909 corroborari
1294 2852 1626 2919 fecimus,et
1648 2850 1893 2906 auctori-

229 2943 370 2999 tatis
400 2939 616 2998 nostra:
645 2941 1054 3014 gratiadurare
1087 2958 1189 3014 per
1213 2941 1589 2998 succedentia
1621 2944 1886 3012 tempora

230 3031 631 3088 decernimus.

302 3121 426 3194 Ego
473 3121 668 3177 Bruno
715 3120 994 3193 indignus
1066 3120 1376 3193 episcOpus
1432 3136 1607 3175 manu
1655 3117 1890 3191 propria

232 3210 588 3281 subscripsi.

305 3300 552 3368 Signum
578 3297 808 3354 Gibuini
833 3297 1171 3370 primicerii.

314 3387 556 3454 Signum
584 3386 836 3442 Dudonis
867 3387 1249 3443 Virdunensis
1284 3387 1597 3459 primicerii

314 3475 546 3546 Signum
576 3474 817 3532 Ulderici
854 3475 1077 3532 archid.

310 3565 546 3637 Signum
571 3564 834 3638 Ebydrici
869 3564 1070 3621 archid

301 3653 540 3724 Signum
569 3653 707 3708 item
740 3651 990 3709 Udelrici
1020 3652 1243 3708 archid.

306 3742 547 3812 Signum
577 3740 862 3797 Lamberti
898 3741 1117 3796 archid.

303 3832 542 3900 Signum
571 3829 860 3885 Benzelini
893 3829 1112 3886 archid.

299 3920 538 3990 Signum
569 3918 852 3975 Geberoni
884 3919 1107 3975 archid.

301 4007 541 4079 Signum
571 4006 864 4062 Lanzelini
898 4006 1126 4062 archid.

308 4096 462 4153 Data
490 4113 610 4152 xvu
641 4094 1100 4162 Kal.Julii,anno
1131 4097 1205 4152 ab
1236 4094 1635 4152 incarnatione
1658 4093 1892 4150 Domini

228 4186 402 4253 4034,
437 4185 755 4241 indictione
785 4203 849 4256 Π,
879 4203 1032 4241 anno
1063 4203 1194 4241 vero
1226 4185 1424 4240 domni
1457 4183 1703 4241 Conradi
1744 4182 1894 4254 regis

225 4274 538 4344 x,imperii
573 4274 1198 4345 nono,pontif.quoque
1234 4273 1439 4328 domui
1463 4271 1750 4328 Brunonis
1770 4288 1892 4338 vui,

231 4364 461 4420 comite
493 4362 786 4418 Rainardo
809 4362 1064 4433 juniorc.

308 4452 432 4524 Ego
491 4451 830 4508 Harduinus
889 4451 1158 4508 sacerdos
1202 4457 1256 4508 et
1288 4469 1445 4508 mon.
1471 4452 1646 4522 jussu
1675 4450 1896 4506 domini

231 4541 483 4597 abbatis
511 4540 730 4596 Vidrici
761 4541 968 4613 scripsi

303 4633 456 4686 Acta
482 4627 649 4686 Tullo
677 4630 737 4685 in
759 4629 1018 4702 plenaria
1041 4631 1280 4703 synodo.

1043 4735 1092 4792 Il

231 4829 431 4882 Bruno
471 4825 738 4880 Tullensis
770 4826 1022 4882 Ecclesiae
1064 4827 1346 4898 episcOpus
1395 4830 1672 4883 consecrat
1719 4831 1898 4883 orato-

712 4898 861 4952 rium
888 4899 1231 4959 Bertz‘nz’aca.’
1258 4900 1448 4954 curtis.

872 4986 1064 5056 (Anno
1099 4986 1281 5058 4036.)

231 5073 512 5146 [Perard,
562 5072 789 5146 Recueil,
827 5073 892 5128 de
934 5074 1172 5130 diversas
1219 5076 1394 5146 piece:
1440 5082 1658 5129 servant
1686 5077 1717 5130 ὰ
1749 5075 1900 5130 l’hz‘s-

593 5146 730 5200 τοὺ-ε
759 5145 823 5199 de
858 5145 1227 5216 Bourgogne,’
1239 5161 1372 5218 pag.
1410 5145 1555 5215 185.]

313 5252 381 5306 In
433 5251 674 5306 nomine
730 5251 827 5306 Dei
878 5252 1321 5324 omnipotentis,
1369 5252 1605 5306 nomine
1635 5251 1902 5323 triplicis,

240 5338 503 5409 numine
533 5337 1048 5411 simplicis,sauno
1067 5338 1310 5395 humilis
1334 5339 1655 5394 Leucorum
1681 5340 1903 5410 episco-

236 5444 385 5501 pus,
420 5425 526 5483 Dei
559 5427 732 5495 dono,
760 5427 820 5483 id
845 5429 1002 5500 quod
1034 5433 1142 5484 est.

311 5514 562 5574 Noverit
615 5515 908 5592 industria
965 5515 1228 5572 ﬁdelium
1280 5515 1521 5585 Christi,
1571 5518 1692 5572 tam
1725 5515 1903 5571 futuri

231 5595 535 5680 temper-is
565 5593 743 5679 quam
775 5597 1265 5680 présentisquo'd
1297 5603 1419 5662 vice
1451 5604 1706 5679 quadam
1740 5604 1902 5678 dum,

582 5731 846 5798 PATROL.
894 5730 1158 5800 CXLIII.

2006 548 2465 618 ambularemus,
2500 554 2743 626 contigit
2775 573 2878 610 nos
2913 558 3066 628 apud
3103 557 3491 614 Bertiniacam
3538 559 3650 615 cel-

2007 634 2124 690 lam
2156 637 2438 709 hospitari
2472 659 2605 696 cum
2640 644 2930 699 fidelibus.
2967 647 3166 716 Itaque
3198 663 3263 702 eo
3304 645 3414 702 loci
3468 648 3652 702 domi-

2008 742 2118 778 nus
2149 725 2330 782 abbas
2363 728 2744 796 Divionensis,
2782 731 3132 788 llalinardus
3164 735 3398 790 nomine
3438 735 3650 801 dictus,

2007 814 2176 884 cujus
2208 814 2354 870 cella
2385 816 2485 872 illa
2516 817 3150 893 intererat,pariterque
3172 823 3426 879 domnus
3449 823 3648 893 abbas,

2003 900 2316 958 Vuidricus
2346 910 2560 974 noster,
2604 907 2672 962 de
2720 909 2978 964 cmnobio
3017 912 3211 966 sancti
3265 913 3426 984 Apri,
3475 913 3648 968 ambo

2004 993 2436 1048 conversatione
2464 994 2805 1067 laudabiles,
2840 1015 3156 1053 convenere
3195 1000 3382 1072 gratia
3432 1001 3639 1056 nostri.

2007 1077 2178 1133 Porro
2210 1079 2372 1136 locus
2404 1081 2498 1136 ille
2529 1085 2672 1139 satis
2697 1084 2990 1156 eleganter
3012 1087 3110 1141 Dei
3139 1088 3371 1144 servitio
3418 1090 3648 1145 exstite-

2005 1171 2094 1220 rat
2109 1174 2480 1224 constructus
2496 1175 2550 1225 et
2572 1173 2953 1229 dedicationis
2971 1175 3371 1231 benedictione
3384 1179 3645 1234 nondum

2005 1256 2292 1322 munitus,
2325 1263 2400 1326 et,
2434 1261 2585 1330 quod
2621 1262 2788 1315 nobis
2814 1263 3438 1335 gratius,disciplinate
3469 1284 3502 1320 a
3527 1283 3646 1323 m0-

2005 1344 2210 1399 nachis
2238 1345 2523 1418 religiosis
2547 1348 2924 1404 incolebatur.
2945 1352 3126 1422 Igitur
3154 1353 3374 1424 praefati
3408 1355 3648 1410 abbates

2005 1431 2299 1502 petierunt
2354 1434 2501 1489 illud
2564 1454 2666 1492 nos
2721 1439 2987 1494 dedicare
3047 1441 3386 1509 oratorium,
3448 1445 3650 1513 utpote

2003 1520 2303 1576 ecclesiam
2341 1529 2546 1579 nostra:
2595 1525 2862 1582 dioecesis
2913 1532 2967 1582 et
3022 1528 3341 1601 regiminis.
3393 1517 3650 1595 Quorum

2003 1611 2313 1666 annuendo
2342 1613 2496 1682 preci
2529 1613 2890 1686 explevimus
2923 1618 3076 1688 quod
3102 1618 3284 1672 nostri
3307 1622 3433 1673 erat
3453 1618 3649 1674 ofﬁcii.

2003 1697 2296 1754 Ordinatis
2345 1718 2474 1756 vero
2531 1703 2600 1756 de
2631 1704 2846 1773 quibus
2902 1704 3426 1776 interpellabamur
3475 1708 3650 1763 rebus

2005 1787 2300 1852 omnibus,
2333 1789 2603 1843 consultu
2635 1791 2900 1846 ﬁdelium
2931 1794 3274 1848 commorati
3321 1810 3531 1848 sumus
3583 1797 3649 1850 ut

2001 1879 2268 1930 sanetum
2301 1875 2514 1931 Christi
2548 1885 2863 1950 martyrem
2890 1881 3416 1952 Benignum,cujus
3437 1882 3647 1936 honori

1999 1963 2163 2019 illum
2197 1965 2556 2020 sacravimus
2585 1966 2800 2036 locum,
2834 1969 3037 2038 quavis
3074 1969 3385 2025 donatione
3416 1973 3644 2026 susten-

1998 2056 2257 2108 taremus
2288 2058 2574 2126 quatenus
2606 2071 2708 2127 per
2729 2056 2837 2112 hoc
2861 2058 3224 2112 stabiliretur
3251 2057 3396 2112 inibi
3420 2073 3641 2113 memo-

2000 2141 2138 2196 riale
2189 2144 2390 2209 nostri,
2444 2150 2496 2198 et
2545 2145 2657 2198 vivi
2714 2151 2770 2200 et
2817 2147 3095 2202 defuncti.
3145 2147 3253 2203 Diu
3284 2164 3422 2218 ergo
3465 2163 3643 2220 super

1997 2229 2090 2285 his
2122 2231 2540 2288 meditantibus
2572 2249 2677 2288 nec
2708 2234 2781 2288 ad
2832 2252 3043 2290 manus
3077 2236 3231 2306 quod
3273 2236 3397 2290 dari
3446 2239 3644 2307 posset

1998 2318 2218 2374 celebre
2250 2319 2600 2377 habentibus
2631 2326 2974 2395 suggestum
3021 2328 3109 2379 est
3159 2323 3368 2380 altaria
3397 2325 3469 2380 de
3499 2325 3642 2380 dua-

1997 2407 2108 2461 bus
2137 2407 2419 2475 ecclesiis,
2453 2426 2578 2481 quas
2600 2417 2767 2466 erant
2788 2413 2973 2468 sancti
2997 2411 3293 2480 illius,sub
3325 2417 3526 2469 nostra
3564 2412 3646 2467 di-

1999 2495 2154 2550 tione
2186 2498 2434 2568 pendere
2466 2499 2708 2571 darique
2739 2502 3016 2572 possibile
3056 2506 3257 2557 nostro
3307 2501 3648 2558 consisteret

2000 2583 2164 2639 velle.

2069 2674 2180 2728 Sed
2211 2675 2347 2746 quia
2377 2693 2468 2730 res
2501 2677 2839 2748 perspicuas
2872 2695 3021 2750 saepe
3053 2677 3334 2749 contingit
3389 2679 3644 2748 quadam

1998 2763 2314 2819 dubietatis
2349 2764 2596 2836 caligine
2627 2767 2919 2838 impediri,
2952 2767 3298 2820 verebamur
3343 2783 3414 2821 ne
3462 2765 3641 2834 illata,

1999 2851 2194 2905 subita
2227 2857 2281 2905 et
2309 2852 2638 2907 indiscussa
2669 2854 2903 2909 donatio
2936 2854 3301 2910 contraheret
3331 2853 3390 2909 in
3447 2859 3640 2927 poste-

1998 2956 2128 2994 rum
2162 2939 2382 3011 aliquid
2414 2941 2633 2996 sinistri
2659 2945 2715 2997 et
2737 2959 2806 2996 ne
2833 2941 2996 2998 ﬁeret
3018 2943 3369 3016 quandoque
3394 2945 3644 3000 semina-

1997 3029 2148 3084 rium
2182 3028 2440 3083 scandali
2472 3030 2591 3097 ;sed
2617 3030 2895 3101 quoniam
2919 3030 3064 3103 legis
3090 3032 3361 3103 praesidio
3385 3035 3440 3087 et
3459 3032 3638 3103 aequi-

1996 3118 2135 3173 tatis
2183 3116 2346 3173 lance
2404 3116 2461 3172 id
2494 3118 2679 3173 facere
2701 3118 3080 3187 conabamur,
3115 3121 3352 3176 statutis
3381 3120 3636 3175 induciis

1916 3190 1958 3258 C
2001 3205 2342 3262 distulimus
2373 3207 2525 3278 quod
2562 3207 2758 3262 sedem
2789 3212 3050 3264 nostram
3078 3213 3490 3281 repeteremus.
3523 3209 3637 3264 De-

1995 3295 2172 3367 nique
2202 3296 2595 3367 postmodum,
2629 3314 2748 3352 una
2777 3297 3027 3365 dierum,
3063 3298 3363 3354 convocari
3395 3297 3642 3354 fecimus

1943 3458 1946 3460 V
1997 3384 2178 3440 nostri
2207 3383 2342 3440 cieri
2375 3385 2708 3452 concilium,
2743 3387 2913 3457 cujus
2944 3387 3004 3441 in
3055 3387 3318 3443 medium
3366 3387 3645 3442 recitatur

2000 3473 2198 3546 petitio
2229 3474 2504 3530 abbatum
2531 3475 3245 3547 praedictorumﬂelatum
3270 3480 3357 3533 est
3378 3476 3646 3532 omnium

1999 3562 2098 3634 qui
2159 3563 2399 3618 aderant
2455 3564 2698 3619 concilio
2757 3565 2814 3619 id
2874 3582 2976 3620 nec
3028 3567 3224 3638 perﬁci
3259 3582 3363 3621 nec
3395 3565 3646 3621 stabiliri

1999 3669 2169 3724 posse
2193 3652 2414 3722 absque
2436 3653 2801 3708 testamentis
2820 3653 3094 3724 utrinque
3109 3670 3242 3708 cum
3258 3653 3642 3724 chirographo

2001 3742 2238 3795 notatis.
2271 3741 2488 3796 Horum
2518 3741 2772 3806 1aude,et
2797 3741 3073 3812 petitione
3097 3746 3151 3796 et
3183 3742 3400 3796 arctius
3423 3738 3644 3795 caeteris

2001 3829 2215 3884 domno
2248 3830 2454 3884 abbate
2485 3830 2756 3884 Vuidrico
2791 3830 3480 3897 insistente,donavimus
3514 3844 3643 3883 san-

2002 3922 2094 3972 cto
2130 3918 2377 3988 Benigno
2403 3917 2518 3971 duo
2550 3915 2775 3981 altaria,
2806 3916 3072 3971 videlicet
3102 3917 3172 3972 de
3216 3916 3400 3973 Solvis
3450 3920 3647 3972 monte

2002 4010 2059 4061 et
2090 4005 2335 4060 Volferei
2356 4011 2608 4070 curte,eo
2636 4003 2878 4059 rationis
2900 4008 3097 4060 tenore
3117 4007 3380 4077 quandiu
3403 4005 3544 4062 inibi
3566 4022 3652 4062 re-

2003 4093 2285 4167 gulariter
2335 4092 2728 4149 celebraretur
2774 4095 2915 4150 ordo
2962 4095 3087 4150 vitae
3137 4095 3513 4164 monasticae;
3559 4096 3651 4152 sin

1977 4186 2192 4248 secus,
2228 4183 2528 4254 quoniam,
2563 4183 2708 4254 proh
2734 4182 2937 4238 dolori
2975 4188 3239 4257 potentes
3269 4184 3465 4240 saeculi
3504 4183 3651 4241 tales

2007 4290 2119 4326 non
2134 4270 2484 4344 suntquales
2516 4277 2649 4326 ante
2673 4272 2854 4326 habiti
2884 4274 3098 4340 sunt,si
3123 4274 3320 4329 forsan
3341 4275 3649 4346 episcopus

2005 4359 2385 4432 Singonensis
2419 4377 2520 4431 per
2549 4361 2889 4432 cupiditatis
2921 4361 3107 4417 zelum
3134 4363 3340 4418 usibus
3362 4363 3484 4416 suis
3507 4361 3652 4416 illud

2006 4448 2262 4521 rapuerit
2294 4449 2737 4517 monasterium,
2773 4449 2912 4517 sive,
2956 4449 3144 4520 pulsis
3191 4449 3397 4504 exinde
3445 4463 3654 4503 mona-

1926 4561 1972 4624 Β
2007 4539 2130 4595 chis
2164 4537 2849 4612 regularibus,pomposa
2878 4537 3234 4593 saecularitas
3259 4537 3410 4592 idem
3446 4536 3650 4591 subin-

1996 4628 2229 4700 troierit
2272 4627 2623 4692 coenobium,
2674 4627 2796 4682 haec
2829 4625 3053 4692 altaria,
3089 4624 3173 4679 illi
3207 4624 3475 4680 Ecclesize
3513 4641 3649 4680 con-

2007 4736 2173 4774 cessa
2221 4718 2345 4772 sine
2392 4716 2510 4771 ulla
2561 4715 2972 4781 controversia,
3005 4714 3229 4785 absque
3255 4713 3660 4788 apostrophali

2005 4806 2364 4881 garrulitate,
2429 4806 2488 4858 in
2549 4808 2809 4859 nostram
2873 4804 3112 4860 redeant
3169 4806 3543 4874 potestatem.
3585 4806 3660 4861 Et

2010 4897 2148 4969 quia
2193 4897 2505 4951 thesaurus
2555 4909 2753 4948 rerum
2805 4893 3069 4948 omnium
3122 4893 3404 4950 memoria
3445 4899 3554 4961 est,
3588 4911 3661 4951 ne

2011 4985 2225 5058 posteri
2276 4983 2458 5039 nostri
2507 4981 2626 5036 ullo
2685 4982 3141 5053 perturbationis
3191 5000 3384 5040 errore
3440 5000 3660 5058 praepe-

2014 5074 2269 5138 diantur,
2305 5073 2404 5128 sed
2438 5070 2740 5127 conventio
2770 5069 2883 5126 ista
2913 5071 3041 5127 sine
3069 5073 3358 5130 velamine
3389 5074 3512 5130 ﬁeri
3544 5071 3661 5127 illis

2013 5168 2213 5234 aperta
2269 5160 2571 5228 reveletur,
2634 5158 2755 5213 haec
2804 5164 3152 5217 testamenta
3199 5163 3258 5217 in
3321 5163 3659 5217 alterutram

2013 5255 2235 5323 partem
2270 5249 2659 5320 chirographo
2693 5253 2894 5304 notare
2928 5240 3194 5318 fecimus,
3229 5255 3291 5305 ut
3319 5246 3660 5318 comproba-

2011 5339 2168 5414 tione
2199 5337 2316 5392 veri
2343 5337 2666 5393 testimonii
2693 5338 2770 5392 sit
2797 5339 3134 5394 tenentibus
3165 5344 3220 5394 et
3242 5336 3440 5391 tollere
3461 5333 3659 5390 volen-

2014 5427 2182 5480 tibus
2217 5426 2462 5480 idoneus
2488 5426 2846 5482 defensionis
2871 5426 3058 5483 locus.

2087 5514 2338 5588 Signum
2370 5515 2663 5572 Brunonis
2694 5515 3010 5588 pontiﬁcis,
3046 5531 3224 5569 manu
3275 5513 3510 5587 propria
3556 5514 3665 5572 hoc

2011 5606 2431 5662 testamentum
2461 5603 2866 5662 conﬁrmantis
2893 5621 2906 5673 ;
2943 5605 2998 5660 S.
3017 5602 3216 5660 domni
3247 5604 3478 5662 abbatis
3506 5601 3670 5660 Hali-

3273 5735 3346 5797 I9

3531 340 3748 401 386.
