4102 6174
471 294 589 358 587

1538 290 1602 353 S.
1648 287 1927 350 LEONIS
1972 285 2049 348 1X
2091 282 2320 345 ΡΑΡΑΞ
2364 284 2796 349 OPUSCULA.

3751 282 3870 359 588

471 427 635 483 nardi
662 445 675 496 ;
708 426 769 481 8.
803 424 1065 496 Gregorii
1096 398 1345 497 prafata
1373 422 1529 479 cella
1556 422 1819 493 ;prioris;
1855 420 1911 473 8.
1965 419 2103 472 Vui-
2135 418 2191 483 Α
2219 435 2352 472 cum
2385 420 2689 475 duodecim
2722 418 2974 475 denariis
3004 420 3075 474 de
3104 419 3269 486 fisco,
3298 420 3357 473 et
3386 414 3697 488 mancipiis
3745 416 3870 471 Gri-

473 516 615 572 drici
647 514 910 580 abbatis;
944 514 1002 567 S.
1032 512 1286 567 Hun'aldi
1312 510 1573 577 abbatis;
1604 515 1660 563 8.
1710 507 1946 565 Gihuini
1996 508 2114 579 pri-

476 604 736 671 micerii;
771 603 830 659 8.
865 601 1142 657 Vualterii
1175 600 1378 656 decani
1409 618 1422 667 ;
1452 600 1510 654 S.
1546 597 1832 653 Odelbrici
1867 596 2113 662 archid.;

478 693 536 748 8.
594 691 844 747 Lietardi
898 689 1157 755 archid.;
1215 686 1500 743 Gelizonis
1554 686 1816 753 archid.;
1876 685 1933 739 S.
1979 684 2118 739 Her-

478 781 629 837 berti
661 779 920 845 arcbid.;
976 779 1033 833 S.
1080 776 1339 831 Vuidrici
1386 774 1655 842 archid.;
1707 774 1766 829 S.
1826 773 2119 828 Lamberti

481 868 703 935 archid,
731 885 745 934 ;
779 867 837 923 S.
868 865 1145 937 Stephani
1177 864 1399 918 archid.
1424 881 1439 930 ;
1469 860 1827 932 S.Rodulpbi
1859 860 2116 928 archid.;

477 962 532 1011 8.
592 953 843 1011 Beselini
890 952 1150 1020 archid.;
1199 956 1255 1006 8.
1292 952 1580 1025 Raynardi
1629 951 1893 1019 eiusdem
1922 948 2119 1003 civita-

476 1045 553 1100 tis
582 1041 849 1109 comitis;
903 1042 961 1096 S.
1012 1040 1274 1112 Hugonis
1325 1040 1523 1096 fratris
1572 1039 1770 1094 domni
1820 1036 2117 1109 episcOpi;

475 1133 533 1187 S.
568 1129 839 1198 Milonis;
867 1134 922 1185 S.
953 1129 1316 1197 Bruchardi;
1361 1134 1415 1183 S.
1468 1128 1784 1200 Stephani;
1835 1130 1888 1180 S.
1944 1126 2117 1180 Bosc-

473 1220 605 1288 nis;
669 1219 778 1290 sig.
845 1218 1099 1275 Heinrici
1151 1217 1447 1284 advocati;
1511 1218 1566 1271 S.
1629 1216 1733 1270 filii
1790 1216 1919 1284 ejus
1969 1212 2117 1284 Sigi-

477 1308 634 1364 fridi.

548 1395 733 1467 Igitur
766 1394 1397 1466 quoniam,secundum
1429 1391 2013 1464 Apostolum,«nobis
2035 1396 2121 1447 est

477 1484 796 1539 videndum
839 1483 1129 1553 quomodo
1180 1485 1347 1538 caute
1395 1481 1788 1546 ambulemus,
1841 1480 2119 1550 quoniam

477 1572 604 1629 dies
630 1570 767 1627 mali
800 1576 956 1636 sunt,
992 1594 1017 1620 ››
1065 1571 1220 1626 hunc
1265 1587 1505 1627 sensum
1537 1571 1607 1624 de
1660 1569 1790 1625 istis
1837 1569 2119 1624 altaribus

474 1677 595 1718 non
627 1660 1041 1732 perdonamus,
1084 1659 1183 1715 sed
1232 1675 1336 1731 pro
1387 1658 1572 1714 solida
1622 1657 1906 1713 vestitura
1951 1657 2119 1713 nobis

2230 508 2425 561 maldo
2456 514 2512 561 et
2548 524 2720 563 uxore
2743 508 2869 576 ejus
2902 523 2967 563 ac
2989 506 3125 563 ﬁliis
3147 508 3359 577 ejus,et
3383 497 3874 562 Roberto.Medie-

2227 599 2406 649 tatem
2441 595 2695 650 ecclesia
2727 596 2796 650 de
2826 596 3256 652 Domno—Petro
3288 595 3872 667 (Dampierre,présen-

2230 691 2426 738 tement
2454 684 2509 738 la
2531 685 2703 739 Potite
2732 685 3025 756 Martigny)
3056 701 3191 739 cum
3222 700 3429 739 manso
3461 700 3600 751 uno,
3623 686 3680 738 et
3696 684 3872 749 terra,

2230 785 2285 833 et
2319 788 2496 850 prato.
2529 781 2895 837 Medietatem
2925 781 3179 836 ecclesia
3210 782 3281 837 de
3300 779 3595 836 Aureliani
3623 779 3876 836 mansio-

2230 868 2407 924 nibus
2438 868 2866 938 (Oreilmaison).
2900 868 3218 925 Ecclesiam
3247 868 3754 927 Totelenei-curtis
3786 868 3875 923 To-

2230 957 2524 1028 laincourt)
2556 974 2690 1013 cum
2722 958 3029 1013 duodecim
3062 957 3320 1013 denariis
3351 958 3422 1013 de
3462 957 3603 1013 ﬁsco
3650 961 3708 1012 et
3759 972 3874 1014 uno

2230 1045 2631 1116 receptorio,et
2656 1063 2790 1102 cum
2824 1045 3130 1116 mancipiis
3158 1044 3452 1102 Joseleino
3482 1049 3540 1100 et
3568 1044 3874 1116 Haimone,

2229 1151 2363 1189 cum
2396 1134 2672 1191 fratribus
2702 1140 2757 1190 et
2786 1134 3087 1190 sororibus
3117 1151 3318 1189 eorum
3365 1134 3761 1206 uxoribusque
3807 1149 3873 1190 ac

2230 1231 2386 1298 filiis,
2420 1237 2475 1286 et
2505 1231 2823 1287 Humberto
2855 1249 2991 1287 cum
3020 1232 3240 1288 liberis.
3275 1231 3595 1288 Ecclesiam
3622 1231 3873 1288 Seivilla

2229 1337 2362 1375 cum
2394 1321 2733 1392 receptorio.
2770 1322 2837 1375 Et
2865 1320 3173 1376 duodecim
3207 1320 3463 1376 denariis
3498 1320 3569 1375 de
3598 1319 3870 1377 ﬁscc.Ec-

2228 1407 2465 1464 clesiam
2500 1408 2761 1464 Madonis
2786 1408 3095 1477 villa,cum
3128 1407 3387 1480 quinque
3409 1406 3613 1465 solidis
3639 1408 3710 1463 de
3733 1408 3872 1464 fisco

2226 1504 2277 1551 et
2310 1498 2550 1552 totidem
2585 1496 2796 1552 modiis
2827 1513 3039 1563 avena,
3073 1502 3131 1552 et
3160 1512 3294 1552 cum
3327 1495 3552 1569 capella
3600 1495 3873 1554 Mei-leni-

2226 1586 2407 1641 curtis
2438 1588 2868 1655 (Morlaincourt,
2903 1590 2960 1641 et
2997 1602 3130 1641 cum
3179 1585 3371 1642 tribus
3416 1585 3758 1657 receptoriis
3813 1585 3873 1640 in

2228 1692 2401 1738 anno,
2434 1679 2490 1730 et
2522 1674 2830 1746 mancipiis
2863 1674 3341 1741 Rainfredo,cum
3370 1690 3548 1729 uxore
3577 1677 3635 1729 et
3655 1672 3873 1739 liberis,

475 1748 777 1819 Ποίνίείίυο
797 1747 1237 1842 δυοοθεὲονίῖξυε
1257 1746 1705 1842 ΡθιξεοῙνξξδηάἚιξΠ
1725 1762 2112 1842 τ’θβπνθεαιυε·
2143 1778 2191 1842 Β
2226 1763 2399 1818 terris
2429 1768 2485 1818 et
2514 1763 2718 1834 pratis.
2754 1762 3124 1818 Medietatem
3155 1760 3410 1817 ecclesia
3454 1760 3876 1818 Ciricis-curtis

472 1838 620 1891 Cum
652 1840 847 1890 autem
880 1836 1187 1907 contigerit
1216 1852 1283 1890 ea
1312 1835 1544 1891 vicariis
1577 1835 1828 1901 Viduari,
1862 1839 2114 1906 potesta-

470 1927 590 1979 tem
642 1921 823 1977 libere
881 1922 1201 1989 obtineant,
1262 1923 1388 1977 sine
1447 1929 1717 1994 respectu
1776 1923 2033 1995 episcopi
2067 1928 2124 1978 et

473 2010 888 2077 archidiaconi,
922 2010 1069 2067 alios
1100 2011 1440 2083 imponendi
1470 2017 1525 2067 ct
1557 2012 1671 2068 illis
1702 2030 1770 2069 ea
1810 2012 2119 2068 vendendi.

542 2098 685 2152 Acta
710 2100 848 2152 sunt
877 2096 996 2152 hac
1026 2097 1200 2163 Tulli,
1239 2098 1296 2153 in
1340 2097 1605 2170 plenaria
1654 2099 1874 2172 synodo
1925 2099 2127 2155 habita

476 2202 579 2245 vui
611 2186 749 2241 Idus
779 2186 1065 2254 Octobris,
1097 2185 1238 2243 luna
1262 2205 1387 2258 xm,
1411 2194 1610 2259 epacta
1644 2188 1851 2261 prima,
1888 2205 2127 2243 concur-

482 2278 647 2331 rente
693 2292 768 2343 IV,
815 2274 1094 2343 bissexto,
1142 2293 1294 2331 anno
1345 2276 1760 2332 incarnationis
1814 2277 2126 2332 Dominica

492 2364 651 2435 1036,
676 2362 995 2420 indictione
1021 2381 1092 2433 v;
1126 2380 1280 2420 anno
1309 2364 1471 2437 regni
1505 2364 1795 2421 Chonradi
1842 2382 1964 2434 XIII,
2018 2366 2125 2421 im-

488 2453 633 2527 perii
661 2469 793 2509 vero
822 2470 878 2508 χ.

558 2530 988 2615 Εεολῡὶιίιὶηυε
1009 2542 1696 2615 cancellarius,indignus
1727 2543 1897 2599 levita
1919 2544 2130 2599 domus

484 2631 672 2690 sancti
701 2631 1003 2704 Stephani,
1037 2631 1242 2703 scripsi
1273 2635 1329 2686 et
1359 2631 1589 2704 publice
1620 2631 1812 2704 relegi.

1273 2740 1343 2793 IIl

490 2830 697 2899 Bruno,
731 2828 997 2885 Tullensis
1028 2829 1328 2900 cpiscopus,
1351 2828 1731 2900 fundatin
1760 2831 2038 2900 prioratus
2071 2828 2134 2884 de

808 2900 1105 2969 Daguliaco
1126 2900 1222 2970 (de
1250 2899 1498 2972 Deuilly)
1528 2899 1830 2971 conﬁrmat.

1124 2989 1313 3059 (Anno
1351 2989 1503 3058 1044)

600 3078 772 3143 [Dum
802 3076 1041 3145 Calmet,
1072 3079 1309 3133 Histoire
1325 3077 1391 3132 de
1408 3078 1740 3143 Lorraz'neJ.
1775 3079 2023 3147 Preuvcs,

1169 3149 1459 3220 pag.4l7.]

562 3256 625 3311 In
658 3257 892 3311 nomine
922 3260 1135 3311 sancta
1167 3258 1224 3311 et
1253 3254 1568 3310 individua
1591 3254 2128 3325 Trinitatis,Patris,

486 3348 543 3399 et
590 3344 739 3410 Filii,
797 3349 854 3399 et
900 3344 1152 3416 Spiritus
1201 3343 1409 3408 sancti,
1458 3344 1650 3398 Bruno
1698 3343 1876 3415 episc.
1913 3344 2129 3401 Divina

486 3432 630 3502 legis
661 3436 943 3504 pracepto
974 3448 1416 3488 commonemur
1455 3432 1673 3486 bonum
1708 3432 1981 3489 facientes
2014 3451 2126 3489 non

484 3520 749 3587 deficere,
780 3520 881 3577 sed
914 3520 983 3575 de
1008 3521 1098 3576 die
1129 3520 1187 3574 in
1220 3520 1374 3574 diem
1406 3524 1743 3575 sanctorum
1776 3520 1903 3575 loca
1932 3537 2123 3577 accre-

483 3610 718 3677 scendo,
748 3608 961 3666 Christi
993 3612 1285 3664 annuente
1315 3609 1589 3680 gratia,in
1621 3608 2123 3680 eleemosynarum

480 3695 751 3771 largitate
782 3700 1059 3771 proficere
1091 3714 1192 3770 pro
1225 3696 1468 3751 viribus.
1504 3698 1704 3767 Itaque
1736 3696 1961 3751 noverit
1992 3698 2120 3752 uni-

477 3788 724 3845 versitas
753 3787 1137 3854 credentium,
1173 3786 1327 3857 quod
1360 3784 1645 3840 Galterius
1677 3786 1745 3839 de
1786 3784 2116 3857 Daguliaco,

476 3892 611 3930 cum
644 3876 887 3933 consilio
918 3880 975 3931 et
1002 3875 1298 3929 voluntate
1328 3873 1558 3944 cujugis
1590 3890 1707 3927 sua
1740 3871 1940 3939 Adita,
1981 3892 2117 3929 con-

476 3964 823 4019 struxeritin
847 3963 1089 4035 antiquo
1104 3965 1191 4018 sui
1208 3964 1364 4034 juris
1380 3962 1591 4034 pradio
1610 3962 1903 4032 quoddam
1926 3980 2116 4019 emno-

473 4048 696 4104 biolum
730 4050 1053 4106 monastico
1084 4051 1272 4105 ordini
1301 4067 1647 4121 congruum,
1689 4051 1841 4122 quod
1876 4068 1977 4123 pro
2010 4069 2118 4108 sua

472 4152 834 4209 suorumque
863 4138 1352 4209 praedecessorum
1386 4155 1451 4193 ac
1479 4156 1883 4194 successorum
1928 4140 2115 4196 salute

470 4224 823 4280 monasterio
843 4225 1036 4280 Sancti
1054 4226 1182 4296 Apri
1200 4226 1257 4279 in
1272 4226 1553 4280 suburbio
1570 4227 1929 4282 Leuchorum
1952 4228 2112 4283 urbis

467 4311 578 4369 sito
608 4318 888 4386 perpetua
919 4312 1288 4385 possessione
1318 4314 1623 4369 tradiderit
1669 4315 2020 4385 subjectum,
2055 4320 2112 4372 et

465 4403 751 4473 quasdam
787 4420 910 4459 sua
929 4402 1284 4457 hareditatis
1332 4402 1604 4458 ecclesias
1652 4404 1722 4458 ad
1774 4405 2106 4461 subsidium

463 4488 712 4545 fratrum
762 4490 877 4547 Deo
919 4490 1000 4545 ibi
1055 4489 1431 4545 servientium
1466 4495 1742 4563 perpetuo
1776 4493 2106 4549 retinendas
2136 4505 2184 4569 1)

2234 1862 2522 1932 (Xircourt)
2547 1878 2677 1915 cum
2706 1861 3022 1932 receptorio
3046 1876 3162 1915 uno
3183 1864 3239 1915 ct
3261 1859 3569 1915 duodecim
3590 1859 3871 1916 denariis.

2232 1949 2549 2004 Ecclesiam
2581 1949 2776 2003 Sancti
2829 1948 3274 2003 Hilarii-montis
3318 1948 3683 2019 (Hilairmont)
3733 1964 3875 2003 cum

2234 2038 2554 2107 receptorio
2612 2054 2751 2103 uno,
2806 2042 2864 2093 et
2909 2036 3218 2092 duodecim
3258 2036 3509 2092 denariis
3538 2052 3672 2091 cum
3704 2037 3874 2091 omni

2235 2128 2453 2199 pradio
2514 2127 2569 2181 in
2628 2126 2811 2191 silvis,
2867 2126 3069 2197 pratis,
3124 2125 3295 2181 terris
3326 2123 3498 2181 cultis
3526 2128 3583 2180 et
3609 2124 3876 2192 incultis,

2237 2226 2417 2281 servis
2447 2230 2504 2279 et
2534 2224 2781 2280 ancillis.
2814 2225 2954 2279 Tres
2997 2227 3192 2296 partes
3241 2222 3496 2279 ecclesia
3553 2222 3878 2278 Faucaudi-

2237 2316 2417 2369 curtis
2466 2314 2871 2385 (Iv'oucaucourt)
2904 2329 3038 2367 cum
3071 2313 3299 2367 duobus
3338 2311 3677 2383 receptoriis
3703 2315 3767 2367 et
3790 2316 3876 2367 to-

2238 2403 2419 2458 tidem
2452 2401 2676 2469 solidis,
2710 2406 2765 2457 et
2794 2417 2929 2456 cum
2962 2401 3273 2457 medietate
3300 2399 3806 2472 eleemosynarum
3825 2408 3881 2456 et

2238 2490 2621 2558 oblationum,
2651 2494 2708 2545 et
2738 2506 2871 2544 cum
2904 2488 3062 2544 omni
3092 2488 3305 2560 pradio
3336 2488 3396 2544 in
3440 2487 3623 2555 silvis,
3669 2487 3877 2556 vineis,

2239 2580 2439 2652 pratis,
2475 2579 2644 2634 terris
2674 2577 2851 2634 cultis
2884 2582 2942 2633 et
2984 2576 3245 2647 incultis,
3293 2577 3476 2633 servis
3518 2581 3576 2633 et
3625 2576 3879 2633 ancillis.

2240 2668 2495 2724 Tertiam
2516 2673 2737 2740 partem
2762 2666 3167 2722 [ladani-villa
3193 2682 3327 2722 cum
3349 2667 3671 2736 receptorio
3692 2682 3812 2722 uno
3828 2670 3884 2722 et

2241 2775 2341 2813 sex
2371 2758 2709 2821 denariis,et
2738 2772 2871 2811 cum
2904 2771 3066 2810 servo
3098 2754 3344 2810 Rainero
3375 2755 3620 2828 ejusque
3649 2771 3880 2811 manso.

2240 2854 2554 2911 Ecclesiam
2585 2858 2643 2909 et
2672 2851 3191 2923 Monasteriolo(Le
3220 2853 3526 2923 Mousserot)
3558 2869 3691 2908 cum
3723 2869 3881 2910 rece-

2242 2944 2428 3017 ptorio
2460 2960 2575 2998 uno
2604 2946 2662 2998 et
2680 2958 2779 2997 sex
2807 2940 3150 3010 denariis,et
3177 2957 3313 2997 cum
3357 2957 3521 2997 servo
3552 2940 3801 2998 Rodulfo
3831 2947 3888 2998 et

2245 3049 2420 3089 uxore
2448 3048 2515 3087 ac
2542 3030 2761 3097 liberis,
2795 3046 2861 3085 ac
2888 3046 3112 3085 manso.
3145 3028 3463 3086 Ecclesium
3486 3030 3556 3086 de
3587 3028 3883 3087 Frasnello

2163 3138 2207 3205 ρ
2246 3121 2478 3193 (Frena!)
2509 3136 2641 3175 cum
2675 3118 2856 3175 servis
2880 3117 3149 3190 Josperto
3180 3123 3237 3173 et
3257 3116 3604 3190 Angelrada,
3653 3122 3711 3174 et
3743 3118 3884 3175 Ber-

2244 3211 2424 3266 nardo
2456 3225 2591 3264 cum
2625 3207 2926 3263 medietate
2957 3206 3670 3263 liberorum.Medietatem
3701 3207 3883 3265 eccle-

2243 3300 2340 3355 sia
2370 3300 2441 3354 de
2473 3298 2713 3353 Roverio
2751 3298 2982 3364 (Rouvre
3011 3312 3078 3352 en
3109 3296 3394 3366 Saintois),
3427 3299 3487 3350 et
3515 3296 3585 3351 de
3613 3295 3730 3352 alia
3760 3314 3883 3353 me-

2239 3397 2450 3453 dietate
2479 3400 2700 3452 sextam
2734 3399 2958 3466 partem
2985 3410 3117 3450 cum
3149 3393 3380 3449 duobus
3419 3393 3779 3464 receptoriis,
3825 3398 3881 3450 et

2237 3485 2567 3558 quindecim
2603 3484 2880 3550 denariis,
2912 3487 2970 3539 et
2998 3500 3131 3538 cum
3180 3481 3488 3554 mancipiis
3526 3482 3791 3539 Folberto
3822 3488 3879 3539 et

2237 3590 2412 3628 uxore
2443 3589 2508 3626 ac
2537 3570 2758 3637 liberis,
2790 3575 2847 3627 et
2877 3588 3103 3627 manso.
3138 3570 3452 3629 Ecclesium
3483 3570 3554 3626 de
3602 3570 3877 3628 Masnillo

2234 3660 2468 3731 (Μαίηὶῑ)
2519 3676 2652 3715 cum
2693 3676 2855 3715 servo
2908 3658 3191 3715 Balduino
3235 3663 3292 3714 et
3339 3676 3515 3714 uxore
3552 3674 3617 3713 ac
3644 3658 3879 3726 liberis,

2231 3766 2364 3803 cum
2391 3748 2624 3803 duobus
2672 3747 3010 3820 receptoriis
3055 3753 3113 3803 et
3141 3747 3450 3803 duodecim
3480 3745 3758 3803 denariis.
3799 3749 3882 3804 De

2228 3837 2471 3892 ecclesia
2528 3838 2718 3891 sancti
2776 3836 2979 3891 Hilarii
3036 3836 3430 3903 medietatem,
3475 3852 3607 3891 cum
3639 3837 3881 3892 duabus

2228 3925 2468 3997 capellis
2490 3925 2801 3982 Mannonis
2820 3926 3001 3981 curtis
3018 3925 3409 3997 (Manoncour),
3425 3924 3882 3982 Girandi-curtis

2225 4023 2664 4094 (Girancour),et
2689 4040 2853 4078 servo
2867 4022 3208 4078 Thiebaudo
3224 4039 3356 4078 cum
3374 4039 3550 4078 uxore
3569 4027 3627 4078 et
3648 4022 3875 4088 liberis,

2224 4116 2281 4167 et
2312 4112 2503 4167 hanno
2534 4111 2807 4167 territorii
2839 4110 3025 4183 ipsius
3056 4110 3310 4167 ecclesia
3341 4127 3476 4166 cum
3506 4110 3678 4166 tertia
3708 4117 3877 4183 parte

2221 4199 2718 4271 eleemosynarum
2742 4204 2798 4255 et
2819 4198 3490 4271 oblationum.Campum
3512 4199 3611 4270 qui
3644 4199 3877 4270 adjacet

2222 4287 2593 4357 monasterio,
2628 4303 2815 4359 usque
2842 4288 2913 4342 ad
2945 4286 3152 4343 silvam
3184 4304 3312 4359 qua
3341 4291 3583 4343 vocatur
3598 4288 3875 4344 Banosus

2218 4382 2273 4432 et
2301 4377 2453 4431 ultra
2481 4376 2688 4432 silvam
2720 4376 2965 4432 alterum
2998 4392 3269 4448 campum
3303 4392 3491 4447 usque
3524 4376 3597 4431 ad
3649 4375 3871 4444 rivum,

2217 4465 2515 4537 aliumque
2534 4464 2986 4521 inibicum‘silva
3000 4464 3469 4537 apposita,quem
3491 4463 3872 4522 deditErem-

2215 4554 2415 4610 bertus
2442 4555 2746 4625 presbyter
2777 4571 2879 4625 pro
2911 4571 3028 4609 sua
3059 4553 3269 4609 anima
3301 4551 3870 4609 remedio.Molendi-

2214 4660 2355 4698 num
2379 4659 2581 4697 versus
2598 4642 3123 4711 occidentem,cum
3145 4642 3376 4698 duobus
3394 4642 3579 4714 pratis
3591 4642 3662 4696 ad
3663 4641 3874 4712 jacen-

2206 4742 2389 4797 tibus.
2450 4740 2734 4811 Campum
2784 4739 3128 4795 aRomoldo
3177 4738 3367 4796 villicc
3415 4739 3644 4808 datum,
3683 4740 3873 4809 juxta

2208 4835 2467 4885 nostram
2498 4832 2790 4883 corvatam
2825 4826 3309 4883 situm.Mansum
3341 4827 3497 4900 apud
3523 4827 3874 4884 Mannonis-

2206 4923 2429 4974 curtem
2463 4917 2535 4972 ab
2568 4917 2853 4973 Everardc
2886 4917 3222 4990 presbytero
3254 4918 3480 4985 datum,
3520 4932 3657 4972 cum
3700 4921 3874 4974 terra

2205 5021 2261 5072 et
2319 5020 2481 5086 prato
2539 5014 2617 5069 ibi
2670 5015 2969 5084 adjacente
3018 5019 3075 5070 et
3125 5014 3350 5070 vincam
3405 5016 3475 5070 ab
3513 5012 3869 5072 Eremberto

2207 5105 2542 5176 presbytero
2588 5103 2806 5157 datam.
2855 5102 3023 5174 Apud
3072 5102 3478 5159 Martiniacum
3530 5101 3897 5175 (Martignyl

452 4578 588 4648 jure
637 4580 827 4635 eidem
861 4579 986 4634 loco
1018 4578 1384 4651 delegaverit,
1416 4584 1472 4634 et
1520 4596 1586 4634 ac
1634 4580 2102 4636 confirmandum

460 4682 578 4721 sua
610 4667 943 4723 donationis
973 4667 1556 4733 testimonium,banc
1588 4668 1848 4724 chartam
1882 4670 1936 4723 in
1962 4687 2101 4741 pra-

460 4755 648 4808 sentia
680 4761 880 4811 nostra
909 4773 1042 4811 cum
1075 4757 1417 4812 auctoritate
1448 4757 1767 4828 apostolica
1809 4759 2097 4814 conscribi

456 4839 592 4895 inde
616 4847 672 4895 et
702 4844 961 4899 roborari
994 4845 1209 4900 fecerit.
1243 4850 1402 4901 Inter
1433 4846 1685 4900 Francos
1712 4845 1933 4901 scilicet
1958 4847 2097 4902 Mai-

457 4927 643 4983 reium
677 4931 849 5002 (cntra
878 4934 1049 4987 Fraz'n
1081 4942 1131 4988 et
1160 4935 1347 5005 Mare),
1400 4952 1636 4990 mansos
1682 4935 1828 4989 duos
1858 4936 1915 4989 in
1967 4936 2098 4991 dote

454 5016 715 5089 pradicti
774 5020 1018 5075 canobii
1067 5020 1345 5088 ecclesia,
1392 5039 1523 5077 cum
1574 5022 1768 5088 terris,
1821 5024 2003 5093 pratis
2041 5030 2099 5080 et

453 5106 764 5179 mancipiis
804 5107 1077 5164 Durando
1100 5115 1157 5165 et
1186 5127 1361 5166 uxore
1382 5112 1508 5179 ejus
1530 5109 1684 5165 Gisia
1715 5116 1769 5165 et
1790 5110 1925 5166 filiis
1945 5113 2092 5181 ejus.

449 5196 768 5252 Ecclesiam
804 5197 875 5252 de
917 5198 1131 5253 domno
1176 5199 1404 5255 Valerio
1436 5200 1831 5271 (Domvullicr),
1879 5216 2012 5255 cum
2063 5218 2095 5255 ν
2207 5197 2438 5264 pratum
2470 5191 2540 5245 ad
2576 5194 2693 5245 tres
2724 5206 2941 5262 carros,
2974 5192 3176 5247 datum
3206 5208 3310 5263 pro
3333 5192 3588 5248 remedio
3604 5189 3866 5247 Albrici.

448 5284 652 5340 solidis
710 5291 768 5341 et
822 5287 1064 5343 dimidio
1124 5290 1194 5344 de
1247 5289 1411 5356 ﬁsco,
1472 5293 1527 5343 et
1585 5288 1797 5344 modiis
1835 5306 1868 5344 ν
1900 5305 2091 5344 avena
2202 5280 2451 5336 Alodum
2482 5279 2554 5333 de
2584 5278 2814 5334 Rosolio
2846 5281 3142 5353 (Ronceux)
3173 5297 3309 5337 cum
3341 5281 3523 5337 servis
3543 5283 3598 5337 et
3617 5280 3871 5339 ancillis

448 5388 582 5428 cum
636 5374 860 5447 capella
909 5377 1264 5433 Sirei-curtis
1316 5378 1662 5448 (Se’rc‘court),
1697 5383 1751 5429 et
1781 5377 2092 5449 mancipiis
2201 5378 2409 5450 pratis,
2438 5373 2630 5443 terris,
2665 5374 2839 5431 cultis
2868 5380 2924 5431 et
2949 5375 3744 5449 incultis,silvis,aquis,cum
3771 5377 3868 5451 pi-

444 5459 694 5516 Thihero
755 5467 812 5518 et
862 5466 1131 5521 Durando
1181 5482 1313 5521 cum
1371 5481 1477 5518 sua
1530 5467 1729 5517 matre.
1773 5463 2089 5522 Ecclesium
2202 5466 2459 5522 scatione
2491 5480 2608 5519 sua
2638 5463 3150 5535 partis,Albertum
3180 5483 3316 5523 cum
3347 5482 3522 5522 uxore
3541 5470 3598 5522 et
3616 5464 3868 5525 liberis.

446 5546 887 5612 Maliaci-curtis
939 5553 1352 5629 (Morizdcourt,
1409 5549 1678 5630 autrefois
1730 5551 2088 5641 Μαιδέσοιινι)
2197 5556 2437 5618 Pratum
2462 5551 2641 5615 etiam
2663 5553 2819 5630 apud
2842 5553 3223 5617 Gimiriacum
3236 5557 3308 5616 ad
3321 5554 3630 5616 duodecim
3647 5568 3871 5617 carros
