4102 6174
264 298 382 359 589

971 298 1426 362 DIPLOMATA
1472 297 1683 357 DATA
1725 295 1930 356 ANTE
1977 294 2445 357 SUSCEPTUM
2491 295 2680 356 ROM.
2727 295 2960 359 PONT.

3550 299 3674 361 590

265 430 399 486 feni.
433 430 655 486 Predia
684 433 837 504 apud
871 431 1136 502 Bonfagit
1165 432 1419 502 (Bonfay)
1451 436 1508 484 et
1539 429 1865 484 Danvillam
1893 447 1904 494 ;
1939 430 1986 494 Α
2029 428 2224 492 bui,ad
2258 428 2728 500 supplementum
2767 429 3165 499 eleemosynze,
3188 436 3439 500 quatuor
3467 432 3674 488 altaria

267 537 439 574 usum
454 518 611 575 silva)
623 520 944 591 adjacentis
957 526 1143 575 castro
1157 538 1284 583 suo,
1306 519 1586 574 concessit
1605 518 1908 572 monachis

262 608 723 680 hominibusque
750 609 835 663 eis
865 609 1116 663 subditis
1158 609 1451 679 quomodo
1482 607 1572 661 sui
1608 611 1912 661 uterentur

261 697 434 752 servi.
467 696 650 751 Usum
683 697 860 752 etiam
883 695 1130 752 aliarum
1164 695 1442 750 silvarum
1469 701 1526 750 et
1555 711 1905 767 pascuarum

259 800 668 857 aquarumque
698 785 757 839 in
789 786 1063 841 omnibus
1093 785 1217 840 suis
1248 784 1502 856 prediis,
1536 783 1718 838 servis
1750 784 1906 852 ejus-

257 874 391 928 dem
424 873 581 928 cellas
612 873 901 928 concessit
922 873 1136 929 ibidem
1156 873 1552 937 manentibus,
1583 877 1647 926 ut
1669 877 1912 926 utantur

253 963 384 1018 sine
442 961 603 1017 omni
650 961 882 1016 servitio
938 978 1098 1016 more
1154 977 1396 1016 suorum
1445 976 1766 1015 servorum.
1829 959 1910 1014 De

254 1055 518 1106 mercato
567 1048 743 1105 etiam
785 1053 974 1104 castro
1019 1066 1123 1104 suo
1167 1049 1463 1118 adjacente
1509 1049 1798 1103 concessit
1826 1047 1909 1102 eis

253 1139 556 1195 decimum
589 1137 918 1201 denarium,
952 1137 1172 1192 scilicet
1202 1138 1272 1191 de
1300 1136 1551 1201 teloneo,
1583 1136 1654 1190 de
1675 1135 1911 1206 justitia

252 1227 340 1283 vel
374 1228 446 1282 de
475 1226 634 1282 omni
654 1225 766 1280 alio
798 1225 1049 1280 redditu.
1074 1225 1264 1280 Unum
1296 1243 1364 1278 ex
1397 1224 1582 1280 furnis
1613 1225 1904 1279 banalem.

255 1315 556 1370 Widricus
580 1314 755 1368 etiam
781 1314 962 1368 abbas
994 1313 1240 1368 crenobii
1272 1314 1469 1368 Sancti
1494 1313 1624 1384 Apri
1656 1312 1910 1383 plurima

255 1408 607 1460 ornamenta
623 1401 871 1457 contulit
885 1402 1172 1474 praedictae
1190 1401 1367 1464 cellae,
1382 1407 1439 1476 et
1456 1403 1608 1473 apud
1630 1401 1909 1457 Vallerias

255 1495 487 1548 vineam
510 1492 583 1546 ad
603 1492 862 1562 quinque
883 1507 1082 1546 carros
1113 1490 1252 1556 vini,
1278 1507 1406 1561 qua:
1425 1490 1640 1544 dicitur
1660 1489 1908 1546 Clausus

259 1580 549 1637 Lamberti
581 1580 638 1633 in
665 1594 812 1650 pago
844 1578 1129 1634 Tullensi.
1163 1579 1461 1634 Concessit
1491 1595 1744 1650 quoque,
1774 1583 1837 1632 ut
1859 1579 1906 1632 si

262 1686 467 1726 servus
494 1669 551 1724 S.
599 1668 738 1738 Apri
772 1668 1058 1738 acciperet
1088 1684 1324 1722 uxorem
1356 1685 1423 1722 ex
1472 1666 1700 1722 ancillis
1730 1667 1908 1738 hujus

2021 533 2153 571 cum
2214 516 2338 571 suis
2385 518 2712 572 redditibus
2761 517 2948 571 eidem
2998 517 3120 571 loco
3165 518 3401 584 tradidi,
3453 521 3676 577 scilicet

2021 603 2200 658 altare
2231 604 2714 670 Totileni-curtis,
2748 604 2930 659 altare
2973 605 3416 660 Medonis-villa:
3439 608 3672 678 (Medon-

2018 693 2187 760 m'lle),
2241 692 2420 747 altare
2473 694 3025 759 Faucaudis-curtis,
3075 694 3255 748 altare
3306 695 3377 749 de
3425 696 3669 752 ecclesia

2021 781 2215 834 Sancti
2239 781 2464 846 Hilarii,
2487 798 2553 835 ea
2574 781 2904 836 conditione
2933 783 3132 852 utjam
3152 783 3211 837 in
3244 783 3469 855 reliquo
3505 785 3668 839 dece-

2020 868 2294 923 dentibus
2319 869 2549 924 vicariis
2581 886 2694 923 non
2746 871 3131 935 redimantur,
3179 873 3505 927 secundum
3539 889 3669 929 mo-

2020 974 2141 1011 rem
2175 956 2422 1012 aliarum
2472 959 2871 1022 ecclesiarum,
2921 959 3021 1014 sed
3055 959 3127 1012 ab
3159 975 3224 1013 eo
3273 960 3371 1030 qui
3408 961 3669 1016 cmnobio

2019 1046 2314 1116 praefuerit
2359 1045 2553 1100 idonei
2601 1047 2795 1101 vicarii
2845 1045 3159 1118 eligantur,
3191 1052 3246 1101 et
3279 1049 3351 1101 ab
3397 1049 3670 1121 episcopo

2017 1151 2157 1188 cura
2214 1133 2298 1188 eis
2337 1135 2668 1188 animarum
2717 1135 3124 1189 tantummodo
3175 1135 3538 1206 injungatur.
3600 1138 3673 1193 Ut

2017 1229 2213 1276 autem
2241 1221 2327 1276 hae
2349 1227 2556 1276 nostrae
2576 1223 2987 1276 convenientiae
3015 1223 3241 1278 firmius
3275 1223 3669 1295 stabiliantur,

2017 1309 2379 1365 decrevimus
2408 1311 2562 1364 omni
2598 1327 2748 1364 anno
2773 1311 3081 1365 duodecim
3104 1313 3373 1367 denarios
3405 1313 3668 1383 ejusdem

2018 1399 2183 1468 pretii
2218 1400 2287 1453 ad
2323 1398 2499 1453 altare
2529 1404 2583 1453 S.
2617 1399 2893 1470 Stephani
2946 1399 3304 1454 Leuchorum
3355 1401 3533 1467 sedis,
3568 1419 3670 1472 pro

2019 1489 2300 1542 memoria
2321 1487 2722 1557 subjectionis,
2756 1488 2814 1541 in
2863 1487 3266 1543 Purilicatione
3298 1491 3511 1542 sanctae
3545 1489 3672 1543 Ma-

2018 1575 2136 1640 riae,
2150 1592 2182 1628 a
2199 1574 2307 1630 loci
2331 1576 2593 1645 ejusdem
2611 1575 2769 1630 cellae
2792 1576 3100 1647 praeposito
3115 1577 3381 1648 persolvi.
3397 1576 3455 1631 Si
3474 1581 3672 1633 autem

2019 1663 2231 1732 aliquis
2262 1680 2634 1718 succesorum
2659 1668 2993 1718 nostrorum
3014 1682 3114 1736 per
3136 1666 3508 1721 succedentia
3527 1670 3672 1721 tem-

260 1757 442 1822 cellae,
476 1758 696 1827 absque
718 1755 875 1810 omni
910 1756 1299 1827 refragatione
1325 1772 1451 1810 eam
1475 1760 1716 1821 teneret,
1751 1755 1908 1808 simi-
1941 1791 1987 1854 Β
2021 1768 2160 1822 pora
2205 1751 2354 1805 hanc
2385 1751 2814 1823 eleemosynam
2867 1754 3162 1808 inﬁrmare
3193 1759 3294 1808 aut
3333 1753 3670 1825 infringere,

258 1848 507 1916 literque
562 1860 796 1899 servum
837 1843 1018 1914 hujus
1069 1843 1289 1897 ancillae
1337 1844 1532 1898 Sancti
1577 1843 1708 1915 Apri
1759 1844 1912 1898 facta

253 1934 451 1990 stabili
473 1932 971 1988 communitatein
1004 1931 1342 2001 conjugium
1368 1931 1708 2002 susciperet.
1738 1932 1913 1986 Advo-

255 2022 467 2078 catiam
501 2026 700 2076 autem
741 2021 1000 2092 praedicti
1032 2021 1142 2076 loci
1175 2020 1498 2096 Walterius
1517 2020 1626 2076 sibi
1659 2024 1715 2074 et
1746 2019 1909 2075 uxori

254 2128 372 2167 suae
405 2109 583 2165 Adilze
612 2109 872 2174 retinuit,
892 2114 948 2164 et
969 2113 1102 2180 post
1117 2125 1215 2165 eos
1238 2110 1334 2163 uni
1357 2126 1596 2164 suorum
1611 2109 1907 2164 haeredum

255 2200 350 2272 qui
397 2199 595 2268 major
641 2201 783 2252 natu
835 2197 1029 2251 fuerit.
1081 2197 1396 2252 Constituit
1445 2203 1642 2253 autem
1685 2213 1755 2251 ne
1804 2196 1904 2251 ulli

256 2303 500 2343 suorum
526 2286 824 2341 heredum
845 2284 994 2340 hanc
1014 2285 1366 2340 advocatiam
1389 2285 1606 2340 tenenti
1630 2285 1905 2356 cuiquam

254 2378 306 2432 in
336 2375 698 2431 beneficium
718 2390 845 2428 eam
878 2375 1015 2429 dare
1043 2374 1231 2440 liceat,
1267 2375 1367 2429 sed
1395 2375 1518 2446 ipse
1548 2390 1677 2428 eam
1709 2375 1769 2427 in
1801 2390 1907 2428 suo

254 2465 495 2521 domino
547 2462 863 2534 possideat,
919 2478 1046 2533 quae
1092 2468 1220 2534 post
1250 2479 1347 2517 eos
1388 2466 1457 2517 ad
1492 2459 1680 2516 ﬁlium
1731 2477 1906 2516 suum

254 2552 591 2609 Odelricum
616 2550 901 2616 deveniat,
923 2555 978 2604 et
1000 2556 1130 2621 post
1147 2568 1280 2605 eum
1305 2551 1639 2621 quicunque
1672 2549 1905 2621 propin-

254 2641 421 2712 quior
451 2639 644 2694 haeres
676 2642 932 2693 castrum
983 2636 1364 2709 Daguliacum
1392 2639 1523 2707 jure
1563 2637 1904 2708 possederit,

252 2731 524 2786 eamdem
545 2725 902 2782 advocatiam
917 2730 1126 2780 teneat.
1143 2726 1449 2780 Summam
1473 2730 1667 2780 autem
1687 2724 1905 2780 servitii

254 2819 356 2874 sibi
373 2817 627 2887 suisque
642 2814 970 2869 heredibus
989 2830 1091 2886 pro
1106 2815 1391 2869 memoria
1404 2814 1714 2869 advocatis:
1729 2814 1905 2869 dandi

252 2906 534 2962 omnibus
575 2903 749 2959 annis
779 2901 1003 2968 statuit,
1054 2906 1216 2957 extra
1245 2919 1421 2973 quam
1473 2901 1620 2956 nihil
1652 2901 1907 2973 amplius

253 2995 614 3067 requiratur,
645 2991 702 3046 id
750 2995 857 3055 est,
891 2990 1040 3046 duos
1089 2989 1306 3046 solidos
1355 2996 1596 3046 monetae
1642 2991 1906 3059 ejusdem

255 3083 380 3155 pagi
408 3084 474 3137 in
508 3082 658 3136 festo
679 3083 894 3135 sanctae
913 3079 1105 3134 Marias
1134 3081 1205 3134 de
1227 3079 1494 3135 Candelis
1521 3097 1533 3146 ;
1567 3079 1637 3133 de
1655 3079 1906 3148 justitiis

2021 1838 2109 1893 vel
2167 1846 2369 1894 contra
2415 1841 2708 1910 justitiam
2768 1846 2979 1895 nostris
3038 1842 3328 1896 devotioni
3378 1843 3673 1913 refragare

2022 1928 2286 1992 voluerit,
2323 1928 2600 1998 pastorali
2632 1930 2975 1984 auctoritate
3006 1935 3061 1984 et
3091 1930 3265 1984 etiam
3297 1929 3673 1984 anathemate

2020 2017 2456 2087 constringatur
2477 2023 2650 2088 atque
2674 2019 2743 2072 ad
2765 2019 3174 2073 rectitudinem
3198 2018 3384 2073 redire
3404 2022 3668 2090 cogatur.

2019 2106 2088 2159 Et
2145 2109 2208 2158 ut
2257 2105 2379 2160 haec
2437 2112 2637 2160 nostra
2695 2107 2928 2162 traditio
2984 2107 3208 2161 ﬁrmior
3260 2107 3349 2162 vel
3404 2105 3674 2162 stabilior

2019 2193 2324 2258 habeatur,
2372 2194 2522 2248 hanc
2563 2195 2826 2250 chartam
2885 2196 2944 2251 in
2990 2196 3298 2265 praesentia
3355 2200 3556 2250 nostra
3609 2195 3669 2250 in

2018 2281 2279 2351 plenaria
2309 2284 2528 2355 synodo
2562 2284 2787 2338 recitari
2836 2284 3100 2349 fecimus,
3133 2283 3498 2354 testibusque
3531 2284 3672 2339 sub-

2019 2371 2253 2441 scriptis
2274 2372 2662 2427 roborandam
2691 2373 3062 2439 tradidimus,
3097 2371 3270 2427 laude
3299 2377 3357 2428 et
3377 2389 3668 2428 consensu

2017 2459 2283 2514 omnium
2303 2459 2645 2515 clericorum
2671 2466 3022 2528 nostrorum,
3056 2477 3376 2532 omnesque
3402 2460 3502 2532 qui
3533 2460 3671 2515 huic

2019 2552 2228 2603 nostras
2255 2550 2538 2604 sanctioni
2567 2549 2970 2604 rebellaverint
2992 2554 3270 2621 perpetuo
3301 2550 3672 2606 anathemate

2017 2653 2051 2690 a
2081 2639 2492 2693 communione
2540 2642 2751 2693 sanctae
2785 2638 3048 2693 Ecclesiae
3100 2640 3522 2708 separavimus,
3556 2637 3671 2692 nisi

2019 2726 2372 2796 resipuerint
2396 2732 2452 2782 et
2474 2728 2582 2782 Deo
2615 2727 2787 2798 digne
2817 2743 2919 2797 per
2949 2725 3349 2796 paenitentiam
3381 2724 3674 2780 satisfece-

2017 2813 2154 2868 rint.

2085 2920 2260 2987 (Quod
2275 2923 2832 2992 scquz’turatramento
2843 2923 2896 2974 et
2914 2922 3184 2993 scriptura
3197 2921 3429 2991 paulum
3443 2919 3672 2993 differre

2462 2993 2678 3045 videtur
2698 3009 2730 3045 α
2748 2991 3228 3062 ρνᾶξεεάρηλίὺυις.)

2089 3079 2247 3134 Hanc
2279 3096 2509 3150 quoque
2541 3079 2949 3134 difﬁnitionem
2969 3081 3431 3151 praebendariam
3464 3085 3666 3134 aucto-

256 3152 455 3227 autem
487 3168 907 3224 clamationum
940 3184 1087 3238 quas
1120 3170 1468 3239 praepositus
1498 3167 1762 3236 ejusdem
1793 3165 1904 3221 loci
1939 3152 1980 3217 C
2019 3167 2315 3238 ritathua
2331 3184 2506 3238 supra
2524 3168 3328 3240 omniadisposuimus,iinter
3343 3168 3664 3223 monachos

257 3276 360 3330 per
391 3276 458 3313 se
489 3256 744 3329 potuerit
773 3256 1050 3322 diffinire,
1074 3256 1218 3310 nihil
1250 3257 1592 3311 advocatum
1625 3255 1912 3310 concessit

263 3348 557 3417 accipere.
581 3346 683 3399 Sed
701 3345 749 3400 si
771 3345 1095 3400 monachus
1113 3362 1226 3400 non
1245 3344 1458 3400 valeret
1481 3344 1912 3399 contumaciam

267 3433 522 3505 alicujus
545 3434 816 3498 evincere,
847 3434 1191 3489 advocatum
1215 3434 1324 3488 sibi
1351 3436 1408 3488 in
1433 3433 1789 3504 adjutorium
1814 3433 1912 3488 ad-

262 3521 574 3588 vocaverit,
590 3527 727 3578 tunc
744 3522 927 3576 trium
945 3521 1318 3578 denariorum
1337 3539 1656 3589 summam,
1672 3521 1917 3594 accipiat

258 3611 340 3666 ita
355 3617 559 3667 tamen
576 3611 800 3666 utduas
813 3615 1008 3682 partes
1023 3611 1307 3666 monacho
1320 3611 1533 3667 habere
1545 3611 1711 3682 prius
1724 3610 1915 3678 faciat,

255 3699 494 3772 reliqua
523 3698 722 3754 omnia
751 3698 1119 3769 dispositioni
1152 3699 1380 3755 abbatis
1401 3699 1597 3754 Sancti
1631 3697 1771 3770 Apri
1802 3715 1919 3753 caa-

255 3788 412 3843 nobii
477 3787 807 3842 ordinanda
865 3787 1168 3858 permittit.
1229 3789 1348 3860 Ego
1405 3805 1536 3843 vero
1598 3793 1786 3842 Bruno
1818 3786 1920 3841 Dei

249 3876 448 3946 gratia
484 3873 698 3946 praesul
733 3873 1031 3945 indignus,
1063 3891 1166 3946 pro
1197 3875 1352 3930 bona
1379 3875 1570 3930 fidelis
1595 3875 1704 3930 viri
1733 3875 1922 3930 inten-

253 3964 432 4033 tione,
498 3961 804 4018 ecclesiam
846 3963 993 4017 inibi
1043 3968 1444 4019 constructam
1478 3964 1594 4020 Deo
1639 3970 1696 4020 et
1744 3965 1923 4019 beatae

248 4051 454 4108 Mariae
495 4050 776 4117 dedicavi,
818 4067 1068 4122 eamque
1098 4069 1132 4107 a
1163 4053 1522 4121 subiectione
1571 4052 1825 4111 ecclesiae
1857 4051 1928 4107 de

249 4142 486 4197 domno
517 4138 745 4195 Valerio
779 4155 912 4194 cum
963 4141 1238 4195 omnibus
1287 4143 1648 4212 appendiciis
1680 4142 1803 4197 suis
1835 4157 1928 4195 re-

250 4231 436 4295 movi,
482 4232 543 4284 et
573 4227 859 4299 quidquid
883 4227 1038 4283 infra
1059 4229 1277 4284 atrium
1299 4229 1628 4285 continetur
1658 4231 1932 4302 potestati

252 4316 698 4374 monachorum
719 4315 962 4386 subjeci,
987 4321 1044 4372 et
1066 4318 1413 4373 auctoritate
1427 4318 1742 4390 apostolica
1762 4319 1936 4373 inter-

251 4407 374 4462 dixi
407 4411 487 4462 ut
515 4403 715 4460 nullus
742 4405 937 4477 aliquo
963 4407 1270 4462 temerario
1293 4424 1467 4475 ausu,
1489 4407 1606 4462 sive
1626 4407 1936 4478 episcopus

2017 3261 2076 3309 et
2105 3255 2470 3326 capellanum
2510 3257 2778 3312 ordinare
2827 3275 3060 3312 summa
3093 3274 3230 3329 pace
3264 3274 3397 3312 cum
3420 3255 3664 3313 consilio

2020 3345 2208 3416 ipsius
2223 3344 2462 3412 domini,
2479 3346 2578 3416 qui
2591 3345 2796 3401 cellam
2811 3350 3214 3401 construxerat
3226 3346 3666 3417 procuravimus

2021 3438 2077 3489 et
2107 3434 2316 3488 subtus
2339 3435 2626 3489 ascribere
2656 3435 2727 3488 ad
2749 3435 3094 3489 memoriam
3127 3439 3492 3506 posterorum
3533 3434 3671 3490 feci-

2025 3539 2180 3586 mus,
2213 3522 2434 3577 scilicet
2451 3524 2708 3594 quinque
2742 3524 2938 3579 modia
2957 3523 3237 3579 frumenti
3256 3541 3389 3578 cum
3418 3523 3671 3594 siligine,

2026 3610 2113 3666 vel
2146 3610 2304 3682 pisae,
2336 3611 2419 3664 vel
2454 3612 2616 3680 fabae,
2650 3629 2682 3667 v
2715 3613 2940 3666 modios
2972 3612 3174 3683 spelte,
3209 3613 3468 3683 quinque
3499 3628 3676 3666 anno-

2028 3717 2136 3764 nae,
2188 3699 2442 3769 privatas
2481 3701 2714 3764 missas,
2767 3701 3017 3771 primam
3068 3701 3310 3754 missam
3339 3701 3410 3753 ad
3464 3715 3676 3769 corpus

2031 3788 2308 3852 defuncti,
2341 3804 2532 3859 peras,
2566 3787 2825 3858 nuptias,
2870 3788 3304 3858 puriﬁcationes
3337 3786 3677 3854 mulierum,

2033 3875 2393 3947 sepulturam
2411 3874 2762 3941 albatorum,
2783 3875 3199 3938 confessiones,
3220 3874 3434 3929 festum
3454 3877 3681 3928 sancta-

2037 3981 2167 4018 rum
2194 3964 2547 4030 animarum,
2573 3965 2794 4034 absque
2811 3962 3052 4018 candela
3081 3963 3139 4016 in
3171 3963 3433 4034 quinque
3463 3961 3680 4017 festivi-

2037 4052 2256 4107 tatibus
2305 4051 2680 4119 annualibus,
2726 4051 2988 4124 singulos
3017 4052 3312 4120 denarios,
3343 4056 3400 4107 et
3431 4053 3489 4106 in
3539 4051 3684 4123 ipsis

2039 4139 2448 4195 festivitatibus
2490 4157 2624 4194 cum
2659 4140 2935 4196 fratribus
2977 4141 3349 4196 refectionem
3371 4140 3687 4212 eleemosy-

2041 4245 2179 4284 nam
2211 4229 2465 4283 defuncti
2519 4235 2803 4299 quantum
2830 4235 2993 4284 vivus
3037 4230 3354 4296 donaverit,
3385 4228 3689 4285 monachis

2044 4321 2238 4372 autem
2287 4333 2537 4388 quorum
2593 4318 2838 4374 ecclesia
2887 4323 2975 4375 est
3022 4318 3251 4390 reliqua
3304 4319 3501 4373 omnia
3547 4333 3689 4373 con-

2046 4408 2332 4463 cessimus
2359 4425 2371 4474 ;
2406 4413 2463 4462 et
2492 4424 2696 4463 omnes
2728 4409 2828 4479 qui
2859 4409 2998 4464 huic
3038 4406 3389 4463 ordinationi
3422 4405 3691 4459 obviave-

253 4501 356 4552 aut
386 4493 675 4569 quilibet,
713 4494 772 4548 in
820 4493 946 4550 loco
980 4493 1081 4550 illo
1130 4495 1202 4550 de
1231 4495 1430 4566 aliqua
1477 4495 1748 4551 violentia
1785 4495 1938 4550 infra
1969 4515 2016 4579 Β
2049 4496 2185 4564 rint,
2218 4497 2327 4550 sub
2361 4501 2637 4569 perpetuo
2663 4497 3036 4552 anathemate
3065 4493 3491 4550 damnavimus.

253 4585 492 4641 atrium
533 4583 683 4638 facta
723 4583 1025 4654 justitiam
1057 4588 1307 4656 expetat,
1358 4585 1469 4640 nisi
1513 4583 1782 4640 monachi
1835 4600 1940 4655 per

253 4675 569 4730 vicarium
603 4687 779 4726 suum
811 4670 1211 4739 clamaverint,
1235 4677 1337 4728 aut
1367 4673 1545 4744 aliqui
1577 4672 1820 4746 maligni
1853 4689 1941 4729 re-

252 4760 630 4818 bellaverint
655 4777 672 4826 ;
704 4761 763 4815 in
788 4777 905 4833 qua
926 4760 1174 4817 ecclesia
1203 4762 1317 4817 tria
1350 4761 1556 4816 altaria
1587 4766 1942 4833 constructa,

253 4859 312 4908 et
341 4869 378 4907 a
409 4848 602 4907 nobis
624 4848 950 4918 benedicta,
972 4849 1284 4924 ipsamque
1306 4849 1607 4923 privilegio
1630 4851 1946 4906 auctorita-

258 4941 341 4996 tis
354 4935 716 5011 apostolica
730 4954 863 4992 cum
880 4937 1111 4994 vinculo
1125 4944 1420 5011 perpetuae
1437 4937 1826 4994 anathematis
1839 4940 1947 4995 hac

257 5029 563 5084 libertate
585 5025 818 5091 donavi,
843 5031 908 5081 ut
931 5044 1101 5082 nemo
1124 5028 1396 5100 deinceps
1420 5044 1485 5082 ea
1508 5028 1822 5100 infringere
1844 5045 1949 5084 nec

262 5116 556 5189 sigillare
603 5118 706 5168 aut
749 5113 810 5168 in
871 5115 956 5170 eis
1004 5115 1203 5171 divina
1257 5115 1451 5171 officia
1497 5115 1784 5171 celebrare
1837 5117 1951 5172 nisi

258 5202 685 5278 permissione
717 5206 821 5258 aut
860 5203 1129 5274 jussione
1159 5204 1581 5260 monachorum
1613 5209 1948 5276 prasumat.

260 5295 334 5349 Et
365 5293 486 5365 qui
524 5291 758 5346 exlrain
778 5298 968 5348 castro
988 5292 1147 5348 velin
1166 5293 1447 5349 suburbio
1471 5295 1948 5359 commanserint,

262 5379 663 5456 parochiales
694 5381 959 5451 ejusdem
991 5382 1246 5438 ecclesia;
1276 5387 1332 5437 et
1360 5382 1628 5437 subditos
1657 5382 1868 5438 vicario
1897 5387 1954 5438 et

265 5468 606 5529 monachis
639 5485 741 5540 per
755 5470 954 5526 omnia
966 5486 1092 5527 esse
1113 5471 1361 5526 decrevi.
1383 5471 1663 5526 Praeterea
1682 5488 1784 5544 pro
1801 5471 1951 5528 bono

266 5560 510 5628 aﬂ‘ectu
544 5573 721 5636 quem
751 5574 890 5635 erga
919 5560 1115 5635 ipsum
1146 5565 1202 5620 et
1232 5560 1429 5621 Sancti
1455 5560 1594 5635 Apri
1623 5559 1816 5620 locum
1843 5561 1952 5622 ha-

2120 4587 2352 4654 Signum
2382 4586 2688 4642 Gebisonis
2722 4585 3030 4657 primicerii
3065 4590 3120 4639 et
3151 4581 3498 4638 cancellarii.

2121 4675 2235 4746 Sig.
2266 4675 2543 4747 Stephani
2568 4673 2982 4730 archidiaconi.

2124 4765 2236 4836 Sig.
2272 4764 2504 4819 Roberti
2537 4762 2948 4818 archidiaconi.

2126 4853 2282 4922 Sign.
2310 4851 2555 4906 Widrici
2589 4851 3001 4907 archidiaconi.

2127 4943 2281 5010 δέρη.
2317 4941 2591 4996 Rainardi
2624 4957 2749 4994 com
2768 4981 2780 4995 .

2127 5033 2278 5101 Sz'gn.
2313 5029 2600 5084 Conraudi
2625 5045 2775 5084 com.
3233 5077 3237 5082 .

2131 5122 2296 5174 Anno
2344 5118 2716 5189 pontificatus
2764 5119 2985 5175 domini
3038 5121 3328 5177 Brunonis
3377 5139 3492 5187 x1x,
3545 5117 3709 5173 urbis

2061 5208 2272 5263 comite
2303 5207 2877 5277 Rainardojuniore;
2904 5210 3260 5280 Segettensis
3290 5209 3423 5279 pagi
3456 5206 3552 5260 ubi
3585 5204 3715 5276 ipsa

2060 5296 2205 5351 cella
2235 5297 2347 5350 sita
2376 5299 2484 5361 est,
2518 5297 2727 5351 comite
2758 5297 2998 5352 Ricuino
3021 5297 3275 5367 juniore.

2134 5385 2247 5454 Ego
2280 5383 2626 5440 Lambertus
2671 5384 2840 5440 levita
2888 5387 2959 5439 ad
2990 5386 3173 5439 vicem
3225 5384 3423 5439 domni
3477 5383 3716 5440 Gebizo-

2063 5473 2153 5528 nis
2183 5472 2500 5545 primicerii
2533 5478 2590 5532 et
2621 5472 2948 5531 cancellarii
2979 5476 3218 5544 rogatus
3254 5473 3464 5547 scripsi
3491 5481 3546 5530 et
3576 5473 3720 5534 sub.

2064 5577 2292 5639 scripsi.
