4102 6174
415 256 528 333 391

415 404 599 475 (Quod
628 407 880 481 sequitur
905 408 1575 481 estatramentiprimitivi
1600 418 1651 464 et
1680 426 1873 464 manus
1903 411 2047 481 cjus-
2079 416 2131 479 Α

803 479 925 534 dem
955 496 1080 535 cum
1110 482 1273 537 ίηίιίο
1296 479 1650 552 dz'plomatis.)

484 583 600 655 Ego
619 585 811 641 Bruno
828 585 929 641 Dei
947 586 1135 660 gratia
1157 586 1522 642 Leuchorum
1551 586 1761 659 praesul
1778 586 2057 660 indignus

412 671 734 745 subscripsi
765 678 822 730 et
849 674 1091 747 signavi.

482 760 720 834 Signum
748 762 1007 835 Hugonis
1037 765 1106 819 de
1127 769 1268 837 Cysa
1295 765 1433 820 urbe
1464 764 1762 820 Italorum.

483 849 640 920 Sign.
672 851 1016 907 Herberardi
1039 852 1085 923 (-l
1105 854 1187 919 l9)
1209 853 1633 926 archiepiscopi
1661 852 2052 909 Trevirorum.

481 938 632 1008 Sz'gn.
662 938 1083 996 Adhelberonis
1105 941 1380 997 Metensis
1411 942 1586 1014 episc.

450 1018 634 1094 'Sz'gn.
668 1026 1007 1083 Theoderici
1030 1030 1177 1101 (120)
1202 1029 1592 1086 Virdunensis
1623 1029 1900 1102 episcOpi.

480 1114 634 1184 Sz'gn.
667 1115 929 1188 Hugonis
959 1116 1409 1190 Chrisopolitani
1440 1117 1881 1190 archiepiscopi.

480 1212 640 1286 Sign.
674 1213 919 1271 Widrici
950 1215 1179 1271 abbatis
1210 1216 1396 1271 sancti
1429 1215 1579 1286 Apri.

480 1302 634 1373 δέρη.
669 1303 927 1358 Herberti
953 1303 1293 1375 primicerii.

479 1389 633 1460 Sign.
662 1389 923 1447 Herberti
953 1390 1366 1448 archidiaconi.

478 1531 654 1605 (419)
686 1532 733 1587 Il
764 1549 837 1589 ne
865 1533 952 1588 fut
983 1533 1088 1589 fait
1117 1534 1473 1606 arcbevéque
1501 1534 1672 1606 qu’en
1702 1534 1861 1589 4047.

1478 278 1541 339 S.
1587 274 1866 339 LEONIS
1911 278 1993 339 IX
2039 278 2267 339 PAP/E
2308 279 2742 343 OPUSCULA.

3692 276 3812 345 599

2235 414 2384 481 Sign.
2420 413 2672 468 Valtlieri
2707 416 2961 471 comitis.

2233 504 2386 570 δέρη.
2424 502 2693 558 Rainardi
2730 504 2980 561 comitis.

2233 590 2393 657 Sign.
2427 589 2675 646 Odelrici
2706 593 2957 648 comitis.

2233 678 2389 748 Sign.
2425 677 2663 734 alterius
2694 680 2951 736 Oderrici
2972 680 3222 738 comitis.

2234 764 2388 835 Sign.
2421 766 2652 822 Henrici
2685 769 2970 825 advocati.

2235 853 2388 922 Sign.
2422 854 2740 911 Gomberti.

2235 942 2368 1009 Sz'gn
2418 942 2705 1000 Norberti.

2234 1032 2385 1101 δέρη.
2422 1032 2772 1089 Reimbaldi.

2236 1123 2374 1173 Data
2404 1125 2541 1175 sunt
2561 1121 2681 1176 haec
2703 1140 2854 1179 anno
2876 1124 2947 1179 ab
2970 1126 3367 1181 lncarnatione
3397 1123 3630 1180 Domini
3650 1124 3813 1195 1043,

2162 1207 2475 1265 indictione
2504 1227 2568 1278 ιι,
2600 1216 2803 1283 epacta
2842 1229 2957 1282 xw,
3003 1217 3384 1271 concurrente
3413 1231 3490 1282 v1,
3531 1219 3815 1286 regnante

2163 1297 2406 1353 Henrico
2439 1300 2694 1355 secundo
2728 1300 3127 1359 Romanorum
3157 1305 3443 1378 Augusto.

2238 1534 2386 1601 (120)
2417 1531 2457 1587 Il
2492 1549 2565 1588 ne
2592 1532 2681 1589 fut
2718 1533 2880 1590 aussi
2910 1536 3127 1607 éveque
3159 1537 3329 1608 qu’en
3362 1540 3521 1595 1047.

1582 1690 3818 1718 ﬁ

1313 1838 1919 1939 SANGTI
2016 1835 2621 1939 LBONIS
2720 1838 2906 1940 IX

1708 2027 2013 2090 ROMANI
2066 2026 2303 2090 PONTI
2316 2026 2508 2088 FICIS

581 2198 1424 2333 EPISTOLzE
1518 2204 1718 2331 ET
1825 2203 2074 2330 DE!

2164 2204 2568 2330 RETA
2676 2200 3623 2338 PONTIFICIA

1201 2534 1243 2589 Ι.
2074 2538 2123 2602 Β

406 2624 600 2679 Leonis
647 2622 715 2695 IX
755 2636 919 2693 papae
965 2622 1115 2677 bulla
1163 2638 1273 2694 qua
1319 2623 1555 2695 Berardo
1582 2626 1624 2695 1,
1674 2625 1926 2691 Far/ensi
1967 2624 2057 2677 ab-

477 2695 608 2760 bati,
639 2694 861 2767 ejusque
908 2696 1258 2758 monasterio,
1310 2694 1467 2763 bona,
1494 2694 1623 2765 jura
1654 2712 1719 2750 ac
1761 2696 2055 2767 privilegia

360 2832 367 2833 ί
475 2767 664 2821 omnia
692 2766 1000 2834 conﬁrmat.

1026 2870 1224 2940 (Anno
1257 2871 1412 2926 1049.
1440 2873 1455 2941 )

587 2957 926 3029 [Muratori,
958 2959 1079 3014 Rer.
1114 2960 1236 3014 Ital.
1292 2959 1489 3031 Script.
1516 2961 1586 3029 II,
1619 2978 1680 3026 ιι,
1712 2962 1870 3029 585.]

481 3065 593 3120 Leo
624 3065 953 3138 episcopus,
1002 3082 1203 3122 servus
1248 3082 1547 3122 servorum
1588 3067 1707 3134 Dei,
1754 3067 1961 3123 dilecto
1991 3067 2051 3123 in

410 3154 638 3211 Christo
656 3153 774 3210 ﬁlio
791 3155 1079 3224 BERARDO,
1101 3155 1297 3210 abbati
1357 3157 1694 3212 monasterii
1716 3158 1870 3228 quod
1894 3156 2053 3229 poni-

410 3249 509 3299 tur
536 3245 596 3299 in
627 3242 855 3314 Pharfa,
881 3244 1116 3316 tuisque
1138 3245 1652 3300 successoribusin
1684 3252 2051 3317 perpetuum,

410 3338 750 3407 perpetuam
784 3332 842 3388 in
876 3333 1121 3389 Domino
1152 3332 1423 3398 salutem,

416 3419 422 3424 ’
478 3420 623 3478 Cum
655 3423 764 3495 pias
797 3422 1106 3494 petitiones
1148 3422 1365 3477 nostris
1414 3422 1655 3477 auribus
1687 3421 2055 3479 inculcantur

406 3511 571 3567 decet
600 3528 707 3567 nos
737 3526 1047 3566 assensum
1098 3509 1372 3581 praebere,
1406 3517 1462 3566 et
1501 3510 1716 3565 talibus
1748 3510 2054 3567 desideriis

404 3618 517 3657 non
533 3600 834 3668 resultare,
855 3599 1135 3671 quatinus
1149 3614 1312 3653 sacra
1324 3596 1450 3653 loca
1462 3598 1822 3669 temporibus
1836 3600 2053 3655 nostris

402 3689 711 3760 proﬁciant
730 3693 787 3745 et
807 3691 1150 3762 augeantur,
1171 3692 1226 3743 et
1253 3687 1311 3741 in
1336 3686 1517 3753 nullo,
1551 3688 1705 3758 quod
1738 3687 1921 3742 absit!
1944 3687 2052 3743 mi-

402 3784 679 3836 nuantur.
706 3779 889 3851 Igitur
904 3778 1043 3850 quia
1057 3776 1520 3850 petistisanobis
1554 3774 1830 3847 quatinus
1865 3792 1933 3831 ex
1960 3793 2055 3831 no-

402 3873 525 3923 stra
550 3867 818 3939 largitate
848 3872 1164 3937 nostroque
1190 3866 1341 3921 dono
1373 3865 1821 3920 concederemus
1848 3868 2050 3920 vestrae

403 3954 766 4027 religiositati
793 3954 1129 4010 monasterii
1152 3956 1325 4009 vestri
1355 3971 1458 4008 con
1471 3954 1878 4022 firmationem,
1902 3954 2049 4024 ejus-

404 4042 657 4114 demque
687 4042 990 4111 honorem,
1024 4059 1152 4113 quae
1182 4042 1357 4096 habet
1388 4043 1581 4107 modo,
1612 4046 1669 4096 et
1706 4042 2047 4098 habiturum

404 4134 493 4185 est
522 4130 579 4184 in
614 4133 983 4202 perpetuum,
1009 4128 1276 4183 videlicet
1295 4130 1544 4184 fundum
1567 4130 1819 4185 Massam
1844 4130 1900 4184 in
1933 4148 2046 4203 quo

404 4224 493 4274 est
508 4218 751 4275 ecclesia
762 4217 956 4274 Sancti
967 4216 1375 4272 Valentini.‘Ex
1389 4218 1567 4272 fundo
1583 4217 1831 4273 Muciani
1846 4220 2047 4275 uncias

400 4312 540 4366 tres.
574 4308 843 4365 Fundum
863 4307 1196 4371 Paternum,
1228 4306 1286 4359 in
1321 4322 1434 4377 quo
1466 4311 1555 4361 est
1581 4306 1824 4362 ecclesia
1852 4309 2045 4363 Sancti

399 4397 711 4454 Johannis.
746 4396 1014 4451 Fundum
1053 4394 1506 4449 Barbonianum.
1558 4395 1826 4449 Fundum
1853 4394 2044 4467 Septi-

402 4487 583 4544 niani.
616 4487 886 4543 Fundum
911 4482 1200 4557 Pipiliani.
1236 4482 1505 4537 Fundum
1539 4482 1736 4555 Agelli.
1774 4485 2042 4539 Fundum

402 4577 674 4633 Mutellaa.
700 4571 1304 4633 FundumLoriniani.
1322 4572 1588 4626 Fundum
1610 4572 1871 4627 Urbanus.
1898 4574 2043 4628 Fun-

401 4668 541 4720 dum
561 4662 915 4720 Bucciniani.
946 4662 1214 4716 Fundum
1234 4659 1530 4715 Albuciani
1559 4679 1571 4727 ;
1591 4665 1647 4715 et
1670 4660 1814 4717 alios
1834 4661 2043 4715 fundos

402 4769 535 4807 cum
566 4749 1082 4818 domibus,vineis,
1107 4749 1333 4804 olivetis
1353 4754 1527 4820 atque
1557 4748 1796 4804 colonis.
1830 4748 2045 4804 Conﬁr-

402 4856 634 4894 mamus
655 4845 847 4893 autem
866 4839 1030 4894 vobis
1042 4837 1362 4908 vestrisque
1378 4838 1813 4892 successoribus
1830 4855 2044 4909 pramo-

403 4928 655 4982 minatos
674 4927 902 4991 fundos,
936 4926 1022 4980 vel
1043 4926 1264 4989 uncias,
1287 4942 1389 4980 seu
1417 4925 1687 4980 ecclesias
1710 4941 1841 4979 cum
1867 4927 2040 4992 casis,

398 5016 605 5082 vineis,
637 5015 839 5087 pratis,
857 5013 1041 5082 silvis,
1075 5013 1317 5081 salictis,
1346 5030 1449 5068 nec
1481 5030 1593 5067 non
1624 5013 1956 5084 aquimolis,
1988 5024 2044 5070 et

399 5105 686 5163 universis
715 5102 1158 5176 appendicibus,
1209 5101 1428 5157 colonis
1458 5106 1629 5171 atque
1663 5101 1919 5167 familiis,
1952 5104 2041 5158 vel

399 5194 675 5250 omnibus
701 5193 771 5248 ad
790 5209 887 5246 eos
910 5190 1255 5264 generaliter
1276 5194 1331 5244 et
1348 5194 1404 5243 in
1424 5189 1714 5259 integrum
1747 5190 2041 5259 pertinen-

398 5283 579 5348 tibus,
606 5281 778 5338 sicuti
796 5262 1088 5352 primitus,
1118 5285 1344 5335 etnunc
1361 5278 1432 5332 ab
1464 5277 1589 5349 ipso
1620 5283 1806 5333 vestro
1840 5295 2040 5335 mona-
2072 5262 2118 5325 Ῑ)

397 5370 573 5426 sterio
606 5386 878 5441 possessa
898 5374 1037 5425 sunt
1051 5373 1171 5423 tam
1189 5367 1246 5422 in
1267 5366 1549 5421 comitatu
1575 5365 1903 5436 Sabiuensi,
1936 5384 2041 5424 nec

397 5475 514 5515 non
536 5461 593 5512 et
620 5457 947 5526 Narniensi,
977 5457 1098 5512 sive
1121 5455 1179 5510 in
1199 5455 1478 5510 comitatu
1499 5452 1757 5520 Reatino,
1784 5453 1871 5510 vel
1898 5457 2039 5513 Fur-

396 5545 663 5619 coniauo,
676 5545 980 5617 Asculano,
997 5545 1287 5613 Firmano,
1301 5540 1659 5619 Aprutiensi,
1672 5546 1728 5601 et
1741 5542 2035 5617 Pinneusi,

2226 2535 2486 2590 Romano
2503 2535 2703 2604 etiam,
2727 2537 2783 2590 et
2807 2535 3096 2605 Tuscano,
3115 2550 3435 2609 omnesque
3452 2538 3815 2610 adjaceutias

2165 2623 2428 2692 ejusdem
2464 2623 2800 2678 monasterii
2833 2628 3009 2696 atque
3038 2624 3440 2697 pertinentias,
3487 2644 3621 2683 cum
3654 2628 3820 2685 omni

2166 2711 2495 2781 integritate
2516 2710 2890 2766 concedimus
2911 2712 3241 2782 detinenda,
3265 2717 3386 2770 tam
3405 2731 3474 2771 ea
3494 2732 3621 2788 quae
3639 2717 3816 2774 modo

2155 2798 2319 2868 juste
2342 2801 2672 2869 possidetis,
2696 2816 2874 2871 quam
2897 2816 2963 2855 ea
2981 2816 3105 2873 quae
3128 2802 3186 2856 in
3210 2802 3494 2872 futurum,
3529 2803 3817 2880 largiente

2163 2884 2432 2953 Domino,
2465 2887 2769 2958 potueritis
2792 2889 3095 2960 acquirere
3124 2894 3187 2946 tu
3220 2896 3277 2947 et
3306 2909 3674 2952 successores
3701 2895 3817 2963 tui,

2164 2975 2332 3030 sicuti
2385 2992 2486 3047 per
2543 2975 2843 3047 privilegia
2874 2983 3085 3033 sanctae
3138 2981 3557 3038 recordationis
3612 2983 3820 3040 domui

2164 3064 2401 3120 Adriani
2433 3065 2731 3136 quondam
2762 3081 2945 3137 papas,
2976 3072 3034 3122 et
3066 3066 3249 3136 Pauli,
3281 3069 3471 3126 eidem
3500 3072 3818 3129 venerabili

2163 3153 2518 3209 monasterio
2552 3154 2897 3210 confirmata
2927 3160 3085 3223 sunt,
3120 3160 3533 3228 permanentia.
3568 3164 3648 3217 De
3677 3161 3820 3218 telo-

2163 3243 2288 3299 ueis
2320 3257 2552 3314 quoque
2604 3248 3011 3311 mercatorum,
3043 3248 3100 3300 et
3147 3246 3434 3317 pontium,
3468 3253 3524 3303 et
3554 3249 3817 3308 decimas

2164 3331 2234 3385 ad
2271 3331 2688 3387 monachorum
2713 3331 3004 3405 stipendia
3023 3337 3080 3389 et
3109 3350 3434 3406 pauperum
3468 3338 3592 3394 dari
3616 3356 3651 3395 a
3675 3356 3821 3412 pra:-

2163 3419 2311 3473 senti
2328 3420 2585 3473 secunda
2607 3419 2921 3476 indictionc
2936 3426 3047 3476 tua:
3060 3422 3424 3495 religiositati
3442 3425 3674 3497 tuisque
3689 3444 3820 3483 suc-

2162 3506 2493 3561 cessoribus
2515 3507 2824 3563 abbatibus
2839 3510 3014 3565 vestri
3029 3512 3365 3567 monasterii
3389 3512 3446 3568 in
3463 3518 3699 3585 perpetu
3711 3524 3817 3571 um

2163 3596 2557 3662 concedimus,
2591 3611 2657 3650 ex
2687 3595 2907 3651 eisdem
2941 3599 3215 3655 omnibus
3244 3601 3677 3673 percipiendas;
3703 3619 3820 3660 uec

2162 3700 2278 3737 non
2309 3688 2365 3738 et
2394 3683 2714 3739 oblationes
2737 3690 3120 3742 mortuorum.
3144 3688 3476 3745 Statuentes
3491 3690 3826 3761 apostolica

2162 3787 2410 3826 censura
2431 3788 2500 3826 ex
2517 3772 2861 3828 auctoritate
2880 3773 3034 3829 beati
3056 3775 3207 3829 Petri
3237 3775 3634 3848 apostolorum
3654 3779 3823 3850 prin-

2162 3858 2307 3930 cipis
2337 3860 2446 3914 sub
2479 3859 2690 3915 divinis
2711 3862 3200 3918 obtestationibus
3221 3869 3278 3919 et
3307 3865 3699 3922 anathematis
3722 3869 3820 3924 in-

2162 3949 2279 4002 terd
2292 3947 2626 4017 ictionibus,
2646 3953 2707 4004 ut
2720 3949 2862 4005 nulli
2880 3966 3139 4023 unquam
3153 3955 3487 4009 nostrorum
3511 3970 3821 4013 successo-

2159 4053 2289 4091 rum
2321 4037 2682 4108 pontiﬁcum,
2717 4038 2803 4093 vel
2827 4039 2949 4094 alia:
2976 4040 3216 4096 cuilibet
3240 4058 3465 4114 magnas
3504 4060 3823 4116 parvasque

2158 4142 2441 4197 personae,
2474 4126 2603 4198 ipsa
2632 4127 3053 4199 praenominata
3083 4128 3211 4186 loca
3237 4130 3325 4185 vel
3358 4148 3485 4203 quae
3519 4132 3577 4186 in
3610 4136 3823 4204 poste-

2158 4232 2312 4280 rum,
2347 4214 2662 4271 auxiliante
2691 4215 2829 4283 Deo,
2862 4222 3050 4273 vestro
3084 4220 3436 4274 monasterio
3464 4220 3681 4277 fuerint
3711 4238 3824 4277 ac-

2158 4305 2395 4376 quisita,
2454 4305 2625 4360 sicuti
2655 4323 2834 4378 supra
2890 4312 3030 4362 sunt
3058 4307 3345 4377 instituta,
3377 4326 3411 4364 a
3442 4313 3726 4382 potestate
3758 4316 3827 4367 et

2156 4392 2375 4448 ditione
2406 4398 2599 4448 vestra
2612 4399 3059 4467 vestrorumque
3080 4412 3509 4467 successorum,
3544 4415 3609 4453 ac
3627 4400 3826 4455 vestri

2156 4482 2495 4536 monasterii
2517 4482 2745 4537 auferre
2767 4484 2851 4538 vel
2874 4485 3131 4540 alienare
3153 4501 3388 4557 quoquo
3410 4486 3583 4541 modo
3612 4485 3824 4544 liceat.

2153 4570 2209 4623 Si
2242 4587 2369 4641 quas
2401 4574 2594 4625 autem
2621 4571 2930 4628 temerario
2952 4590 3098 4629 ausu
3130 4589 3345 4646 magna
3367 4568 3659 4647 parvaque
3678 4592 3829 4647 per-

2155 4674 2298 4712 sona
2328 4663 2531 4714 contra
2584 4659 2693 4714 hoc
2724 4666 2991 4716 nostrum
3051 4661 3422 4735 privilegium
3453 4678 3624 4735 agere
3652 4679 3828 4735 pra-

2154 4746 2493 4817 sumpserit,
2517 4746 2663 4802 sciat
2676 4763 2737 4803 se
2755 4748 3142 4805 anathematis
3160 4750 3392 4807 vinculo
3417 4767 3543 4808 esse
3562 4751 3832 4810 innoda-

2153 4839 2294 4902 tam,
2329 4838 2385 4889 et
2415 4852 2448 4889 a
2477 4852 2654 4908 regno
2676 4836 2773 4892 Dei
2791 4836 3062 4905 alienam,
3083 4843 3139 4893 et
3160 4855 3293 4894 cum
3309 4840 3585 4896 omnibus
3602 4842 3838 4913 impiis

2153 4927 2363 4977 aeterno
2381 4922 2647 4979 incendio
2669 4942 2733 4979 ac
2755 4926 3040 4997 supplicio
3072 4928 3541 4983 condemnatam.
3567 4933 3642 4983 At
3669 4946 3832 4987 vero

2153 5012 2251 5082 qui
2285 5013 2379 5082 pio
2412 5012 2628 5066 intuitu
2673 5020 2907 5069 curator
2935 5020 2992 5070 et
3045 5016 3380 5072 observator
3409 5017 3585 5089 hujus
3617 5021 3835 5076 nostri

2151 5100 2747 5171 privilegiiexstiterit,
2762 5102 3011 5173 gratiam
3030 5108 3203 5175 atque
3231 5105 3690 5161 misericordiam
3718 5107 3835 5163 vi-

2151 5194 2389 5259 tamque
2420 5192 2694 5243 aeternam
2726 5206 2759 5244 a
2810 5190 3361 5250 misericordissima
3406 5190 3651 5249 Domino
3682 5193 3833 5254 Deo

2152 5282 2348 5331 nostro
2393 5276 2671 5346 consequi
2716 5283 3009 5334 mereatur
3057 5280 3115 5335 in
3166 5280 3380 5338 saecula
3426 5280 3831 5356 saeculorum,

2150 5370 2358 5420 Amen.

2219 5452 2511 5524 Scriptum
2542 5469 2645 5524 per
2661 5468 2873 5512 manus
2890 5456 3038 5513 Petri
3062 5459 3355 5518 scriniarii
3384 5459 3537 5518 sacri
3567 5459 3832 5538 palatii,

2147 5545 2207 5603 in
2238 5559 2435 5603 mense
2465 5547 2522 5603 et
2551 5542 2868 5607 indictione
2894 5550 3165 5608 secunda.
