4102 6174
329 318 450 397 1193

1305 326 1717 395 EPISTOLE
1758 328 1859 395 ET
1902 330 2263 399 DECRETA
2308 337 2778 409 PONTIFICIA.

3615 357 3734 424 894

402 459 617 552 Datum
652 461 845 537 ινίΚειΙ.
872 462 1062 521 Martii
1080 480 1184 539 per
1210 481 1421 525 manus
1436 464 1586 522 Petri
1626 464 1853 522 diaconi
1894 466 1976 522 bi—
2001 468 2057 536 Α
2085 473 2360 548 episcopo
2389 476 2672 536 Perusino
2703 480 3062 540 collatasunt
3076 479 3146 540 de
3177 484 3379 547 eodem
3407 494 3598 549 vestro
3620 508 3743 552 mo.

334 547 701 608 bliothecarii
728 556 786 609 et
814 553 1143 611 cancellarii
1186 557 1396 627 sancta:
1419 554 1747 627 apostolicae
1798 556 1976 621 sedis,

333 655 484 695 anno
515 642 896 712 pontificatus
928 643 1127 699 domni
1159 643 1369 699 Leonis
1402 643 1539 698 noni
1572 660 1733 715 papa:
1763 643 1975 715 primo,

333 726 649 785 indictione
664 746 727 785 ιι.

1128 823 1194 877 ll.

329 907 517 981 Leonis
544 908 801 981 IX_papa:
834 910 1003 976 bulla,
1031 926 1132 981 per
1159 926 1324 981 quam
1362 912 1756 966 monasterium
1808 914 1976 965 Peru-

395 978 579 1060 sinum
610 978 836 1060 Sancta:
857 978 1051 1039 Mariae
1088 978 1481 1038 Vallis-Pontia
1508 983 1674 1053 eripit
1692 983 1978 1037 Perusinis

396 1064 683 1122 episcOpzs.

954 1142 1137 1213 (Anno
1170 1142 1354 1214 1049.)
1536 1180 1543 1185 ι

646 1229 972 1300 [Muratori,
996 1230 1180 1303 Antiq.
1212 1233 1361 1302 Ital.,
1392 1231 1467 1287 VI
1491 1232 1639 1302 333.]

396 1335 510 1390 Lso
555 1335 886 1408 episcopus,
948 1353 1150 1393 servus
1207 1354 1505 1393 servorum
1565 1337 1684 1408 Dei,
1748 1355 1972 1404 JOANNI,

323 1422 518 1479 abbati
562 1424 901 1480 monasterii
961 1425 1186 1481 Sanctae
1245 1426 1438 1481 Marica
1492 1426 1682 1497 lVallis
1753 1428 1973 1494 Pontis,

321 1513 558 1584 tuisque
627 1513 1070 1571 successoribus
1119 1514 1454 1580 abbatibus,
1516 1520 1855 1588 perpetuam
1914 1515 1970 1569 in

322 1600 571 1656 Domino
587 1600 858 1657 salutem.

399 1689 546 1754 Quia
582 1692 648 1745 ari
706 1689 839 1755 hoc,
897 1696 1191 1748 annuente
1246 1692 1510 1762 Domino,
1575 1708 1689 1748 non
1749 1691 1969 1748 nostris

322 1779 964 1851 meritis,pervenimus,
976 1785 1036 1835 ut
1048 1782 1246 1836 omnin
1258 1799 1312 1836 m
1330 1781 1717 1837 Ecclesiarum
1735 1798 1802 1837 cu
1814 1798 1876 1837 ra
1897 1782 1966 1836 ad

316 1883 429 1922 nos
452 1867 748 1938 respiciat,
779 1885 957 1940 quam
990 1868 1240 1924 maxime
1278 1869 1429 1924 circa
1482 1869 1612 1925 illas
1679 1869 1962 1926 Ecclesiae
1995 1840 2045 1904 Β

312 1954 918 2011 sollicitaredebemus
931 1974 1056 2029 qua:
1070 1956 1312 2029 prOpriae
1326 1958 1435 2012 sub
1453 1957 1726 2013 manibus
1743 1959 1959 2015 nostris

311 2043 666 2099 consistunt.
702 2044 840 2101 Inde
871 2049 957 2100 est
988 2045 1143 2116 quod
1175 2046 1247 2100 ad
1278 2044 1615 2117 petitionem
1643 2051 1826 2114 tuam,
1871 2047 1957 2100 di-

310 2130 637 2187 lectissime
667 2131 749 2185 ﬁli
778 2132 1035 2187 Joannes
1067 2132 1271 2198 abbas,
1294 2150 1465 2188 aures
1483 2138 1714 2190 nostras
1734 2133 1957 2191 inﬂexi-

310 2236 468 2287 mus,
504 2236 755 2291 eamque
786 2219 1028 2292 implere
1045 2221 1734 2290 decrevimus,utscilicet
1748 2224 1957 2278 confir-

307 2324 640 2374 maremus,
671 2313 728 2363 et
758 2308 1268 2364 corroboraremus
1296 2314 1489 2365 vestro
1507 2310 1881 2381 monasterio,
1905 2314 1961 2367 et

302 2397 474 2453 vobis
504 2413 576 2451 ac
606 2396 1044 2452 successoribus
1060 2396 1873 2465 vestrisabbatibus,mobilia
1904 2403 1961 2455 et

300 2484 645 2541 immobilia
674 2486 826 2540 bona
855 2501 1232 2557 quaecunque,
1265 2502 1615 2557 quocunque
1646 2487 1817 2542 modo
1886 2489 1957 2542 ad

300 2591 483 2631 usum
519 2575 594 2630 ad
622 2591 723 2629 vos
755 2578 812 2631 et
832 2575 1251 2629 monasterium
1278 2579 1535 2630 vestrum
1568 2579 1625 2630 et
1655 2592 1809 2631 nunc
1837 2592 1959 2648 per-

299 2662 641 2725 tinentetin
656 2666 999 2735 perpetuum
1018 2662 1416 2735 pertinebunt:
1451 2669 1506 2718 et
1532 2668 1595 2718 ut
1615 2664 1684 2719 de
1716 2664 1956 2720 decimis

298 2758 358 2809 et
388 2750 677 2824 primitiis
705 2749 976 2806 similiter
1004 2751 1499 2817 faceremus,ctdc
1524 2751 1798 2808 clericisa
1818 2771 1956 2825 quo-

297 2857 540 2912 cunque
574 2839 882 2911 contigerit
912 2839 1254 2894 ordinandis
1284 2857 1297 2907 ;
1333 2843 1397 2894 ut
1455 2838 1669 2896 fotrum
1733 2842 1953 2897 nemini

298 2927 783 2985 conditionaliter
813 2927 1118 3000 praebeatis
1163 2932 1369 3001 praeter
1426 2946 1609 3001 papae,
1657 2930 1728 2984 ad
1778 2947 1953 3002 quem

296 3015 540 3091 proprie
576 3013 896 3087 pertinetis,
932 3016 1084 3071 sicut
1114 3016 1173 3070 in
1205 3022 1488 3088 praecepto
1514 3017 1619 3089 piae
1660 3018 1952 3073 memoria:

297 3102 635 3162 decessoris
669 3103 851 3158 nostri
882 3103 1585 3177 domniClementispapae
1599 3106 1948 3161 continetur.

2088 564 2362 621 nasterio.
2396 567 2504 622 Pro
2536 586 2651 640 qua
2691 573 3181 645 corroboratione,
3232 577 3645 639 constitutione
3683 591 3741 643 et

2088 654 2464 713 evacuatione
2494 659 2810 716 statuimus
2824 661 3141 733 apostolica
3152 679 3420 733 censura,
3437 668 3545 724 sub
3561 671 3740 729 divini

2080 740 2746 811 judiciiexterminium,
2780 760 2852 805 ne
2882 751 3014 821 quis
3072 768 3335 823 unquam
3405 760 3736 817 nostrorum

2087 845 2496 889 successorum
2531 836 2898 906 pontificum,
2931 843 3032 893 aut
3064 839 3338 910 qualibet
3373 842 3488 900 alia
3526 863 3740 919 magna

2085 935 2376 992 parvaque
2408 940 2676 994 persona,
2708 930 2765 980 et
2796 926 3122 998 specialiter
3151 928 3460 1001 episcopus
3505 934 3737 993 Perusi-

2086 1024 2218 1071 nus,
2250 1016 2450 1066 contra
2480 1012 2588 1067 hoc
2620 1019 2887 1069 nostrum
2913 1019 3267 1087 praeceptum
3299 1034 3470 1090 agere
3514 1039 3733 1093 praesu-

2085 1100 2224 1151 mat.
2258 1100 2419 1163 Quod
2451 1101 2499 1154 si
2557 1102 2689 1172 quis
2738 1104 2883 1158 forte
2940 1104 3270 1170 tentaverit,
3343 1108 3734 1171 anathematis

2082 1184 2313 1241 vinculo
2344 1188 2639 1245 aDomino
2669 1191 2786 1246 Deo
2841 1193 3175 1262 innodetur,
3226 1213 3330 1252 nec
3374 1197 3488 1253 nisi
3555 1200 3734 1275 digna

2084 1274 2482 1331 satisfactione
2539 1278 2812 1335 solvatur.
2846 1282 2952 1345 Qui
2984 1290 3324 1342 verocustos
3353 1274 3733 1348 etinviolator

2084 1362 2264 1434 hujus
2296 1366 2478 1421 nostri
2510 1369 2779 1439 prmeepti
2810 1371 3113 1441 exstiterit,
3140 1391 3174 1428 a
3202 1375 3448 1432 Domino
3480 1382 3592 1433 Deo
3629 1380 3728 1437 be-

2082 1452 2403 1522 nedicatur,
2438 1471 2503 1510 eo
2535 1457 2688 1527 quod
2713 1458 3121 1516 inconvulsum
3154 1478 3494 1533 permanere
3534 1465 3732 1523 lauda-

2081 1539 2179 1596 vit.
2207 1541 2357 1597 Bene
2381 1543 2583 1598 valete.

2150 1634 2361 1685 Datum
2392 1649 2473 1686 v11
2508 1632 2794 1689 Kalendas
2850 1636 3085 1706 Aprilis,
3148 1655 3249 1709 per
3303 1656 3518 1699 manus
3576 1642 3727 1699 Petri

2078 1715 2325 1783 diaconi,
2355 1718 2779 1775 bibliothecarii
2804 1727 2859 1776 et
2889 1724 3220 1780 cancellarii
3255 1733 3467 1785 sancta
3498 1735 3728 1803 aposto-

2074 1804 2196 1860 lica:
2228 1806 2404 1875 sedis,
2437 1824 2589 1862 anno
2620 1809 2819 1865 domni
2852 1811 3059 1867 Leonis
3089 1813 3154 1867 IX
3185 1831 3347 1886 papze
3388 1817 3599 1889 primo,
3630 1819 3725 1875 in-

2075 1893 2325 1949 dictione
2358 1896 2632 1951 secunda.

2839 2012 2940 2071 III.

2069 2126 2124 2181 S.
2148 2128 2342 2182 Leonis
2372 2128 2437 2182 IX
2460 2129 2817 2199 privilegium
2841 2132 3202 2202 proEcclesia
3226 2135 3532 2193 Treviremi
3542 2138 3713 2207 (121).

2690 2220 2878 2286 (Anno
2912 2220 3095 2290 1049.)

2249 2305 2583 2375 [Hontheim
2620 2308 2761 2363 (list.
2801 2310 3007 2363 Trevir.
3040 2310 3270 2382 diplom.
3312 2314 3352 2380 l,
3384 2313 3539 2385 386.]

2142 2399 2252 2449 Lno
2293 2394 2622 2465 episcopus,
2655 2412 2855 2452 servus
2874 2413 3173 2454 servorum
3189 2400 3311 2467 Dei,
3334 2400 3717 2460 dilectissimo

2067 2481 2431 2551 Enennanno,
2464 2483 2897 2540 Trevirensium
2929 2485 3719 2562 archiepiscopo,vestrisque

2067 2572 2524 2635 successoribus,
2559 2572 2810 2627 salutem
2842 2573 2901 2628 in
2934 2574 3200 2630 Domino.

2137 2661 2437 2716 [Eternum
2470 2661 2674 2715 divina:
2706 2662 3165 2733 dispensationis
3205 2664 3538 2731 consilium,
3599 2684 3715 2738 quo

2065 2749 2318 2805 decrevit
2351 2767 2451 2820 per
2479 2755 2741 2821 tempora
2770 2750 3120 2805 distribuere
3150 2751 3373 2816 omnia,
3421 2750 3585 2808 nulla
3616 2770 3712 2809 rc-

2064 2855 2196 2893 rum
2226 2837 2614 2892 mutabilitate
2645 2841 2927 2903 mutatur,
2970 2836 3249 2909 nullauqe
3264 2842 3594 2910 temporum
3627 2841 3713 2897 di-

2062 2925 2332 2981 versitate
2363 2925 2636 2979 variatur.
2674 2925 2831 2980 Unde
2864 2925 3083 2981 factum
3111 2927 3469 2999 estuthujus
3485 2934 3712 2986 aeternas

2064 3012 2865 3083 dispositionisimmutabilis
2886 3014 3026 3068 ordo
3050 3019 3310 3071 nostram
3324 3016 3395 3071 de
3416 3017 3710 3076 Tullensis

2058 3099 2766 3173 episc0patushumilitate
2785 3100 3243 3158 mediocritatem
3255 3104 3710 3176 adaposlolicam

298 3196 674 3265 Quapropter
703 3208 804 3264 per
834 3191 1011 3263 hujus
1043 3192 1507 3265 nostripraacepti
1531 3194 1737 3249 seriem
1753 3194 1955 3249 conﬁr-
1984 3203 2027 3268 ρ
2067 3193 2430 3261 promoveret
2459 3188 2882 3244 sublimitatem
2909 3207 2921 3257 ;
2954 3191 3206 3261 gratuito
3251 3191 3489 3262 quidem
3533 3194 3705 3263 dono,

303 3298 550 3336 mamus
580 3284 749 3351 atque
781 3281 1230 3336 corroboramus
1261 3285 1451 3336 vestro
1488 3281 1861 3349 monasterio,
1891 3288 1955 3337 ut

308 3368 597 3433 diximus,
612 3384 673 3422 ac
691 3368 849 3425 vobis
865 3386 931 3424 ac
954 3369 1392 3426 successoribus
1416 3370 1623 3425 vestris
1642 3370 1955 3427 abbatibus

316 3472 700 3530 quaecumque
713 3458 885 3513 modo
909 3457 1104 3530 ipsum
1118 3464 1375 3514 vestrum
1392 3460 1808 3514 monasterium
1829 3478 1956 3532 pos-

304 3545 478 3614 sidet,
513 3545 650 3601 etin
683 3552 1031 3619 perpetuum
1064 3547 1402 3618 possidebit,
1436 3547 1952 3615 sivesintmobilia,

297 3636 425 3691 sive
448 3634 796 3702 immobilia,
832 3651 1181 3707 quocunque
1227 3636 1807 3692 modocvenissentet
1827 3654 1952 3693 eve-

296 3722 491 3779 nient.
526 3721 798 3778 Decimas
825 3722 1004 3778 etiam
1034 3728 1091 3778 et
1122 3723 1412 3795 primitias
1454 3724 1681 3797 deipsis
1703 3726 1870 3781 bonis
1891 3731 1956 3781 ut

296 3827 466 3867 more
480 3810 652 3865 solito
674 3811 1500 3882 accipiatis,constituimus,et
1517 3817 1579 3868 ut
1604 3812 1773 3868 liceat
1793 3813 1956 3869 vobis

292 3900 635 3971 vestrisque
651 3899 1111 3968 successoribus,
1132 3900 1481 3972 cuicumque
1495 3899 1668 3955 vultis
1687 3902 1955 3973 episcopo

295 3987 550 4044 clericos
582 3991 804 4042 vestros
823 3987 1180 4044 ordinandos
1203 3988 1426 4044 offerre.
1467 3989 1617 4054 Quin
1637 3990 1810 4045 etiam
1832 4007 1958 4062 pro-

294 4075 585 4130 hibemus
618 4090 688 4129 ne
719 4075 852 4146 quis
885 4092 918 4131 a
947 4075 1109 4131 vobis
1131 4075 1323 4148 exigat
1345 4077 1958 4151 fotrum,praeterpapa

296 4162 529 4220 solum.
563 4163 647 4218 Ab
680 4162 840 4218 omni
871 4164 1046 4219 etiam
1073 4164 1423 4220 alienatione
1474 4165 1687 4221 liberos
1746 4183 1845 4220 vos
1902 4170 1958 4221 ct

294 4268 554 4308 securos
584 4251 825 4307 reddere
844 4250 1119 4308 volumus
1154 4272 1167 4322 ;
1204 4253 1356 4308 unde
1372 4252 1691 4323 apostolica
1706 4252 1957 4309 auctori-

293 4346 428 4396 tate
458 4356 768 4395 cassamus
793 4344 848 4396 et
877 4356 1229 4395 evacuamus
1261 4340 1361 4395 illa
1405 4346 1691 4412 praecepta
1743 4358 1867 4412 quae
1925 4360 1959 4397 a

292 4427 619 4486 Benedicto
650 4432 708 4483 et
738 4427 1013 4502 Gregorio
1042 4427 1285 4500 injbstis
1316 4429 1691 4500 pontificibus
1728 4430 1958 4485 Andreae

371 4542 528 4616 (1:21)
560 4543 642 4616 Eo
670 4543 955 4614 majorem
987 4560 1240 4616 praesens
1271 4543 1629 4616 Trevirensiﬁs
1673 4543 1959 4616 primatus

294 4612 684 4686 confirmatio
708 4612 968 4671 meretur
987 4612 1401 4686 attentionem,
1457 4615 1633 4686 quod,
1674 4612 1806 4669 "non
1859 4616 1960 4670 ob-

294 4689 505 4757 stante
537 4684 787 4757 aliorum
821 4686 1208 4757 oppositione,
1239 4685 1409 4757 quasi
1440 4684 1495 4740 in
1521 4686 1964 4742 contradictorio

290 4755 536 4829 sancite
564 4756 758 4829 fuerit,
783 4755 973 4829 neque
995 4774 1028 4811 a
1048 4757 1172 4829 solo
1204 4755 1466 4812 Romano
1489 4758 1779 4829 pontiﬁce,
1814 4760 1913 4812 sed
1935 4775 1968 4812 a

292 4827 557 4900 synodo,
591 4826 688 4900 cui
723 4843 827 4900 nec
857 4826 1127 4900 soli_ltali
1154 4826 1505 4884 interfuerc.‘
1539 4828 1968 4884 Hildcbrandus

294 4897 487 4965 certe,
522 4897 580 4952 in
607 4898 868 4954 Ecclesia
897 4898 1226 4955 Coloniensi
1259 4900 1572 4963 enutritus,
1606 4900 1971 4954 nolebatma-

293 4971 561 5044 gistram
594 4986 764 5024 suam
798 4971 1163 5025 Trevirensis
1192 4970 1352 5044 sedis
1384 4969 1634 5044 elatione
1699 4971 1967 5041 deprimi,

297 5040 444 5113 Quae
460 5040 580 5113 itaq
594 5058 662 5093 uc
682 5048 1029 5113 quantaque
1047 5042 1325 5113 egerit,ut
1340 5042 1445 5096 hoc
1464 5042 1968 5097 confirmationem

294 5111 656 5183 synodalem
678 5111 1012 5184 impediret,
1048 5111 1158 5168 sub
1185 5112 1418 5166 nomine
1452 5112 1713 5184 Gregorii
1743 5114 1841 5165 VH
1877 5132 1969 5184 po-

296 5192 441 5240 stea
470 5188 704 5255 creatus
735 5184 1035 5238 Romanus
1068 5184 1328 5255 pontifex
1359 5184 1450 5237 his
1483 5184 1672 5237 verbis
1693 5186 1763 5237 ad
1786 5188 1968 5238 Anno-

297 5271 448 5326 nem
482 5253 741 5326 archiep.
774 5253 1181 5311 Coloniensem
1224 5271 1385 5326 anno
1446 5256 1601 5319 1074,
1664 5256 1972 5326 perscribit

298 5325 488 5398 epist.
522 5328 617 5392 79,
646 5324 750 5382 lib.
788 5348 797 5377 l
837 5326 1109 5398 Regesti:
1146 5348 1174 5375 ‹‹
1208 5324 1293 5381 Ob
1322 5324 1781 5398 recordationem
1804 5327 1974 5398 disci-

374 5396 517 5469 inze,
551 5413 670 5469 qua
699 5396 960 5469 tempore
979 5396 1366 5454 antecessoris
1400 5396 1580 5469 nostri
1604 5397 1660 5451 in
1695 5396 1968 5452 Ecclesia.

349 5415 515 5463 unae,
551 5415 670 5468 qua
699 5415 960 5469 tempore
979 5415 1366 5454 antecessoris
1400 5415 1580 5452 nosm
1604 5415 1660 5451 in
1696 5415 1968 5452 ncciesm.

298 5415 655 5525 Boloniensi
689 5468 929 5540 enutriti
962 5485 1194 5530 sumus,
1229 5468 1538 5540 specialem
1569 5469 1616 5521 ei
1651 5475 1973 5540 primorem-

300 5546 476 5595 teras
508 5539 918 5611 Occidentales
950 5540 1240 5596 Ecclesias
1270 5539 1661 5611 dilectioncm’
1688 5540 1973 5611 impendi-

304 5626 476 5679 mus;
501 5614 562 5665 et
584 5610 739 5666 sicut
755 5611 947 5667 adhuc
968 5612 1241 5668 Romanae
1253 5611 1521 5667 Ecclesiae
1544 5609 1647 5664 lilii
1664 5609 1974 5679 testantur,

2066 3295 2181 3332 non
2212 3277 2410 3349 aliquo
2440 3277 2700 3351 exigente
2733 3282 2932 3333 nostro
2965 3279 3191 3335 merito.
3218 3280 3501 3344 Quocirca
3518 3285 3709 3339 vestra

2064 3366 2417 3434 fraternitas,
2448 3365 2789 3421 dulcissime
2819 3366 3015 3433 frater,
3050 3384 3175 3436 nos,
3210 3374 3409 3425 nostra
3429 3369 3709 3427 charitate

2062 3454 2202 3521 vita,
2233 3455 2509 3510 comitata
2538 3459 2644 3523 est,
2663 3455 2925 3510 eiRoma:
2945 3456 3251 3512 nobiscum
3275 3456 3709 3531 aliquantulum

2065 3548 2369 3599 remorata.
2405 3543 2628 3599 Interea
2658 3542 2768 3599 loci
2820 3561 2958 3599 cum
3007 3546 3325 3618 unicuique
3380 3564 3556 3603 suum
3608 3548 3711 3619 jus

2065 3648 2358 3704 suumque
2388 3637 2631 3699 rectum,
2658 3634 2808 3703 quod
2834 3632 2920 3688 vel
2943 3633 3201 3689 ablatum
3225 3636 3581 3704 penitus,vel
3605 3636 3710 3691 ali-

2067 3721 2420 3794 quantulum
2442 3720 2818 3776 immutatum
2843 3727 3015 3785 esset,
3035 3722 3387 3777 omnimodis
3405 3723 3711 3779 restituere

2066 3827 2435 3883 caperemus,
2469 3809 2796 3863 dilectionis
2826 3814 3026 3863 vestrae
3056 3808 3358 3880 privilegia
3378 3808 3546 3864 nobis
3564 3814 3711 3864 attu-

2065 3898 2235 3961 listis,
2256 3915 2381 3969 qua)
2398 3897 2541 3966 (122)
2566 3896 2884 3966 primatum
2904 3894 3099 3950 Galliae
3116 3895 3359 3967 Belgicae
3375 3897 3708 3969 subscripta

2066 3987 2238 4040 modo
2264 3976 2469 4040 vestris
2500 3984 2968 4040 antecessoribus
2999 3984 3200 4039 datum
3216 4001 3248 4039 a
3263 3988 3462 4041 nostra
3480 3990 3711 4057 aposto-

2067 4074 2178 4129 lica
2207 4074 2341 4129 sede
2364 4073 2722 4137 asserebant,
2766 4090 2869 4144 pro
2901 4089 2967 4128 co
2991 4072 3218 4145 quodin
3238 4074 3472 4130 exordio
3487 4074 3714 4147 religio-

2067 4163 2159 4218 nis
2192 4166 2378 4217 vcstra
2407 4160 2765 4217 Trevirensis
2798 4160 3056 4216 Ecclesia
3086 4162 3276 4233 prima
3307 4161 3423 4218 illis
3444 4162 3503 4217 in
3536 4162 3713 4235 parti-

2068 4252 2178 4305 bus
2212 4248 2344 4305 ﬁdci
2377 4248 2710 4304 rudimenta
2740 4251 3115 4321 percepisset,
3148 4267 3250 4321 per
3288 4250 3552 4323 egregios
3611 4253 3713 4306 do-

2068 4339 2374 4411 gmatistas
2400 4337 2772 4393 Eucherium.
2808 4338 3128 4405 Valerium,
3162 4339 3410 4394 Materni
3436 4356 3515 4406 m,
3567 4356 3715 4409 quos

2069 4427 2446 4483 beatissimus
2468 4427 2675 4481 Petrus
2702 4431 3099 4499 apostolorum
3122 4426 3393 4497 princeps
3415 4426 3713 4494 instruxit,

2067 4549 2330 4613 tempore
2355 4541 2501 4613 beati
2526 4542 2741 4613 Leonis
2772 4558 2955 4612 papas,
2984 4538 3304 4613 Trevirensi
3327 4539 3598 4613 episcopo
3612 4556 3716 4610 pro

2075 4610 2292 4668 honore
2321 4612 2608 4671 Ecclesiae.
2640 4610 3028 4681 vestrw'quod
3052 4611 3203 4665 idem
3232 4610 3720 4681 beatUsLeoaigre

2076 4684 2231 4752 tulit,
2263 4685 2484 4739 viribus
2512 4683 2651 4737 totis
2684 4680 3025 4737 restitimus.
3065 4704 3090 4729 ››
3123 4682 3182 4735 Si
3213 4685 3409 4736 autem
3445 4680 3554 4736 hac
3611 4680 3719 4736 sua

2077 4755 2444 4827 oppositione
2475 4753 2616 4807 nihil
2632 4754 2847 4827 nocuit
2864 4753 3103 4827 confirm
3114 4756 3327 4827 ato‘per
3339 4752 3586 4827 Leonem
3604 4753 3718 4827 pri-

2080 4823 2259 4881 niatui
2296 4825 2745 4889 Hildchrandus,
2781 4823 2837 4878 in
2874 4823 3061 4896 hocei
3086 4823 3322 4896 prodest
3350 4824 3430 4879 rei
3465 4823 3642 4896 gesta:
3666 4826 3726 4879 ti-

2079 4898 2226 4952 delis
2259 4897 2533 4961 narratio,
2572 4896 2629 4949 iu
2664 4894 3054 4967 UregoriiVll
3085 4894 3347 4967 epistolis
3378 4894 3627 4964 servata,
3660 4901 3725 4951 ut

2078 4969 2161 5023 vel
2197 4968 2330 5022 inde
2360 4968 2530 5039 etiam
2572 4970 2878 5039 appareat,
2898 4966 3259 5039 Trevircnsis
3290 4967 3727 5039 primatiaajura

2081 5058 2258 5110 supra
2289 5037 3164 5110 Colonienseuiiarchidimcesin
3191 5037 3316 5095 sese
3336 5037 3721 5110 protendissc,

2082 5109 2360 5179 tanquam
2393 5110 2588 5164 Uulle
2623 5109 2862 5180 Bclgricm
2898 5117 3142 5181 partem.

2150 5175 2607 5247 (122.)Pi'1'matum
2640 5175 2837 5235 Gailim
2860 5175 3111 5249 Bt'lgz'cw.
3137 5180 3268 5243 Sed,
3332 5182 3397 5232 ut
3441 5176 3578 5247 quid
3631 5175 3725 5249 hic

2080 5259 2136 5308 et
2168 5254 2223 5305 in
2256 5253 2540 5306 sententia
2560 5247 3322 5322 depositionisThiedgaudi
3346 5248 3418 5322 de
3434 5261 3587 5301 anno
3620 5247 3728 5322 86_3

2088 5325 2311 5397 Belgicae
2345 5332 2568 5378 tantum
2598 5315 3006 5397 pira'ngisuauilit
3062 5315 3421 5397 Trevirensis
3441 5315 3725 5397 mpraasul,

2085 5388 2350 5467 quiante
2379 5388 2700 5449 Germania:
2725 5394 3035 5463 Gallialquc
3063 5388 3409 5467 dicebatur:
3441 5388 3731 5467 Tribuunt

2084 5459 2193 5521 hoc
2223 5465 2365 5519 Zrch
2399 5466 2462 5519 «Ir
2493 5466 2719 5519 νήπια.
2747 5459 2996 5521 German.
3030 5480 3155 5533 cap.
3186 5465 3241 5529 2,
3273 5460 3429 5533 §Ul7,
3492 5464 3548 5515 et
3606 5459 3727 5526 alii,

2085 5536 2395 5592 declinanli
2424 5536 2716 5609 splendori
2753 5540 2807 5590 et
2839 5531 3163 5589 auctoritati
3198 5531 3347 5587 civili
3380 5532 3729 5588 Trevrorum

2088 5613 2378 5682 Augustae.
