4102 6174
369 372 485 437 595

1441 380 1506 441 S.
1553 376 1832 441 LE'lNlS
1876 376 1954 439 IX
2000 375 2229 439 PAPz‘E
2272 376 2703 442 OPUSCULA.

3653 378 3776 443 596

368 519 424 570 et
452 513 767 570 instructos
798 512 1105 579 ordinawt,
1159 516 1215 569 et
1235 512 1373 569 illuc
1430 513 1501 567 ad
1570 512 2005 583 praedicandum
2039 512 2091 578 Α
2120 511 2318 566 nensis
2374 510 2639 567 Ecclesia
2671 512 3010 570 auctoritate
3040 512 3150 570 hoc
3179 513 3477 570 decretum
3507 511 3775 583 laudavi,

366 603 595 660 direxit.
628 604 691 658 In
724 602 937 673 quibus
964 603 1282 674 privilegiis
1313 604 1487 658 etiam
1521 588 1855 673 antiquiora
1886 600 2003 673 pri-

363 693 576 764 vilegia
604 693 1680 763 incendiomemoranturconsumpta;
1712 708 1839 763 quae
1872 708 2009 762 prm—

368 781 685 838 nominatis
724 782 945 836 sanctis
965 768 1285 851 eorumque
1314 780 1774 843 successoribus,
1804 780 1862 833 id
1919 782 2009 833 est

369 869 1460 943 Agritio,Maximino,Paulino.Severo
1501 868 1770 924 almificis
1802 869 2006 940 utique

366 961 592 1026 viris,a
632 957 948 1028 primordio
1003 957 1337 1012 authentice
1389 975 1664 1014 concessa
1721 962 1887 1012 erant
1936 958 2007 1012 de

368 1049 592 1104 eodem.
617 1048 753 1109 Quae
784 1045 959 1098 etiam
976 1044 1276 1116 privilegia
1296 1046 1650 1101 Theoderico
1680 1045 2006 1101 Trevirensi

369 1135 805 1205 archiepiscopo
833 1134 1089 1189 Joannes
1110 1135 1237 1189 XIII
1275 1152 1446 1205 papa,
1506 1134 1854 1190 Benedictus
1910 1133 2006 1197 VI,

370 1240 475 1279 nec
508 1240 622 1279 non
654 1222 805 1278 alius
836 1223 1183 1278 Benedictus
1213 1223 1576 1294 VIIEgberto
1592 1223 2010 1279 similiter’l‘re-

366 1313 581 1369 virensi
604 1311 1032 1381 archiepiscopo
1062 1313 1425 1382 temporibus
1457 1312 1684 1367 Ottonis
1725 1307 1898 1384 primi
1957 1316 2014 1366 et

368 1401 611 1456 secundi
652 1401 748 1471 pia
777 1399 1159 1469 dispositione
1189 1396 1571 1455 contulerant.
1598 1401 1715 1458 Nos
1736 1404 1929 1456 autem
1945 1417 2013 1455 ea

369 1489 664 1543 intuentes
693 1490 749 1542 et
776 1486 1084 1557 diligenter
1112 1488 1557 1559 perpendentes,
1580 1488 1823 1560 dignum
1847 1488 2013 1543 duxi-

371 1593 503 1631 mus
535 1592 667 1630 cum
692 1574 936 1629 consilio
966 1578 1023 1630 et
1052 1591 1341 1631 consensu
1369 1577 1549 1632 totius
1577 1577 1713 1633 cleri
1728 1582 1784 1632 et
1811 1577 2010 1649 populi

373 1662 639 1730 Romani,
653 1663 908 1734 idipsum
926 1664 996 1719 de
1009 1665 1260 1736 primatu
1272 1707 1284 1728 ,
1300 1665 1454 1719 sicut
1468 1665 1850 1721 constitutum
1869 1669 2012 1730 erat,

370 1753 737 1817 conﬁrmare,
769 1754 944 1822 atque
975 1752 1191 1808 nostris
1222 1752 1553 1824 apostolicis
1592 1754 1857 1825 apicibus
1887 1770 2013 1809 cor-

2119 616 2417 671 manuque
2447 600 2680 672 propria
2703 603 2984 658 roborans
3015 601 3359 674 subscripsi.

2189 688 2306 759 Ego
2336 688 2591 743 Joannes
2623 689 2962 746 Portuensis
3004 692 3316 764 episcopus
3374 689 3433 744 in
3492 691 3774 763 praedicta

2118 777 2337 848 synodo
2369 777 2652 844 residens,
2685 780 3025 835 confirmavi
3053 784 3111 835 et
3131 779 3486 851 subscripsi.

2190 865 2307 937 Ego
2337 865 2624 921 Cadalous
2656 866 2966 939 episcopus
2996 868 3346 939 subscripsi.

2190 953 2306 1025 Ego
2340 954 2686 1010 Benedictus
2728 959 3001 1010 I‘uscanaa
3060 956 3444 1027 [Tusculanas]
3496 956 3772 1014 Ecclesiae

2120 1041 2430 1114 episcOpus
2460 1044 2698 1099 subscr.

2119 1130 2235 1202 Ego
2269 1130 2603 1186 Gerhardus
2636 1132 3006 1188 Florentinus
3035 1133 3343 1205 episcopus
3371 1134 3606 1190 subscr.

2190 1220 2308 1289 Ego
2338 1221 2705 1276 Crescentius
2735 1224 2789 1275 8.
2819 1221 3000 1294 Sylvaa
3056 1222 3347 1290 Candidas,
3385 1222 3579 1295 gratia
3654 1242 3776 1282 non

2122 1307 2345 1363 meritis
2376 1308 2707 1380 episcopus,
2733 1310 3065 1366 subnotavi.

2194 1399 2331 1483 Ego1|
2393 1396 2558 1468 Hugo
2614 1397 2919 1454 Asiliensis
2997 1399 3392 1471 [Assisiensis]
3460 1401 3774 1474 episcopus

2124 1484 2355 1540 subscr.

2194 1572 2309 1644 Ego
2339 1572 2513 1628 Wido
2543 1574 2809 1630 Astensis
2840 1574 3152 1647 episcopus
3186 1574 3413 1630 subscr.

2193 1661 2310 1732 Ego
2341 1662 2512 1717 Wido
2542 1662 2960 1720 Vulturnensis
2990 1663 3302 1736 episcopus
3325 1663 3556 1720 subscr.

2194 1751 2309 1823 Ego
2339 1750 2687 1808 Cunibertus
2717 1751 3174 1809 Taurinensium
3203 1753 3515 1826 episcopus
3546 1754 3779 1811 subscr.

371 1842 663 1896 roborare.
681 1840 842 1903 Quod
873 1841 972 1896 ubi
1000 1841 1059 1896 in
1092 1841 1335 1898 ecclesia
1362 1847 1416 1897 S.
1442 1844 1594 1897 Petri
1626 1843 1685 1898 in
1713 1842 2014 1899 Dominica
2049 1872 2095 1937 Β
2193 1839 2311 1937 Ego
2344 1839 2628 1937 Henricus
2657 1840 2929 1937 Spe-lctus
2958 1841 3270 1917 episcopus
3302 1842 3532 1937 subscr.

369 1929 667 1985 Passionis
695 1934 903 1985 cuncto
934 1930 1085 1986 clero
1113 1935 1439 2003 cunctoque
1468 1932 1683 2004 pepulo
1740 1950 1849 1988 nos
1904 1932 2017 2003 ipsi

369 2035 602 2075 sursum
634 2018 692 2073 in
727 2021 975 2075 umbone
1026 2020 1413 2077 consistentes
1466 2022 1773 2093 prasentia
1825 2025 2017 2076 vestra

372 2107 614 2183 [nostra]
645 2108 1049 2172 revelavimus,
1083 2114 1141 2164 et
1169 2111 1369 2166 eadem
1402 2111 1704 2182 privilegia
1734 2110 1845 2181 legi
1877 2110 2016 2164 feci-

373 2214 507 2253 mus
538 2214 641 2268 pro
674 2214 871 2253 amore
903 2198 1324 2269 discipulorum
1358 2199 1605 2264 S.Petri,
1639 2216 1787 2271 quos
1803 2204 2015 2271 praetu-

370 2285 571 2352 limus,
603 2285 897 2346 Eucherii.
932 2287 1138 2342 Valerii
1173 2292 1230 2343 et
1286 2288 1554 2353 Materni,
1607 2289 1679 2343 ab
1738 2288 2015 2343 omnibus

372 2374 760 2431 acclamatum
790 2378 898 2435 est.
915 2376 1050 2445 jure
1066 2381 1383 2447 primatum
1401 2377 1596 2449 ipsum
1610 2378 1774 2433 vobis
1787 2376 2018 2431 vestris-

371 2481 484 2537 que
514 2464 957 2519 successoribus
975 2465 1194 2529 deberi,
1220 2467 1317 2537 qui
1350 2467 1411 2521 in
1461 2467 1737 2523 cathedra
1790 2464 2006 2522 sedetis

369 2551 791 2623 discipulorum
808 2553 989 2607 sancti
1012 2553 1185 2609 Petri.
1201 2555 1565 2627 Quapropter
1578 2555 1853 2611 omnibus
1870 2554 2015 2625 ipsis

367 2639 750 2694 laudantibus
776 2643 832 2693 et
854 2641 1303 2711 respicientibus
1334 2660 1437 2715 pro
1460 2643 1807 2699 investitura
1828 2643 2015 2715 ipsius

367 2727 677 2799 primatus,
711 2728 974 2783 Romana
1002 2730 1179 2785 mitra
1201 2735 1378 2802 caput
1404 2736 1664 2788 vestrum
1712 2730 2015 2802 insignivi-

369 2832 522 2881 mus,
554 2818 738 2885 quaet
748 2832 849 2871 vos
865 2819 922 2871 et
951 2834 1315 2874 successores
1329 2821 1505 2875 vestri
1520 2821 1579 2875 in
1603 2818 2016 2876 ecclesiasticis

2197 1926 2341 1982 Data
2371 1927 2569 1983 Idibus
2599 1928 2816 2000 Aprilis
2847 1946 2947 2000 per
2979 1947 3190 1985 manus
3230 1930 3383 1985 Petri
3432 1929 3659 1986 diaconi
3715 1935 3780 1987 et

2124 2014 2546 2071 bibliothecarii
2557 2059 2570 2084 ,
2586 2020 2642 2072 et
2653 2016 2981 2073 caucellarii
2996 2022 3210 2074 sancta:
3225 2017 3551 2091 apostolicae
3583 2019 3770 2086 sedis,

2125 2120 2277 2161 anno
2305 2103 2529 2160 domini
2562 2105 2770 2162 Leonis
2802 2106 2872 2161 IX
2905 2123 3067 2179 papae
3091 2125 3130 2173 1,
3162 2107 3413 2163 indict.n

2232 2300 2494 2371 Leo,papa.
2523 2301 2593 2355 ad
2625 2212 3367 2359 Cavalloneln‘tlliettonensem
3393 2302 3660 2359 abbatem.

2741 2390 2928 2461 (Anno
2967 2390 3150 2462 1049.)

2126 2475 2377 2547 [Morice,
2394 2475 2670 2532 Mémoires
2691 2480 3035 2605 pourlseggg'
3044 2481 3095 2619 )d
3115 2478 3381 2536 l’histoire
3397 2480 3464 2537 de
3479 2482 3769 2553 Bretagne,

2196 2638 2310 2693 Leo
2341 2638 2672 2709 episcopus,
2703 2655 2905 2694 servus
2935 2655 3236 2695 servorum
3292 2639 3416 2705 Dei,
3467 2638 3682 2697 dilecto
3714 2642 3775 2698 in

2124 2725 2351 2782 Christo
2382 2721 2759 2783 CATWALLoivi
2789 2727 2986 2782 abbati
3010 2728 3349 2784 monasterii
3382 2729 3579 2785 Sancti
3637 2729 3776 2786 Sal-

2124 2815 2364 2881 vatoris,
2398 2816 2715 2871 constructi
2742 2816 2801 2870 in
2824 2814 2949 2872 loco
2981 2816 3081 2888 qui
3113 2816 3330 2871 dicitur
3359 2817 3775 2887 Rothonensis,

2125 2902 2393 2959 videlicet
2422 2904 2477 2958 in
2503 2903 2805 2959 Britannia
2820 2904 3146 2971 constituti,
3160 2906 3405 2977 suisque
3423 2907 3782 2963 successori-

2126 2993 2237 3048 bus
2267 2992 2484 3047 ibidem
2516 2991 2865 3063 regulariter
2895 2993 3300 3064 promovendis
3324 2993 3385 3049 in
3427 2998 3777 3067 perpetuum

2197 3079 2463 3152 Suscepti
2484 3097 2591 3135 nos
2620 3080 2951 3137 ol‘ticiicura
2978 3080 3274 3154 compellit
3289 3083 3557 3139 omnium
3589 3083 3778 3141 Eccle-

265 2925 328 2950 κ·-
370 2903 578 2960 ofﬁciis
607 2904 867 2960 Romano
899 2921 1061 2961 more
1089 2922 1322 2979 semper
1351 2909 1620 2975 utamini,
1646 2923 2017 2979 semperquee

368 3008 471 3047 vos
503 3007 631 3047 esse
660 2992 934 3048 Romanis
965 2994 1120 3050 sedis
1164 2996 1485 3068 discipulos
1531 2995 2015 3053 reminiscamini.

371 3079 534 3143 Quod
565 3084 761 3135 tamen
793 3082 849 3135 in
882 3085 1101 3152 synodo
1133 3090 1353 3155 nostra,
1385 3102 1564 3157 quam
1578 3086 1731 3141 circa
1760 3087 2020 3157 xvnpost

371 3168 566 3241 ipsum
582 3169 911 3241 paschalem
931 3172 1083 3228 diem
1103 3174 1216 3229 Deo
1233 3176 1577 3244 przrsidente
1595 3174 2017 3231 celebravimus
2053 3236 2086 3244 _
2127 3168 2349 3223 siarum
2380 3168 2832 3225 sollicitudinem
2865 3185 3064 3241 gerere
3085 3173 3142 3225 et
3157 3168 3465 3226 libramine
3476 3171 3776 3243 aequitatis

362 3257 654 3330 episcopis
679 3259 1132 3332 archiepiscopis
1164 3279 1268 3318 nec
1312 3281 1425 3318 non
1455 3264 1660 3319 etaliis
1699 3263 2010 3319 ordinibus
2044 3236 2086 3302 Ο
2122 3256 2397 3312 omnibus
2424 3256 2485 3311 in
2517 3256 2862 3313 necessitate
2883 3258 3402 3330 positiS.quanlum
3424 3258 3541 3315 ΠΕΟ
3555 3258 3777 3316 donan-

359 3334 860 3402 consentientibus
894 3348 1104 3404 melius
1134 3354 1193 3405 et
1229 3351 1459 3406 firmius
1484 3350 1876 3406 stabilivimus
1900 3367 1912 3403 :
1934 3366 2003 3405 ea
2109 3350 2165 3399 te
2196 3362 2533 3416 possumus,
2566 3346 2911 3414 subvenire;
2946 3346 3235 3419 praecipue
3266 3350 3462 3403 tamen
3491 3347 3611 3403 illis
3626 3365 3769 3404 vene

356 3436 553 3491 tamen
578 3436 801 3491 ratione
830 3441 897 3490 ut
934 3436 1184 3508 singulis
1216 3439 1387 3494 annis
1422 3456 1522 3493 vos
1552 3439 1845 3511 vestrique
1867 3455 1997 3495 suc-
2106 3432 2390 3491 rabilibus
2413 3434 2575 3502 locis,
2608 3452 2733 3507 quae
2755 3435 2908 3505 juris
2967 3440 3178 3491 sanctae
3236 3436 3508 3492 Romanis
3566 3436 3768 3494 Eccla-

356 3540 618 3581 cessores
648 3524 824 3579 semel
848 3524 1072 3596 legatos
1099 3532 1319 3583 vestros
1359 3528 1427 3582 ad
1481 3545 1589 3583 nos
1648 3532 1997 3598 nostrosque
2104 3519 2204 3575 sia:
2220 3522 2788 3594 essedignoscuntur
2817 3527 2873 3579 et
2887 3522 3137 3596 singulis
3167 3525 3338 3581 annis
3368 3524 3477 3581 sibi
3507 3541 3752 3581 censum

355 3629 721 3669 successores
751 3614 1020 3675 mittatis,
1051 3631 1153 3685 per
1181 3632 1327 3685 quos
1350 3616 1513 3672 vobis
1537 3617 1606 3671 de
1633 3615 1849 3670 nostris
1880 3615 1997 3670 uti-
2103 3609 2442 3680 persolvunt
2466 3629 2477 3665 :
2505 3628 2607 3682 pro
2629 3612 2822 3667 debito
2845 3611 3064 3668 honore
3087 3629 3335 3669 summae
3358 3613 3755 3685 etapostolicm

351 3699 618 3757 litatibus
647 3700 763 3758 illis
784 3702 840 3756 in
864 3702 1130 3774 partibus
1187 3705 1430 3774 agendis
1484 3704 1876 3767 remittamus,
1938 3707 1995 3759 et
2099 3697 3597 3769 sedis,cujusmembrasunt,attentiussubvenireet
3618 3718 3759 3758 con-

349 3806 583 3863 semper
609 3808 709 3846 vos
738 3791 850 3862 ipsi
880 3792 1049 3847 tertio
1115 3810 1268 3847 anno
1327 3793 1568 3848 Romam
1640 3792 1991 3847 visitationis

345 3880 556 3949 gratia,
590 3883 655 3933 ut
685 3879 1009 3933 dulcissimi
1045 3880 1253 3937 fratres
1281 3882 1350 3936 ad
1384 3881 1837 3953 primogenitum
1870 3881 1989 3936 fra-

345 3970 497 4020 trem
536 3966 804 4027 veniatis,
864 3968 976 4020 nisi
1035 3968 1177 4024 forte
1225 3969 1577 4024 inevitabilis
1637 3969 1987 4026 neccessitas

343 4051 646 4122 ingruerit.
680 4056 1042 4123 Quapmpter
1072 4057 1377 4113 desideriis
1405 4058 1614 4113 vestris
1637 4062 1982 4123 annuentes,

342 4138 666 4193 secundum
700 4140 1075 4210 praefatorum
1117 4144 1547 4214 privilegiorum
1591 4149 1851 4200 tenorem
1882 4163 1985 4216 per

339 4224 450 4280 hoc
472 4228 683 4280 nostra:
705 4226 1032 4297 apostolicae
1063 4232 1424 4287 auctoritatis
1455 4232 1823 4305 privilegium
1882 4235 1980 4289 de-

338 4313 632 4369 cernimus
663 4319 719 4369 et
758 4317 1179 4372 confirmamus
1208 4318 1400 4390 ipsum
1435 4322 1597 4376 vobis
1654 4321 1980 4393 vestrisque

332 4403 776 4459 successoribus
807 4404 1122 4475 primatum
1156 4406 1264 4461 hoc
1297 4409 1848 4475 modo,uthabeatis
1869 4410 1975 4481 pri-

332 4506 495 4546 mum
525 4490 717 4547 locum
746 4498 877 4565 post
903 4492 1158 4565 legatum
1192 4496 1575 4567 apostolicum
1609 4498 1665 4551 in
1726 4498 1973 4554 Galliam

2099 3784 2291 3842 sulere
2320 3787 2621 3844 debemus.
2654 3789 2921 3857 Proinde,
2946 3790 3119 3861 juxta
3168 3790 3511 3860 petitionem
3557 3794 3755 3859 tuam,

2100 3875 2335 3945 praefato
2362 3878 2739 3946 monasterio,
2768 3877 2862 3933 cui
2894 3882 2957 3932 tu
2998 3894 3248 3949 praeesse
3277 3878 3642 3951 dignosceris
3696 3884 3754 3934 et

2095 3964 2249 4034 quod
2255 3965 2279 4035 j
2290 3964 2410 4020 uris
2427 3969 2638 4020 sanctae
2656 3966 2927 4021 Romanae
2941 3965 3209 4023 Ecclesiae
3221 3983 3350 4023 esse
3365 3966 3751 4038 dignoscitur,

2095 4053 2251 4107 unde
2283 4069 2383 4123 per
2411 4052 2677 4123 singulos
2699 4070 2904 4121 annos,
2930 4070 3145 4110 census
3175 4053 3350 4108 trium
3367 4053 3747 4110 denariorum

2091 4156 2398 4196 aureorum
2414 4140 2526 4197 sibi
2541 4142 2770 4198 redditu
2781 4141 3178 4213 r,hujusmodi
3193 4142 3751 4215 privilegiaprzesen-

2090 4228 2133 4282 ti
2175 4234 2386 4284 nostrae
2399 4230 2767 4285 auctoritatis
2781 4230 3747 4303 decretoindulgemus,ccndimus

2089 4322 2265 4387 atque
2296 4317 2621 4384 firmamus,
2656 4321 2981 4375 statuentes
3012 4318 3243 4375 nullum
3279 4336 3481 4392 regum
3498 4324 3601 4375 aut
3630 4319 3743 4376 im-

2087 4410 2443 4476 peratorum,
2476 4405 2704 4461 nullum
2731 4422 3078 4478 quacunque
3100 4407 3384 4480 dignitate
3406 4407 3741 4478 praditum,

2084 4494 2155 4547 de
2168 4493 2259 4548 bis
2274 4512 2400 4566 quae
2416 4494 2605 4550 eidem
2625 4495 2939 4550 venerabili
2963 4494 3110 4561 loco,
3130 4494 3491 4566 quibuslibet
3514 4495 3737 4551 homini

328 4579 818 4654 Germaniamque
835 4583 1972 4649 destinatum,etc.l§tsimissusRomanae
2007 4601 2051 4662 Β
2084 4584 2194 4636 bus
2224 4584 2295 4637 de
2327 4582 2561 4654 proprio
2588 4584 2721 4655 jure
2743 4584 2868 4653 jam
2902 4583 3118 4639 donata
3148 4588 3310 4651 sunt,
3335 4583 3739 4639 sicutconstat

324 4668 593 4724 Ecclesiae
623 4671 893 4731 defuerit,
927 4677 1059 4741 post
1085 4673 1494 4743 imperatorem
1527 4673 1613 4729 vel
1647 4692 1841 4743 regem
1883 4692 1970 4729 se-

321 4754 518 4822 dendi,
552 4773 797 4828 quaeque
827 4758 942 4814 alia
973 4760 1029 4814 in
1063 4760 1381 4833 privilegiis
1410 4762 1767 4818 Theoderico
1827 4779 1963 4818 con-

320 4842 503 4896 cessis
534 4849 801 4900 enarrata
832 4846 958 4901 suis
986 4846 1149 4903 locis.

389 4928 507 5001 Ego
539 4930 887 4987 Halmardus
916 4935 1327 5007 Lugdunensis
1354 4938 1619 4995 Ecclesiae
1684 4939 1964 5013 indignus

298 5017 791 5091 archiepiscopus
822 5020 880 5075 in
913 5024 1189 5093 praedicta
1217 5028 1438 5098 synodo
1470 5026 1753 5095 residens,
1806 5027 1966 5083 salva

309 5106 637 5178 priscarum
656 5108 1140 5166 constitutionum
1159 5114 1430 5169 ﬁrmitate
1473 5121 1529 5169 et
1559 5116 1705 5187 (124)
1739 5117 1967 5189 Lugdu-

379 5345 526 5416 (123)
559 5346 721 5403 Salva
751 5348 1129 5416 Lugdunensis
1160 5351 1408 5407 Ecclesiae
1455 5357 1794 5412 auctoritate.
1845 5356 1961 5412 Hac

305 5414 714 5486 Lugdunensis
768 5414 1154 5475 reservatinnr
1190 5439 1297 5476 non
1350 5424 1595 5479 obscure
1655 5426 1964 5483 firmantur

305 5501 432 5572 qua:
462 5502 640 5572 supra
656 5490 731 5572 Ide
757 5491 1088 5572 Trevireusi
1111 5493 1193 5563 pri
1206 5497 1370 5572 metu
1383 5511 1481 5572 per
1494 5495 1697 5572 Gallius
1717 5500 1961 5572 ejusque

289 5555 892 5634 juribus'statuimus.
918 5565 1000 5616 Ab
1029 5555 1128 5618 illo
1160 5555 1512 5634 specialibus
1545 5555 1809 5625 Ecclesia
1839 5555 1958 5627 suae

300 5626 619 5701 privilegiis
641 5634 937 5688 metuebat
952 5626 1444 5700 Halmardus,uon
1465 5636 1741 5707 primatui
1763 5626 1958 5715 ;quem

2083 4672 2152 4725 de
2181 4670 2339 4726 Bella
2363 4670 2577 4736 Insula,
2602 4688 2781 4743 quam
2797 4671 3270 4738 Gaufridus,dux
3292 4672 3732 4735 Britannorum,

2074 4762 2145 4814 de
2178 4759 2409 4831 proprio
2429 4760 2564 4830 jure
2595 4761 2831 4831 praefato
2863 4760 3216 4817 monasterio
3237 4759 3504 4827 contulit,
3548 4776 3732 4832 quam

2073 4847 2293 4903 Alanus
2324 4852 2524 4919 postea
2544 4848 2701 4904 ﬁlius
2723 4850 2851 4918 ejus
2875 4848 3165 4905 concessit
3184 4850 3321 4905 etin
3354 4852 3731 4928 perpetuum,

2077 4940 2141 4989 ut
2168 4940 2228 4989 tu
2263 4936 2498 5000 asseris,
2513 4940 2571 4991 et
2590 4935 2899 5008 quitecum
2917 4937 3735 5004 sunttestiﬁcanturﬁrmiter

2074 5023 2458 5079 confirmavit.
2494 5025 2652 5089 Quod
2690 5042 2795 5080 nos
2828 5026 3004 5081 etiam
3034 5026 3385 5082 auctoritate
3413 5026 3729 5082 beatorum

2074 5113 2471 5185 apostolorum
2505 5115 2652 5169 Petri
2686 5120 2744 5171 et
2772 5115 2937 5170 Pauli
2968 5120 3025 5171 et
3056 5119 3256 5171 nostra
3302 5115 3728 5171 conﬁrmamus

2071 5354 2311 5427 demum
2342 5370 2492 5408 anno
2519 5353 2729 5427 1079in
2755 5352 3007 5427 Gebuini
3029 5354 3442 5427 Lugdunensis
3460 5352 3721 5427 archiep.

2070 5425 2314 5497 gratiam
2331 5423 2620 5499 concessit
2650 5423 2963 5499 Gregorius
2982 5425 3089 5481 PP.
3122 5423 3243 5499 VII,
3276 5424 3498 5499 scilicet
3543 5423 3725 5499 super

2070 5493 3692 5570 quatuorprovincias,Lugdunensem,Rothomagensem
3705 5540 3719 5564 ,

2069 5568 2466 5622 'l‘uronensem
2499 5570 2555 5619 et
2583 5565 2999 5623 Senonensem.
