  <div class='ocr_page' id='page_1' title='image "/cluster/home/n/w/nwhite01/storage/ocr_20150623/143/hvd.32044054760038/306.png"; bbox 0 0 4102 6174; ppageno 0'>
   <div class='ocr_carea' id='block_1_1' title="bbox 236 377 352 444">
    <p class='ocr_par' dir='ltr' id='par_1_1' title="bbox 236 377 352 444">
     <span class='ocr_line' id='line_1_1' title="bbox 236 377 352 444; baseline 0 -2"><span class='ocrx_word' id='word_1_1' title='bbox 236 377 352 444; x_wconf 75' lang='lat'>597</span> 
     </span>
    </p>
   </div>
   <div class='ocr_carea' id='block_1_2' title="bbox 1206 332 2672 441">
    <p class='ocr_par' dir='ltr' id='par_1_2' title="bbox 1206 332 2672 441">
     <span class='ocr_line' id='line_1_2' title="bbox 1206 332 2672 441; baseline -0.002 0"><span class='ocrx_word' id='word_1_2' title='bbox 1206 374 1614 441; x_wconf 64' lang='lat' dir='ltr'>aptemus</span> <span class='ocrx_word' id='word_1_3' title='bbox 1655 332 1758 439; x_wconf 75' lang='lat' dir='ltr'>ar</span> <span class='ocrx_word' id='word_1_4' title='bbox 1799 374 2163 440; x_wconf 69' lang='lat' dir='ltr'>asceam</span> <span class='ocrx_word' id='word_1_5' title='bbox 2204 372 2672 440; x_wconf 81' lang='lat' dir='ltr'>PONTIFICIA.</span> 
     </span>
    </p>
   </div>
   <div class='ocr_carea' id='block_1_3' title="bbox 3518 380 3637 442">
    <p class='ocr_par' dir='ltr' id='par_1_3' title="bbox 3518 380 3637 442">
     <span class='ocr_line' id='line_1_3' title="bbox 3518 380 3637 442; baseline 0 0"><span class='ocrx_word' id='word_1_6' title='bbox 3518 380 3637 442; x_wconf 73' lang='lat'>598</span> 
     </span>
    </p>
   </div>
   <div class='ocr_carea' id='block_1_4' title="bbox 236 509 3631 589">
    <p class='ocr_par' dir='ltr' id='par_1_4' title="bbox 236 509 3631 589">
     <span class='ocr_line' id='line_1_4' title="bbox 236 509 3631 589; baseline 0 -17"><span class='ocrx_word' id='word_1_7' title='bbox 236 518 295 573; x_wconf 88' lang='lat' dir='ltr'>et</span> <span class='ocrx_word' id='word_1_8' title='bbox 315 513 374 570; x_wconf 90' lang='lat' dir='ltr'>in</span> <span class='ocrx_word' id='word_1_9' title='bbox 395 509 953 589; x_wconf 85' lang='lat' dir='ltr'>perpetuumipsam</span> <span class='ocrx_word' id='word_1_10' title='bbox 968 510 1881 579; x_wconf 86' lang='lat' dir='ltr'>insulam,tibietsuccessoribus</span> <span class='ocrx_word' id='word_1_11' title='bbox 1910 515 1964 577; x_wconf 84' lang='grc' dir='ltr'><strong>Α</strong></span> <span class='ocrx_word' id='word_1_12' title='bbox 1992 512 2081 569; x_wconf 85' lang='lat' dir='ltr'>vel</span> <span class='ocrx_word' id='word_1_13' title='bbox 2099 530 2294 587; x_wconf 86' lang='lat' dir='ltr'>parva,</span> <span class='ocrx_word' id='word_1_14' title='bbox 2318 518 2519 570; x_wconf 85' lang='lat' dir='ltr'>contra</span> <span class='ocrx_word' id='word_1_15' title='bbox 2536 513 2687 569; x_wconf 85' lang='lat' dir='ltr'>hanc</span> <span class='ocrx_word' id='word_1_16' title='bbox 2702 516 2961 569; x_wconf 87' lang='lat' dir='ltr'>nostram</span> <span class='ocrx_word' id='word_1_17' title='bbox 2975 512 3437 585; x_wconf 65' lang='lat' dir='ltr'>praeceptiomem</span> <span class='ocrx_word' id='word_1_18' title='bbox 3460 530 3631 588; x_wconf 87' lang='lat' dir='ltr'>agere</span> 
     </span>
    </p>
   </div>
   <div class='ocr_carea' id='block_1_5' title="bbox 234 602 1888 676">
    <p class='ocr_par' dir='ltr' id='par_1_5' title="bbox 234 602 1888 676">
     <span class='ocr_line' id='line_1_5' title="bbox 234 602 1888 676; baseline -0.002 -16"><span class='ocrx_word' id='word_1_19' title='bbox 234 604 357 660; x_wconf 83' lang='lat' dir='ltr'>tuis</span> <span class='ocrx_word' id='word_1_20' title='bbox 378 604 506 660; x_wconf 97' lang='lat' dir='ltr'>sine</span> <span class='ocrx_word' id='word_1_21' title='bbox 528 603 935 676; x_wconf 83' lang='lat' dir='ltr'>inquietudine</span> <span class='ocrx_word' id='word_1_22' title='bbox 956 602 1171 659; x_wconf 85' lang='lat' dir='ltr'>habere</span> <span class='ocrx_word' id='word_1_23' title='bbox 1199 604 1573 659; x_wconf 77' lang='lat' dir='ltr'>concedimus</span> <span class='ocrx_word' id='word_1_24' title='bbox 1592 602 1754 674; x_wconf 78' lang='lat' dir='ltr'>(deest</span> <span class='ocrx_word' id='word_1_25' title='bbox 1784 603 1888 657; x_wconf 87' lang='lat' dir='ltr'>ati-</span> 
     </span>
    </p>
   </div>
   <div class='ocr_carea' id='block_1_6' title="bbox 233 691 1884 766">
    <p class='ocr_par' dir='ltr' id='par_1_6' title="bbox 233 691 1884 766">
     <span class='ocr_line' id='line_1_6' title="bbox 233 691 1884 766; baseline -0.002 -18"><span class='ocrx_word' id='word_1_26' title='bbox 233 691 507 766; x_wconf 78' lang='lat' dir='ltr'>quid),vel</span> <span class='ocrx_word' id='word_1_27' title='bbox 530 693 589 747; x_wconf 91' lang='lat' dir='ltr'>in</span> <span class='ocrx_word' id='word_1_28' title='bbox 614 693 899 758; x_wconf 88' lang='lat' dir='ltr'>futurum,</span> <span class='ocrx_word' id='word_1_29' title='bbox 924 693 1039 748; x_wconf 89' lang='lat' dir='ltr'>Deo</span> <span class='ocrx_word' id='word_1_30' title='bbox 1061 693 1395 758; x_wconf 79' lang='lat' dir='ltr'>miserante,</span> <span class='ocrx_word' id='word_1_31' title='bbox 1420 691 1629 747; x_wconf 87' lang='lat' dir='ltr'>collata</span> <span class='ocrx_word' id='word_1_32' title='bbox 1651 692 1884 757; x_wconf 84' lang='lat' dir='ltr'>fuerint,</span> 
     </span>
    </p>
   </div>
   <div class='ocr_carea' id='block_1_7' title="bbox 236 779 1885 853">
    <p class='ocr_par' dir='ltr' id='par_1_7' title="bbox 236 779 1885 853">
     <span class='ocr_line' id='line_1_7' title="bbox 236 779 1885 853; baseline -0.002 -16"><span class='ocrx_word' id='word_1_33' title='bbox 236 782 351 837; x_wconf 86' lang='lat' dir='ltr'>sub</span> <span class='ocrx_word' id='word_1_34' title='bbox 363 780 888 853; x_wconf 66' lang='lat' dir='ltr'>cujuslibetcausm</span> <span class='ocrx_word' id='word_1_35' title='bbox 902 782 1500 852; x_wconf 84' lang='lat' dir='ltr'>occasionisvespecie</span> <span class='ocrx_word' id='word_1_36' title='bbox 1513 781 1631 834; x_wconf 90' lang='lat' dir='ltr'>min</span> <span class='ocrx_word' id='word_1_37' title='bbox 1642 796 1777 835; x_wconf 89' lang='lat' dir='ltr'>uere</span> <span class='ocrx_word' id='word_1_38' title='bbox 1798 779 1885 833; x_wconf 89' lang='lat' dir='ltr'>vel</span> 
     </span>
    </p>
   </div>
   <div class='ocr_carea' id='block_1_8' title="bbox 233 866 1887 942">
    <p class='ocr_par' dir='ltr' id='par_1_8' title="bbox 233 866 1887 942">
     <span class='ocr_line' id='line_1_8' title="bbox 233 866 1887 942; baseline -0.003 -16"><span class='ocrx_word' id='word_1_39' title='bbox 233 877 470 926; x_wconf 86' lang='lat' dir='ltr'>auterre</span> <span class='ocrx_word' id='word_1_40' title='bbox 493 871 727 926; x_wconf 81' lang='lat' dir='ltr'>audeat.</span> <span class='ocrx_word' id='word_1_41' title='bbox 751 870 862 926; x_wconf 88' lang='lat' dir='ltr'>Sed</span> <span class='ocrx_word' id='word_1_42' title='bbox 895 874 1125 937; x_wconf 89' lang='lat' dir='ltr'>cuncta,</span> <span class='ocrx_word' id='word_1_43' title='bbox 1155 887 1281 942; x_wconf 69' lang='lat' dir='ltr'>qua:</span> <span class='ocrx_word' id='word_1_44' title='bbox 1321 869 1399 924; x_wconf 88' lang='lat' dir='ltr'><strong>ibi</strong></span> <span class='ocrx_word' id='word_1_45' title='bbox 1421 869 1617 924; x_wconf 87' lang='lat' dir='ltr'>oblata</span> <span class='ocrx_word' id='word_1_46' title='bbox 1638 872 1775 923; x_wconf 89' lang='lat' dir='ltr'>sunt</span> <span class='ocrx_word' id='word_1_47' title='bbox 1799 866 1887 922; x_wconf 85' lang='lat' dir='ltr'>vel</span> 
     </span>
    </p>
   </div>
   <div class='ocr_carea' id='block_1_9' title="bbox 231 957 1886 1031">
    <p class='ocr_par' dir='ltr' id='par_1_9' title="bbox 231 957 1886 1031">
     <span class='ocr_line' id='line_1_9' title="bbox 231 957 1886 1031; baseline -0.002 -17"><span class='ocrx_word' id='word_1_48' title='bbox 231 959 428 1014; x_wconf 78' lang='lat' dir='ltr'>oﬂ&#39;erri</span> <span class='ocrx_word' id='word_1_49' title='bbox 447 959 904 1031; x_wconf 88' lang='lat' dir='ltr'>contigerit,tam</span> <span class='ocrx_word' id='word_1_50' title='bbox 919 976 953 1013; x_wconf 90' lang='lat' dir='ltr'>a</span> <span class='ocrx_word' id='word_1_51' title='bbox 970 963 1027 1013; x_wconf 91' lang='lat' dir='ltr'>te</span> <span class='ocrx_word' id='word_1_52' title='bbox 1044 975 1221 1029; x_wconf 90' lang='lat' dir='ltr'>quam</span> <span class='ocrx_word' id='word_1_53' title='bbox 1246 975 1279 1013; x_wconf 88' lang='lat' dir='ltr'>a</span> <span class='ocrx_word' id='word_1_54' title='bbox 1298 958 1415 1013; x_wconf 83' lang='lat' dir='ltr'>tuis</span> <span class='ocrx_word' id='word_1_55' title='bbox 1428 957 1886 1019; x_wconf 77' lang='lat' dir='ltr'>successoribus,</span> 
     </span>
    </p>
   </div>
   <div class='ocr_carea' id='block_1_10' title="bbox 233 1045 1887 1119">
    <p class='ocr_par' dir='ltr' id='par_1_10' title="bbox 233 1045 1887 1119">
     <span class='ocr_line' id='line_1_10' title="bbox 233 1045 1887 1119; baseline -0.001 -16"><span class='ocrx_word' id='word_1_56' title='bbox 233 1047 891 1119; x_wconf 83' lang='lat' dir='ltr'>perennitemporesine</span> <span class='ocrx_word' id='word_1_57' title='bbox 913 1047 1321 1119; x_wconf 88' lang='lat' dir='ltr'>inquietudine</span> <span class='ocrx_word' id='word_1_58' title='bbox 1336 1046 1608 1102; x_wconf 90' lang='lat' dir='ltr'>volumus</span> <span class='ocrx_word' id='word_1_59' title='bbox 1629 1045 1887 1118; x_wconf 88' lang='lat' dir='ltr'>posside-</span> 
     </span>
    </p>
   </div>
   <div class='ocr_carea' id='block_1_11' title="bbox 233 1134 1890 1208">
    <p class='ocr_par' dir='ltr' id='par_1_11' title="bbox 233 1134 1890 1208">
     <span class='ocr_line' id='line_1_11' title="bbox 233 1134 1890 1208; baseline -0.001 -17"><span class='ocrx_word' id='word_1_60' title='bbox 233 1136 305 1207; x_wconf 86' lang='lat' dir='ltr'>ri,</span> <span class='ocrx_word' id='word_1_61' title='bbox 324 1152 535 1192; x_wconf 89' lang='lat' dir='ltr'>eorum</span> <span class='ocrx_word' id='word_1_62' title='bbox 557 1136 792 1207; x_wconf 89' lang='lat' dir='ltr'>quidem</span> <span class='ocrx_word' id='word_1_63' title='bbox 813 1135 1041 1201; x_wconf 86' lang='lat' dir='ltr'>usibus,</span> <span class='ocrx_word' id='word_1_64' title='bbox 1063 1152 1168 1208; x_wconf 91' lang='lat' dir='ltr'>pro</span> <span class='ocrx_word' id='word_1_65' title='bbox 1186 1153 1437 1207; x_wconf 89' lang='lat' dir='ltr'>quorum</span> <span class='ocrx_word' id='word_1_66' title='bbox 1467 1134 1890 1190; x_wconf 88' lang='lat' dir='ltr'>sustentatione</span> 
     </span>
    </p>
   </div>
   <div class='ocr_carea' id='block_1_12' title="bbox 233 1223 1891 1297">
    <p class='ocr_par' dir='ltr' id='par_1_12' title="bbox 233 1223 1891 1297">
     <span class='ocr_line' id='line_1_12' title="bbox 233 1223 1891 1297; baseline -0.001 -16"><span class='ocrx_word' id='word_1_67' title='bbox 233 1242 520 1281; x_wconf 89' lang='lat' dir='ltr'>concessa</span> <span class='ocrx_word' id='word_1_68' title='bbox 552 1228 711 1290; x_wconf 90' lang='lat' dir='ltr'>sunt,</span> <span class='ocrx_word' id='word_1_69' title='bbox 740 1223 929 1280; x_wconf 90' lang='lat' dir='ltr'>modis</span> <span class='ocrx_word' id='word_1_70' title='bbox 969 1225 1246 1281; x_wconf 85' lang='lat' dir='ltr'>omnibus</span> <span class='ocrx_word' id='word_1_71' title='bbox 1286 1225 1610 1297; x_wconf 89' lang='lat' dir='ltr'>profutura.</span> <span class='ocrx_word' id='word_1_72' title='bbox 1652 1224 1710 1279; x_wconf 90' lang='lat' dir='ltr'>Si</span> <span class='ocrx_word' id='word_1_73' title='bbox 1758 1224 1891 1296; x_wconf 87' lang='lat' dir='ltr'>quis</span> 
     </span>
    </p>
   </div>
   <div class='ocr_carea' id='block_1_13' title="bbox 231 1313 1893 1386">
    <p class='ocr_par' dir='ltr' id='par_1_13' title="bbox 231 1313 1893 1386">
     <span class='ocr_line' id='line_1_13' title="bbox 231 1313 1893 1386; baseline -0.001 -18"><span class='ocrx_word' id='word_1_74' title='bbox 231 1332 370 1371; x_wconf 87' lang='lat' dir='ltr'>vero</span> <span class='ocrx_word' id='word_1_75' title='bbox 418 1330 646 1386; x_wconf 85' lang='lat' dir='ltr'>regum,</span> <span class='ocrx_word' id='word_1_76' title='bbox 680 1314 1075 1381; x_wconf 82' lang='lat' dir='ltr'>sacerdotum,</span> <span class='ocrx_word' id='word_1_77' title='bbox 1126 1313 1490 1379; x_wconf 89' lang='lat' dir='ltr'>clericorum,</span> <span class='ocrx_word' id='word_1_78' title='bbox 1525 1313 1793 1384; x_wconf 84' lang='lat' dir='ltr'>judicuin</span> <span class='ocrx_word' id='word_1_79' title='bbox 1827 1329 1893 1367; x_wconf 90' lang='lat' dir='ltr'>ac</span> 
     </span>
    </p>
   </div>
   <div class='ocr_carea' id='block_1_14' title="bbox 234 1401 1891 1473">
    <p class='ocr_par' dir='ltr' id='par_1_14' title="bbox 234 1401 1891 1473">
     <span class='ocr_line' id='line_1_14' title="bbox 234 1401 1891 1473; baseline -0.004 -14"><span class='ocrx_word' id='word_1_80' title='bbox 234 1402 611 1459; x_wconf 65' lang='lat' dir='ltr'>secularium</span> <span class='ocrx_word' id='word_1_81' title='bbox 640 1419 1023 1473; x_wconf 88' lang='lat' dir='ltr'>personarum</span> <span class='ocrx_word' id='word_1_82' title='bbox 1046 1402 1198 1458; x_wconf 88' lang='lat' dir='ltr'>hanc</span> <span class='ocrx_word' id='word_1_83' title='bbox 1219 1401 1652 1457; x_wconf 79' lang='lat' dir='ltr'>constitutionis</span> <span class='ocrx_word' id='word_1_84' title='bbox 1680 1404 1891 1456; x_wconf 67' lang='lat' dir='ltr'>nostra:</span> 
     </span>
    </p>
   </div>
   <div class='ocr_carea' id='block_1_15' title="bbox 234 1490 1889 1564">
    <p class='ocr_par' dir='ltr' id='par_1_15' title="bbox 234 1490 1889 1564">
     <span class='ocr_line' id='line_1_15' title="bbox 234 1490 1889 1564; baseline -0.002 -16"><span class='ocrx_word' id='word_1_85' title='bbox 234 1492 520 1564; x_wconf 82' lang='lat' dir='ltr'>paginam</span> <span class='ocrx_word' id='word_1_86' title='bbox 542 1506 866 1563; x_wconf 82' lang='lat' dir='ltr'>agnoscens</span> <span class='ocrx_word' id='word_1_87' title='bbox 909 1495 1112 1546; x_wconf 86' lang='lat' dir='ltr'>contra</span> <span class='ocrx_word' id='word_1_88' title='bbox 1161 1508 1288 1546; x_wconf 87' lang='lat' dir='ltr'>eam</span> <span class='ocrx_word' id='word_1_89' title='bbox 1329 1490 1523 1545; x_wconf 77' lang='lat' dir='ltr'>venire</span> <span class='ocrx_word' id='word_1_90' title='bbox 1562 1490 1889 1556; x_wconf 86' lang='lat' dir='ltr'>tentaverit,</span> 
     </span>
    </p>
   </div>
   <div class='ocr_carea' id='block_1_16' title="bbox 237 1579 1892 1654">
    <p class='ocr_par' dir='ltr' id='par_1_16' title="bbox 237 1579 1892 1654">
     <span class='ocr_line' id='line_1_16' title="bbox 237 1579 1892 1654; baseline -0.001 -19"><span class='ocrx_word' id='word_1_91' title='bbox 237 1579 552 1654; x_wconf 73' lang='lat' dir='ltr'>potestatis</span> <span class='ocrx_word' id='word_1_92' title='bbox 573 1579 930 1650; x_wconf 79' lang='lat' dir='ltr'>honorisque</span> <span class='ocrx_word' id='word_1_93' title='bbox 952 1579 1042 1634; x_wconf 91' lang='lat' dir='ltr'>sui</span> <span class='ocrx_word' id='word_1_94' title='bbox 1085 1579 1368 1652; x_wconf 85' lang='lat' dir='ltr'>dignitate</span> <span class='ocrx_word' id='word_1_95' title='bbox 1389 1582 1581 1634; x_wconf 82' lang='lat' dir='ltr'>careat</span> <span class='ocrx_word' id='word_1_96' title='bbox 1610 1594 1892 1649; x_wconf 88' lang='lat' dir='ltr'>reumque</span> 
     </span>
    </p>
   </div>
   <div class='ocr_carea' id='block_1_17' title="bbox 239 1667 1891 1741">
    <p class='ocr_par' dir='ltr' id='par_1_17' title="bbox 239 1667 1891 1741">
     <span class='ocr_line' id='line_1_17' title="bbox 239 1667 1891 1741; baseline -0.001 -16"><span class='ocrx_word' id='word_1_97' title='bbox 239 1685 303 1725; x_wconf 90' lang='lat' dir='ltr'>se</span> <span class='ocrx_word' id='word_1_98' title='bbox 335 1669 536 1724; x_wconf 83' lang='lat' dir='ltr'>divino</span> <span class='ocrx_word' id='word_1_99' title='bbox 558 1667 780 1740; x_wconf 89' lang='lat' dir='ltr'>judicio</span> <span class='ocrx_word' id='word_1_100' title='bbox 811 1668 1056 1724; x_wconf 86' lang='lat' dir='ltr'>existere</span> <span class='ocrx_word' id='word_1_101' title='bbox 1082 1669 1152 1724; x_wconf 90' lang='lat' dir='ltr'>de</span> <span class='ocrx_word' id='word_1_102' title='bbox 1200 1672 1533 1741; x_wconf 89' lang='lat' dir='ltr'>perpetrata</span> <span class='ocrx_word' id='word_1_103' title='bbox 1578 1673 1891 1741; x_wconf 87' lang='lat' dir='ltr'>cognoscat</span> 
     </span>
    </p>
   </div>
   <div class='ocr_carea' id='block_1_18' title="bbox 238 1755 1887 1828">
    <p class='ocr_par' dir='ltr' id='par_1_18' title="bbox 238 1755 1887 1828">
     <span class='ocr_line' id='line_1_18' title="bbox 238 1755 1887 1828; baseline -0.001 -17"><span class='ocrx_word' id='word_1_104' title='bbox 238 1756 574 1828; x_wconf 82' lang='lat' dir='ltr'>iniquitate.</span> <span class='ocrx_word' id='word_1_105' title='bbox 606 1757 672 1810; x_wconf 89' lang='lat' dir='ltr'>Et</span> <span class='ocrx_word' id='word_1_106' title='bbox 704 1755 815 1811; x_wconf 87' lang='lat' dir='ltr'>nisi</span> <span class='ocrx_word' id='word_1_107' title='bbox 849 1756 1162 1828; x_wconf 89' lang='lat' dir='ltr'>resipuerit</span> <span class='ocrx_word' id='word_1_108' title='bbox 1195 1760 1253 1811; x_wconf 90' lang='lat' dir='ltr'>et</span> <span class='ocrx_word' id='word_1_109' title='bbox 1298 1757 1369 1811; x_wconf 92' lang='lat' dir='ltr'>ad</span> <span class='ocrx_word' id='word_1_110' title='bbox 1419 1757 1887 1812; x_wconf 87' lang='lat' dir='ltr'>emendationem</span> 
     </span>
    </p>
   </div>
   <div class='ocr_carea' id='block_1_19' title="bbox 1994 601 3636 675">
    <p class='ocr_par' dir='ltr' id='par_1_19' title="bbox 1994 601 3636 675">
     <span class='ocr_line' id='line_1_19' title="bbox 1994 601 3636 675; baseline 0.001 -18"><span class='ocrx_word' id='word_1_111' title='bbox 1994 607 2330 675; x_wconf 66' lang='lat' dir='ltr'>praesumat.</span> <span class='ocrx_word' id='word_1_112' title='bbox 2374 604 2531 669; x_wconf 86' lang='lat' dir='ltr'>Quod</span> <span class='ocrx_word' id='word_1_113' title='bbox 2594 604 2928 674; x_wconf 88' lang='lat' dir='ltr'>quicunque</span> <span class='ocrx_word' id='word_1_114' title='bbox 2980 601 3194 669; x_wconf 87' lang='lat' dir='ltr'>fecerit,</span> <span class='ocrx_word' id='word_1_115' title='bbox 3247 602 3636 660; x_wconf 89' lang='lat' dir='ltr'>anathematis</span> 
     </span>
    </p>
   </div>
   <div class='ocr_carea' id='block_1_20' title="bbox 1993 690 3636 762">
    <p class='ocr_par' dir='ltr' id='par_1_20' title="bbox 1993 690 3636 762">
     <span class='ocr_line' id='line_1_20' title="bbox 1993 690 3636 762; baseline 0 -15"><span class='ocrx_word' id='word_1_116' title='bbox 1993 691 2226 747; x_wconf 92' lang='lat' dir='ltr'>vinculo</span> <span class='ocrx_word' id='word_1_117' title='bbox 2251 692 2512 748; x_wconf 80' lang='lat' dir='ltr'>feriatur.</span> <span class='ocrx_word' id='word_1_118' title='bbox 2532 692 2639 757; x_wconf 86' lang='lat' dir='ltr'>Qui</span> <span class='ocrx_word' id='word_1_119' title='bbox 2659 708 2790 746; x_wconf 89' lang='lat' dir='ltr'>vero</span> <span class='ocrx_word' id='word_1_120' title='bbox 2814 696 3010 746; x_wconf 89' lang='lat' dir='ltr'>custos</span> <span class='ocrx_word' id='word_1_121' title='bbox 3028 695 3082 746; x_wconf 90' lang='lat' dir='ltr'>et</span> <span class='ocrx_word' id='word_1_122' title='bbox 3105 691 3438 747; x_wconf 89' lang='lat' dir='ltr'>observator</span> <span class='ocrx_word' id='word_1_123' title='bbox 3456 690 3636 762; x_wconf 85' lang='lat' dir='ltr'>hujus</span> 
     </span>
    </p>
   </div>
   <div class='ocr_carea' id='block_1_21' title="bbox 1995 780 3637 853">
    <p class='ocr_par' dir='ltr' id='par_1_21' title="bbox 1995 780 3637 853">
     <span class='ocr_line' id='line_1_21' title="bbox 1995 780 3637 853; baseline -0.001 -18"><span class='ocrx_word' id='word_1_124' title='bbox 1995 785 2206 837; x_wconf 85' lang='lat' dir='ltr'>nostrae</span> <span class='ocrx_word' id='word_1_125' title='bbox 2230 782 2631 853; x_wconf 69' lang='lat' dir='ltr'>praeceptionis</span> <span class='ocrx_word' id='word_1_126' title='bbox 2648 780 2841 846; x_wconf 82' lang='lat' dir='ltr'>fuerit,</span> <span class='ocrx_word' id='word_1_127' title='bbox 2861 780 3321 836; x_wconf 86' lang='lat' dir='ltr'>benedictionem</span> <span class='ocrx_word' id='word_1_128' title='bbox 3346 796 3379 835; x_wconf 89' lang='lat' dir='ltr'>a</span> <span class='ocrx_word' id='word_1_129' title='bbox 3394 780 3637 834; x_wconf 89' lang='lat' dir='ltr'>Domino</span> 
     </span>
    </p>
   </div>
   <div class='ocr_carea' id='block_1_22' title="bbox 1997 870 2549 941">
    <p class='ocr_par' dir='ltr' id='par_1_22' title="bbox 1997 870 2549 941">
     <span class='ocr_line' id='line_1_22' title="bbox 1997 870 2549 941; baseline 0 -16"><span class='ocrx_word' id='word_1_130' title='bbox 1997 870 2111 925; x_wconf 89' lang='lat' dir='ltr'>Deo</span> <span class='ocrx_word' id='word_1_131' title='bbox 2142 875 2549 941; x_wconf 89' lang='lat' dir='ltr'>consequatur.</span> 
     </span>
    </p>
   </div>
   <div class='ocr_carea' id='block_1_23' title="bbox 2068 957 3633 1030">
    <p class='ocr_par' dir='ltr' id='par_1_23' title="bbox 2068 957 3633 1030">
     <span class='ocr_line' id='line_1_23' title="bbox 2068 957 3633 1030; baseline -0.001 -17"><span class='ocrx_word' id='word_1_132' title='bbox 2068 958 2276 1013; x_wconf 87' lang='lat' dir='ltr'>Datum</span> <span class='ocrx_word' id='word_1_133' title='bbox 2300 977 2396 1014; x_wconf 84' lang='lat' dir='ltr'>x1v</span> <span class='ocrx_word' id='word_1_134' title='bbox 2419 959 2656 1015; x_wconf 85' lang='lat' dir='ltr'>Kalend.</span> <span class='ocrx_word' id='word_1_135' title='bbox 2687 958 2819 1014; x_wconf 87' lang='lat' dir='ltr'>Maii</span> <span class='ocrx_word' id='word_1_136' title='bbox 2843 974 2945 1030; x_wconf 91' lang='lat' dir='ltr'>per</span> <span class='ocrx_word' id='word_1_137' title='bbox 2973 975 3184 1013; x_wconf 89' lang='lat' dir='ltr'>manus</span> <span class='ocrx_word' id='word_1_138' title='bbox 3205 958 3358 1013; x_wconf 91' lang='lat' dir='ltr'>Petri</span> <span class='ocrx_word' id='word_1_139' title='bbox 3382 957 3633 1021; x_wconf 90' lang='lat' dir='ltr'>diaconi,</span> 
     </span>
    </p>
   </div>
   <div class='ocr_carea' id='block_1_24' title="bbox 1998 1044 3637 1118">
    <p class='ocr_par' dir='ltr' id='par_1_24' title="bbox 1998 1044 3637 1118">
     <span class='ocr_line' id='line_1_24' title="bbox 1998 1044 3637 1118; baseline -0.001 -18"><span class='ocrx_word' id='word_1_140' title='bbox 1998 1046 2417 1102; x_wconf 89' lang='lat' dir='ltr'>bibliothecarii</span> <span class='ocrx_word' id='word_1_141' title='bbox 2450 1052 2506 1102; x_wconf 90' lang='lat' dir='ltr'>et</span> <span class='ocrx_word' id='word_1_142' title='bbox 2535 1046 2863 1102; x_wconf 85' lang='lat' dir='ltr'>cancellarii</span> <span class='ocrx_word' id='word_1_143' title='bbox 2895 1047 2952 1102; x_wconf 92' lang='lat' dir='ltr'>S.</span> <span class='ocrx_word' id='word_1_144' title='bbox 2987 1044 3317 1118; x_wconf 55' lang='lat' dir='ltr'>apostolica</span> <span class='ocrx_word' id='word_1_145' title='bbox 3335 1045 3512 1113; x_wconf 89' lang='lat' dir='ltr'>sedis,</span> <span class='ocrx_word' id='word_1_146' title='bbox 3537 1062 3637 1099; x_wconf 88' lang='lat' dir='ltr'>an-</span> 
     </span>
    </p>
   </div>
   <div class='ocr_carea' id='block_1_25' title="bbox 1999 1133 3430 1207">
    <p class='ocr_par' dir='ltr' id='par_1_25' title="bbox 1999 1133 3430 1207">
     <span class='ocr_line' id='line_1_25' title="bbox 1999 1133 3430 1207; baseline -0.001 -18"><span class='ocrx_word' id='word_1_147' title='bbox 1999 1152 2073 1190; x_wconf 90' lang='lat' dir='ltr'>no</span> <span class='ocrx_word' id='word_1_148' title='bbox 2106 1135 2327 1189; x_wconf 85' lang='lat' dir='ltr'>domini</span> <span class='ocrx_word' id='word_1_149' title='bbox 2361 1135 2567 1191; x_wconf 88' lang='lat' dir='ltr'>Leonis</span> <span class='ocrx_word' id='word_1_150' title='bbox 2598 1136 2667 1190; x_wconf 87' lang='lat' dir='ltr'>IX</span> <span class='ocrx_word' id='word_1_151' title='bbox 2700 1153 2860 1207; x_wconf 66' lang='lat' dir='ltr'>papae</span> <span class='ocrx_word' id='word_1_152' title='bbox 2892 1135 3101 1206; x_wconf 90' lang='lat' dir='ltr'>primo,</span> <span class='ocrx_word' id='word_1_153' title='bbox 3134 1133 3334 1188; x_wconf 88' lang='lat' dir='ltr'>indict.</span> <span class='ocrx_word' id='word_1_154' title='bbox 3370 1150 3430 1187; x_wconf 80' lang='grc' dir='ltr'>ιι.</span> 
     </span>
    </p>
   </div>
   <div class='ocr_carea' id='block_1_26' title="bbox 2755 1225 2869 1279">
    <p class='ocr_par' dir='ltr' id='par_1_26' title="bbox 2755 1225 2869 1279">
     <span class='ocr_line' id='line_1_26' title="bbox 2755 1225 2869 1279; baseline 0.009 -3"><span class='ocrx_word' id='word_1_155' title='bbox 2755 1225 2869 1279; x_wconf 84' lang='lat' dir='ltr'>VII.</span> 
     </span>
    </p>
   </div>
   <div class='ocr_carea' id='block_1_27' title="bbox 1996 1294 3634 1364">
    <p class='ocr_par' dir='ltr' id='par_1_27' title="bbox 1996 1294 3634 1364">
     <span class='ocr_line' id='line_1_27' title="bbox 1996 1294 3634 1364; baseline -0.004 -12"><span class='ocrx_word' id='word_1_156' title='bbox 1996 1299 2055 1352; x_wconf 85' lang='lat' dir='ltr'>S.</span> <span class='ocrx_word' id='word_1_157' title='bbox 2092 1298 2191 1350; x_wconf 93' lang='lat' dir='ltr'>Leo</span> <span class='ocrx_word' id='word_1_158' title='bbox 2223 1296 2287 1350; x_wconf 82' lang='lat' dir='ltr'><strong><em>IX</em></strong></span> <span class='ocrx_word' id='word_1_159' title='bbox 2314 1298 2577 1351; x_wconf 84' lang='lat' dir='ltr'>Joannem</span> <span class='ocrx_word' id='word_1_160' title='bbox 2601 1311 2670 1349; x_wconf 75' lang='lat' dir='ltr'>ea:</span> <span class='ocrx_word' id='word_1_161' title='bbox 2700 1295 3024 1349; x_wconf 77' lang='lat' dir='ltr'>Tuscanensi</span> <span class='ocrx_word' id='word_1_162' title='bbox 3070 1297 3275 1364; x_wconf 80' lang='lat' dir='ltr'>factum</span> <span class='ocrx_word' id='word_1_163' title='bbox 3328 1294 3634 1364; x_wconf 77' lang='lat' dir='ltr'>episcopum</span> 
     </span>
    </p>
   </div>
   <div class='ocr_carea' id='block_1_28' title="bbox 2069 1363 3632 1437">
    <p class='ocr_par' dir='ltr' id='par_1_28' title="bbox 2069 1363 3632 1437">
     <span class='ocr_line' id='line_1_28' title="bbox 2069 1363 3632 1437; baseline -0.003 -16"><span class='ocrx_word' id='word_1_164' title='bbox 2069 1368 2420 1421; x_wconf 78' lang='lat' dir='ltr'>Portuenan</span> <span class='ocrx_word' id='word_1_165' title='bbox 2448 1371 2677 1422; x_wconf 84' lang='lat' dir='ltr'>testatur</span> <span class='ocrx_word' id='word_1_166' title='bbox 2700 1384 2735 1420; x_wconf 90' lang='lat' dir='ltr'>a</span> <span class='ocrx_word' id='word_1_167' title='bbox 2761 1365 2964 1437; x_wconf 81' lang='lat' dir='ltr'>synodo</span> <span class='ocrx_word' id='word_1_168' title='bbox 2994 1368 3051 1419; x_wconf 88' lang='lat' dir='ltr'>in</span> <span class='ocrx_word' id='word_1_169' title='bbox 3073 1363 3309 1437; x_wconf 80' lang='lat' dir='ltr'>ecclesia</span> <span class='ocrx_word' id='word_1_170' title='bbox 3340 1363 3394 1417; x_wconf 87' lang='lat' dir='ltr'>S.</span> <span class='ocrx_word' id='word_1_171' title='bbox 3421 1363 3632 1437; x_wconf 45' lang='lat' dir='ltr'>Calva-</span> 
     </span>
    </p>
   </div>
   <div class='ocr_carea' id='block_1_29' title="bbox 2071 1433 3638 1505">
    <p class='ocr_par' dir='ltr' id='par_1_29' title="bbox 2071 1433 3638 1505">
     <span class='ocr_line' id='line_1_29' title="bbox 2071 1433 3638 1505; baseline -0.004 -12"><span class='ocrx_word' id='word_1_172' title='bbox 2071 1439 2202 1493; x_wconf 84' lang='lat' dir='ltr'>toris</span> <span class='ocrx_word' id='word_1_173' title='bbox 2231 1440 2504 1493; x_wconf 77' lang='lat' dir='ltr'>sancitum</span> <span class='ocrx_word' id='word_1_174' title='bbox 2533 1454 2662 1493; x_wconf 85' lang='lat' dir='ltr'>esse.</span> <span class='ocrx_word' id='word_1_175' title='bbox 2704 1433 2961 1493; x_wconf 70' lang='lat' dir='ltr'>Ecclesiae</span> <span class='ocrx_word' id='word_1_176' title='bbox 2986 1436 3308 1490; x_wconf 84' lang='lat' dir='ltr'>Portuensis</span> <span class='ocrx_word' id='word_1_177' title='bbox 3337 1433 3638 1505; x_wconf 81' lang='lat' dir='ltr'>privilegia</span> 
     </span>
    </p>
   </div>
   <div class='ocr_carea' id='block_1_30' title="bbox 2066 1510 2371 1579">
    <p class='ocr_par' dir='ltr' id='par_1_30' title="bbox 2066 1510 2371 1579">
     <span class='ocr_line' id='line_1_30' title="bbox 2066 1510 2371 1579; baseline 0.007 -17"><span class='ocrx_word' id='word_1_178' title='bbox 2066 1510 2371 1579; x_wconf 72' lang='lat' dir='ltr'>conﬁrmat.</span> 
     </span>
    </p>
   </div>
   <div class='ocr_carea' id='block_1_31' title="bbox 2347 1576 3286 1653">
    <p class='ocr_par' dir='ltr' id='par_1_31' title="bbox 2347 1576 3286 1653">
     <span class='ocr_line' id='line_1_31' title="bbox 2347 1576 3286 1653; baseline -0.006 -18"><span class='ocrx_word' id='word_1_179' title='bbox 2347 1578 2616 1653; x_wconf 89' lang='lat' dir='ltr'>[Ughelli.</span> <span class='ocrx_word' id='word_1_180' title='bbox 2644 1580 2815 1635; x_wconf 77' lang='lat' dir='ltr'>Italia</span> <span class='ocrx_word' id='word_1_181' title='bbox 2844 1595 3026 1643; x_wconf 82' lang='lat' dir='ltr'>sacra,</span> <span class='ocrx_word' id='word_1_182' title='bbox 3060 1578 3102 1643; x_wconf 92' lang='grc' dir='ltr'>Ι,</span> <span class='ocrx_word' id='word_1_183' title='bbox 3139 1576 3286 1645; x_wconf 78' lang='grc'>120.]</span> 
     </span>
    </p>
   </div>
   <div class='ocr_carea' id='block_1_32' title="bbox 2072 1662 3639 1739">
    <p class='ocr_par' dir='ltr' id='par_1_32' title="bbox 2072 1662 3639 1739">
     <span class='ocr_line' id='line_1_32' title="bbox 2072 1662 3639 1739; baseline -0.004 -16"><span class='ocrx_word' id='word_1_184' title='bbox 2072 1669 2186 1723; x_wconf 75' lang='lat' dir='ltr'>Leo</span> <span class='ocrx_word' id='word_1_185' title='bbox 2208 1668 2541 1739; x_wconf 86' lang='lat' dir='ltr'>episcopus,</span> <span class='ocrx_word' id='word_1_186' title='bbox 2566 1683 2766 1722; x_wconf 86' lang='lat' dir='ltr'>servus</span> <span class='ocrx_word' id='word_1_187' title='bbox 2788 1682 3086 1722; x_wconf 85' lang='lat' dir='ltr'>servorum</span> <span class='ocrx_word' id='word_1_188' title='bbox 3105 1664 3227 1730; x_wconf 90' lang='lat' dir='ltr'>Dei,</span> <span class='ocrx_word' id='word_1_189' title='bbox 3255 1662 3639 1718; x_wconf 90' lang='lat' dir='ltr'>dilectissimo</span> 
     </span>
    </p>
   </div>
   <div class='ocr_carea' id='block_1_33' title="bbox 1997 1754 3637 1824">
    <p class='ocr_par' dir='ltr' id='par_1_33' title="bbox 1997 1754 3637 1824">
     <span class='ocr_line' id='line_1_33' title="bbox 1997 1754 3637 1824; baseline -0.004 -13"><span class='ocrx_word' id='word_1_190' title='bbox 1997 1756 2168 1812; x_wconf 89' lang='lat' dir='ltr'>nobis</span> <span class='ocrx_word' id='word_1_191' title='bbox 2189 1756 2247 1811; x_wconf 91' lang='lat' dir='ltr'>in</span> <span class='ocrx_word' id='word_1_192' title='bbox 2265 1757 2495 1811; x_wconf 90' lang='lat' dir='ltr'>Christo</span> <span class='ocrx_word' id='word_1_193' title='bbox 2518 1756 2679 1810; x_wconf 86' lang='lat' dir='ltr'>fratri</span> <span class='ocrx_word' id='word_1_194' title='bbox 2711 1759 2769 1809; x_wconf 91' lang='lat' dir='ltr'>et</span> <span class='ocrx_word' id='word_1_195' title='bbox 2796 1754 3134 1824; x_wconf 68' lang='lat' dir='ltr'>coepiscopo</span> <span class='ocrx_word' id='word_1_196' title='bbox 3175 1757 3374 1806; x_wconf 89' lang='lat' dir='ltr'>nostro</span> <span class='ocrx_word' id='word_1_197' title='bbox 3404 1755 3637 1816; x_wconf 80' lang='lat' dir='ltr'>JOANNI,</span> 
     </span>
    </p>
   </div>
   <div class='ocr_carea' id='block_1_34' title="bbox 234 1839 3638 1938">
    <p class='ocr_par' dir='ltr' id='par_1_34' title="bbox 234 1839 3638 1938">
     <span class='ocr_line' id='line_1_34' title="bbox 234 1839 3638 1938; baseline -0.002 -37"><span class='ocrx_word' id='word_1_198' title='bbox 234 1861 561 1917; x_wconf 79' lang='lat' dir='ltr'>congruam</span> <span class='ocrx_word' id='word_1_199' title='bbox 590 1844 832 1910; x_wconf 85' lang='lat' dir='ltr'>venerit,</span> <span class='ocrx_word' id='word_1_200' title='bbox 856 1862 890 1899; x_wconf 88' lang='lat' dir='ltr'>a</span> <span class='ocrx_word' id='word_1_201' title='bbox 942 1861 1181 1917; x_wconf 89' lang='lat' dir='ltr'>corpore</span> <span class='ocrx_word' id='word_1_202' title='bbox 1235 1849 1293 1900; x_wconf 86' lang='lat' dir='ltr'>et</span> <span class='ocrx_word' id='word_1_203' title='bbox 1339 1847 1624 1917; x_wconf 82' lang='lat' dir='ltr'>sanguine</span> <span class='ocrx_word' id='word_1_204' title='bbox 1656 1844 1886 1900; x_wconf 88' lang='lat' dir='ltr'>Domini</span> <span class='ocrx_word' id='word_1_205' title='bbox 1918 1874 1965 1938; x_wconf 83' lang='lat' dir='ltr'><strong>B</strong></span> <span class='ocrx_word' id='word_1_206' title='bbox 1999 1844 2336 1900; x_wconf 88' lang='lat' dir='ltr'>Portuensis</span> <span class='ocrx_word' id='word_1_207' title='bbox 2355 1843 2621 1899; x_wconf 71' lang='lat' dir='ltr'>Ecclesirc</span> <span class='ocrx_word' id='word_1_208' title='bbox 2644 1842 2912 1907; x_wconf 82' lang='lat' dir='ltr'>antistiti,</span> <span class='ocrx_word' id='word_1_209' title='bbox 2936 1841 3177 1911; x_wconf 87' lang='lat' dir='ltr'>suisque</span> <span class='ocrx_word' id='word_1_210' title='bbox 3199 1839 3638 1894; x_wconf 86' lang='lat' dir='ltr'>successoribus</span> 
     </span>
    </p>
   </div>
   <div class='ocr_carea' id='block_1_35' title="bbox 233 1932 1888 2001">
    <p class='ocr_par' dir='ltr' id='par_1_35' title="bbox 233 1932 1888 2001">
     <span class='ocr_line' id='line_1_35' title="bbox 233 1932 1888 2001; baseline -0.001 -12"><span class='ocrx_word' id='word_1_211' title='bbox 233 1933 423 1990; x_wconf 86' lang='lat' dir='ltr'>nostri</span> <span class='ocrx_word' id='word_1_212' title='bbox 444 1934 585 1989; x_wconf 83' lang='lat' dir='ltr'>Jesu</span> <span class='ocrx_word' id='word_1_213' title='bbox 610 1933 831 1989; x_wconf 89' lang='lat' dir='ltr'>Chrtsti</span> <span class='ocrx_word' id='word_1_214' title='bbox 864 1932 1092 1989; x_wconf 88' lang='lat' dir='ltr'>alienus</span> <span class='ocrx_word' id='word_1_215' title='bbox 1116 1932 1247 2001; x_wconf 86' lang='lat' dir='ltr'>ﬁat;</span> <span class='ocrx_word' id='word_1_216' title='bbox 1270 1933 1497 1989; x_wconf 90' lang='lat' dir='ltr'>cunctis</span> <span class='ocrx_word' id='word_1_217' title='bbox 1519 1939 1712 1989; x_wconf 90' lang='lat' dir='ltr'>autem</span> <span class='ocrx_word' id='word_1_218' title='bbox 1737 1933 1888 1988; x_wconf 89' lang='lat' dir='ltr'>hanc</span> 
     </span>
    </p>
   </div>
   <div class='ocr_carea' id='block_1_36' title="bbox 230 2021 1888 2094">
    <p class='ocr_par' dir='ltr' id='par_1_36' title="bbox 230 2021 1888 2094">
     <span class='ocr_line' id='line_1_36' title="bbox 230 2021 1888 2094; baseline -0.001 -16"><span class='ocrx_word' id='word_1_219' title='bbox 230 2022 679 2078; x_wconf 82' lang='lat' dir='ltr'>constitutionis</span> <span class='ocrx_word' id='word_1_220' title='bbox 712 2025 921 2077; x_wconf 72' lang='lat' dir='ltr'>nostra:</span> <span class='ocrx_word' id='word_1_221' title='bbox 955 2022 1227 2093; x_wconf 84' lang='lat' dir='ltr'>paginam</span> <span class='ocrx_word' id='word_1_222' title='bbox 1261 2021 1629 2077; x_wconf 85' lang='lat' dir='ltr'>servantibus</span> <span class='ocrx_word' id='word_1_223' title='bbox 1670 2022 1748 2077; x_wconf 88' lang='lat' dir='ltr'>sit</span> <span class='ocrx_word' id='word_1_224' title='bbox 1778 2039 1888 2094; x_wconf 85' lang='lat' dir='ltr'>pax</span> 
     </span>
    </p>
   </div>
   <div class='ocr_carea' id='block_1_37' title="bbox 231 2110 1886 2181">
    <p class='ocr_par' dir='ltr' id='par_1_37' title="bbox 231 2110 1886 2181">
     <span class='ocr_line' id='line_1_37' title="bbox 231 2110 1886 2181; baseline -0.001 -14"><span class='ocrx_word' id='word_1_225' title='bbox 231 2111 471 2167; x_wconf 87' lang='lat' dir='ltr'>Domini</span> <span class='ocrx_word' id='word_1_226' title='bbox 492 2111 676 2165; x_wconf 90' lang='lat' dir='ltr'>nostri</span> <span class='ocrx_word' id='word_1_227' title='bbox 700 2110 837 2166; x_wconf 86' lang='lat' dir='ltr'>Jesu</span> <span class='ocrx_word' id='word_1_228' title='bbox 866 2110 1099 2177; x_wconf 89' lang='lat' dir='ltr'>Christi,</span> <span class='ocrx_word' id='word_1_229' title='bbox 1121 2114 1410 2181; x_wconf 88' lang='lat' dir='ltr'>quatenus</span> <span class='ocrx_word' id='word_1_230' title='bbox 1437 2114 1491 2166; x_wconf 91' lang='lat' dir='ltr'>et</span> <span class='ocrx_word' id='word_1_231' title='bbox 1512 2110 1606 2165; x_wconf 92' lang='lat' dir='ltr'>hic</span> <span class='ocrx_word' id='word_1_232' title='bbox 1633 2111 1886 2165; x_wconf 87' lang='lat' dir='ltr'>fructum</span> 
     </span>
    </p>
   </div>
   <div class='ocr_carea' id='block_1_38' title="bbox 234 2198 1886 2270">
    <p class='ocr_par' dir='ltr' id='par_1_38' title="bbox 234 2198 1886 2270">
     <span class='ocr_line' id='line_1_38' title="bbox 234 2198 1886 2270; baseline 0 -16"><span class='ocrx_word' id='word_1_233' title='bbox 234 2199 401 2256; x_wconf 73' lang='lat' dir='ltr'>bona:</span> <span class='ocrx_word' id='word_1_234' title='bbox 424 2198 673 2255; x_wconf 85' lang='lat' dir='ltr'>actionis</span> <span class='ocrx_word' id='word_1_235' title='bbox 686 2199 1090 2270; x_wconf 89' lang='lat' dir='ltr'>percipiant,et</span> <span class='ocrx_word' id='word_1_236' title='bbox 1105 2199 1255 2269; x_wconf 87' lang='lat' dir='ltr'>apud</span> <span class='ocrx_word' id='word_1_237' title='bbox 1274 2199 1886 2254; x_wconf 83' lang='lat' dir='ltr'>districtumJudicem</span> 
     </span>
    </p>
   </div>
   <div class='ocr_carea' id='block_1_39' title="bbox 237 2287 1280 2363">
    <p class='ocr_par' dir='ltr' id='par_1_39' title="bbox 237 2287 1280 2363">
     <span class='ocr_line' id='line_1_39' title="bbox 237 2287 1280 2363; baseline -0.003 -18"><span class='ocrx_word' id='word_1_238' title='bbox 237 2288 487 2363; x_wconf 72' lang='lat' dir='ltr'>praemia</span> <span class='ocrx_word' id='word_1_239' title='bbox 517 2292 741 2343; x_wconf 62' lang='lat' dir='ltr'>eterna:</span> <span class='ocrx_word' id='word_1_240' title='bbox 774 2287 933 2359; x_wconf 88' lang='lat' dir='ltr'>pacis</span> <span class='ocrx_word' id='word_1_241' title='bbox 965 2287 1280 2342; x_wconf 88' lang='lat' dir='ltr'>inveniant.</span> 
     </span>
    </p>
   </div>
   <div class='ocr_carea' id='block_1_40' title="bbox 295 2375 1342 2447">
    <p class='ocr_par' dir='ltr' id='par_1_40' title="bbox 295 2375 1342 2447">
     <span class='ocr_line' id='line_1_40' title="bbox 295 2375 1342 2447; baseline -0.004 -14"><span class='ocrx_word' id='word_1_242' title='bbox 295 2378 526 2433; x_wconf 84' lang='lat' dir='ltr'>Datum</span> <span class='ocrx_word' id='word_1_243' title='bbox 558 2375 849 2444; x_wconf 86' lang='lat' dir='ltr'>Laterani,</span> <span class='ocrx_word' id='word_1_244' title='bbox 884 2375 1081 2431; x_wconf 90' lang='lat' dir='ltr'>Idibus</span> <span class='ocrx_word' id='word_1_245' title='bbox 1108 2375 1342 2447; x_wconf 87' lang='lat' dir='ltr'>Aprilis.</span> 
     </span>
    </p>
   </div>
   <div class='ocr_carea' id='block_1_41' title="bbox 1042 2465 1088 2517">
    <p class='ocr_par' dir='ltr' id='par_1_41' title="bbox 1042 2465 1088 2517">
     <span class='ocr_line' id='line_1_41' title="bbox 1042 2465 1088 2517; baseline 0 0"><span class='ocrx_word' id='word_1_246' title='bbox 1042 2465 1088 2517; x_wconf 90' lang='lat' dir='ltr'><strong>V</strong></span> 
     </span>
    </p>
   </div>
   <div class='ocr_carea' id='block_1_42' title="bbox 233 2552 1888 2623">
    <p class='ocr_par' dir='ltr' id='par_1_42' title="bbox 233 2552 1888 2623">
     <span class='ocr_line' id='line_1_42' title="bbox 233 2552 1888 2623; baseline -0.002 -13"><span class='ocrx_word' id='word_1_247' title='bbox 233 2555 283 2610; x_wconf 86' lang='lat'>5.</span> <span class='ocrx_word' id='word_1_248' title='bbox 314 2557 428 2610; x_wconf 80' lang='lat' dir='ltr'>Leo</span> <span class='ocrx_word' id='word_1_249' title='bbox 458 2554 537 2608; x_wconf 74' lang='lat' dir='ltr'>IX</span> <span class='ocrx_word' id='word_1_250' title='bbox 559 2552 869 2609; x_wconf 76' lang='lat' dir='ltr'>Eberhardo</span> <span class='ocrx_word' id='word_1_251' title='bbox 902 2552 1303 2623; x_wconf 78' lang='lat' dir='ltr'>archiepiscopo</span> <span class='ocrx_word' id='word_1_252' title='bbox 1343 2553 1645 2607; x_wconf 78' lang='lat' dir='ltr'>Trevirensi</span> <span class='ocrx_word' id='word_1_253' title='bbox 1693 2555 1888 2607; x_wconf 80' lang='lat' dir='ltr'>asserit</span> 
     </span>
    </p>
   </div>
   <div class='ocr_carea' id='block_1_43' title="bbox 294 2623 1886 2695">
    <p class='ocr_par' dir='ltr' id='par_1_43' title="bbox 294 2623 1886 2695">
     <span class='ocr_line' id='line_1_43' title="bbox 294 2623 1886 2695; baseline -0.001 -15"><span class='ocrx_word' id='word_1_254' title='bbox 294 2627 502 2682; x_wconf 84' lang='lat' dir='ltr'>cellam</span> <span class='ocrx_word' id='word_1_255' title='bbox 538 2626 783 2692; x_wconf 81' lang='lat' dir='ltr'>Quatuor</span> <span class='ocrx_word' id='word_1_256' title='bbox 826 2623 1242 2689; x_wconf 80' lang='lat' dir='ltr'>Coronatorum,</span> <span class='ocrx_word' id='word_1_257' title='bbox 1295 2624 1718 2695; x_wconf 80' lang='lat' dir='ltr'>archiepiscopis</span> <span class='ocrx_word' id='word_1_258' title='bbox 1762 2626 1886 2679; x_wconf 83' lang='lat' dir='ltr'>Tre-</span> 
     </span>
    </p>
   </div>
   <div class='ocr_carea' id='block_1_44' title="bbox 295 2694 1580 2752">
    <p class='ocr_par' dir='ltr' id='par_1_44' title="bbox 295 2694 1580 2752">
     <span class='ocr_line' id='line_1_44' title="bbox 295 2694 1580 2752; baseline -0.003 0"><span class='ocrx_word' id='word_1_259' title='bbox 295 2696 618 2752; x_wconf 76' lang='lat' dir='ltr'>virensibus</span> <span class='ocrx_word' id='word_1_260' title='bbox 646 2713 681 2751; x_wconf 88' lang='lat' dir='ltr'>a</span> <span class='ocrx_word' id='word_1_261' title='bbox 706 2696 991 2750; x_wconf 79' lang='lat' dir='ltr'>Benedicto</span> <span class='ocrx_word' id='word_1_262' title='bbox 1037 2696 1126 2750; x_wconf 86' lang='lat' dir='ltr'>VII</span> <span class='ocrx_word' id='word_1_263' title='bbox 1154 2694 1284 2749; x_wconf 88' lang='lat' dir='ltr'>olim</span> <span class='ocrx_word' id='word_1_264' title='bbox 1309 2695 1580 2750; x_wconf 81' lang='lat' dir='ltr'>collatam.</span> 
     </span>
    </p>
   </div>
   <div class='ocr_carea' id='block_1_45' title="bbox 864 2766 1265 2836">
    <p class='ocr_par' dir='ltr' id='par_1_45' title="bbox 864 2766 1265 2836">
     <span class='ocr_line' id='line_1_45' title="bbox 864 2766 1265 2836; baseline -0.005 -16"><span class='ocrx_word' id='word_1_265' title='bbox 864 2768 1050 2836; x_wconf 89' lang='lat' dir='ltr'>(Anno</span> <span class='ocrx_word' id='word_1_266' title='bbox 1082 2766 1265 2836; x_wconf 79' lang='grc'>1049.)</span> 
     </span>
    </p>
   </div>
   <div class='ocr_carea' id='block_1_46' title="bbox 234 2834 1881 2909">
    <p class='ocr_par' dir='ltr' id='par_1_46' title="bbox 234 2834 1881 2909">
     <span class='ocr_line' id='line_1_46' title="bbox 234 2834 1881 2909; baseline -0.002 -17"><span class='ocrx_word' id='word_1_267' title='bbox 234 2838 397 2906; x_wconf 87' lang='lat' dir='ltr'>[Vide</span> <span class='ocrx_word' id='word_1_268' title='bbox 432 2854 627 2909; x_wconf 77' lang='lat' dir='ltr'>supra</span> <span class='ocrx_word' id='word_1_269' title='bbox 645 2836 707 2891; x_wconf 89' lang='lat' dir='ltr'>in</span> <span class='ocrx_word' id='word_1_270' title='bbox 729 2834 1040 2909; x_wconf 15' lang='lat' dir='ltr'>Bsna‘niic&#39;ro</span> <span class='ocrx_word' id='word_1_271' title='bbox 1059 2834 1275 2909; x_wconf 35' lang='lat' dir='ltr'>Ylllﬂet</span> <span class='ocrx_word' id='word_1_272' title='bbox 1304 2834 1464 2909; x_wconf 80' lang='lat' dir='ltr'>Gesta</span> <span class='ocrx_word' id='word_1_273' title='bbox 1490 2837 1720 2909; x_wconf 74' lang='lat' dir='ltr'>Trever.,</span> <span class='ocrx_word' id='word_1_274' title='bbox 1744 2835 1881 2891; x_wconf 88' lang='lat' dir='ltr'>edit.</span> 
     </span>
    </p>
   </div>
   <div class='ocr_carea' id='block_1_47' title="bbox 552 2906 1569 3032">
    <p class='ocr_par' dir='ltr' id='par_1_47' title="bbox 552 2906 1569 3032">
     <span class='ocr_line' id='line_1_47' title="bbox 552 2906 1569 3032; baseline -0.002 -71"><span class='ocrx_word' id='word_1_275' title='bbox 552 2908 964 2980; x_wconf 85' lang='lat' dir='ltr'>Wyttembach</span> <span class='ocrx_word' id='word_1_276' title='bbox 997 2906 1312 3032; x_wconf 37' lang='lat' dir='ltr'>etfpiuller,</span> <span class='ocrx_word' id='word_1_277' title='bbox 1348 2907 1388 2974; x_wconf 83' lang='grc' dir='ltr'>Ι,</span> <span class='ocrx_word' id='word_1_278' title='bbox 1423 2906 1569 2976; x_wconf 80' lang='lat'>150.]</span> 
     </span>
    </p>
   </div>
   <div class='ocr_carea' id='block_1_48' title="bbox 229 3048 1883 3118">
    <p class='ocr_par' dir='ltr' id='par_1_48' title="bbox 229 3048 1883 3118">
     <span class='ocr_line' id='line_1_48' title="bbox 229 3048 1883 3118; baseline -0.004 -11"><span class='ocrx_word' id='word_1_279' title='bbox 229 3050 283 3107; x_wconf 89' lang='lat' dir='ltr'>S.</span> <span class='ocrx_word' id='word_1_280' title='bbox 315 3054 422 3106; x_wconf 79' lang='lat' dir='ltr'>Leo</span> <span class='ocrx_word' id='word_1_281' title='bbox 454 3051 527 3105; x_wconf 85' lang='lat' dir='ltr'><strong><em>IX</em></strong></span> <span class='ocrx_word' id='word_1_282' title='bbox 553 3052 877 3105; x_wconf 76' lang='lat' dir='ltr'>monasterii</span> <span class='ocrx_word' id='word_1_283' title='bbox 916 3050 970 3103; x_wconf 90' lang='lat' dir='ltr'>S.</span> <span class='ocrx_word' id='word_1_284' title='bbox 1009 3049 1313 3104; x_wconf 80' lang='lat' dir='ltr'>Salvator-is</span> <span class='ocrx_word' id='word_1_285' title='bbox 1361 3049 1681 3118; x_wconf 76' lang='lat' dir='ltr'>Septimium</span> <span class='ocrx_word' id='word_1_286' title='bbox 1728 3048 1883 3101; x_wconf 72' lang='lat' dir='ltr'>uber-</span> 
     </span>
    </p>
   </div>
   <div class='ocr_carea' id='block_1_49' title="bbox 613 3120 1512 3191">
    <p class='ocr_par' dir='ltr' id='par_1_49' title="bbox 613 3120 1512 3191">
     <span class='ocr_line' id='line_1_49' title="bbox 613 3120 1512 3191; baseline 0 -18"><span class='ocrx_word' id='word_1_287' title='bbox 613 3124 778 3175; x_wconf 81' lang='lat' dir='ltr'>tatem</span> <span class='ocrx_word' id='word_1_288' title='bbox 807 3128 858 3175; x_wconf 86' lang='lat' dir='ltr'>et</span> <span class='ocrx_word' id='word_1_289' title='bbox 882 3121 1173 3191; x_wconf 81' lang='lat' dir='ltr'>privilegia</span> <span class='ocrx_word' id='word_1_290' title='bbox 1192 3120 1512 3191; x_wconf 76' lang='lat' dir='ltr'>conﬁrmat.</span> 
     </span>
    </p>
   </div>
   <div class='ocr_carea' id='block_1_50' title="bbox 857 3190 1257 3261">
    <p class='ocr_par' dir='ltr' id='par_1_50' title="bbox 857 3190 1257 3261">
     <span class='ocr_line' id='line_1_50' title="bbox 857 3190 1257 3261; baseline -0.003 -16"><span class='ocrx_word' id='word_1_291' title='bbox 857 3190 1041 3261; x_wconf 79' lang='lat' dir='ltr'>(Anno</span> <span class='ocrx_word' id='word_1_292' title='bbox 1076 3190 1257 3260; x_wconf 76' lang='grc'>1049.)</span> 
     </span>
    </p>
   </div>
   <div class='ocr_carea' id='block_1_51' title="bbox 597 3261 1521 3334">
    <p class='ocr_par' dir='ltr' id='par_1_51' title="bbox 597 3261 1521 3334">
     <span class='ocr_line' id='line_1_51' title="bbox 597 3261 1521 3334; baseline -0.003 -16"><span class='ocrx_word' id='word_1_293' title='bbox 597 3261 868 3334; x_wconf 85' lang='lat' dir='ltr'>[Ughelli,</span> <span class='ocrx_word' id='word_1_294' title='bbox 900 3262 1063 3317; x_wconf 82' lang='lat' dir='ltr'>Italia</span> <span class='ocrx_word' id='word_1_295' title='bbox 1092 3278 1271 3327; x_wconf 86' lang='lat' dir='ltr'>sacra,</span> <span class='ocrx_word' id='word_1_296' title='bbox 1292 3261 1388 3325; x_wconf 84' lang='lat' dir='ltr'>Ill,</span> <span class='ocrx_word' id='word_1_297' title='bbox 1409 3262 1521 3327; x_wconf 87' lang='lat'>68.]</span> 
     </span>
    </p>
   </div>
   <div class='ocr_carea' id='block_1_52' title="bbox 309 3346 1888 3421">
    <p class='ocr_par' dir='ltr' id='par_1_52' title="bbox 309 3346 1888 3421">
     <span class='ocr_line' id='line_1_52' title="bbox 309 3346 1888 3421; baseline -0.004 -14"><span class='ocrx_word' id='word_1_298' title='bbox 309 3352 435 3407; x_wconf 70' lang='lat' dir='ltr'>Leo</span> <span class='ocrx_word' id='word_1_299' title='bbox 460 3350 993 3421; x_wconf 82' lang='lat' dir='ltr'>episcOpus,scrvus</span> <span class='ocrx_word' id='word_1_300' title='bbox 1017 3366 1314 3405; x_wconf 90' lang='lat' dir='ltr'>servorum</span> <span class='ocrx_word' id='word_1_301' title='bbox 1340 3348 1655 3410; x_wconf 77' lang='lat' dir='ltr'>Dei.Ps&#39;rao</span> <span class='ocrx_word' id='word_1_302' title='bbox 1692 3346 1888 3402; x_wconf 82' lang='lat' dir='ltr'>abbati</span> 
     </span>
    </p>
   </div>
   <div class='ocr_carea' id='block_1_53' title="bbox 241 3436 1891 3510">
    <p class='ocr_par' dir='ltr' id='par_1_53' title="bbox 241 3436 1891 3510">
     <span class='ocr_line' id='line_1_53' title="bbox 241 3436 1891 3510; baseline -0.002 -15"><span class='ocrx_word' id='word_1_303' title='bbox 241 3438 584 3495; x_wconf 86' lang='lat' dir='ltr'>monasterii</span> <span class='ocrx_word' id='word_1_304' title='bbox 598 3438 973 3495; x_wconf 84' lang='lat' dir='ltr'>S.Salvatoris</span> <span class='ocrx_word' id='word_1_305' title='bbox 987 3438 1044 3494; x_wconf 91' lang='lat' dir='ltr'>in</span> <span class='ocrx_word' id='word_1_306' title='bbox 1063 3436 1587 3510; x_wconf 83' lang='lat' dir='ltr'>Septimo,suisque</span> <span class='ocrx_word' id='word_1_307' title='bbox 1599 3452 1891 3492; x_wconf 89' lang='lat' dir='ltr'>successo-</span> 
     </span>
    </p>
   </div>
   <div class='ocr_carea' id='block_1_54' title="bbox 236 3524 1892 3600">
    <p class='ocr_par' dir='ltr' id='par_1_54' title="bbox 236 3524 1892 3600">
     <span class='ocr_line' id='line_1_54' title="bbox 236 3524 1892 3600; baseline -0.002 -18"><span class='ocrx_word' id='word_1_308' title='bbox 236 3527 404 3583; x_wconf 88' lang='lat' dir='ltr'>ribus</span> <span class='ocrx_word' id='word_1_309' title='bbox 419 3527 754 3595; x_wconf 84' lang='lat' dir='ltr'>abbatibus,</span> <span class='ocrx_word' id='word_1_310' title='bbox 773 3533 1115 3600; x_wconf 87' lang='lat' dir='ltr'>perpetuam</span> <span class='ocrx_word' id='word_1_311' title='bbox 1130 3526 1594 3583; x_wconf 83' lang='lat' dir='ltr'>benedictionem</span> <span class='ocrx_word' id='word_1_312' title='bbox 1635 3529 1692 3581; x_wconf 88' lang='lat' dir='ltr'>et</span> <span class='ocrx_word' id='word_1_313' title='bbox 1730 3524 1892 3579; x_wconf 84' lang='lat' dir='ltr'>salu-</span> 
     </span>
    </p>
   </div>
   <div class='ocr_carea' id='block_1_55' title="bbox 230 3620 369 3673">
    <p class='ocr_par' dir='ltr' id='par_1_55' title="bbox 230 3620 369 3673">
     <span class='ocr_line' id='line_1_55' title="bbox 230 3620 369 3673; baseline -0.007 0"><span class='ocrx_word' id='word_1_314' title='bbox 230 3620 369 3673; x_wconf 87' lang='lat' dir='ltr'>tem.</span> 
     </span>
    </p>
   </div>
   <div class='ocr_carea' id='block_1_56' title="bbox 296 3701 1895 3776">
    <p class='ocr_par' dir='ltr' id='par_1_56' title="bbox 296 3701 1895 3776">
     <span class='ocr_line' id='line_1_56' title="bbox 296 3701 1895 3776; baseline -0.004 -14"><span class='ocrx_word' id='word_1_315' title='bbox 296 3704 591 3762; x_wconf 85' lang='lat' dir='ltr'>Convenit</span> <span class='ocrx_word' id='word_1_316' title='bbox 613 3704 931 3776; x_wconf 88' lang='lat' dir='ltr'>apostolico</span> <span class='ocrx_word' id='word_1_317' title='bbox 957 3704 1340 3761; x_wconf 80' lang='lat' dir='ltr'>moderaniini</span> <span class='ocrx_word' id='word_1_318' title='bbox 1367 3704 1461 3775; x_wconf 88' lang='lat' dir='ltr'>pia</span> <span class='ocrx_word' id='word_1_319' title='bbox 1482 3702 1760 3774; x_wconf 86' lang='lat' dir='ltr'>religione</span> <span class='ocrx_word' id='word_1_320' title='bbox 1775 3701 1895 3773; x_wconf 88' lang='lat' dir='ltr'>pol-</span> 
     </span>
    </p>
   </div>
   <div class='ocr_carea' id='block_1_57' title="bbox 228 3792 1895 3866">
    <p class='ocr_par' dir='ltr' id='par_1_57' title="bbox 228 3792 1895 3866">
     <span class='ocr_line' id='line_1_57' title="bbox 228 3792 1895 3866; baseline -0.002 -17"><span class='ocrx_word' id='word_1_321' title='bbox 228 3793 497 3851; x_wconf 87' lang='lat' dir='ltr'>lentibus</span> <span class='ocrx_word' id='word_1_322' title='bbox 519 3792 807 3849; x_wconf 87' lang='lat' dir='ltr'>benevola</span> <span class='ocrx_word' id='word_1_323' title='bbox 854 3793 1260 3866; x_wconf 86' lang='lat' dir='ltr'>compassione</span> <span class='ocrx_word' id='word_1_324' title='bbox 1306 3808 1666 3854; x_wconf 88' lang='lat' dir='ltr'>succurrere,</span> <span class='ocrx_word' id='word_1_325' title='bbox 1700 3797 1754 3845; x_wconf 89' lang='lat' dir='ltr'>et</span> <span class='ocrx_word' id='word_1_326' title='bbox 1797 3808 1895 3862; x_wconf 87' lang='lat' dir='ltr'>pe-</span> 
     </span>
    </p>
   </div>
   <div class='ocr_carea' id='block_1_58' title="bbox 224 3879 1891 3954">
    <p class='ocr_par' dir='ltr' id='par_1_58' title="bbox 224 3879 1891 3954">
     <span class='ocr_line' id='line_1_58' title="bbox 224 3879 1891 3954; baseline -0.004 -15"><span class='ocrx_word' id='word_1_327' title='bbox 224 3885 486 3939; x_wconf 81' lang='lat' dir='ltr'>tentium</span> <span class='ocrx_word' id='word_1_328' title='bbox 503 3882 817 3938; x_wconf 90' lang='lat' dir='ltr'>desideriis</span> <span class='ocrx_word' id='word_1_329' title='bbox 847 3898 1173 3954; x_wconf 89' lang='lat' dir='ltr'>congruum</span> <span class='ocrx_word' id='word_1_330' title='bbox 1208 3879 1493 3952; x_wconf 86' lang='lat' dir='ltr'>impertiri</span> <span class='ocrx_word' id='word_1_331' title='bbox 1521 3880 1891 3951; x_wconf 81' lang='lat' dir='ltr'>sutl&#39;ragium.</span> 
     </span>
    </p>
   </div>
   <div class='ocr_carea' id='block_1_59' title="bbox 226 3967 1900 4046">
    <p class='ocr_par' dir='ltr' id='par_1_59' title="bbox 226 3967 1900 4046">
     <span class='ocr_line' id='line_1_59' title="bbox 226 3967 1900 4046; baseline -0.004 -19"><span class='ocrx_word' id='word_1_332' title='bbox 226 3970 855 4046; x_wconf 88' lang='lat' dir='ltr'>Propterea,inclinati</span> <span class='ocrx_word' id='word_1_333' title='bbox 888 3971 1164 4042; x_wconf 87' lang='lat' dir='ltr'>precibus</span> <span class='ocrx_word' id='word_1_334' title='bbox 1194 3968 1542 4039; x_wconf 85' lang='lat' dir='ltr'>vestris,per</span> <span class='ocrx_word' id='word_1_335' title='bbox 1572 3967 1750 4038; x_wconf 88' lang='lat' dir='ltr'>hujus</span> <span class='ocrx_word' id='word_1_336' title='bbox 1772 3985 1900 4022; x_wconf 89' lang='lat' dir='ltr'>nos-</span> 
     </span>
    </p>
   </div>
   <div class='ocr_carea' id='block_1_60' title="bbox 230 4057 1898 4135">
    <p class='ocr_par' dir='ltr' id='par_1_60' title="bbox 230 4057 1898 4135">
     <span class='ocr_line' id='line_1_60' title="bbox 230 4057 1898 4135; baseline -0.004 -16"><span class='ocrx_word' id='word_1_337' title='bbox 230 4068 328 4119; x_wconf 75' lang='lat' dir='ltr'>tra:</span> <span class='ocrx_word' id='word_1_338' title='bbox 361 4060 786 4135; x_wconf 69' lang='lat' dir='ltr'>praeceptionis</span> <span class='ocrx_word' id='word_1_339' title='bbox 816 4060 1024 4115; x_wconf 85' lang='lat' dir='ltr'>seriem</span> <span class='ocrx_word' id='word_1_340' title='bbox 1061 4061 1482 4115; x_wconf 86' lang='lat' dir='ltr'>conﬁrmamus</span> <span class='ocrx_word' id='word_1_341' title='bbox 1522 4063 1579 4112; x_wconf 88' lang='lat' dir='ltr'>et</span> <span class='ocrx_word' id='word_1_342' title='bbox 1630 4057 1898 4112; x_wconf 90' lang='lat' dir='ltr'>corrobo-</span> 
     </span>
    </p>
   </div>
   <div class='ocr_carea' id='block_1_61' title="bbox 228 4144 1898 4218">
    <p class='ocr_par' dir='ltr' id='par_1_61' title="bbox 228 4144 1898 4218">
     <span class='ocr_line' id='line_1_61' title="bbox 228 4144 1898 4218; baseline -0.002 -15"><span class='ocrx_word' id='word_1_343' title='bbox 228 4166 439 4205; x_wconf 86' lang='lat' dir='ltr'>ramus</span> <span class='ocrx_word' id='word_1_344' title='bbox 475 4148 586 4203; x_wconf 87' lang='lat' dir='ltr'>tibi</span> <span class='ocrx_word' id='word_1_345' title='bbox 618 4147 1045 4202; x_wconf 85' lang='lat' dir='ltr'>monasterium</span> <span class='ocrx_word' id='word_1_346' title='bbox 1078 4151 1273 4218; x_wconf 87' lang='lat' dir='ltr'>ipsum</span> <span class='ocrx_word' id='word_1_347' title='bbox 1308 4146 1346 4200; x_wconf 89' lang='lat' dir='ltr'><strong>S</strong></span> <span class='ocrx_word' id='word_1_348' title='bbox 1401 4144 1719 4200; x_wconf 83' lang='lat' dir='ltr'>Salvatoris</span> <span class='ocrx_word' id='word_1_349' title='bbox 1764 4162 1898 4199; x_wconf 86' lang='lat' dir='ltr'>cum</span> 
     </span>
    </p>
   </div>
   <div class='ocr_carea' id='block_1_62' title="bbox 1994 1927 3126 2005">
    <p class='ocr_par' dir='ltr' id='par_1_62' title="bbox 1994 1927 3126 2005">
     <span class='ocr_line' id='line_1_62' title="bbox 1994 1927 3126 2005; baseline -0.006 -17"><span class='ocrx_word' id='word_1_350' title='bbox 1994 1933 2054 1988; x_wconf 91' lang='lat' dir='ltr'>in</span> <span class='ocrx_word' id='word_1_351' title='bbox 2086 1937 2451 2005; x_wconf 87' lang='lat' dir='ltr'>perpetuum,</span> <span class='ocrx_word' id='word_1_352' title='bbox 2486 1932 2545 1986; x_wconf 92' lang='lat' dir='ltr'>in</span> <span class='ocrx_word' id='word_1_353' title='bbox 2578 1930 2826 1985; x_wconf 90' lang='lat' dir='ltr'>Domino</span> <span class='ocrx_word' id='word_1_354' title='bbox 2856 1927 3126 1985; x_wconf 86' lang='lat' dir='ltr'>salutem.</span> 
     </span>
    </p>
   </div>
   <div class='ocr_carea' id='block_1_63' title="bbox 2067 2013 3634 2093">
    <p class='ocr_par' dir='ltr' id='par_1_63' title="bbox 2067 2013 3634 2093">
     <span class='ocr_line' id='line_1_63' title="bbox 2067 2013 3634 2093; baseline -0.006 -16"><span class='ocrx_word' id='word_1_355' title='bbox 2067 2021 2534 2093; x_wconf 87' lang='lat' dir='ltr'>Supplicantium</span> <span class='ocrx_word' id='word_1_356' title='bbox 2565 2017 2872 2074; x_wconf 89' lang='lat' dir='ltr'>desideriis</span> <span class='ocrx_word' id='word_1_357' title='bbox 2903 2015 3283 2072; x_wconf 88' lang='lat' dir='ltr'>annuendum</span> <span class='ocrx_word' id='word_1_358' title='bbox 3314 2013 3484 2069; x_wconf 90' lang='lat' dir='ltr'>nobis</span> <span class='ocrx_word' id='word_1_359' title='bbox 3505 2029 3634 2068; x_wconf 88' lang='lat' dir='ltr'>esse</span> 
     </span>
    </p>
   </div>
   <div class='ocr_carea' id='block_1_64' title="bbox 1997 2099 3634 2179">
    <p class='ocr_par' dir='ltr' id='par_1_64' title="bbox 1997 2099 3634 2179">
     <span class='ocr_line' id='line_1_64' title="bbox 1997 2099 3634 2179; baseline -0.006 -13"><span class='ocrx_word' id='word_1_360' title='bbox 1997 2114 2053 2166; x_wconf 89' lang='lat' dir='ltr'>et</span> <span class='ocrx_word' id='word_1_361' title='bbox 2084 2110 2230 2165; x_wconf 89' lang='lat' dir='ltr'>ratio</span> <span class='ocrx_word' id='word_1_362' title='bbox 2260 2115 2316 2165; x_wconf 89' lang='lat' dir='ltr'>et</span> <span class='ocrx_word' id='word_1_363' title='bbox 2344 2108 2676 2179; x_wconf 77' lang='lat' dir='ltr'>benignitas</span> <span class='ocrx_word' id='word_1_364' title='bbox 2706 2106 2915 2179; x_wconf 88' lang='lat' dir='ltr'>poscit,</span> <span class='ocrx_word' id='word_1_365' title='bbox 2936 2105 3075 2176; x_wconf 90' lang='lat' dir='ltr'>quia</span> <span class='ocrx_word' id='word_1_366' title='bbox 3097 2104 3252 2175; x_wconf 93' lang='lat' dir='ltr'>quod</span> <span class='ocrx_word' id='word_1_367' title='bbox 3285 2099 3634 2158; x_wconf 85' lang='lat' dir='ltr'>rationabile</span> 
     </span>
    </p>
   </div>
   <div class='ocr_carea' id='block_1_65' title="bbox 1996 2191 3634 2271">
    <p class='ocr_par' dir='ltr' id='par_1_65' title="bbox 1996 2191 3634 2271">
     <span class='ocr_line' id='line_1_65' title="bbox 1996 2191 3634 2271; baseline -0.007 -16"><span class='ocrx_word' id='word_1_368' title='bbox 1996 2204 2085 2255; x_wconf 89' lang='lat' dir='ltr'>est</span> <span class='ocrx_word' id='word_1_369' title='bbox 2114 2199 2473 2271; x_wconf 88' lang='lat' dir='ltr'>impendere,</span> <span class='ocrx_word' id='word_1_370' title='bbox 2504 2196 2755 2268; x_wconf 90' lang='lat' dir='ltr'>benigne</span> <span class='ocrx_word' id='word_1_371' title='bbox 2781 2194 3017 2267; x_wconf 90' lang='lat' dir='ltr'>quidem</span> <span class='ocrx_word' id='word_1_372' title='bbox 3062 2209 3176 2248; x_wconf 91' lang='lat' dir='ltr'>non</span> <span class='ocrx_word' id='word_1_373' title='bbox 3222 2207 3454 2264; x_wconf 88' lang='lat' dir='ltr'>negare.</span> <span class='ocrx_word' id='word_1_374' title='bbox 3477 2191 3634 2254; x_wconf 89' lang='lat' dir='ltr'>Qua-</span> 
     </span>
    </p>
   </div>
   <div class='ocr_carea' id='block_1_66' title="bbox 1997 2279 3636 2358">
    <p class='ocr_par' dir='ltr' id='par_1_66' title="bbox 1997 2279 3636 2358">
     <span class='ocr_line' id='line_1_66' title="bbox 1997 2279 3636 2358; baseline -0.005 -16"><span class='ocrx_word' id='word_1_375' title='bbox 1997 2294 2231 2358; x_wconf 91' lang='lat' dir='ltr'>propter</span> <span class='ocrx_word' id='word_1_376' title='bbox 2244 2286 2382 2357; x_wconf 89' lang='lat' dir='ltr'>quia</span> <span class='ocrx_word' id='word_1_377' title='bbox 2395 2283 2972 2355; x_wconf 86' lang='lat' dir='ltr'>transmigrationem</span> <span class='ocrx_word' id='word_1_378' title='bbox 2986 2280 3171 2336; x_wconf 85' lang='lat' dir='ltr'>fecisti</span> <span class='ocrx_word' id='word_1_379' title='bbox 3186 2281 3255 2335; x_wconf 90' lang='lat' dir='ltr'>de</span> <span class='ocrx_word' id='word_1_380' title='bbox 3267 2279 3405 2334; x_wconf 89' lang='lat' dir='ltr'>sede</span> <span class='ocrx_word' id='word_1_381' title='bbox 3420 2279 3636 2334; x_wconf 77' lang='lat' dir='ltr'>Tusca~</span> 
     </span>
    </p>
   </div>
   <div class='ocr_carea' id='block_1_67' title="bbox 1999 2366 3636 2438">
    <p class='ocr_par' dir='ltr' id='par_1_67' title="bbox 1999 2366 3636 2438">
     <span class='ocr_line' id='line_1_67' title="bbox 1999 2366 3636 2438; baseline -0.006 -9"><span class='ocrx_word' id='word_1_382' title='bbox 1999 2375 2164 2430; x_wconf 89' lang='lat' dir='ltr'>nensi</span> <span class='ocrx_word' id='word_1_383' title='bbox 2188 2376 2258 2430; x_wconf 86' lang='lat' dir='ltr'>ad</span> <span class='ocrx_word' id='word_1_384' title='bbox 2282 2375 2547 2430; x_wconf 88' lang='lat' dir='ltr'>eamdem</span> <span class='ocrx_word' id='word_1_385' title='bbox 2571 2373 2765 2429; x_wconf 90' lang='lat' dir='ltr'>sedem</span> <span class='ocrx_word' id='word_1_386' title='bbox 2782 2372 3180 2436; x_wconf 90' lang='lat' dir='ltr'>Portuensem,</span> <span class='ocrx_word' id='word_1_387' title='bbox 3206 2367 3449 2438; x_wconf 84' lang='lat' dir='ltr'>dignum</span> <span class='ocrx_word' id='word_1_388' title='bbox 3475 2366 3636 2421; x_wconf 83' lang='lat' dir='ltr'>duxi-</span> 
     </span>
    </p>
   </div>
   <div class='ocr_carea' id='block_1_68' title="bbox 1997 2454 3636 2535">
    <p class='ocr_par' dir='ltr' id='par_1_68' title="bbox 1997 2454 3636 2535">
     <span class='ocr_line' id='line_1_68' title="bbox 1997 2454 3636 2535; baseline -0.006 -17"><span class='ocrx_word' id='word_1_389' title='bbox 1997 2480 2131 2518; x_wconf 90' lang='lat' dir='ltr'>mus</span> <span class='ocrx_word' id='word_1_390' title='bbox 2162 2464 2221 2517; x_wconf 92' lang='lat' dir='ltr'>in</span> <span class='ocrx_word' id='word_1_391' title='bbox 2254 2462 2473 2535; x_wconf 83' lang='lat' dir='ltr'>synodo</span> <span class='ocrx_word' id='word_1_392' title='bbox 2504 2460 2667 2533; x_wconf 89' lang='lat' dir='ltr'>prius</span> <span class='ocrx_word' id='word_1_393' title='bbox 2690 2461 2760 2515; x_wconf 91' lang='lat' dir='ltr'>de</span> <span class='ocrx_word' id='word_1_394' title='bbox 2789 2459 2900 2515; x_wconf 91' lang='lat' dir='ltr'>hoc</span> <span class='ocrx_word' id='word_1_395' title='bbox 2929 2455 3226 2521; x_wconf 81' lang='lat' dir='ltr'>ventilare,</span> <span class='ocrx_word' id='word_1_396' title='bbox 3252 2459 3447 2510; x_wconf 87' lang='lat' dir='ltr'>utrum</span> <span class='ocrx_word' id='word_1_397' title='bbox 3475 2454 3636 2525; x_wconf 88' lang='lat' dir='ltr'>juste</span> 
     </span>
    </p>
   </div>
   <div class='ocr_carea' id='block_1_69' title="bbox 1998 2542 3637 2620">
    <p class='ocr_par' dir='ltr' id='par_1_69' title="bbox 1998 2542 3637 2620">
     <span class='ocr_line' id='line_1_69' title="bbox 1998 2542 3637 2620; baseline -0.008 -12"><span class='ocrx_word' id='word_1_398' title='bbox 1998 2553 2147 2608; x_wconf 88' lang='lat' dir='ltr'>facta</span> <span class='ocrx_word' id='word_1_399' title='bbox 2168 2552 2341 2607; x_wconf 88' lang='lat' dir='ltr'>fuerit</span> <span class='ocrx_word' id='word_1_400' title='bbox 2360 2550 2447 2607; x_wconf 91' lang='lat' dir='ltr'>vel</span> <span class='ocrx_word' id='word_1_401' title='bbox 2480 2551 2716 2619; x_wconf 79' lang='lat' dir='ltr'>injuste,</span> <span class='ocrx_word' id='word_1_402' title='bbox 2743 2549 2897 2620; x_wconf 88' lang='lat' dir='ltr'>quod</span> <span class='ocrx_word' id='word_1_403' title='bbox 2937 2552 2993 2603; x_wconf 90' lang='lat' dir='ltr'>et</span> <span class='ocrx_word' id='word_1_404' title='bbox 3031 2546 3276 2601; x_wconf 87' lang='lat' dir='ltr'>fecimus</span> <span class='ocrx_word' id='word_1_405' title='bbox 3316 2542 3637 2598; x_wconf 87' lang='lat' dir='ltr'>residentes</span> 
     </span>
    </p>
   </div>
   <div class='ocr_carea' id='block_1_70' title="bbox 1995 2631 3635 2715">
    <p class='ocr_par' dir='ltr' id='par_1_70' title="bbox 1995 2631 3635 2715">
     <span class='ocr_line' id='line_1_70' title="bbox 1995 2631 3635 2715; baseline -0.007 -19"><span class='ocrx_word' id='word_1_406' title='bbox 1995 2642 2053 2696; x_wconf 91' lang='lat' dir='ltr'>in</span> <span class='ocrx_word' id='word_1_407' title='bbox 2077 2643 2297 2715; x_wconf 83' lang='lat' dir='ltr'>synodo</span> <span class='ocrx_word' id='word_1_408' title='bbox 2319 2646 2374 2697; x_wconf 86' lang='lat' dir='ltr'>et</span> <span class='ocrx_word' id='word_1_409' title='bbox 2390 2640 2634 2696; x_wconf 89' lang='lat' dir='ltr'>ecclesia</span> <span class='ocrx_word' id='word_1_410' title='bbox 2651 2637 2986 2695; x_wconf 88' lang='lat' dir='ltr'>Salvatoris.</span> <span class='ocrx_word' id='word_1_411' title='bbox 3012 2636 3276 2704; x_wconf 89' lang='lat' dir='ltr'>Cumque</span> <span class='ocrx_word' id='word_1_412' title='bbox 3292 2631 3372 2687; x_wconf 92' lang='lat' dir='ltr'>ibi</span> <span class='ocrx_word' id='word_1_413' title='bbox 3390 2631 3635 2701; x_wconf 88' lang='lat' dir='ltr'>diligen-</span> 
     </span>
    </p>
   </div>
   <div class='ocr_carea' id='block_1_71' title="bbox 1994 2717 3635 2799">
    <p class='ocr_par' dir='ltr' id='par_1_71' title="bbox 1994 2717 3635 2799">
     <span class='ocr_line' id='line_1_71' title="bbox 1994 2717 3635 2799; baseline -0.011 -12"><span class='ocrx_word' id='word_1_414' title='bbox 1994 2735 2084 2786; x_wconf 89' lang='lat' dir='ltr'>ter</span> <span class='ocrx_word' id='word_1_415' title='bbox 2103 2736 2257 2786; x_wconf 89' lang='lat' dir='ltr'>esset</span> <span class='ocrx_word' id='word_1_416' title='bbox 2277 2730 2672 2786; x_wconf 84' lang='lat' dir='ltr'>examinatum</span> <span class='ocrx_word' id='word_1_417' title='bbox 2695 2744 2810 2799; x_wconf 90' lang='lat' dir='ltr'>qua</span> <span class='ocrx_word' id='word_1_418' title='bbox 2833 2726 3054 2781; x_wconf 87' lang='lat' dir='ltr'>ratione</span> <span class='ocrx_word' id='word_1_419' title='bbox 3076 2725 3146 2777; x_wconf 93' lang='lat' dir='ltr'>de</span> <span class='ocrx_word' id='word_1_420' title='bbox 3192 2721 3528 2793; x_wconf 87' lang='lat' dir='ltr'>episcopatu</span> <span class='ocrx_word' id='word_1_421' title='bbox 3563 2717 3635 2770; x_wconf 88' lang='lat' dir='ltr'>ad</span> 
     </span>
    </p>
   </div>
   <div class='ocr_carea' id='block_1_72' title="bbox 1992 2804 3638 2892">
    <p class='ocr_par' dir='ltr' id='par_1_72' title="bbox 1992 2804 3638 2892">
     <span class='ocr_line' id='line_1_72' title="bbox 1992 2804 3638 2892; baseline -0.01 -16"><span class='ocrx_word' id='word_1_422' title='bbox 1992 2820 2392 2892; x_wconf 89' lang='lat' dir='ltr'>episcopatum</span> <span class='ocrx_word' id='word_1_423' title='bbox 2424 2816 2739 2880; x_wconf 87' lang='lat' dir='ltr'>transiens,</span> <span class='ocrx_word' id='word_1_424' title='bbox 2762 2815 3061 2868; x_wconf 91' lang='lat' dir='ltr'>inventum</span> <span class='ocrx_word' id='word_1_425' title='bbox 3081 2812 3308 2865; x_wconf 89' lang='lat' dir='ltr'>esttam</span> <span class='ocrx_word' id='word_1_426' title='bbox 3331 2804 3638 2860; x_wconf 87' lang='lat' dir='ltr'>necessita-</span> 
     </span>
    </p>
   </div>
   <div class='ocr_carea' id='block_1_73' title="bbox 1992 2891 3635 2978">
    <p class='ocr_par' dir='ltr' id='par_1_73' title="bbox 1992 2891 3635 2978">
     <span class='ocr_line' id='line_1_73' title="bbox 1992 2891 3635 2978; baseline -0.01 -15"><span class='ocrx_word' id='word_1_427' title='bbox 1992 2909 2069 2963; x_wconf 89' lang='lat' dir='ltr'>tis</span> <span class='ocrx_word' id='word_1_428' title='bbox 2099 2924 2277 2978; x_wconf 89' lang='lat' dir='ltr'>quam</span> <span class='ocrx_word' id='word_1_429' title='bbox 2310 2904 2580 2960; x_wconf 86' lang='lat' dir='ltr'>utilitatis</span> <span class='ocrx_word' id='word_1_430' title='bbox 2613 2920 2789 2958; x_wconf 87' lang='lat' dir='ltr'>causa</span> <span class='ocrx_word' id='word_1_431' title='bbox 2819 2902 2927 2956; x_wconf 88' lang='lat' dir='ltr'>hoc</span> <span class='ocrx_word' id='word_1_432' title='bbox 2951 2891 3635 2964; x_wconf 84' lang='lat' dir='ltr'>factumfuisse,etjudi-</span> 
     </span>
    </p>
   </div>
   <div class='ocr_carea' id='block_1_74' title="bbox 1992 2982 3635 3062">
    <p class='ocr_par' dir='ltr' id='par_1_74' title="bbox 1992 2982 3635 3062">
     <span class='ocr_line' id='line_1_74' title="bbox 1992 2982 3635 3062; baseline -0.01 -10"><span class='ocrx_word' id='word_1_433' title='bbox 1992 3002 2189 3052; x_wconf 89' lang='lat' dir='ltr'>catum</span> <span class='ocrx_word' id='word_1_434' title='bbox 2223 3000 2309 3051; x_wconf 90' lang='lat' dir='ltr'>est</span> <span class='ocrx_word' id='word_1_435' title='bbox 2340 2994 2449 3048; x_wconf 91' lang='lat' dir='ltr'>hoc</span> <span class='ocrx_word' id='word_1_436' title='bbox 2480 2993 2600 3047; x_wconf 81' lang='lat' dir='ltr'>fieri</span> <span class='ocrx_word' id='word_1_437' title='bbox 2634 2990 2916 3062; x_wconf 89' lang='lat' dir='ltr'>potuisse.</span> <span class='ocrx_word' id='word_1_438' title='bbox 2941 2989 3076 3051; x_wconf 62' lang='lat' dir='ltr'>Quae</span> <span class='ocrx_word' id='word_1_439' title='bbox 3116 2985 3290 3041; x_wconf 91' lang='lat' dir='ltr'>etiam</span> <span class='ocrx_word' id='word_1_440' title='bbox 3326 2982 3500 3038; x_wconf 89' lang='lat' dir='ltr'>fuerit</span> <span class='ocrx_word' id='word_1_441' title='bbox 3535 2998 3635 3036; x_wconf 90' lang='lat' dir='ltr'>ne-</span> 
     </span>
    </p>
   </div>
   <div class='ocr_carea' id='block_1_75' title="bbox 1992 3076 3631 3152">
    <p class='ocr_par' dir='ltr' id='par_1_75' title="bbox 1992 3076 3631 3152">
     <span class='ocr_line' id='line_1_75' title="bbox 1992 3076 3631 3152; baseline -0.01 -13"><span class='ocrx_word' id='word_1_442' title='bbox 1992 3083 2256 3147; x_wconf 88' lang='lat' dir='ltr'>cessitas,</span> <span class='ocrx_word' id='word_1_443' title='bbox 2283 3097 2413 3152; x_wconf 68' lang='lat' dir='ltr'>quae</span> <span class='ocrx_word' id='word_1_444' title='bbox 2443 3079 2687 3146; x_wconf 89' lang='lat' dir='ltr'>utilitas,</span> <span class='ocrx_word' id='word_1_445' title='bbox 2714 3077 2858 3132; x_wconf 86' lang='lat' dir='ltr'>satis</span> <span class='ocrx_word' id='word_1_446' title='bbox 2898 3078 3162 3148; x_wconf 88' lang='lat' dir='ltr'>patenter</span> <span class='ocrx_word' id='word_1_447' title='bbox 3201 3076 3289 3128; x_wconf 89' lang='lat' dir='ltr'>est</span> <span class='ocrx_word' id='word_1_448' title='bbox 3315 3085 3589 3143; x_wconf 85' lang='lat' dir='ltr'>expressa</span> <span class='ocrx_word' id='word_1_449' title='bbox 3618 3086 3631 3124; x_wconf 90' lang='lat'><strong>:</strong></span> 
     </span>
    </p>
   </div>
   <div class='ocr_carea' id='block_1_76' title="bbox 1992 3158 3631 3239">
    <p class='ocr_par' dir='ltr' id='par_1_76' title="bbox 1992 3158 3631 3239">
     <span class='ocr_line' id='line_1_76' title="bbox 1992 3158 3631 3239; baseline -0.01 -13"><span class='ocrx_word' id='word_1_450' title='bbox 1992 3171 2329 3236; x_wconf 87' lang='lat' dir='ltr'>necessitas,</span> <span class='ocrx_word' id='word_1_451' title='bbox 2353 3168 2492 3239; x_wconf 86' lang='lat' dir='ltr'>quia</span> <span class='ocrx_word' id='word_1_452' title='bbox 2512 3168 2637 3238; x_wconf 88' lang='lat' dir='ltr'>jam</span> <span class='ocrx_word' id='word_1_453' title='bbox 2661 3167 2924 3221; x_wconf 79' lang='lat' dir='ltr'>Romana</span> <span class='ocrx_word' id='word_1_454' title='bbox 2951 3162 3208 3218; x_wconf 88' lang='lat' dir='ltr'>Ecclesia</span> <span class='ocrx_word' id='word_1_455' title='bbox 3230 3161 3289 3215; x_wconf 93' lang='lat' dir='ltr'>in</span> <span class='ocrx_word' id='word_1_456' title='bbox 3320 3158 3631 3228; x_wconf 85' lang='lat' dir='ltr'>ﬁliis,quos</span> 
     </span>
    </p>
   </div>
   <div class='ocr_carea' id='block_1_77' title="bbox 1912 3234 3634 3332">
    <p class='ocr_par' dir='ltr' id='par_1_77' title="bbox 1912 3234 3634 3332">
     <span class='ocr_line' id='line_1_77' title="bbox 1912 3234 3634 3332; baseline -0.01 -16"><span class='ocrx_word' id='word_1_457' title='bbox 1912 3234 1955 3300; x_wconf 67' lang='grc' dir='ltr'>Ο</span> <span class='ocrx_word' id='word_1_458' title='bbox 1992 3260 2122 3332; x_wconf 87' lang='lat' dir='ltr'>ipsa</span> <span class='ocrx_word' id='word_1_459' title='bbox 2140 3234 3061 3325; x_wconf 26' lang='lat' dir='ltr'>lactaverat,dvefecerat,quorum</span> <span class='ocrx_word' id='word_1_460' title='bbox 3084 3254 3147 3306; x_wconf 91' lang='lat' dir='ltr'>tu</span> <span class='ocrx_word' id='word_1_461' title='bbox 3181 3265 3316 3320; x_wconf 89' lang='lat' dir='ltr'>pars</span> <span class='ocrx_word' id='word_1_462' title='bbox 3337 3249 3634 3318; x_wconf 89' lang='lat' dir='ltr'>superstes</span> 
     </span>
    </p>
   </div>
   <div class='ocr_carea' id='block_1_78' title="bbox 1996 3333 3638 3419">
    <p class='ocr_par' dir='ltr' id='par_1_78' title="bbox 1996 3333 3638 3419">
     <span class='ocr_line' id='line_1_78' title="bbox 1996 3333 3638 3419; baseline -0.011 -15"><span class='ocrx_word' id='word_1_463' title='bbox 1996 3365 2164 3415; x_wconf 89' lang='lat' dir='ltr'>eras;</span> <span class='ocrx_word' id='word_1_464' title='bbox 2198 3363 2455 3419; x_wconf 89' lang='lat' dir='ltr'>congrua</span> <span class='ocrx_word' id='word_1_465' title='bbox 2484 3344 2708 3399; x_wconf 87' lang='lat' dir='ltr'>utilitas</span> <span class='ocrx_word' id='word_1_466' title='bbox 2738 3359 2892 3407; x_wconf 92' lang='lat' dir='ltr'>vero,</span> <span class='ocrx_word' id='word_1_467' title='bbox 2926 3339 3044 3396; x_wconf 90' lang='lat' dir='ltr'>sive</span> <span class='ocrx_word' id='word_1_468' title='bbox 3076 3355 3179 3410; x_wconf 91' lang='lat' dir='ltr'>pro</span> <span class='ocrx_word' id='word_1_469' title='bbox 3227 3337 3402 3392; x_wconf 90' lang='lat' dir='ltr'>rebus</span> <span class='ocrx_word' id='word_1_470' title='bbox 3450 3333 3638 3405; x_wconf 89' lang='lat' dir='ltr'>ipsius</span> 
     </span>
    </p>
   </div>
   <div class='ocr_carea' id='block_1_79' title="bbox 2000 3424 3644 3505">
    <p class='ocr_par' dir='ltr' id='par_1_79' title="bbox 2000 3424 3644 3505">
     <span class='ocr_line' id='line_1_79' title="bbox 2000 3424 3644 3505; baseline -0.01 -13"><span class='ocrx_word' id='word_1_471' title='bbox 2000 3436 2288 3500; x_wconf 73' lang='lat' dir='ltr'>Ecclesiae,</span> <span class='ocrx_word' id='word_1_472' title='bbox 2323 3451 2450 3505; x_wconf 67' lang='lat' dir='ltr'>quae</span> <span class='ocrx_word' id='word_1_473' title='bbox 2481 3432 2588 3488; x_wconf 90' lang='lat' dir='ltr'>tibi</span> <span class='ocrx_word' id='word_1_474' title='bbox 2612 3435 2748 3487; x_wconf 86' lang='lat' dir='ltr'>nota</span> <span class='ocrx_word' id='word_1_475' title='bbox 2767 3434 2889 3485; x_wconf 88' lang='lat' dir='ltr'>erat</span> <span class='ocrx_word' id='word_1_476' title='bbox 2910 3445 3025 3501; x_wconf 77' lang='lat' dir='ltr'>prae</span> <span class='ocrx_word' id='word_1_477' title='bbox 3048 3426 3197 3492; x_wconf 89' lang='lat' dir='ltr'>aliis,</span> <span class='ocrx_word' id='word_1_478' title='bbox 3223 3424 3345 3481; x_wconf 90' lang='lat' dir='ltr'>sive</span> <span class='ocrx_word' id='word_1_479' title='bbox 3372 3440 3474 3495; x_wconf 92' lang='lat' dir='ltr'>pro</span> <span class='ocrx_word' id='word_1_480' title='bbox 3513 3437 3644 3477; x_wconf 91' lang='lat' dir='ltr'>con-</span> 
     </span>
    </p>
   </div>
   <div class='ocr_carea' id='block_1_80' title="bbox 2003 3512 3645 3591">
    <p class='ocr_par' dir='ltr' id='par_1_80' title="bbox 2003 3512 3645 3591">
     <span class='ocr_line' id='line_1_80' title="bbox 2003 3512 3645 3591; baseline -0.01 -11"><span class='ocrx_word' id='word_1_481' title='bbox 2003 3525 2152 3581; x_wconf 87' lang='lat' dir='ltr'>siliis</span> <span class='ocrx_word' id='word_1_482' title='bbox 2182 3523 2414 3587; x_wconf 89' lang='lat' dir='ltr'>dandis,</span> <span class='ocrx_word' id='word_1_483' title='bbox 2450 3522 2568 3576; x_wconf 90' lang='lat' dir='ltr'>sive</span> <span class='ocrx_word' id='word_1_484' title='bbox 2599 3521 2775 3576; x_wconf 88' lang='lat' dir='ltr'>etiam</span> <span class='ocrx_word' id='word_1_485' title='bbox 2819 3534 2923 3591; x_wconf 92' lang='lat' dir='ltr'>pro</span> <span class='ocrx_word' id='word_1_486' title='bbox 2968 3515 3320 3572; x_wconf 89' lang='lat' dir='ltr'>mediatione</span> <span class='ocrx_word' id='word_1_487' title='bbox 3367 3512 3645 3568; x_wconf 71' lang='lat' dir='ltr'>Romanae</span> 
     </span>
    </p>
   </div>
   <div class='ocr_carea' id='block_1_81' title="bbox 2005 3598 3650 3681">
    <p class='ocr_par' dir='ltr' id='par_1_81' title="bbox 2005 3598 3650 3681">
     <span class='ocr_line' id='line_1_81' title="bbox 2005 3598 3650 3681; baseline -0.011 -12"><span class='ocrx_word' id='word_1_488' title='bbox 2005 3611 2271 3669; x_wconf 71' lang='lat' dir='ltr'>Ecclesiae</span> <span class='ocrx_word' id='word_1_489' title='bbox 2293 3616 2349 3667; x_wconf 87' lang='lat' dir='ltr'>et</span> <span class='ocrx_word' id='word_1_490' title='bbox 2364 3610 2807 3681; x_wconf 87' lang='lat' dir='ltr'>imperatorum,</span> <span class='ocrx_word' id='word_1_491' title='bbox 2822 3621 3070 3678; x_wconf 90' lang='lat' dir='ltr'>quorum</span> <span class='ocrx_word' id='word_1_492' title='bbox 3094 3607 3154 3659; x_wconf 91' lang='lat' dir='ltr'>tu</span> <span class='ocrx_word' id='word_1_493' title='bbox 3189 3617 3341 3673; x_wconf 66' lang='lat' dir='ltr'>saepe</span> <span class='ocrx_word' id='word_1_494' title='bbox 3362 3598 3650 3656; x_wconf 89' lang='lat' dir='ltr'>mediator</span> 
     </span>
    </p>
   </div>
   <div class='ocr_carea' id='block_1_82' title="bbox 2006 3683 3648 3770">
    <p class='ocr_par' dir='ltr' id='par_1_82' title="bbox 2006 3683 3648 3770">
     <span class='ocr_line' id='line_1_82' title="bbox 2006 3683 3648 3770; baseline -0.012 -13"><span class='ocrx_word' id='word_1_495' title='bbox 2006 3700 2187 3758; x_wconf 82' lang='lat' dir='ltr'>fuisti.</span> <span class='ocrx_word' id='word_1_496' title='bbox 2211 3700 2330 3756; x_wconf 89' lang='lat' dir='ltr'>Hac</span> <span class='ocrx_word' id='word_1_497' title='bbox 2361 3699 2539 3770; x_wconf 87' lang='lat' dir='ltr'>igitur</span> <span class='ocrx_word' id='word_1_498' title='bbox 2566 3714 2625 3752; x_wconf 88' lang='lat' dir='ltr'>re</span> <span class='ocrx_word' id='word_1_499' title='bbox 2656 3694 2919 3751; x_wconf 90' lang='lat' dir='ltr'>inclinati</span> <span class='ocrx_word' id='word_1_500' title='bbox 2966 3690 3332 3747; x_wconf 89' lang='lat' dir='ltr'>decrevimus</span> <span class='ocrx_word' id='word_1_501' title='bbox 3380 3683 3648 3757; x_wconf 89' lang='lat' dir='ltr'>petitioni</span> 
     </span>
    </p>
   </div>
   <div class='ocr_carea' id='block_1_83' title="bbox 2006 3771 3650 3851">
    <p class='ocr_par' dir='ltr' id='par_1_83' title="bbox 2006 3771 3650 3851">
     <span class='ocr_line' id='line_1_83' title="bbox 2006 3771 3650 3851; baseline -0.013 -6"><span class='ocrx_word' id='word_1_502' title='bbox 2006 3796 2116 3845; x_wconf 85' lang='lat' dir='ltr'>tuae</span> <span class='ocrx_word' id='word_1_503' title='bbox 2132 3788 2485 3851; x_wconf 84' lang='lat' dir='ltr'>satisfacere,</span> <span class='ocrx_word' id='word_1_504' title='bbox 2512 3784 2733 3840; x_wconf 88' lang='lat' dir='ltr'>scilicet</span> <span class='ocrx_word' id='word_1_505' title='bbox 2759 3788 2823 3836; x_wconf 92' lang='lat' dir='ltr'>ut</span> <span class='ocrx_word' id='word_1_506' title='bbox 2848 3780 2948 3835; x_wconf 87' lang='lat' dir='ltr'>tibi</span> <span class='ocrx_word' id='word_1_507' title='bbox 2964 3778 3197 3848; x_wconf 89' lang='lat' dir='ltr'>tuisque</span> <span class='ocrx_word' id='word_1_508' title='bbox 3210 3771 3650 3829; x_wconf 89' lang='lat' dir='ltr'>successoribus</span> 
     </span>
    </p>
   </div>
   <div class='ocr_carea' id='block_1_84' title="bbox 2007 3858 3654 3949">
    <p class='ocr_par' dir='ltr' id='par_1_84' title="bbox 2007 3858 3654 3949">
     <span class='ocr_line' id='line_1_84' title="bbox 2007 3858 3654 3949; baseline -0.014 -16"><span class='ocrx_word' id='word_1_509' title='bbox 2007 3880 2202 3949; x_wconf 90' lang='lat' dir='ltr'>ipsum</span> <span class='ocrx_word' id='word_1_510' title='bbox 2233 3880 2614 3930; x_wconf 89' lang='lat' dir='ltr'>Portuensem</span> <span class='ocrx_word' id='word_1_511' title='bbox 2655 3870 2993 3941; x_wconf 88' lang='lat' dir='ltr'>episcopum</span> <span class='ocrx_word' id='word_1_512' title='bbox 3038 3863 3475 3927; x_wconf 82' lang='lat' dir='ltr'>confirmemus,</span> <span class='ocrx_word' id='word_1_513' title='bbox 3512 3858 3654 3929; x_wconf 89' lang='lat' dir='ltr'>quia</span> 
     </span>
    </p>
   </div>
   <div class='ocr_carea' id='block_1_85' title="bbox 2009 3947 3650 4036">
    <p class='ocr_par' dir='ltr' id='par_1_85' title="bbox 2009 3947 3650 4036">
     <span class='ocr_line' id='line_1_85' title="bbox 2009 3947 3650 4036; baseline -0.013 -15"><span class='ocrx_word' id='word_1_514' title='bbox 2009 3947 2209 4036; x_wconf 80' lang='lat' dir='ltr'>utique</span> <span class='ocrx_word' id='word_1_515' title='bbox 2231 3963 2478 4018; x_wconf 88' lang='lat' dir='ltr'>libenter</span> <span class='ocrx_word' id='word_1_516' title='bbox 2494 3960 2759 4014; x_wconf 87' lang='lat' dir='ltr'>facimus.</span> <span class='ocrx_word' id='word_1_517' title='bbox 2775 3958 2845 4012; x_wconf 90' lang='lat' dir='ltr'>Et</span> <span class='ocrx_word' id='word_1_518' title='bbox 2859 3956 3115 4027; x_wconf 89' lang='lat' dir='ltr'>primum</span> <span class='ocrx_word' id='word_1_519' title='bbox 3138 3952 3332 4023; x_wconf 90' lang='lat' dir='ltr'>ipsum</span> <span class='ocrx_word' id='word_1_520' title='bbox 3349 3947 3650 4020; x_wconf 87' lang='lat' dir='ltr'>episcopa-</span> 
     </span>
    </p>
   </div>
   <div class='ocr_carea' id='block_1_86' title="bbox 2008 4035 3655 4116">
    <p class='ocr_par' dir='ltr' id='par_1_86' title="bbox 2008 4035 3655 4116">
     <span class='ocr_line' id='line_1_86' title="bbox 2008 4035 3655 4116; baseline -0.011 -9"><span class='ocrx_word' id='word_1_521' title='bbox 2008 4035 2132 4109; x_wconf 83' lang='lat' dir='ltr'>tum</span> <span class='ocrx_word' id='word_1_522' title='bbox 2158 4048 2495 4106; x_wconf 86' lang='lat' dir='ltr'>Portuensis</span> <span class='ocrx_word' id='word_1_523' title='bbox 2527 4045 2812 4109; x_wconf 84' lang='lat' dir='ltr'>Ecclesiae,</span> <span class='ocrx_word' id='word_1_524' title='bbox 2847 4061 2973 4116; x_wconf 71' lang='lat' dir='ltr'>quae</span> <span class='ocrx_word' id='word_1_525' title='bbox 3005 4041 3195 4115; x_wconf 89' lang='lat' dir='ltr'>posita</span> <span class='ocrx_word' id='word_1_526' title='bbox 3248 4053 3375 4094; x_wconf 87' lang='lat' dir='ltr'>esse</span> <span class='ocrx_word' id='word_1_527' title='bbox 3422 4035 3655 4092; x_wconf 89' lang='lat' dir='ltr'>videtur</span> 
     </span>
    </p>
   </div>
   <div class='ocr_carea' id='block_1_87' title="bbox 2011 4123 3659 4211">
    <p class='ocr_par' dir='ltr' id='par_1_87' title="bbox 2011 4123 3659 4211">
     <span class='ocr_line' id='line_1_87' title="bbox 2011 4123 3659 4211; baseline -0.011 -16"><span class='ocrx_word' id='word_1_528' title='bbox 2011 4139 2152 4196; x_wconf 81' lang='lat' dir='ltr'>foris</span> <span class='ocrx_word' id='word_1_529' title='bbox 2185 4138 2517 4211; x_wconf 67' lang='lat' dir='ltr'>praedictam</span> <span class='ocrx_word' id='word_1_530' title='bbox 2541 4139 2922 4189; x_wconf 87' lang='lat' dir='ltr'>Portuensem</span> <span class='ocrx_word' id='word_1_531' title='bbox 2955 4130 3265 4193; x_wconf 89' lang='lat' dir='ltr'>civitatem,</span> <span class='ocrx_word' id='word_1_532' title='bbox 3289 4124 3383 4181; x_wconf 89' lang='lat' dir='ltr'>cui</span> <span class='ocrx_word' id='word_1_533' title='bbox 3411 4123 3659 4180; x_wconf 88' lang='lat' dir='ltr'>vocabu-</span> 
     </span>
    </p>
   </div>
   <div class='ocr_carea' id='block_1_88' title="bbox 2014 4213 3657 4296">
    <p class='ocr_par' dir='ltr' id='par_1_88' title="bbox 2014 4213 3657 4296">
     <span class='ocr_line' id='line_1_88' title="bbox 2014 4213 3657 4296; baseline -0.011 -12"><span class='ocrx_word' id='word_1_534' title='bbox 2014 4231 2134 4285; x_wconf 90' lang='lat' dir='ltr'>lum</span> <span class='ocrx_word' id='word_1_535' title='bbox 2166 4232 2253 4282; x_wconf 87' lang='lat' dir='ltr'>est</span> <span class='ocrx_word' id='word_1_536' title='bbox 2284 4227 2343 4281; x_wconf 90' lang='lat' dir='ltr'>S.</span> <span class='ocrx_word' id='word_1_537' title='bbox 2386 4224 2701 4296; x_wconf 77' lang='lat' dir='ltr'>Hippolyti,</span> <span class='ocrx_word' id='word_1_538' title='bbox 2742 4239 2875 4277; x_wconf 87' lang='lat' dir='ltr'>cum</span> <span class='ocrx_word' id='word_1_539' title='bbox 2922 4219 3130 4284; x_wconf 91' lang='lat' dir='ltr'>vineis,</span> <span class='ocrx_word' id='word_1_540' title='bbox 3180 4222 3238 4272; x_wconf 88' lang='lat' dir='ltr'>et</span> <span class='ocrx_word' id='word_1_541' title='bbox 3294 4213 3501 4282; x_wconf 86' lang='lat' dir='ltr'>hortis,</span> <span class='ocrx_word' id='word_1_542' title='bbox 3552 4228 3657 4267; x_wconf 86' lang='lat' dir='ltr'>seu</span> 
     </span>
    </p>
   </div>
   <div class='ocr_carea' id='block_1_89' title="bbox 226 4233 1904 4307">
    <p class='ocr_par' dir='ltr' id='par_1_89' title="bbox 226 4233 1904 4307">
     <span class='ocr_line' id='line_1_89' title="bbox 226 4233 1904 4307; baseline -0.004 -13"><span class='ocrx_word' id='word_1_543' title='bbox 226 4238 518 4294; x_wconf 86' lang='lat' dir='ltr'>omnibus</span> <span class='ocrx_word' id='word_1_544' title='bbox 535 4235 708 4291; x_wconf 82' lang='lat' dir='ltr'>bonis</span> <span class='ocrx_word' id='word_1_545' title='bbox 722 4236 849 4307; x_wconf 85' lang='lat' dir='ltr'>ejus</span> <span class='ocrx_word' id='word_1_546' title='bbox 864 4236 1182 4290; x_wconf 88' lang='lat' dir='ltr'>mobilibus</span> <span class='ocrx_word' id='word_1_547' title='bbox 1195 4239 1251 4288; x_wconf 87' lang='lat' dir='ltr'>et</span> <span class='ocrx_word' id='word_1_548' title='bbox 1291 4233 1721 4298; x_wconf 85' lang='lat' dir='ltr'>immobilibus,</span> <span class='ocrx_word' id='word_1_549' title='bbox 1754 4250 1904 4288; x_wconf 81' lang='lat' dir='ltr'>sese-</span> 
     </span>
    </p>
   </div>
   <div class='ocr_carea' id='block_1_90' title="bbox 2013 4301 3657 4377">
    <p class='ocr_par' dir='ltr' id='par_1_90' title="bbox 2013 4301 3657 4377">
     <span class='ocr_line' id='line_1_90' title="bbox 2013 4301 3657 4377; baseline -0.012 -4"><span class='ocrx_word' id='word_1_550' title='bbox 2013 4314 2300 4373; x_wconf 86' lang='lat' dir='ltr'>clausuris</span> <span class='ocrx_word' id='word_1_551' title='bbox 2330 4313 2595 4377; x_wconf 83' lang='lat' dir='ltr'>vincatis,</span> <span class='ocrx_word' id='word_1_552' title='bbox 2630 4316 2683 4366; x_wconf 88' lang='lat' dir='ltr'>et</span> <span class='ocrx_word' id='word_1_553' title='bbox 2714 4309 2938 4366; x_wconf 87' lang='lat' dir='ltr'>olivetis</span> <span class='ocrx_word' id='word_1_554' title='bbox 2978 4309 3036 4364; x_wconf 92' lang='lat' dir='ltr'>in</span> <span class='ocrx_word' id='word_1_555' title='bbox 3095 4305 3338 4362; x_wconf 88' lang='lat' dir='ltr'>circuitu</span> <span class='ocrx_word' id='word_1_556' title='bbox 3391 4301 3657 4371; x_wconf 87' lang='lat' dir='ltr'>ejusdem</span> 
     </span>
    </p>
   </div>
   <div class='ocr_carea' id='block_1_91' title="bbox 228 4320 1906 4398">
    <p class='ocr_par' dir='ltr' id='par_1_91' title="bbox 228 4320 1906 4398">
     <span class='ocr_line' id='line_1_91' title="bbox 228 4320 1906 4398; baseline -0.004 -17"><span class='ocrx_word' id='word_1_557' title='bbox 228 4343 340 4398; x_wconf 88' lang='lat' dir='ltr'>que</span> <span class='ocrx_word' id='word_1_558' title='bbox 358 4326 980 4396; x_wconf 67' lang='lat' dir='ltr'>moventibus,quaacu</span> <span class='ocrx_word' id='word_1_559' title='bbox 991 4339 1143 4395; x_wconf 87' lang='lat' dir='ltr'>nque</span> <span class='ocrx_word' id='word_1_560' title='bbox 1156 4323 1224 4378; x_wconf 89' lang='lat' dir='ltr'>ad</span> <span class='ocrx_word' id='word_1_561' title='bbox 1244 4340 1310 4378; x_wconf 90' lang='lat' dir='ltr'>eu</span> <span class='ocrx_word' id='word_1_562' title='bbox 1324 4325 1545 4391; x_wconf 77' lang='lat' dir='ltr'>injuste</span> <span class='ocrx_word' id='word_1_563' title='bbox 1567 4326 1623 4375; x_wconf 88' lang='lat' dir='ltr'>et</span> <span class='ocrx_word' id='word_1_564' title='bbox 1644 4320 1906 4392; x_wconf 88' lang='lat' dir='ltr'>legaliter</span> 
     </span>
    </p>
   </div>
   <div class='ocr_carea' id='block_1_92' title="bbox 229 4390 3658 4487">
    <p class='ocr_par' dir='ltr' id='par_1_92' title="bbox 229 4390 3658 4487">
     <span class='ocr_line' id='line_1_92' title="bbox 229 4390 3658 4487; baseline -0.009 -15"><span class='ocrx_word' id='word_1_565' title='bbox 229 4413 690 4487; x_wconf 86' lang='lat' dir='ltr'>pertinent.Nec</span> <span class='ocrx_word' id='word_1_566' title='bbox 705 4414 1008 4469; x_wconf 88' lang='lat' dir='ltr'>nonetiam</span> <span class='ocrx_word' id='word_1_567' title='bbox 1024 4428 1330 4468; x_wconf 90' lang='lat' dir='ltr'>censemus</span> <span class='ocrx_word' id='word_1_568' title='bbox 1346 4409 1902 4480; x_wconf 88' lang='lat' dir='ltr'>utsccurumipsum</span> <span class='ocrx_word' id='word_1_569' title='bbox 2015 4402 2512 4473; x_wconf 64' lang='lat' dir='ltr'>ccclesiai,pariter</span> <span class='ocrx_word' id='word_1_570' title='bbox 2528 4405 2582 4455; x_wconf 84' lang='lat' dir='ltr'>et</span> <span class='ocrx_word' id='word_1_571' title='bbox 2605 4400 2935 4454; x_wconf 87' lang='lat' dir='ltr'>clausuram</span> <span class='ocrx_word' id='word_1_572' title='bbox 2959 4397 3030 4451; x_wconf 90' lang='lat' dir='ltr'>de</span> <span class='ocrx_word' id='word_1_573' title='bbox 3049 4396 3217 4449; x_wconf 89' lang='lat' dir='ltr'>vinea</span> <span class='ocrx_word' id='word_1_574' title='bbox 3252 4391 3474 4487; x_wconf 45' lang='lat' dir='ltr'>una‘in</span> <span class='ocrx_word' id='word_1_575' title='bbox 3506 4390 3658 4443; x_wconf 89' lang='lat' dir='ltr'>inte-</span> 
     </span>
    </p>
   </div>
   <div class='ocr_carea' id='block_1_93' title="bbox 232 4476 3659 4567">
    <p class='ocr_par' dir='ltr' id='par_1_93' title="bbox 232 4476 3659 4567">
     <span class='ocr_line' id='line_1_93' title="bbox 232 4476 3659 4567; baseline -0.009 -7"><span class='ocrx_word' id='word_1_576' title='bbox 232 4490 680 4560; x_wconf 82' lang='lat' dir='ltr'>monasterium</span> <span class='ocrx_word' id='word_1_577' title='bbox 704 4502 776 4556; x_wconf 88' lang='lat' dir='ltr'>ab</span> <span class='ocrx_word' id='word_1_578' title='bbox 807 4502 967 4556; x_wconf 90' lang='lat' dir='ltr'>omni</span> <span class='ocrx_word' id='word_1_579' title='bbox 993 4500 1228 4556; x_wconf 73' lang='lat' dir='ltr'>laesione</span> <span class='ocrx_word' id='word_1_580' title='bbox 1259 4500 1353 4567; x_wconf 86' lang='lat' dir='ltr'>sit,</span> <span class='ocrx_word' id='word_1_581' title='bbox 1386 4502 1441 4553; x_wconf 89' lang='lat' dir='ltr'>et</span> <span class='ocrx_word' id='word_1_582' title='bbox 1471 4497 1596 4553; x_wconf 83' lang='lat' dir='ltr'>sine</span> <span class='ocrx_word' id='word_1_583' title='bbox 1637 4496 1906 4553; x_wconf 83' lang='lat' dir='ltr'>molestia</span> <span class='ocrx_word' id='word_1_584' title='bbox 2017 4510 2188 4566; x_wconf 89' lang='lat' dir='ltr'>grum</span> <span class='ocrx_word' id='word_1_585' title='bbox 2225 4490 2396 4547; x_wconf 89' lang='lat' dir='ltr'>sitam</span> <span class='ocrx_word' id='word_1_586' title='bbox 2429 4489 2488 4542; x_wconf 90' lang='lat' dir='ltr'>in</span> <span class='ocrx_word' id='word_1_587' title='bbox 2522 4487 2856 4552; x_wconf 82' lang='lat' dir='ltr'>Cardctum,</span> <span class='ocrx_word' id='word_1_588' title='bbox 2890 4489 2947 4539; x_wconf 88' lang='lat' dir='ltr'>et</span> <span class='ocrx_word' id='word_1_589' title='bbox 2972 4484 3030 4537; x_wconf 91' lang='lat' dir='ltr'>in</span> <span class='ocrx_word' id='word_1_590' title='bbox 3077 4480 3304 4545; x_wconf 86' lang='lat' dir='ltr'>Finilia,</span> <span class='ocrx_word' id='word_1_591' title='bbox 3335 4476 3659 4567; x_wconf 77' lang='lat' dir='ltr'>clausuras</span> 
     </span>
    </p>
   </div>
   <div class='ocr_carea' id='block_1_94' title="bbox 231 4562 3663 4665">
    <p class='ocr_par' dir='ltr' id='par_1_94' title="bbox 231 4562 3663 4665">
     <span class='ocr_line' id='line_1_94' title="bbox 231 4562 3663 4665; baseline -0.01 -18"><span class='ocrx_word' id='word_1_592' title='bbox 231 4593 309 4648; x_wconf 89' lang='lat' dir='ltr'>sit</span> <span class='ocrx_word' id='word_1_593' title='bbox 329 4590 610 4665; x_wconf 86' lang='lat' dir='ltr'>episcopi</span> <span class='ocrx_word' id='word_1_594' title='bbox 639 4607 653 4658; x_wconf 89' lang='lat'><strong>;</strong></span> <span class='ocrx_word' id='word_1_595' title='bbox 690 4595 747 4645; x_wconf 88' lang='lat' dir='ltr'>et</span> <span class='ocrx_word' id='word_1_596' title='bbox 779 4596 842 4646; x_wconf 90' lang='lat' dir='ltr'>ut</span> <span class='ocrx_word' id='word_1_597' title='bbox 872 4589 1270 4645; x_wconf 86' lang='lat' dir='ltr'>ordinationes</span> <span class='ocrx_word' id='word_1_598' title='bbox 1304 4587 1771 4660; x_wconf 84' lang='lat' dir='ltr'>presbyterorum</span> <span class='ocrx_word' id='word_1_599' title='bbox 1817 4584 1897 4637; x_wconf 65' lang='lat' dir='ltr'>vel</span> <span class='ocrx_word' id='word_1_600' title='bbox 1938 4594 1982 4656; x_wconf 77' lang='grc' dir='ltr'>Ι)</span> <span class='ocrx_word' id='word_1_601' title='bbox 2014 4580 2161 4637; x_wconf 81' lang='lat' dir='ltr'>duas</span> <span class='ocrx_word' id='word_1_602' title='bbox 2181 4596 2313 4635; x_wconf 89' lang='lat' dir='ltr'>cum</span> <span class='ocrx_word' id='word_1_603' title='bbox 2339 4577 2544 4642; x_wconf 91' lang='lat' dir='ltr'>vineis,</span> <span class='ocrx_word' id='word_1_604' title='bbox 2576 4581 2631 4631; x_wconf 87' lang='lat' dir='ltr'>et</span> <span class='ocrx_word' id='word_1_605' title='bbox 2655 4574 2847 4640; x_wconf 87' lang='lat' dir='ltr'>terris,</span> <span class='ocrx_word' id='word_1_606' title='bbox 2873 4574 2929 4625; x_wconf 91' lang='lat' dir='ltr'>in</span> <span class='ocrx_word' id='word_1_607' title='bbox 2949 4565 3456 4665; x_wconf 57' lang='lat' dir='ltr'>Basi.0mniah_ipc</span> <span class='ocrx_word' id='word_1_608' title='bbox 3472 4562 3663 4665; x_wconf 82' lang='lat' dir='ltr'>posita</span> 
     </span>
    </p>
   </div>
   <div class='ocr_carea' id='block_1_95' title="bbox 233 4651 3662 4751">
    <p class='ocr_par' dir='ltr' id='par_1_95' title="bbox 233 4651 3662 4751">
     <span class='ocr_line' id='line_1_95' title="bbox 233 4651 3662 4751; baseline -0.01 -13"><span class='ocrx_word' id='word_1_609' title='bbox 233 4651 594 4737; x_wconf 60' lang='lat' dir='ltr'>ceterorum</span> <span class='ocrx_word' id='word_1_610' title='bbox 617 4678 913 4751; x_wconf 87' lang='lat' dir='ltr'>graduum</span> <span class='ocrx_word' id='word_1_611' title='bbox 936 4680 993 4733; x_wconf 93' lang='lat' dir='ltr'>in</span> <span class='ocrx_word' id='word_1_612' title='bbox 1009 4674 1910 4746; x_wconf 78' lang='lat' dir='ltr'>eodemmonasterioaquolibet</span> <span class='ocrx_word' id='word_1_613' title='bbox 2018 4671 2075 4726; x_wconf 91' lang='lat' dir='ltr'>in</span> <span class='ocrx_word' id='word_1_614' title='bbox 2111 4667 2305 4724; x_wconf 88' lang='lat' dir='ltr'>insula</span> <span class='ocrx_word' id='word_1_615' title='bbox 2338 4666 2579 4733; x_wconf 89' lang='lat' dir='ltr'>majore,</span> <span class='ocrx_word' id='word_1_616' title='bbox 2631 4663 2748 4717; x_wconf 88' lang='lat' dir='ltr'>imo</span> <span class='ocrx_word' id='word_1_617' title='bbox 2804 4666 2860 4716; x_wconf 87' lang='lat' dir='ltr'>et</span> <span class='ocrx_word' id='word_1_618' title='bbox 2909 4657 3214 4714; x_wconf 90' lang='lat' dir='ltr'>ecclesiam</span> <span class='ocrx_word' id='word_1_619' title='bbox 3355 4651 3662 4751; x_wconf 28' lang='lat' dir='ltr'>Mariam-“et</span> 
     </span>
    </p>
   </div>
   <div class='ocr_carea' id='block_1_96' title="bbox 234 4737 3664 4839">
    <p class='ocr_par' dir='ltr' id='par_1_96' title="bbox 234 4737 3664 4839">
     <span class='ocr_line' id='line_1_96' title="bbox 234 4737 3664 4839; baseline -0.009 -13"><span class='ocrx_word' id='word_1_620' title='bbox 234 4769 540 4826; x_wconf 85' lang='lat' dir='ltr'>catholico</span> <span class='ocrx_word' id='word_1_621' title='bbox 564 4737 839 4839; x_wconf 73' lang='lat' dir='ltr'>episcopo</span> <span class='ocrx_word' id='word_1_622' title='bbox 861 4737 1769 4835; x_wconf 68' lang='lat' dir='ltr'>tribuantur;etuteleemosyna:</span> <span class='ocrx_word' id='word_1_623' title='bbox 1795 4767 1910 4817; x_wconf 85' lang='lat' dir='ltr'>tam</span> <span class='ocrx_word' id='word_1_624' title='bbox 2024 4758 2197 4815; x_wconf 77' lang='lat' dir='ltr'>aliain</span> <span class='ocrx_word' id='word_1_625' title='bbox 2233 4753 2537 4812; x_wconf 85' lang='lat' dir='ltr'>ecclesiam</span> <span class='ocrx_word' id='word_1_626' title='bbox 2569 4757 2622 4807; x_wconf 82' lang='lat' dir='ltr'>S.</span> <span class='ocrx_word' id='word_1_627' title='bbox 2665 4748 2985 4815; x_wconf 86' lang='lat' dir='ltr'>Laurentii,</span> <span class='ocrx_word' id='word_1_628' title='bbox 3017 4761 3153 4839; x_wconf 77' lang='lat' dir='ltr'>cum</span> <span class='ocrx_word' id='word_1_629' title='bbox 3183 4741 3367 4808; x_wconf 89' lang='lat' dir='ltr'>cellis,</span> <span class='ocrx_word' id='word_1_630' title='bbox 3386 4737 3664 4839; x_wconf 74' lang='lat' dir='ltr'>ethortis,</span> 
     </span>
    </p>
   </div>
   <div class='ocr_carea' id='block_1_97' title="bbox 231 4827 3669 4928">
    <p class='ocr_par' dir='ltr' id='par_1_97' title="bbox 231 4827 3669 4928">
     <span class='ocr_line' id='line_1_97' title="bbox 231 4827 3669 4928; baseline -0.008 -17"><span class='ocrx_word' id='word_1_631' title='bbox 231 4859 517 4913; x_wconf 79' lang='lat' dir='ltr'>vivorum</span> <span class='ocrx_word' id='word_1_632' title='bbox 546 4873 725 4928; x_wconf 89' lang='lat' dir='ltr'>quam</span> <span class='ocrx_word' id='word_1_633' title='bbox 745 4861 801 4911; x_wconf 88' lang='lat' dir='ltr'>et</span> <span class='ocrx_word' id='word_1_634' title='bbox 822 4850 1916 4923; x_wconf 84' lang='lat' dir='ltr'>mortuorumsinecalumniacpisc0pi</span> <span class='ocrx_word' id='word_1_635' title='bbox 2025 4852 2202 4919; x_wconf 85' lang='lat' dir='ltr'>atque</span> <span class='ocrx_word' id='word_1_636' title='bbox 2233 4843 2436 4907; x_wconf 88' lang='lat' dir='ltr'>vineis,</span> <span class='ocrx_word' id='word_1_637' title='bbox 2463 4842 2766 4895; x_wconf 80' lang='lat' dir='ltr'>clausurus</span> <span class='ocrx_word' id='word_1_638' title='bbox 2824 4836 3103 4909; x_wconf 85' lang='lat' dir='ltr'>quinque.</span> <span class='ocrx_word' id='word_1_639' title='bbox 3136 4834 3199 4928; x_wconf 81' lang='lat' dir='ltr'>In</span> <span class='ocrx_word' id='word_1_640' title='bbox 3256 4848 3376 4887; x_wconf 90' lang='lat' dir='ltr'>una</span> <span class='ocrx_word' id='word_1_641' title='bbox 3429 4827 3669 4928; x_wconf 75' lang='lat' dir='ltr'>quidem</span> 
     </span>
    </p>
   </div>
   <div class='ocr_carea' id='block_1_98' title="bbox 234 4917 3672 5013">
    <p class='ocr_par' dir='ltr' id='par_1_98' title="bbox 234 4917 3672 5013">
     <span class='ocr_line' id='line_1_98' title="bbox 234 4917 3672 5013; baseline -0.008 -11"><span class='ocrx_word' id='word_1_642' title='bbox 234 4948 440 5003; x_wconf 86' lang='lat' dir='ltr'>eidem</span> <span class='ocrx_word' id='word_1_643' title='bbox 480 4944 842 5000; x_wconf 86' lang='lat' dir='ltr'>monasterio</span> <span class='ocrx_word' id='word_1_644' title='bbox 874 4945 1230 5013; x_wconf 79' lang='lat' dir='ltr'>tribuantur,</span> <span class='ocrx_word' id='word_1_645' title='bbox 1263 4947 1319 4998; x_wconf 89' lang='lat' dir='ltr'>et</span> <span class='ocrx_word' id='word_1_646' title='bbox 1352 4947 1413 4995; x_wconf 88' lang='lat' dir='ltr'>ut</span> <span class='ocrx_word' id='word_1_647' title='bbox 1446 4941 1515 4995; x_wconf 91' lang='lat' dir='ltr'>de</span> <span class='ocrx_word' id='word_1_648' title='bbox 1546 4940 1917 5013; x_wconf 86' lang='lat' dir='ltr'>possessione</span> <span class='ocrx_word' id='word_1_649' title='bbox 2026 4935 2269 4992; x_wconf 85' lang='lat' dir='ltr'>ecclesia</span> <span class='ocrx_word' id='word_1_650' title='bbox 2298 4936 2385 4987; x_wconf 85' lang='lat' dir='ltr'>est</span> <span class='ocrx_word' id='word_1_651' title='bbox 2408 4931 2465 4985; x_wconf 87' lang='lat' dir='ltr'>S.</span> <span class='ocrx_word' id='word_1_652' title='bbox 2495 4926 2775 4999; x_wconf 86' lang='lat' dir='ltr'>Gregorii,</span> <span class='ocrx_word' id='word_1_653' title='bbox 2808 4932 2865 4981; x_wconf 88' lang='lat' dir='ltr'>ct</span> <span class='ocrx_word' id='word_1_654' title='bbox 2892 4921 3202 5013; x_wconf 87' lang='lat' dir='ltr'>Theodori,</span> <span class='ocrx_word' id='word_1_655' title='bbox 3223 4925 3290 5013; x_wconf 83' lang='lat' dir='ltr'>et</span> <span class='ocrx_word' id='word_1_656' title='bbox 3306 4921 3389 5013; x_wconf 30' lang='lat' dir='ltr'>inn-</span> <span class='ocrx_word' id='word_1_657' title='bbox 3424 4917 3538 5013; x_wconf 80' lang='lat' dir='ltr'>alia</span> <span class='ocrx_word' id='word_1_658' title='bbox 3578 4934 3672 4974; x_wconf 85' lang='lat' dir='ltr'>ec-</span> 
     </span>
    </p>
   </div>
   <div class='ocr_carea' id='block_1_99' title="bbox 237 5008 3671 5103">
    <p class='ocr_par' dir='ltr' id='par_1_99' title="bbox 237 5008 3671 5103">
     <span class='ocr_line' id='line_1_99' title="bbox 237 5008 3671 5103; baseline -0.009 -12"><span class='ocrx_word' id='word_1_659' title='bbox 237 5032 601 5091; x_wconf 87' lang='lat' dir='ltr'>monasterii</span> <span class='ocrx_word' id='word_1_660' title='bbox 629 5034 909 5088; x_wconf 89' lang='lat' dir='ltr'>decimaa</span> <span class='ocrx_word' id='word_1_661' title='bbox 940 5033 1103 5088; x_wconf 87' lang='lat' dir='ltr'>vobis</span> <span class='ocrx_word' id='word_1_662' title='bbox 1124 5032 1466 5103; x_wconf 79' lang='lat' dir='ltr'>accipiatur.</span> <span class='ocrx_word' id='word_1_663' title='bbox 1493 5031 1561 5085; x_wconf 85' lang='lat' dir='ltr'>Et</span> <span class='ocrx_word' id='word_1_664' title='bbox 1583 5030 1920 5101; x_wconf 85' lang='lat' dir='ltr'>quicunque</span> <span class='ocrx_word' id='word_1_665' title='bbox 2027 5024 2203 5079; x_wconf 83' lang='lat' dir='ltr'>clesia</span> <span class='ocrx_word' id='word_1_666' title='bbox 2234 5024 2293 5077; x_wconf 88' lang='lat' dir='ltr'>S.</span> <span class='ocrx_word' id='word_1_667' title='bbox 2328 5018 2464 5084; x_wconf 73' lang='lat' dir='ltr'>V’iti,</span> <span class='ocrx_word' id='word_1_668' title='bbox 2498 5016 2668 5071; x_wconf 84' lang='lat' dir='ltr'>sicuti</span> <span class='ocrx_word' id='word_1_669' title='bbox 2699 5034 2733 5070; x_wconf 87' lang='lat' dir='ltr'>a</span> <span class='ocrx_word' id='word_1_670' title='bbox 2759 5032 2925 5070; x_wconf 88' lang='lat' dir='ltr'>muro</span> <span class='ocrx_word' id='word_1_671' title='bbox 2986 5018 3042 5069; x_wconf 87' lang='lat' dir='ltr'>et</span> <span class='ocrx_word' id='word_1_672' title='bbox 3097 5011 3274 5067; x_wconf 87' lang='lat' dir='ltr'>ﬂuvio</span> <span class='ocrx_word' id='word_1_673' title='bbox 3306 5008 3553 5103; x_wconf 77' lang='lat' dir='ltr'>Tiberis,</span> <span class='ocrx_word' id='word_1_674' title='bbox 3587 5012 3671 5101; x_wconf 78' lang='lat' dir='ltr'>at-</span> 
     </span>
    </p>
   </div>
   <div class='ocr_carea' id='block_1_100' title="bbox 237 5095 3673 5194">
    <p class='ocr_par' dir='ltr' id='par_1_100' title="bbox 237 5095 3673 5194">
     <span class='ocr_line' id='line_1_100' title="bbox 237 5095 3673 5194; baseline -0.01 -15"><span class='ocrx_word' id='word_1_675' title='bbox 237 5140 300 5179; x_wconf 84' lang='lat' dir='ltr'>se</span> <span class='ocrx_word' id='word_1_676' title='bbox 332 5125 412 5179; x_wconf 87' lang='lat' dir='ltr'>ad</span> <span class='ocrx_word' id='word_1_677' title='bbox 454 5122 887 5177; x_wconf 85' lang='lat' dir='ltr'>monasterium</span> <span class='ocrx_word' id='word_1_678' title='bbox 913 5121 1141 5194; x_wconf 87' lang='lat' dir='ltr'>sepeliri</span> <span class='ocrx_word' id='word_1_679' title='bbox 1179 5120 1425 5193; x_wconf 83' lang='lat' dir='ltr'>petierit,</span> <span class='ocrx_word' id='word_1_680' title='bbox 1451 5137 1484 5174; x_wconf 88' lang='lat' dir='ltr'>a</span> <span class='ocrx_word' id='word_1_681' title='bbox 1517 5119 1817 5174; x_wconf 89' lang='lat' dir='ltr'>monachis</span> <span class='ocrx_word' id='word_1_682' title='bbox 1840 5136 1922 5173; x_wconf 89' lang='lat' dir='ltr'>se-</span> <span class='ocrx_word' id='word_1_683' title='bbox 2032 5131 2141 5184; x_wconf 81' lang='lat' dir='ltr'>que</span> <span class='ocrx_word' id='word_1_684' title='bbox 2176 5108 2463 5165; x_wconf 84' lang='lat' dir='ltr'>limitibus</span> <span class='ocrx_word' id='word_1_685' title='bbox 2494 5104 2909 5168; x_wconf 79' lang='lat' dir='ltr'>circumdatur,</span> <span class='ocrx_word' id='word_1_686' title='bbox 2934 5103 3108 5158; x_wconf 86' lang='lat' dir='ltr'>tertia</span> <span class='ocrx_word' id='word_1_687' title='bbox 3136 5104 3225 5155; x_wconf 88' lang='lat' dir='ltr'>est</span> <span class='ocrx_word' id='word_1_688' title='bbox 3244 5100 3305 5194; x_wconf 65' lang='lat' dir='ltr'>in</span> <span class='ocrx_word' id='word_1_689' title='bbox 3330 5098 3462 5194; x_wconf 39' lang='lat' dir='ltr'>ripa.</span> <span class='ocrx_word' id='word_1_690' title='bbox 3484 5095 3673 5147; x_wconf 85' lang='lat' dir='ltr'>ﬂumi-</span> 
     </span>
    </p>
   </div>
   <div class='ocr_carea' id='block_1_101' title="bbox 235 5183 3673 5284">
    <p class='ocr_par' dir='ltr' id='par_1_101' title="bbox 235 5183 3673 5284">
     <span class='ocr_line' id='line_1_101' title="bbox 235 5183 3673 5284; baseline -0.006 -17"><span class='ocrx_word' id='word_1_691' title='bbox 235 5212 535 5284; x_wconf 86' lang='lat' dir='ltr'>peliatur.</span> <span class='ocrx_word' id='word_1_692' title='bbox 567 5212 635 5266; x_wconf 86' lang='lat' dir='ltr'>Et</span> <span class='ocrx_word' id='word_1_693' title='bbox 673 5217 735 5265; x_wconf 87' lang='lat' dir='ltr'>ul.</span> <span class='ocrx_word' id='word_1_694' title='bbox 766 5183 1076 5282; x_wconf 33' lang='lat' dir='ltr'>praeteriab</span> <span class='ocrx_word' id='word_1_695' title='bbox 1108 5183 1460 5281; x_wconf 75' lang='lat' dir='ltr'>Apostolico,</span> <span class='ocrx_word' id='word_1_696' title='bbox 1496 5226 1567 5262; x_wconf 86' lang='lat' dir='ltr'>ne</span> <span class='ocrx_word' id='word_1_697' title='bbox 1600 5208 1918 5278; x_wconf 84' lang='lat' dir='ltr'>judicetur,</span> <span class='ocrx_word' id='word_1_698' title='bbox 2032 5183 2143 5266; x_wconf 88' lang='lat' dir='ltr'>nis,</span> <span class='ocrx_word' id='word_1_699' title='bbox 2177 5204 2385 5269; x_wconf 78' lang='lat' dir='ltr'>quarta</span> <span class='ocrx_word' id='word_1_700' title='bbox 2408 5198 2576 5266; x_wconf 78' lang='lat' dir='ltr'>juxta</span> <span class='ocrx_word' id='word_1_701' title='bbox 2606 5198 2661 5249; x_wconf 86' lang='lat' dir='ltr'>S.</span> <span class='ocrx_word' id='word_1_702' title='bbox 2698 5193 2940 5248; x_wconf 84' lang='lat' dir='ltr'>Mariam</span> <span class='ocrx_word' id='word_1_703' title='bbox 2975 5205 3161 5284; x_wconf 75' lang='lat' dir='ltr'>usque</span> <span class='ocrx_word' id='word_1_704' title='bbox 3202 5186 3278 5284; x_wconf 53' lang='lat' dir='ltr'>id</span> <span class='ocrx_word' id='word_1_705' title='bbox 3323 5183 3673 5284; x_wconf 27' lang='lat' dir='ltr'>.TrajaAmlm:</span> 
     </span>
    </p>
   </div>
   <div class='ocr_carea' id='block_1_102' title="bbox 236 5273 3675 5372">
    <p class='ocr_par' dir='ltr' id='par_1_102' title="bbox 236 5273 3675 5372">
     <span class='ocr_line' id='line_1_102' title="bbox 236 5273 3675 5372; baseline -0.005 -16"><span class='ocrx_word' id='word_1_706' title='bbox 236 5317 347 5356; x_wconf 90' lang='lat' dir='ltr'>nec</span> <span class='ocrx_word' id='word_1_707' title='bbox 382 5301 468 5356; x_wconf 84' lang='lat' dir='ltr'>ad</span> <span class='ocrx_word' id='word_1_708' title='bbox 504 5299 800 5372; x_wconf 87' lang='lat' dir='ltr'>synodum</span> <span class='ocrx_word' id='word_1_709' title='bbox 835 5300 1016 5355; x_wconf 91' lang='lat' dir='ltr'>abbas</span> <span class='ocrx_word' id='word_1_710' title='bbox 1046 5302 1305 5363; x_wconf 90' lang='lat' dir='ltr'>vocetur,</span> <span class='ocrx_word' id='word_1_711' title='bbox 1337 5298 1493 5352; x_wconf 84' lang='lat' dir='ltr'>sicut</span> <span class='ocrx_word' id='word_1_712' title='bbox 1535 5314 1639 5351; x_wconf 87' lang='lat' dir='ltr'>nec</span> <span class='ocrx_word' id='word_1_713' title='bbox 1688 5297 1760 5351; x_wconf 88' lang='lat' dir='ltr'>ab</span> <span class='ocrx_word' id='word_1_714' title='bbox 1809 5296 1922 5351; x_wconf 89' lang='lat' dir='ltr'>alio</span> <span class='ocrx_word' id='word_1_715' title='bbox 2034 5288 2415 5361; x_wconf 75' lang='lat' dir='ltr'>quintajuxta</span> <span class='ocrx_word' id='word_1_716' title='bbox 2436 5291 2490 5337; x_wconf 80' lang='lat' dir='ltr'>s.</span> <span class='ocrx_word' id='word_1_717' title='bbox 2513 5284 2891 5338; x_wconf 84' lang='lat' dir='ltr'>Laurentium</span> <span class='ocrx_word' id='word_1_718' title='bbox 2914 5295 3100 5372; x_wconf 77' lang='lat' dir='ltr'>usque</span> <span class='ocrx_word' id='word_1_719' title='bbox 3122 5276 3177 5329; x_wconf 85' lang='lat' dir='ltr'>in</span> <span class='ocrx_word' id='word_1_720' title='bbox 3202 5273 3542 5366; x_wconf 60' lang='grc' dir='ltr'>Τιἐύαξιυιην</span> <span class='ocrx_word' id='word_1_721' title='bbox 3570 5281 3675 5372; x_wconf 52' lang='grc' dir='ltr'>Ῑξθο</span> 
     </span>
    </p>
   </div>
   <div class='ocr_carea' id='block_1_103' title="bbox 236 5359 3678 5459">
    <p class='ocr_par' dir='ltr' id='par_1_103' title="bbox 236 5359 3678 5459">
     <span class='ocr_line' id='line_1_103' title="bbox 236 5359 3678 5459; baseline -0.006 -17"><span class='ocrx_word' id='word_1_722' title='bbox 236 5386 771 5443; x_wconf 87' lang='lat' dir='ltr'>consecrationem</span> <span class='ocrx_word' id='word_1_723' title='bbox 806 5387 1039 5459; x_wconf 87' lang='lat' dir='ltr'>accipit.</span> <span class='ocrx_word' id='word_1_724' title='bbox 1072 5386 1410 5443; x_wconf 72' lang='lat' dir='ltr'>Statuentns</span> <span class='ocrx_word' id='word_1_725' title='bbox 1443 5383 1762 5455; x_wconf 86' lang='lat' dir='ltr'>apostolica</span> <span class='ocrx_word' id='word_1_726' title='bbox 1792 5400 1922 5439; x_wconf 88' lang='lat' dir='ltr'>cen-</span> <span class='ocrx_word' id='word_1_727' title='bbox 2034 5394 2151 5433; x_wconf 87' lang='lat' dir='ltr'>non</span> <span class='ocrx_word' id='word_1_728' title='bbox 2185 5385 2242 5431; x_wconf 84' lang='lat' dir='ltr'>et</span> <span class='ocrx_word' id='word_1_729' title='bbox 2272 5375 2607 5428; x_wconf 80' lang='lat' dir='ltr'>clausuram</span> <span class='ocrx_word' id='word_1_730' title='bbox 2640 5371 2709 5426; x_wconf 88' lang='lat' dir='ltr'>de</span> <span class='ocrx_word' id='word_1_731' title='bbox 2738 5372 2907 5424; x_wconf 81' lang='lat' dir='ltr'>vinea</span> <span class='ocrx_word' id='word_1_732' title='bbox 2931 5368 2988 5421; x_wconf 92' lang='lat' dir='ltr'>in</span> <span class='ocrx_word' id='word_1_733' title='bbox 3045 5365 3237 5458; x_wconf 54' lang='lat' dir='ltr'>locum</span> <span class='ocrx_word' id='word_1_734' title='bbox 3284 5359 3391 5455; x_wconf 33' lang='lat' dir='ltr'>.qui</span> <span class='ocrx_word' id='word_1_735' title='bbox 3417 5359 3678 5459; x_wconf 43' lang='lat' dir='ltr'>‘VOONUI‘</span> 
     </span>
    </p>
   </div>
   <div class='ocr_carea' id='block_1_104' title="bbox 239 5444 3676 5545">
    <p class='ocr_par' dir='ltr' id='par_1_104' title="bbox 239 5444 3676 5545">
     <span class='ocr_line' id='line_1_104' title="bbox 239 5444 3676 5545; baseline -0.006 -14"><span class='ocrx_word' id='word_1_736' title='bbox 239 5493 417 5540; x_wconf 85' lang='lat' dir='ltr'>sura,</span> <span class='ocrx_word' id='word_1_737' title='bbox 459 5478 530 5528; x_wconf 85' lang='lat' dir='ltr'>ut</span> <span class='ocrx_word' id='word_1_738' title='bbox 560 5474 741 5531; x_wconf 90' lang='lat' dir='ltr'>nullis</span> <span class='ocrx_word' id='word_1_739' title='bbox 765 5480 1099 5531; x_wconf 88' lang='lat' dir='ltr'>nostrorum</span> <span class='ocrx_word' id='word_1_740' title='bbox 1124 5490 1529 5530; x_wconf 81' lang='lat' dir='ltr'>successorum</span> <span class='ocrx_word' id='word_1_741' title='bbox 1559 5473 1923 5545; x_wconf 73' lang='lat' dir='ltr'>pontiﬁcum,</span> <span class='ocrx_word' id='word_1_742' title='bbox 2035 5466 2293 5534; x_wconf 76' lang='lat' dir='ltr'>Scarajo,</span> <span class='ocrx_word' id='word_1_743' title='bbox 2318 5468 2375 5516; x_wconf 89' lang='lat' dir='ltr'>et</span> <span class='ocrx_word' id='word_1_744' title='bbox 2404 5461 2574 5515; x_wconf 86' lang='lat' dir='ltr'>aliam</span> <span class='ocrx_word' id='word_1_745' title='bbox 2612 5459 2824 5531; x_wconf 84' lang='lat' dir='ltr'>petiam</span> <span class='ocrx_word' id='word_1_746' title='bbox 2858 5473 2983 5525; x_wconf 67' lang='lat' dir='ltr'>quae</span> <span class='ocrx_word' id='word_1_747' title='bbox 3018 5449 3252 5545; x_wconf 73' lang='lat' dir='ltr'>ponitur</span> <span class='ocrx_word' id='word_1_748' title='bbox 3284 5446 3340 5545; x_wconf 74' lang='lat' dir='ltr'>in</span> <span class='ocrx_word' id='word_1_749' title='bbox 3384 5444 3676 5545; x_wconf 53' lang='lat' dir='ltr'>clausura.</span> 
     </span>
    </p>
   </div>
   <div class='ocr_carea' id='block_1_105' title="bbox 245 5532 3678 5633">
    <p class='ocr_par' dir='ltr' id='par_1_105' title="bbox 245 5532 3678 5633">
     <span class='ocr_line' id='line_1_105' title="bbox 245 5532 3678 5633; baseline -0.006 -13"><span class='ocrx_word' id='word_1_750' title='bbox 245 5563 473 5620; x_wconf 88' lang='lat' dir='ltr'>nullus</span> <span class='ocrx_word' id='word_1_751' title='bbox 512 5564 796 5631; x_wconf 86' lang='lat' dir='ltr'>marchio,</span> <span class='ocrx_word' id='word_1_752' title='bbox 830 5565 1031 5621; x_wconf 88' lang='lat' dir='ltr'>nullus</span> <span class='ocrx_word' id='word_1_753' title='bbox 1058 5564 1196 5629; x_wconf 85' lang='lat' dir='ltr'>dux,</span> <span class='ocrx_word' id='word_1_754' title='bbox 1228 5560 1431 5616; x_wconf 81' lang='lat' dir='ltr'>nullus</span> <span class='ocrx_word' id='word_1_755' title='bbox 1462 5578 1678 5627; x_wconf 79' lang='lat' dir='ltr'>cernes,</span> <span class='ocrx_word' id='word_1_756' title='bbox 1729 5560 1927 5615; x_wconf 84' lang='lat' dir='ltr'>nullus</span> <span class='ocrx_word' id='word_1_757' title='bbox 2037 5560 2093 5610; x_wconf 87' lang='lat' dir='ltr'>et</span> <span class='ocrx_word' id='word_1_758' title='bbox 2122 5553 2300 5607; x_wconf 70' lang='lat' dir='ltr'>vincas</span> <span class='ocrx_word' id='word_1_759' title='bbox 2334 5552 2548 5621; x_wconf 78' lang='lat' dir='ltr'>pellam</span> <span class='ocrx_word' id='word_1_760' title='bbox 2585 5564 2761 5602; x_wconf 87' lang='lat' dir='ltr'>unam</span> <span class='ocrx_word' id='word_1_761' title='bbox 2794 5546 2847 5598; x_wconf 89' lang='lat' dir='ltr'>in</span> <span class='ocrx_word' id='word_1_762' title='bbox 2882 5548 3035 5596; x_wconf 89' lang='lat' dir='ltr'>terra</span> <span class='ocrx_word' id='word_1_763' title='bbox 3055 5534 3465 5633; x_wconf 40' lang='lat' dir='ltr'>Cuculli-bili“</span> <span class='ocrx_word' id='word_1_764' title='bbox 3504 5532 3678 5629; x_wconf 46' lang='lat' dir='ltr'>aliam.</span> 
     </span>
    </p>
   </div>
   <div class='ocr_carea' id='block_1_106' title="bbox 246 5626 3679 5726">
    <p class='ocr_par' dir='ltr' id='par_1_106' title="bbox 246 5626 3679 5726">
     <span class='ocr_line' id='line_1_106' title="bbox 246 5626 3679 5726; baseline -0.01 -18"><span class='ocrx_word' id='word_1_765' title='bbox 246 5653 614 5725; x_wconf 86' lang='lat' dir='ltr'>episcopus,</span> <span class='ocrx_word' id='word_1_766' title='bbox 639 5652 801 5709; x_wconf 90' lang='lat' dir='ltr'>nulla</span> <span class='ocrx_word' id='word_1_767' title='bbox 821 5644 1099 5726; x_wconf 75' lang='lat' dir='ltr'>praeterea</span> <span class='ocrx_word' id='word_1_768' title='bbox 1121 5667 1367 5723; x_wconf 82' lang='lat' dir='ltr'>persona</span> <span class='ocrx_word' id='word_1_769' title='bbox 1380 5649 1689 5704; x_wconf 90' lang='lat' dir='ltr'>hominum</span> <span class='ocrx_word' id='word_1_770' title='bbox 1717 5666 1930 5721; x_wconf 87' lang='lat' dir='ltr'>magna</span> <span class='ocrx_word' id='word_1_771' title='bbox 2039 5645 2098 5699; x_wconf 90' lang='lat' dir='ltr'>in</span> <span class='ocrx_word' id='word_1_772' title='bbox 2116 5645 2409 5706; x_wconf 81' lang='lat' dir='ltr'>Montane;</span> <span class='ocrx_word' id='word_1_773' title='bbox 2438 5652 2640 5693; x_wconf 87' lang='lat' dir='ltr'>verum</span> <span class='ocrx_word' id='word_1_774' title='bbox 2660 5633 2834 5689; x_wconf 87' lang='lat' dir='ltr'>etiam</span> <span class='ocrx_word' id='word_1_775' title='bbox 2856 5635 2914 5686; x_wconf 87' lang='lat' dir='ltr'>et</span> <span class='ocrx_word' id='word_1_776' title='bbox 2939 5626 3184 5683; x_wconf 86' lang='lat' dir='ltr'>lundum</span> <span class='ocrx_word' id='word_1_777' title='bbox 3201 5626 3566 5694; x_wconf 83' lang='lat' dir='ltr'>inintegrum</span> <span class='ocrx_word' id='word_1_778' title='bbox 3582 5626 3679 5689; x_wconf 78' lang='lat' dir='ltr'>qui</span> 
     </span>
    </p>
   </div>
  </div>
