4102 6174
429 300 546 397 ςιθρ

1493 302 1559 383 s.
1606 295 1883 393 L§Q_Nl$
1927 295 2008 379 ix
2055 289 2283 381 PAPIE
2326 292 2760 373 crescam,

3709 289 3831 391 Q92

430 439 646 497 dicitur
667 436 1015 506 Baccanum,
1041 453 1173 495 cum
1200 435 1514 515 appendice
1536 451 1662 499 sua,
1680 449 1807 506 qum
1829 433 2067 486 vocatur
2097 425 2149 493 Α
2176 427 2430 509 Joannes
2451 428 2521 484 de
2542 428 2762 505 Sergio,
2788 432 2844 486 et
2864 426 3076 485 transit
3091 425 3271 485 aliam
3292 424 3447 515 viam
3485 425 3824 515 carrariam,

431 524 716 602 Criptula,
736 526 794 584 in
815 545 928 600 quo
952 531 1089 584 sunt
1110 527 1370 584 cisterna
1399 520 1648 597 antiquae
1676 521 1875 595 positae
1903 519 2074 592 juxta

435 610 701 674 eamdem
714 617 1003 674 civitatem
1026 616 1273 671 Portuen
1283 613 1482 679 sem,si
1491 613 1605 668 cuti
1623 611 1825 683 incipit
1838 627 1872 664 a
1886 608 2074 683 primo

434 704 636 773 latere,
662 707 733 761 ab
755 706 959 762 arbore
995 722 1123 776 qua:
1156 708 1393 758 vocatur
1437 701 1704 766 tamarix,
1729 704 1783 754 et
1805 697 2077 770 dirigitur

438 793 498 851 in
520 794 888 859 columnella,
922 811 1046 865 quae
1079 793 1136 847 in
1169 808 1373 863 campo
1405 795 1558 846 stare
1587 780 1837 854 videtur,
1872 784 2078 842 millia-

441 883 527 953 rio
544 901 585 938 II
603 883 853 951 distante
873 883 943 936 ab
966 883 1167 936 eadem
1191 882 1443 951 civitate,
1472 885 1528 935 et
1572 879 1779 934 deinde
1804 878 2077 949 pergente

441 975 595 1028 recto
624 971 829 1025 itinere
858 987 962 1042 per
991 969 1283 1037 salariam,
1334 974 1389 1025 et
1446 986 1635 1041 usque
1682 969 1753 1023 ad
1801 964 2075 1037 attegiam

442 1053 834 1131 piscatoriam,
856 1060 911 1112 et
927 1056 1136 1112 deinde
1152 1058 1427 1113 redeunte
1456 1059 1526 1111 ad
1552 1074 1710 1112 mare
1737 1072 1839 1126 per
1876 1052 2079 1109 Bucci-

442 1162 601 1214 nam,
627 1145 1097 1200 etcircumeunte
1131 1144 1293 1199 littus
1325 1146 1504 1200 maris
1526 1146 1597 1200 ad
1632 1145 1691 1200 S.
1727 1142 2079 1216 Nympham,

441 1238 499 1289 et
518 1250 705 1304 usque
727 1234 798 1287 ad
822 1233 1002 1288 focem
1028 1232 1303 1287 micinam
1328 1250 1459 1287 cum
1491 1233 1633 1287 locis
1664 1231 1763 1305 qui
1809 1232 2083 1286 dicuntur

442 1321 688 1385 Vincera
716 1338 901 1392 usque
921 1320 991 1375 ad
1015 1320 1331 1388 balnearia,
1355 1326 1528 1393 atque
1553 1321 1745 1376 locum
1783 1321 1882 1392 qui
1918 1335 2080 1374 voca-

441 1414 543 1467 tur
557 1413 767 1466 Portus
784 1409 1040 1480 Trajani,
1055 1426 1157 1464 nec
1180 1426 1295 1465 non
1318 1414 1373 1466 et
1393 1409 1699 1466 castellum
1714 1409 1870 1466 aliud
1886 1408 2081 1463 minus

442 1497 505 1552 in
525 1497 839 1570 integrum,
871 1514 1000 1563 cum
1031 1497 1189 1553 omni
1221 1515 1328 1554 sua
1357 1498 1728 1571 pertinentia,
1761 1503 1819 1554 et
1847 1498 1907 1553 in
1937 1497 2077 1553 civi-

443 1588 564 1641 tate
584 1585 1633 1658 Constantiniana,omniaqueibidem
1647 1587 1860 1643 habere
1881 1586 2084 1658 digno-

446 1673 647 1741 scitur,
680 1691 797 1729 una
826 1691 957 1729 cum
993 1673 1237 1730 ecclesia
1267 1676 1373 1730 BB.
1409 1674 1805 1746 apostolorum
1837 1674 1985 1729 Petri
2027 1675 2085 1728 et

2181 520 2239 573 et
2256 517 2413 572 venit
2445 517 2501 572 in
2529 518 2720 574 casale
2742 514 2901 590 quod
2928 518 3191 597 detinent
3223 510 3485 573 heredes
3508 508 3831 597 FrancOnis

2182 608 2625 674 Transtiberim,
2661 610 2834 666 sicuti
2866 602 2968 683 per
2996 592 3142 665 lines
3167 596 3528 663 marmoreos
3557 592 3834 682 designa;

2184 701 2299 764 tur,
2332 700 2389 752 et
2418 697 2626 754 deinde
2659 715 2760 770 per
2784 698 2978 756 casale
3015 699 3121 755 SS.
3163 692 3492 775 martyrum
3524 694 3749 763 Cosmas
3780 700 3838 752 et

2188 786 2471 856 Damiani,
2506 792 2562 843 et
2590 782 2800 844 transit
2827 804 2926 860 per
2959 787 3246 843 fossatum
3293 785 3629 867 antiquum,
3678 785 3833 859 quod

2181 892 2357 931 verno
2387 878 2646 948 tempore
2672 872 2831 931 ducit
2860 892 3074 948 aquam
3098 876 3157 930 in
3190 874 3310 929 rivo
3342 868 3605 953 Galeria,
3641 877 3699 931 et
3744 872 3839 952 as-

2185 964 2376 1020 cendit
2405 982 2503 1037 per
2531 965 2727 1037 ipsum
2759 966 2947 1020 rivum
2979 981 3167 1036 usque
3198 964 3256 1019 in
3293 963 3509 1020 molam
3542 964 3614 1045 de
3646 963 3833 1038 sylva,

2186 1056 2243 1108 et
2263 1052 2502 1109 revolvit
2522 1070 2624 1126 per
2638 1053 2791 1109 viam
2808 1053 3125 1110 carrariam
3152 1068 3340 1125 usque
3366 1051 3423 1107 in
3472 1051 3685 1109 vallem
3720 1070 3842 1110 me-

2188 1140 2343 1196 diam
2376 1142 2447 1197 de
2479 1148 2697 1211 monte,
2731 1143 2831 1216 qui
2885 1147 3127 1198 vocatur
3176 1138 3388 1209 Zunili,
3445 1145 3502 1197 et
3556 1157 3749 1214 usque
3779 1142 3839 1199 in

2186 1230 2418 1299 Stafﬁli,
2452 1232 2549 1302 qui
2582 1236 2698 1288 stat
2725 1232 2784 1287 in
2818 1230 3155 1297 Lintistino,
3190 1230 3238 1287 ei
3274 1248 3463 1303 usque
3490 1231 3550 1286 in
3575 1238 3752 1305 caput
3768 1233 3841 1289 de

2186 1318 2335 1375 valle
2364 1318 2583 1388 Stabla,
2617 1324 2673 1377 et
2700 1338 2801 1393 per
2833 1323 3120 1377 fossatum
3143 1321 3331 1394 ipsius
3363 1318 3535 1377 vallis
3589 1322 3779 1393 pergit
3809 1338 3843 1376 a

2189 1410 2334 1480 pede
2365 1408 2441 1463 fili
2484 1409 2840 1478 Salinarum,
2895 1404 3277 1465 concludente
3323 1412 3511 1465 totum
3565 1425 3841 1483 campum

2189 1513 2378 1568 usque
2404 1497 2464 1553 in
2498 1498 2760 1570 pedicam
2791 1498 2918 1572 quae
2950 1502 3185 1554 vocatur
3226 1496 3468 1566 Viscoli,
3514 1502 3573 1554 et
3617 1497 3845 1571 piscina

2189 1585 2480 1655 Galiarda,
2503 1586 2885 1643 concludente
2908 1587 3097 1659 ipsam
3117 1586 3405 1660 pedicam,
3430 1603 3559 1659 qua:
3578 1591 3719 1643 sunt
3744 1586 3845 1644 fila

2190 1675 2523 1747 trigenta,et
2545 1681 2819 1748 pergente
2845 1677 3015 1746 juxta
3038 1674 3137 1731 ﬁla
3158 1690 3285 1748 qua:
3301 1679 3462 1731 stant
3484 1676 3843 1733 monasteria

443 1763 632 1829 Pauli,
656 1778 790 1817 cum
807 1763 1440 1835 cryptis,ubianimalia
1461 1764 1646 1834 ipsius
1678 1764 1931 1819 ecclesiae
1964 1780 2087 1818 ma-
2110 1795 2161 1863 Β
2192 1764 2264 1820 de
2293 1763 2558 1831 Miranda
2581 1781 2769 1837 usque
2798 1765 2858 1819 in
2892 1768 3172 1837 stagnum
3204 1765 3419 1836 majus,
3442 1769 3499 1820 et
3524 1781 3628 1837 per
3652 1766 3841 1838 ripam

446 1865 583 1906 nere
600 1848 892 1918 videntur,
914 1855 970 1905 et
988 1850 1197 1906 deinde
1219 1868 1405 1923 usque
1427 1853 1496 1907 ad
1540 1853 1597 1908 S.
1642 1853 1906 1919 Mariam,
1954 1868 2080 1924 quae

444 1938 683 2010 ponitur
702 1939 761 1993 in
785 1956 921 1993 arcu
944 1956 1077 1994 cum
1100 1943 1318 2012 crypta,
1340 1936 1659 1997 et'domum
1684 1959 1810 2013 quae
1841 1947 2083 1997 vocatur

441 2025 723 2082 Balneum
743 2027 1003 2095 Veneris,
1027 2018 1083 2083 et
1112 2046 1300 2100 usque
1331 2031 1401 2084 ad
1425 2030 1575 2085 viam
1600 2030 1896 2103 publicam
1926 2029 2082 2085 infra

440 2115 635 2189 ipsum
660 2116 986 2183 castellum,
1019 2121 1193 2188 atque
1224 2123 1537 2173 canuetum
1570 2120 1641 2175 de
1675 2119 1786 2175 ista
1824 2119 2080 2188 civitate,

439 2220 545 2260 nec
577 2222 687 2260 non
719 2204 1140 2260 monasterium
1170 2210 1226 2258 S.
1260 2206 1503 2278 Agnetis
1544 2224 1677 2261 cum
1725 2205 1975 2275 salariis,
2024 2211 2083 2263 et

437 2290 1101 2362 vineis,quaainccssum
1125 2292 1337 2348 habere
1359 2293 1621 2350 videtur:
1656 2312 1825 2367 porro
1859 2299 1915 2351 et
1951 2296 2081 2350 fun-

440 2379 582 2433 dum
613 2378 673 2431 in
704 2378 1021 2451 integrum,
1056 2380 1154 2451 qui
1187 2385 1424 2436 vocatur
1455 2382 1710 2451 Polmus,
1744 2401 1875 2439 cum
1908 2384 2079 2451 casis,

437 2466 626 2521 vineis
657 2471 711 2521 et
740 2467 929 2534 terris,
964 2470 1218 2534 pascuis,
1243 2473 1647 2527 extendentem
1683 2489 1745 2528 se
1794 2489 1978 2545 usque
2010 2474 2080 2528 ad

442 2554 679 2611 furnum
705 2554 1013 2626 antiquum
1040 2558 1194 2628 juris
1218 2559 1475 2630 praedicti
1501 2560 1798 2634 episcopii,
1822 2566 1876 2617 et
1906 2562 1963 2616 in
1988 2578 2082 2617 eo-

449 2644 581 2699 dem
597 2643 777 2699 fundo
800 2652 1244 2702 monumentum
1269 2649 1576 2720 antiquum
1601 2667 1727 2706 esse
1740 2650 2086 2719 videtur,via

448 2731 774 2801 Portuensi,
794 2732 1062 2790 milliario
1087 2735 1157 2790 ab
1179 2737 1323 2792 urbe
1345 2737 1529 2794 Roma
1553 2738 1682 2811 plus
1714 2739 1908 2795 minus
1929 2738 2081 2795 deci-

446 2837 563 2877 mo.
588 2821 848 2894 Itemque
869 2822 1198 2879 etinsulam
1229 2827 1512 2896 majorem
1542 2827 1600 2883 in
1623 2827 1915 2901 integrum
1948 2845 2081 2884 cum

442 2909 628 2966 hortis
649 2914 707 2965 et
725 2910 910 2967 vineis
932 2928 1033 2967 seu
1054 2913 1224 2969 terris
1250 2913 1308 2968 in
1335 2913 1527 2970 locum
1552 2916 1652 2988 qui
1681 2920 1921 2973 vocatur
1943 2917 2079 2973 Sca-

442 2997 729 3069 rajo;qui
772 2998 910 3054 olim
969 3001 1080 3055 fuit
1131 3006 1333 3073 portus
1389 3004 1647 3076 Trajani,
1697 3005 2078 3061 inhaerentem

440 3085 629 3141 eidem
656 3087 832 3142 tundo
856 3089 1120 3160 Baccani,
1147 3095 1355 3146 etcum
1384 3093 1657 3149 omnibus
1696 3092 1767 3148 ad
1793 3110 1925 3149 eum
1950 3111 2077 3167 per-

2189 1853 2380 1925 stagni
2403 1869 2589 1925 usque
2611 1855 2671 1908 in
2700 1852 3090 1922 Burdunaria,
3117 1858 3174 1909 et
3195 1870 3229 1907 ει
3272 1853 3417 1926 pede
3447 1853 3529 1908 ﬁli
3561 1870 3748 1926 usque
3780 1854 3841 1908 in

2190 1940 2454 2006 Baccani,
2481 1948 2538 1998 et
2565 1946 2781 1999 terram
2811 1944 2882 1998 de
2931 1941 3271 2015 supradicto
3293 1941 3601 2014 episcopio,
3630 1946 3687 1997 et
3717 1942 3841 1997 for-

2190 2044 2347 2085 mam
2378 2047 2504 2102 quae
2534 2036 2773 2087 vocatur
2801 2032 3068 2098 Arcione,
3100 2036 3157 2087 et
3191 2047 3298 2104 per
3330 2030 3531 2103 ipsam
3577 2031 3838 2089 formam

2192 2135 2375 2190 usque
2396 2120 2454 2174 in
2487 2119 2672 2176 rivum
2697 2120 2795 2192 qui
2818 2114 3058 2175 vocatur
3079 2118 3327 2185 Galeria,
3344 2120 3739 2175 etPantanum
3766 2119 3840 2175 de

2191 2207 2435 2264 Ricorde
2466 2210 2653 2281 usque
2672 2208 2730 2264 in
2754 2209 3009 2282 primum
3042 2209 3279 2265 affinem
3301 2209 3373 2264 de
3408 2198 3837 2281 pratis'Caraci;

2192 2297 2348 2351 Infra
2379 2296 2484 2352 hos
2510 2313 2643 2353 vero
2676 2298 2842 2367 ﬁnes,
2876 2298 3002 2354 loca
3059 2303 3117 2355 et
3165 2296 3449 2354 vocabula
3504 2303 3645 2354 sunt
3692 2296 3841 2353 haec.

2189 2385 2248 2441 S.
2282 2385 2595 2452 Caesareus,
2652 2386 2892 2459 Palmis,
2938 2386 3334 2453 Sorbilanum,
3389 2384 3563 2442 Clusa
3625 2390 3840 2453 vetere,

2191 2474 2515 2530 Pantanum
2550 2477 2665 2549 maj
2675 2475 3299 2542 us,Medianum,Mons
3315 2475 3634 2549 ruginosus
3648 2491 3843 2543 ,mons

2192 2564 2263 2618 de
2291 2563 2554 2632 Zumilis,
2587 2580 2755 2620 mons
2787 2564 3164 2636 Canaparvis,
3194 2563 3371 2630 celsa,
3404 2563 3599 2630 limes,
3651 2565 3842 2635 major

2192 2651 2545 2724 stagnellum
2577 2653 2973 2719 maledictum,
3006 2650 3187 2716 tiocli,
3235 2653 3462 2724 piscina
3503 2650 3831 2725 gagliarda.

2191 2739 2555 2809 olivastrum,
2589 2740 2943 2813 stagnellum
2977 2741 3350 2814 peregrinum
3391 2757 3526 2796 cum
3557 2740 3837 2797 omnibus

2189 2845 2392 2885 eorum
2423 2828 2806 2902 pertinentiis.
2839 2830 2953 2885 Nec
2984 2846 3099 2885 non
3129 2834 3185 2886 et
3217 2830 3637 2886 confirmamus
3669 2829 3840 2885 vobis

2187 2922 2426 2990 perpetu
2435 2917 2603 2975 aliter
2618 2922 2867 2990 quatuor
2878 2919 2936 2973 in
2950 2916 3242 2991 integrum
3257 2916 3609 2990 principales
3622 2917 3833 2974 uncias

2189 3006 2258 3063 de
2272 3010 2392 3062 toto
2414 3009 2621 3071 stagno
2636 3008 2856 3078 majore
2886 3007 3203 3063 Portuense
3239 3023 3375 3063 cum
3423 3007 3583 3062 omni
3634 3007 3831 3079 pisca-

2189 3094 2366 3162 tione,
2390 3095 2712 3151 redditione
2741 3100 2799 3163 et
2829 3096 3078 3151 statione
3108 3112 3241 3162 sua,
3269 3095 3357 3151 vel
3388 3111 3521 3151 cum
3553 3096 3835 3151 omnibus

439 3173 796 3231 tinentibus:
834 3157 1163 3251 pariterque
1194 3185 1251 3234 et
1280 3180 1526 3235 fundum
1558 3181 1659 3252 qui
1703 3157 2077 3237 vocaturlJu-
2109 3157 2153 3224 (ἶ
2191 3184 2265 3238 ad
2289 3157 2449 3255 ipsas
2481 3188 2730 3255 quatuor
2750 3160 2952 3239 uncias
2982 3157 3610 3255 pertinentibus,sicuti
3634 3200 3669 3239 a
3692 3201 3837 3256 prae-

438 3259 720 3329 dasorum,
742 3264 798 3317 et
818 3262 1069 3319 fundum
1090 3265 1189 3336 qui
1220 3267 1873 3324 vocaturGualduscum
1900 3270 2083 3325 omni-

438 3349 552 3407 bus
579 3367 782 3408 eorum
816 3354 1262 3425 pertinentibus,
1298 3355 1523 3428 positus
1547 3358 1716 3427 juxta
1745 3359 2078 3429 praedictam

440 3438 831 3506 civitatem,et
852 3440 1013 3496 ﬁlum
1035 3442 1243 3496 Salinae
1266 3443 1322 3497 in
1349 3444 1643 3517 integrum
1672 3450 1974 3503 extensum
2016 3450 2074 3503 in

438 3544 559 3584 una
586 3528 707 3583 fila.
741 3529 885 3584 Item
917 3535 973 3584 et
1004 3531 1059 3585 in
1099 3531 1359 3587 Baccano
1383 3536 1437 3587 et
1466 3533 1524 3587 in
1566 3534 1900 3604 Genestula,
1933 3539 1988 3591 et
2018 3538 2077 3592 in

436 3616 537 3673 illa
556 3634 788 3688 novem,
821 3619 1017 3674 omnia
1047 3619 1145 3675 ﬁla
1173 3618 1528 3688 Salinarum,
1554 3638 1681 3692 quas
1711 3623 1781 3677 ad
1814 3627 2074 3681 vestrum

435 3706 794 3780 episcopium
829 3709 1117 3779 pertinere
1149 3713 1492 3778 noscuntur,
1518 3726 1619 3765 seu
1652 3714 1707 3766 et
1729 3711 1975 3768 fundum
2009 3715 2067 3769 in

432 3794 748 3869 integrum,
772 3797 871 3869 qui
892 3803 1130 3854 vocatur
1147 3796 1407 3853 Gualdus
1440 3799 1648 3869 major,
1673 3816 1805 3854 cum
1833 3801 2076 3858 ecclesia

431 3884 489 3939 S.
518 3886 736 3944 Aureae.
762 3889 1210 3943 etmonumento
1253 3904 1379 3955 suo,
1420 3892 1477 3942 et
1513 3890 1667 3943 terra
1696 3890 2071 3957 Semitaritia,

432 3985 563 4040 quae
579 3971 905 4041 appellatur
930 3974 1263 4042 Planura,in
1291 3993 1407 4048 qua
1430 3977 1691 4032 cisternzn
1723 3993 1849 4034 esse
1871 3978 2071 4035 viden-

430 4059 546 4122 tur,
581 4058 772 4128 posita
801 4058 952 4114 inter
1001 4061 1265 4131 fluvium,
1300 4064 1548 4119 formam
1583 4067 1918 4122 Arcionum.
1954 4069 2069 4125 Nec

430 4160 546 4199 non
572 4148 628 4199 et
655 4146 1073 4204 confirmamus
1086 4151 1250 4206 vobis
1280 4157 1505 4207 curtem
1540 4153 1594 4207 in
1627 4154 1917 4228 integrum
1942 4174 2067 4230 quae

429 4231 644 4288 dicitur
671 4232 920 4301 Galeria,
953 4236 1008 4290 in
1043 4253 1158 4308 qua
1189 4242 1277 4293 est
1304 4239 1547 4295 ecclesia
1577 4242 1634 4297 S.
1685 4243 1878 4299 Mariae
1934 4264 2067 4302 cum

427 4321 735 4379 caminatis
763 4339 862 4377 seu
892 4324 1173 4382 triclineis
1228 4331 1403 4399 atque
1456 4329 1699 4385 diversis
1758 4333 2064 4403 cubiculis,

426 4410 819 4484 omnibusque
849 4411 973 4468 suis
1002 4414 1282 4482 aediﬁciis,
1303 4432 1427 4488 qua:
1459 4416 1611 4473 intra
1641 4434 1702 4473 se
1733 4418 1947 4477 habere
1978 4424 2064 4478 di-

2189 3271 2591 3328 decessoribus
2614 3271 2827 3327 nostris
2852 3272 3199 3343 supradictae
3235 3271 3488 3328 ecclesia:
3524 3271 3837 3328 Portuensi

2187 3376 2525 3416 concessum
2551 3366 2660 3417 est.
2691 3359 2906 3416 Verum
2933 3359 3108 3424 etiam
3141 3359 3515 3416 concedimus
3544 3364 3602 3415 et
3626 3361 3839 3416 conﬁr-

2185 3465 2419 3504 mamus
2443 3449 2606 3505 vobis
2634 3449 2960 3521 vestrisque
2994 3449 3433 3506 successoribus
3489 3454 3715 3506 turrem
3776 3448 3837 3507 in

2183 3536 2477 3609 integrum
2508 3554 2635 3609 quae
2664 3542 2903 3593 vocatur
2932 3538 3004 3592 de
3032 3536 3196 3605 Albo,
3226 3553 3360 3593 cum
3408 3537 3581 3605 casis,
3620 3526 3841 3608 vineis,

2183 3626 2390 3693 hortis,
2434 3626 2629 3691 terris,
2687 3626 2933 3696 campis,
2979 3625 3181 3699 pratis,
3232 3626 3468 3699 pascuis
3515 3630 3571 3682 et
3622 3625 3839 3700 sylvis,

2183 3713 2454 3788 pantanis
2484 3719 2541 3769 et
2569 3712 2730 3779 rivis,
2763 3712 2937 3770 cultis
2964 3718 3019 3770 et
3049 3713 3308 3783 incultis,
3345 3714 3562 3785 vacuis,
3608 3713 3835 3788 plenis,

2182 3808 2239 3860 et
2267 3819 2400 3860 cum
2434 3802 2708 3858 omnibus
2738 3803 2810 3857 ad
2841 3802 3028 3875 ipsam
3065 3808 3283 3859 turrem
3306 3801 3653 3877 generaliter
3681 3808 3741 3860 et
3772 3805 3851 3861 in‘

2180 3893 2473 3965 integrum
2498 3890 3117 3963 pertinentibus,sicut
3143 3882 3350 3948 affines
3376 3882 3641 3964 ejusdem
3670 3893 3835 3971 desi-

2179 3984 2380 4054 gnant,
2404 3997 2438 4035 a
2470 3978 2656 4052 primo
2688 3978 2866 4035 latere
2898 3978 3056 4036 rivus
3086 3980 3186 4052 qui
3219 3985 3457 4036 vocatur
3504 3980 3759 4049 Galeria,
3796 4000 3833 4038 a

2179 4069 2434 4127 secundo
2455 4068 2633 4124 latere
2648 4066 2861 4124 fluvius
2890 4068 3140 4137 Tiberis,
3172 4086 3206 4123 a
3236 4069 3407 4126 tertio
3454 4069 3633 4127 latere
3686 4071 3833 4127 Pul-

2174 4157 2796 4228 verinula,etaquarto
2831 4155 3008 4212 latere
3054 4157 3242 4212 forma
3270 4174 3398 4230 quae
3445 4162 3689 4214 vocatur
3717 4160 3833 4215 Ar-

2177 4247 2431 4302 cionum.
2454 4244 2840 4302 Concedimus
2864 4244 3042 4300 etiam
3070 4244 3214 4317 ipsis
3237 4244 3576 4303 hominibus
3599 4246 3698 4319 qui
3727 4265 3838 4320 per

2173 4338 2438 4408 tempora
2458 4333 2773 4390 habitaturi
2807 4336 2946 4389 sunt
2990 4326 3155 4389 infra
3191 4338 3438 4401 turrem,
3488 4339 3554 4390 ut
3600 4335 3837 4394 nullius

2173 4424 2467 4495 potestati,
2490 4421 2711 4477 nullius
2735 4422 2941 4477 ditioni
2964 4422 3183 4479 subditi
3209 4421 3347 4492 sint,
3382 4439 3485 4479 nec
3503 4422 3679 4479 alicui
3706 4441 3839 4481 ser-

422 4499 725 4574 gnoscitur
755 4517 887 4557 cum
920 4502 1192 4559 omnibus
1244 4504 1480 4574 finibus,
1532 4508 1821 4576 terminis,
1870 4509 2065 4566 limiti-
2095 4525 2140 4590 D
2171 4511 2458 4577 viant,aut
2475 4510 2702 4567 hostem
2727 4509 3094 4583 faciant,nisi
3117 4512 3388 4585 episcopo
3408 4512 3506 4589 qui
3554 4512 3614 4567 in
3666 4512 3834 4570 dicto

419 4588 649 4663 busque
671 4589 818 4657 suis,
837 4590 1028 4655 terris,
1052 4593 1363 4659 casalibus,
1381 4594 1768 4669 sylvis,atquc
1791 4600 2061 4670 pantanis

421 4693 554 4733 cum
579 4680 773 4750 ponte,
805 4684 863 4734 et
893 4680 1089 4752 ipsum
1133 4680 1319 4736 rivum
1371 4685 1468 4756 qui
1516 4691 1763 4741 vocatur
1808 4687 2057 4757 Galeria,

420 4780 609 4834 usque
641 4767 710 4819 ad
744 4765 983 4833 flumen,
1017 4784 1150 4823 cum
1185 4768 1327 4826 locis
1359 4772 1427 4826 ad
1464 4773 1821 4844 aquimolam
1854 4774 2060 4831 facien~

419 4851 577 4915 dam,
600 4851 684 4906 vel
706 4868 837 4907 cum
858 4856 1129 4911 omnibus
1167 4862 1229 4912 ut
1249 4860 1518 4931 superius
1548 4860 1769 4916 dictum
1812 4866 1899 4918 est
1945 4863 2057 4920 sibi

415 4938 766 5011 generaliter
794 4944 851 4995 et
881 4941 937 4995 in
987 4942 1279 5016 integrum
1331 4947 1548 5002 cultum
1605 4952 1661 5004 et
1708 4950 2052 5021 assolatum,

414 5026 593 5082 situm
615 5027 672 5083 in
697 5046 903 5101 campo
927 5033 1021 5104 qui
1049 5039 1288 5089 vocatur
1310 5036 1533 5101 Meruli,
1561 5039 1944 5095 constitutum
1962 5041 2056 5096 via

412 5116 1007 5190 Portuense,milliaro
1028 5122 1259 5179 aburbe
1282 5125 1457 5179 Roma
1503 5125 1634 5197 plus
1680 5128 1876 5182 minus
1906 5131 2049 5185 duo-

406 5207 656 5274 decimo,
681 5209 851 5264 sicuti
874 5211 1082 5266 affines
1108 5212 1396 5284 incipiunt
1418 5231 1451 5268 a
1474 5218 1595 5270 toto
1618 5221 1778 5271 curto
1806 5236 1834 5271 τι
1860 5218 2048 5290 primo

404 5293 605 5361 latere,
632 5305 797 5368 prata
827 5299 1179 5371 Caraci,qure
1203 5306 1480 5357 vorantur
1500 5304 1725 5372 Mesuli,
1751 5310 1805 5360 et
1841 5307 2049 5364 deinde

402 5398 590 5452 usque
621 5385 691 5438 ad
725 5392 980 5441 montem
1027 5405 1199 5459 quem
1233 5388 1372 5443 olim
1406 5391 1654 5447 detinuit
1681 5396 1934 5450 Joannes
1975 5398 2047 5451 de

402 5468 635 5540 Minoia,
683 5477 738 5527 ct
794 5474 1051 5531 hzercdes
1110 5477 1386 5548 Stephani
1445 5480 1935 5551 Numenclatoris,
1989 5489 2045 5541 et

403 5555 610 5615 deinde
642 5560 795 5618 ultra
822 5563 973 5619 viam
1009 5582 1109 5637 per
1140 5565 1327 5622 casale
1382 5568 1533 5638 quod
1592 5568 1729 5625 olim
1792 5573 2043 5630 detinuit

2171 4599 2461 4673 episcopio
2486 4598 2688 4669 fuerit;
2710 4617 2811 4656 nec
2832 4617 2945 4655 non
2970 4604 3026 4657 et
3038 4601 3453 4658 confirmamus
3472 4600 3835 4674 tibituisque

2171 4687 2606 4744 successoribus
2626 4689 2682 4743 in
2706 4693 3055 4761 perpetuum
3082 4706 3286 4746 omnes
3309 4706 3401 4746 res
3414 4695 3471 4746 et
3488 4689 3825 4757 facultates,

2169 4778 2415 4833 mobiles
2447 4781 2504 4832 et
2534 4777 2888 4843 immobiles,
2920 4770 2991 4833 de
3022 4776 3140 4834 illis
3170 4778 3512 4835 hominibus
3544 4774 3647 4852 qui
3688 4779 3825 4836 sine

2166 4865 2392 4922 haerede
2421 4869 2478 4921 et
2508 4866 2765 4921 intestati
2799 4866 3130 4922 moriuntur
3157 4866 3216 4923 in
3248 4868 3404 4923 dicta
3432 4856 3663 4923 civitate
3686 4852 3839 4925 Por;

2164 4955 2517 5020 tuensi,sive
2545 4953 2603 5007 in
2638 4953 3019 5022 Transtiberi,
3053 4963 3153 5011 aut
3183 4957 3241 5011 in
3275 4956 3471 5013 insula
3500 4956 3821 5029 Lycaonia,

2164 5045 2283 5099 sive
2309 5044 2638 5113 ubicunque
2660 5042 2835 5097 vestri
2866 5043 3240 5117 episcopatus
3265 5045 3420 5115 juris
3450 5061 3576 5100 esse
3605 5044 3822 5101 viden-

2158 5128 2695 5198 tur,constituimus
2720 5131 2907 5203 ipsam
2932 5131 3307 5190 Portuensem
3330 5131 3634 5189 ecclesiam
3667 5131 3821 5206 legi-

2156 5221 2361 5275 timam
2395 5219 2704 5285 hzeredem,
2738 5220 2819 5276 ita
2848 5225 2914 5277 ut
2944 5222 3255 5296 episcopus
3310 5220 3501 5295 ipsius
3550 5220 3818 5278 ecclesia:

2156 5309 2367 5364 habeat
2398 5312 2744 5381 potestatem
2778 5310 3084 5367 ordinandi
3110 5310 3311 5366 omnia
3320 5311 3493 5383 juxta
3520 5298 3691 5383 suam
3714 5328 3822 5367 vo-

2155 5397 2465 5465 luntatem,
2483 5414 2549 5451 eo
2573 5401 2773 5453 tenore
2799 5405 2862 5454 ut
2885 5417 2996 5459 non
3020 5403 3283 5474 pereant,
3308 5397 3535 5455 scilicet
3566 5400 3824 5455 mortuis

2153 5487 2211 5541 in
2245 5489 2524 5541 aeternum
2554 5485 2801 5557 prosint,
2835 5488 3082 5563 Insuper
3110 5489 3288 5544 etiam
3351 5487 3731 5561 concedimus
3760 5494 3821 5545 et

2151 5573 2569 5629 conﬁrmamus
2589 5574 2753 5630 vobis
2783 5576 3108 5651 vestrisque
3138 5575 3649 5635 successoribusin
3678 5592 3817 5653 per-
