4088 6174
211 366 327 440 605

1190 365 1597 442 EPISTOLE
1639 369 1739 438 ET
1781 371 2143 438 DECRETA
2192 363 2653 440 PONTIFICIA.

3504 374 3624 440 606

209 509 471 567 dictione
487 508 883 569 anathematis
903 510 1028 568 loca
1045 529 1153 570 sua
1173 513 1638 577 defenderemus,
1659 529 1870 569 conce-
1900 509 1954 574 Α
1981 511 2069 566 vel
2101 511 2150 568 ei
2191 511 2619 582 pertinentibus
2665 510 2777 569 nisi
2825 509 2947 569 solo
2993 511 3108 569 Deo
3159 527 3225 570 ac
3273 516 3482 572 nostris
3512 533 3622 573 au-

208 600 515 666 deremus,
543 603 598 655 et
619 602 1102 658 confirmaremus
1126 619 1139 657 :
1165 602 1428 658 inclinati
1453 602 1722 674 precibus
1740 601 1861 658 tuis

206 687 560 761 pradictum
584 690 1002 745 monasterium
1025 691 1131 746 tibi
1154 709 1188 746 a
1208 691 1376 748 nobis
1398 691 1864 748 successoribus-

201 793 317 848 que
346 777 472 831 tuis
484 781 540 832 et
552 794 585 832 a
606 778 823 834 nostris
836 780 1277 835 successoribus
1289 779 1348 834 in
1366 785 1710 852 perpetuum
1727 779 1860 834 nul-

196 864 254 920 la
294 865 588 936 pravitate
607 865 939 922 Simoniaca
979 868 1393 924 interveniente
1425 868 1860 933 consecrandis,

202 954 590 1010 concedimus
611 959 667 1010 et
687 955 1104 1012 confirmamus
1127 974 1258 1012 cum
1281 958 1558 1012 omnibus
1577 957 1860 1024 ecclesiis,

201 1040 610 1107 monasteriis,
636 1041 820 1104 cellis,
845 1043 1310 1108 castellis,terris
1333 1044 1506 1100 cultis
1525 1049 1582 1100 et
1601 1044 1862 1109 incultis,

200 1127 415 1194 vineis,
441 1128 782 1199 aquimolis,
807 1130 1012 1196 hortis,
1039 1133 1242 1204 pratis,
1267 1133 1450 1200 silvis,
1496 1133 1865 1205 pertinentiis

205 1217 684 1288 adjacentiisque
713 1219 858 1282 suis,
893 1221 1230 1292 ubicunque
1258 1221 1344 1277 vel
1378 1222 1866 1293 qualitercunque

207 1305 278 1361 ad
293 1305 445 1376 jura
466 1306 728 1376 ejusdem
747 1309 1085 1363 monasterii
1099 1310 1390 1381 pertinere
1405 1311 1788 1383 dignoscitur.

211 1393 469 1465 Insuper
497 1395 674 1449 etiam
713 1412 945 1450 omnem
987 1397 1305 1466 cujuslibet
1354 1399 1609 1455 ecclesiae
1635 1399 1866 1470 pontiﬁ-

210 1499 337 1538 cem
351 1482 414 1537 in
430 1483 673 1554 praefato
687 1486 1042 1540 monasterio
1055 1487 1336 1542 ditionem
1353 1487 1675 1558 quamlibet
1687 1487 1864 1542 habe-

209 1572 710 1642 reprastersedem
725 1573 1126 1644 apostolicam,
1140 1575 1540 1646 prohibemus,
1566 1577 1725 1632 itaut
1753 1575 1866 1632 nisi

209 1659 288 1716 ab
313 1659 528 1715 abbate
547 1661 810 1731 ejusdem
844 1663 1179 1718 monasterii
1223 1664 1398 1720 fuerit
1427 1665 1728 1732 invitatus,
1761 1681 1866 1720 nec

210 1747 544 1803 missarum
574 1748 857 1806 solemnia
907 1751 1123 1807 ibidem
1173 1759 1489 1823 praesumat
1527 1754 1865 1809 omnimodo

1971 601 2223 656 ctoritati
2257 600 2594 657 solvendam
2644 603 2981 659 statuimus.
3040 602 3281 658 Fabrica
3309 603 3484 660 etiam
3518 622 3619 660 seu

1969 689 2421 745 luminariorum
2453 691 2826 746 concinnatio
2858 691 3258 748 indifferenter
3296 692 3463 748 vobis
3495 694 3623 748 sine

1970 779 2150 834 dubio
2205 779 2657 850 procurantibus
2704 780 3014 835 efficiatur.
3067 780 3239 836 Nulla
3287 782 3534 854 proinde
3563 781 3622 835 in

1971 866 2336 922 exsolvendis
2369 867 2467 922 Dei
2499 867 2795 929 laudibus,
2828 868 2911 922 vel
2943 869 3001 922 in
3032 867 3362 925 luminariis
3389 870 3624 926 concin-

1973 955 2183 1010 nandis
2212 972 2376 1010 mora
2409 956 2726 1027 proveniat,
2765 957 2864 1010 sed
2899 957 3107 1012 devota
3128 957 3462 1014 sinceritate
3492 975 3621 1029 per-

1971 1059 2142 1115 agere
2159 1043 2527 1112 festinate,ne
2547 1045 2903 1114 perincautaa
2923 1045 3159 1100 desidiae
3174 1045 3622 1116 culpamjudicii

1971 1149 2076 1186 vos
2107 1132 2285 1186 futuri
2320 1137 2511 1187 metus
2541 1133 2854 1187 concutiat.
2890 1134 3090 1188 Potius
3144 1135 3443 1190 elaborare
3497 1140 3620 1188 stu-

1971 1219 2102 1275 dote
2133 1225 2196 1274 ut
2227 1221 2421 1274 divina
2473 1219 2735 1291 placetur
2780 1226 2968 1276 vestro
3023 1227 3235 1278 conatu
3289 1223 3618 1288 clementia,

1975 1308 2277 1380 possitque
2305 1325 2532 1363 movere
2565 1309 2693 1371 hoc,
2727 1310 2881 1379 quod
2909 1327 2944 1364 a
2976 1311 3144 1364 nobis
3181 1312 3348 1377 justa
3397 1311 3620 1368 delibe-

1974 1396 2198 1452 ratione
2225 1397 2524 1451 decretum
2557 1402 2645 1452 est
2676 1397 2890 1453 futuris
2920 1398 3260 1453 inconvulse
3298 1400 3622 1470 perpetuis-

1975 1501 2090 1556 que
2138 1485 2523 1556 temporibus.
2575 1486 2944 1541 Consecratio
2992 1491 3186 1541 tamen
3232 1487 3461 1542 abbatis
3512 1487 3622 1542 loci

1975 1573 2166 1645 ipsius
2197 1591 2231 1629 a
2260 1575 2423 1629 vobis
2464 1575 2790 1629 secundum
2843 1579 3023 1630 Deum
3069 1575 3234 1630 electi
3268 1592 3500 1646 semper
3527 1591 3624 1630 ex-

1975 1665 2271 1733 spectetur
2300 1679 2330 1716 a
2353 1666 2553 1716 nostra
2579 1662 2900 1732 apostolica
2923 1664 3082 1727 sede,
3105 1663 3215 1718 sub
3238 1665 3409 1734 cujus
3433 1663 3627 1718 existit

1968 1751 2122 1821 jure.
2175 1750 2472 1805 Numerus
2523 1756 2716 1804 autem
2771 1752 3190 1806 monachorum
3241 1752 3456 1806 ibidem
3508 1753 3624 1808 Deo

206 1835 534 1892 celebrare.
559 1837 694 1893 Post
712 1843 969 1894 vestrum
997 1858 1128 1895 vero
1146 1842 1369 1897 obitum
1393 1859 1565 1898 nemo
1586 1842 1730 1897 inibi
1764 1843 1864 1897 ab-
1895 1870 1943 1935 Β
1975 1839 2394 1893 serviturorum
2412 1842 2614 1892 tantus
2635 1854 2866 1909 semper
2886 1839 3114 1903 existat,
3144 1843 3400 1908 quantus
3421 1855 3628 1894 secun-

205 1923 408 1980 batem
441 1925 785 1992 constituat,
822 1927 933 1981 nisi
966 1944 1140 1998 quem
1165 1945 1487 1984 consensus
1519 1932 1574 1984 et
1592 1927 1866 1984 voluntas

211 2011 576 2068 coimmunis
597 2013 840 2068 fratrum
873 2031 942 2070 ex
972 2015 1099 2087 ipsa
1129 2017 1579 2088 congregatione
1609 2017 1865 2094 elegerit,

210 2105 267 2157 et
285 2100 515 2157 electus
538 2103 611 2157 ad
640 2119 745 2158 nos
764 2103 853 2158 vel
875 2120 1246 2159 successores
1269 2109 1498 2161 nostros
1517 2123 1722 2161 consec
1733 2123 1866 2160 ran-

213 2189 356 2245 dum
383 2188 576 2262 gratis
604 2195 662 2246 et
690 2190 815 2246 sine
861 2191 1042 2262 pretio
1080 2193 1292 2248 veniat.
1326 2194 1489 2257 Quod
1522 2194 1571 2250 si
1631 2193 1866 2249 aliunde

213 2279 460 2343 venerit,
485 2279 642 2350 quod
666 2279 736 2334 de
771 2280 938 2335 vobis
975 2280 1090 2336 dici
1122 2297 1240 2336 non
1271 2278 1480 2353 potest,
1516 2283 1615 2353 qui
1643 2283 1714 2337 de
1745 2298 1867 2336 mo-

218 2367 480 2423 nasterio
503 2371 705 2423 nostro
727 2375 781 2423 et
801 2386 834 2424 a
857 2368 1024 2424 nobis
1049 2371 1444 2425 consecraturi
1481 2371 1746 2437 venistis,
1780 2369 1866 2425 vel

221 2455 293 2510 ab
324 2454 442 2511 alio
484 2455 942 2527 archiepiscopo,
991 2457 1077 2513 vel
1128 2457 1400 2529 episcopo
1450 2459 1774 2514 consecrari
1807 2475 1868 2514 se

217 2543 516 2610 maluerit,
542 2547 682 2599 tunc
695 2550 1068 2601 consecratus
1088 2551 1147 2602 et
1167 2552 1539 2602 consecrator
1555 2547 1870 2603 anathema

220 2632 357 2688 sint.
394 2630 868 2705 Promulgantes,
899 2638 1056 2689 etc...

286 2721 444 2776 Bene
474 2719 682 2776 valete.

1012 2830 1082 2884 IX

218 2914 272 2970 S.
316 2917 422 2972 Leo
467 2917 537 2992 η(
582 2916 835 2972 Richerio
890 2919 1077 2992 abbati
1099 2921 1417 2992 _Casinensi
1470 2922 1692 2992 ejusque
1744 2939 1866 2978 suc-

285 2987 591 3113 σεῗρνξῖαδ
642 2991 1034 3044 monasterium
1083 2990 1137 3045 S.
1187 2990 1394 3057 Crucis,
1447 2987 1633 3049 Romae
1675 2996 1866 3059 situm,

287 3075 352 3112 su
389 3075 486 3114 na
516 3097 532 3113 .

381 3075 532 3130 mat.

839 3150 1029 3220 (Anno
1072 3150 1252 3222 1049.)

568 3269 582 3284 ι
620 3239 894 3310 [Gattula,
926 3241 1064 3295 Hist.
1101 3239 1478 3310 Casin.,252.]

303 3341 422 3395 Leo
450 3342 774 3415 episcopus,
823 3361 1026 3400 servus
1074 3361 1374 3401 servorum
1421 3346 1544 3412 Dei,
1599 3347 1876 3402 RICHERIO

235 3428 438 3484 abbati
491 3434 821 3488 monasterii
872 3434 930 3489 S.
983 3433 1298 3500 Benedicti,
1348 3435 1504 3504 quod
1552 3434 1788 3506 ponitur
1814 3436 1874 3490 in

234 3521 436 3572 monte
464 3519 688 3586 Casino,
721 3522 959 3593 tuisque
989 3523 1429 3578 successoribus
1453 3529 1792 3595 perpetuam
1816 3525 1873 3579 in

232 3605 482 3662 Domino
514 3607 785 3665 salutem.

298 3693 544 3750 Credita
610 3698 1024 3768 speculationis
1086 3699 1443 3770 impellimur
1485 3717 1644 3766 cura,
1695 3701 1872 3756 etiam

230 3782 434 3838 ardore
492 3783 836 3841 Christiana:
916 3787 1236 3859 religionis,
1317 3796 1371 3844 et
1444 3789 1640 3844 studio
1691 3790 1872 3845 divini

224 3869 418 3926 cultus
441 3889 874 3943 promovemur,
901 3893 1005 3946 pro
1028 3875 1448 3931 venerabilium
1471 3875 1729 3932 locorum
1751 3895 1873 3949 per-

221 3958 481 4029 cogitare
509 3961 917 4030 stabilitatem,
951 3969 1128 4035 atque
1159 3965 1274 4020 Deo
1301 3964 1678 4020 servientium
1711 3983 1873 4022 secu-

222 4046 482 4112 ritatem,
514 4053 581 4104 ut
610 4049 719 4106 hoc
762 4052 1137 4122 proveniente
1176 4052 1269 4124 pio
1315 4051 1532 4118 labore,
1569 4058 1626 4108 et
1663 4054 1871 4109 animas

220 4133 456 4192 Christo
487 4137 716 4205 dicatae,
741 4156 870 4210 quae
911 4157 974 4195 se
1014 4140 1134 4196 illis
1155 4139 1362 4195 diebus
1401 4141 1529 4195 vitae
1557 4158 1673 4196 sum
1696 4143 1870 4197 servi-

219 4225 390 4277 turas
437 4224 822 4282 decreverunt
879 4233 1254 4299 perseverent
1283 4228 1724 4300 imperturbata.
1758 4229 1872 4284 Nec

216 4327 338 4366 non
373 4317 430 4366 et
458 4311 560 4368 illa
590 4321 866 4370 maneant
914 4317 1029 4372 ﬁne
1076 4321 1248 4372 tenus
1297 4317 1487 4384 firma,
1539 4335 1665 4388 quae
1708 4317 1871 4372 Chri-

216 4398 438 4454 stianis
469 4399 528 4456 in
561 4401 660 4457 Dei
695 4402 869 4459 laude
898 4409 1259 4460 contrectata
1296 4409 1456 4460 sunt.
1506 4406 1652 4471 Quia
1693 4405 1874 4477 igitur

214 4491 455 4544 constat
474 4492 896 4547 monasterium
913 4493 1265 4560 Jerusalem,
1290 4494 1445 4564 quod
1460 4494 1636 4550 etiam
1658 4494 1871 4550 dicitur

1978 1927 2119 1982 dum
2142 1925 2249 1980 loci
2275 1942 2444 1997 posse
2469 1925 2742 1991 sufﬁciat,
2768 1943 2944 1995 quam
2971 1927 3301 1992 duodecim,
3326 1926 3426 1997 qui
3447 1926 3623 1982 etiam

1976 2015 2302 2072 secundum
2354 2014 2540 2081 ipsius
2591 2013 2701 2068 loci
2753 2031 2923 2084 posse
2978 2015 3193 2069 victum
3259 2014 3512 2070 habeant
3568 2021 3626 2071 et

1975 2092 2274 2168 vestitum,
2308 2107 2372 2158 ut
2402 2102 2564 2157 nulla
2591 2102 2652 2156 in
2684 2106 3029 2173 perpetuum
3061 2103 3241 2158 divini
3273 2103 3488 2158 servitii
3524 2120 3624 2158 ne-

1976 2192 2256 2265 gligentia
2271 2191 2374 2246 sit:
2393 2191 2500 2246 hoc
2517 2191 2671 2246 enim
2687 2208 2826 2262 argu
2839 2197 3100 2246 mentum
3121 2192 3178 2245 in
3194 2191 3622 2248 incrementum

1975 2282 2240 2352 ejusdem
2262 2280 2516 2336 ecclesiae
2543 2279 2809 2345 fecimus,
2850 2284 2915 2334 ut
2957 2297 3023 2334 ex
3063 2279 3425 2336 abundantia
3444 2281 3622 2336 vestri

1977 2369 2317 2426 monasterii
2346 2370 2472 2438 ejus
2494 2372 2807 2440 paupertas
2833 2368 3198 2440 suppleatur,
3228 2372 3284 2424 et
3313 2372 3433 2423 tam
3454 2369 3623 2424 nobis

1977 2475 2153 2531 quam
2173 2457 2338 2513 vobis
2357 2456 2684 2530 vestrisque
2706 2457 3146 2514 successoribus
3165 2473 3387 2513 merces
3408 2461 3627 2514 aeterna

1977 2548 2276 2603 reddatur.

1978 2725 2034 2780 S.
2071 2726 2169 2781 Leo
2198 2724 2267 2780 ΙΧ
2307 2725 2698 2780 canonicorum
2738 2724 2994 2778 Ecclesiae
3044 2724 3356 2777 Veronensis
3405 2737 3622 2792 posses-

2345 2797 2523 2851 siones
2551 2798 2605 2850 et
2621 2795 2919 2864 privilegia
2949 2794 3257 2863 conﬁrmat.

2619 2884 2806 2953 (Anno
2837 2880 3022 2950 4049.)

2315 2970 2586 3044 [Ughelli,
2619 2971 2782 3027 Italia
2813 2970 3006 3034 Sacra,
3038 2969 3107 3038 V,
3138 2969 3291 3040 761.]

2054 3077 2160 3132 Leo
2180 3077 2510 3149 episcopus.
2531 3093 2731 3132 servus
2754 3093 3056 3133 servorum
3080 3076 3201 3138 Dei,
3225 3075 3626 3133 dilectissimis

1979 3166 2040 3221 in
2072 3165 2299 3222 Christo
2331 3165 2467 3221 filiis
2507 3167 2722 3221 To'rom
2769 3166 3294 3237 archipresbytero,
3327 3170 3625 3220 AMELRICO

1900 3233 1943 3300 (ἶ
1981 3252 2390 3309 archidiacono
2437 3258 2494 3308 et
2535 3259 2804 3308 Annumo
2855 3255 3183 3325 praposito,
3235 3252 3626 3324 omnibusque

1985 3341 2278 3397 canonicis
2311 3343 2368 3398 S.
2403 3341 2754 3398 Veronensis
2785 3343 3048 3398 Ecclesiae
3078 3347 3195 3397 tam
3240 3340 3625 3412 praesentibus

1985 3447 2163 3502 quam
2197 3430 2430 3495 futuris,
2463 3435 2807 3502 perpetuam
2841 3432 2899 3485 in
2935 3431 3176 3486 Domino
3206 3432 3482 3486 salutem.

2055 3519 2658 3591 Convenitapostolico
2677 3519 3059 3574 moderamini
3087 3519 3179 3590 pia
3199 3519 3478 3588 religione
3503 3517 3626 3589 pol-

1981 3608 2240 3663 lentibus
2260 3607 2534 3663 benevola
2546 3607 2951 3678 compassione
2969 3624 3328 3671 succurrere,
3347 3612 3405 3661 et
3426 3613 3627 3677 peten-

1981 3695 2130 3752 tium
2143 3695 2450 3752 desideriis
2461 3712 2786 3766 congruum
2799 3694 2878 3750 im
2891 3696 3098 3765 pertire
3110 3694 3632 3762 sutfragium.Qua-

1983 3791 2218 3857 propter
2246 3802 2314 3840 ex
2344 3790 2507 3856 parte
2522 3783 2939 3855 omnipotentis
2962 3784 3060 3837 Dei
3083 3782 3290 3846 Patris,
3315 3785 3373 3835 et
3395 3779 3544 3849 Filii,
3572 3785 3631 3835 et

1983 3873 2234 3944 Spiritus
2247 3873 2303 3928 S.
2321 3877 2377 3928 et
2391 3873 2451 3926 Β.
2471 3871 2663 3927 Mariae
2679 3887 2800 3925 sem
2813 3886 2912 3940 per
2923 3869 3179 3940 Virginis
3208 3870 3630 3939 beatorumque

1982 3961 2378 4034 apostolorum
2405 3960 2554 4015 Petri
2567 3963 2625 4014 et
2639 3959 2798 4014 Pauli
2813 3963 3273 4028 ceterorumque
3287 3961 3627 4012 sanctorum

1983 4066 2234 4121 quorum
2267 4048 2507 4103 nomina
2553 4048 2612 4102 in
2661 4046 2807 4101 libro
2838 4047 2967 4101 vitae
3007 4049 3264 4117 ascripta
3310 4052 3488 4102 sunt:
3523 4062 3628 4100 nec

1982 4155 2097 4193 non
2129 4154 2197 4192 ex
2234 4135 2579 4190 auctoritate
2619 4139 2952 4190 sanctorum
3004 4151 3297 4190 canonum
3348 4133 3627 4190 omnibus

1981 4224 2352 4297 patriarehis,
2403 4223 2921 4295 archiepioscopis,
2981 4224 3296 4295 episcopis.
3356 4223 3628 4288 ducibus,

1982 4313 2444 4376 marchionibus,
2467 4312 2806 4379 comitibus,
2838 4329 2937 4368 seu
2964 4313 3213 4373 cunctis.
3238 4312 3469 4379 magnis
3503 4329 3627 4382 par-

1979 4404 2183 4474 visque
2241 4399 2505 4472 personis
2560 4400 2958 4472 praecipimus,
3027 4407 3093 4454 ut
3149 4405 3370 4454 vestras
3429 4416 3628 4468 perso-

1981 4508 2108 4556 nas,
2169 4507 2270 4545 seu
2330 4489 2564 4561 praedia,
2639 4506 2703 4543 ac
2762 4488 3062 4554 beneficia,
3121 4503 3476 4556 omnemque
3535 4502 3627 4540 ve-

211 4577 274 4629 Β.
328 4576 556 4645 Crucis,
599 4579 728 4648 jam
776 4579 973 4652 elapso
1027 4586 1288 4653 tempore
1344 4599 1378 4637 a
1424 4583 1872 4655 congregatione
1903 4595 1949 4659 Ι)
1979 4585 2160 4634 stram
2185 4580 2413 4648 justam
2457 4577 2890 4648 possessionem
2921 4582 2980 4630 et
3010 4575 3415 4629 investituram
3447 4575 3625 4628 bene-

210 4664 649 4722 monachorum
681 4667 783 4724 Dei
825 4667 925 4724 tali
971 4669 1097 4724 loco
1143 4675 1479 4741 competens
1518 4687 1756 4726 vacasse
1812 4677 1870 4728 et

206 4749 475 4808 sollicito
506 4754 668 4810 nullo
699 4756 1011 4828 praeposito
1039 4759 1099 4812 in
1131 4773 1198 4813 eo
1223 4763 1326 4813 aut
1367 4758 1669 4813 monachis
1701 4759 1866 4814 habi-

203 4840 486 4896 tantibus
514 4843 836 4900 traditum:
881 4846 1128 4916 permoti
1178 4846 1419 4918 proinde
1465 4847 1870 4918 compassione

204 4929 369 4984 tanti
403 4929 638 5000 piaculi,
666 4949 732 4988 ac
755 4933 1045 5006 compulsi
1075 4933 1295 5006 dolore,
1328 4934 1650 5008 apostolica
1669 4942 1866 4993 aucto-

200 5017 396 5074 ritate
439 5020 810 5090 providimus
855 5023 1209 5079 monasterio
1256 5024 1361 5079 tibi
1410 5024 1664 5080 comisso
1713 5025 1868 5082 idem

201 5109 646 5164 monasterium
665 5111 908 5178 sociare,
929 5116 1312 5183 quatenus,et
1328 5112 1869 5184 praesentisecunda

197 5193 562 5263 indictione,
594 5202 768 5270 atque
799 5199 856 5253 in
888 5204 1233 5271 perpetuum
1285 5219 1318 5255 a
1366 5207 1420 5256 te
1466 5201 1701 5273 tuisque
1733 5219 1869 5258 suc-

197 5285 555 5340 cessoribus
584 5302 718 5342 cum
750 5286 861 5343 sibi
892 5287 1168 5344 omnibus
1188 5288 1246 5343 in
1269 5288 1495 5362 integro
1518 5290 1870 5360 subjacenti-

197 5374 324 5430 bus
354 5373 729 5446 disponatur,
763 5381 939 5448 atque
967 5393 1100 5432 cum
1145 5376 1245 5432 Dei
1290 5377 1499 5433 timore
1530 5383 1786 5451 regatur,
1813 5383 1868 5434 et

190 5466 402 5518 vestro
435 5465 817 5534 conjunctuin
849 5465 1138 5520 subsistat
1168 5465 1542 5534 monasterio,
1577 5467 1658 5522 ita
1691 5473 1755 5522 ut
1802 5469 1861 5522 in

193 5550 414 5606 eodem
437 5552 756 5607 venerabili
788 5551 914 5609 loco
967 5553 1214 5610 Domino
1256 5554 1372 5610 Deo
1403 5559 1602 5611 nostro
1658 5555 1862 5612 laudes

192 5639 506 5697 exsolvere
542 5640 824 5698 debeatis.
877 5641 1110 5698 Nullam
1159 5660 1260 5699 vos
1310 5644 1594 5701 rationem
1653 5645 1860 5700 exinde

1979 4669 2246 4724 ficiorum
2296 4665 2580 4739 praedicta:
2629 4664 2940 4729 canonicae,
3001 4679 3180 4733 quam
3232 4677 3418 4733 usque
3472 4677 3628 4715 nunc

1981 4757 2274 4821 tenuistis,
2305 4754 2451 4810 nulli
2505 4755 2673 4809 liceat
2699 4753 2927 4817 laedere,
2961 4750 3257 4819 divestire,
3303 4749 3630 4822 inquietare

1978 4844 2067 4901 vel
2094 4845 2500 4900 investituram
2531 4841 2891 4898 abstrahere.
2944 4839 3227 4895 Similiter
3255 4839 3633 4912 praecipimus

1979 4939 2045 4989 ut
2065 4933 2265 4990 nullus
2295 4937 2552 4989 vestrum
2577 4929 2774 5001 aliquo
2797 4928 3030 5001 ingenio
3052 4929 3124 4984 ab
3147 4929 3419 5001 episcopo
3440 4934 3634 4985 vestro

1977 5021 2282 5087 beneﬁcia,
2316 5039 2442 5093 quae
2492 5018 2645 5076 soliti
2687 5018 2828 5074 estis
2878 5016 3174 5085 investire,
3227 5017 3508 5089 requirat,
3544 5017 3632 5071 vel

1977 5109 2386 5165 investituram
2417 5123 2486 5162 ex
2510 5107 2671 5162 illius
2721 5107 2998 5162 manibus
3047 5105 3315 5177 accipiat.
3355 5103 3636 5160 Similiter

1982 5197 2352 5269 praecipimus
2399 5198 2469 5252 de
2517 5196 2799 5252 omnibus
2851 5197 3025 5252 rebus
3073 5200 3276 5248 vestra:
3309 5191 3628 5252 canonicis,

1977 5292 2102 5342 tam
2176 5286 2247 5340 de
2321 5284 2503 5339 curtis
2570 5301 2864 5356 quamque
2934 5289 2992 5338 et
3059 5282 3130 5335 de
3200 5277 3457 5334 castellis
3524 5293 3628 5332 seu

1977 5374 2151 5439 villis,
2196 5373 2594 5438 xenodochiis,
2648 5373 2884 5438 factitis,
2936 5368 3260 5432 incensitis,
3295 5364 3626 5432 libellariis,

1975 5461 2239 5531 decimis,
2260 5461 2504 5517 serviset
2524 5463 2775 5526 ancillis,
2795 5459 2988 5523 terris,
3007 5456 3208 5520 vineis,
3227 5455 3434 5525 pratis,
3477 5454 3631 5510 sale-

1973 5550 2104 5616 etis,
2138 5549 2459 5614 montibus,
2495 5548 2762 5620 planiciis
2793 5552 2912 5600 tam
2949 5544 3098 5597 infra
3120 5541 3413 5598 civitatem
3449 5561 3628 5614 quam

1972 5643 2132 5696 extra
2159 5636 2454 5692 civitatem
2485 5654 2610 5707 qua:
2648 5653 2680 5691 a
2711 5635 2984 5689 ﬁdelibus
3015 5629 3180 5686 vobis
3213 5636 3352 5686 sunt
3379 5631 3626 5700 collatae,
