  <div class='ocr_page' id='page_1' title='image "/cluster/home/n/w/nwhite01/storage/ocr_20150623/143/hvd.32044054760038/311.png"; bbox 0 0 4088 6174; ppageno 0'>
   <div class='ocr_carea' id='block_1_1' title="bbox 476 334 600 402">
    <p class='ocr_par' dir='ltr' id='par_1_1' title="bbox 476 334 600 402">
     <span class='ocr_line' id='line_1_1' title="bbox 476 334 600 402; baseline 0 0"><span class='ocrx_word' id='word_1_1' title='bbox 476 334 600 402; x_wconf 78' lang='lat'><strong>607-</strong></span> 
     </span>
    </p>
   </div>
   <div class='ocr_carea' id='block_1_2' title="bbox 1544 330 2812 404">
    <p class='ocr_par' dir='ltr' id='par_1_2' title="bbox 1544 330 2812 404">
     <span class='ocr_line' id='line_1_2' title="bbox 1544 330 2812 404; baseline -0.001 -1"><span class='ocrx_word' id='word_1_2' title='bbox 1544 333 1610 403; x_wconf 75' lang='grc' dir='ltr'><strong>Β.</strong></span> <span class='ocrx_word' id='word_1_3' title='bbox 1655 336 1940 404; x_wconf 78' lang='lat' dir='ltr'><strong>LEONIS</strong></span> <span class='ocrx_word' id='word_1_4' title='bbox 1982 336 2065 402; x_wconf 85' lang='lat' dir='ltr'><strong>IX</strong></span> <span class='ocrx_word' id='word_1_5' title='bbox 2108 336 2340 403; x_wconf 65' lang='lat' dir='ltr'><strong>PAPJE</strong></span> <span class='ocrx_word' id='word_1_6' title='bbox 2382 330 2812 404; x_wconf 79' lang='lat' dir='ltr'><strong>OPUSCULA.</strong></span> 
     </span>
    </p>
   </div>
   <div class='ocr_carea' id='block_1_3' title="bbox 3757 328 3876 408">
    <p class='ocr_par' dir='ltr' id='par_1_3' title="bbox 3757 328 3876 408">
     <span class='ocr_line' id='line_1_3' title="bbox 3757 328 3876 408; baseline 0 -10"><span class='ocrx_word' id='word_1_7' title='bbox 3757 328 3876 408; x_wconf 72' lang='lat'><strong>608</strong></span> 
     </span>
    </p>
   </div>
   <div class='ocr_carea' id='block_1_4' title="bbox 478 469 3869 548">
    <p class='ocr_par' dir='ltr' id='par_1_4' title="bbox 478 469 3869 548">
     <span class='ocr_line' id='line_1_4' title="bbox 478 469 3869 548; baseline -0.004 -9"><span class='ocrx_word' id='word_1_8' title='bbox 478 477 570 540; x_wconf 86' lang='lat' dir='ltr'><strong>vel</strong></span> <span class='ocrx_word' id='word_1_9' title='bbox 603 476 836 546; x_wconf 83' lang='lat' dir='ltr'><strong>fuerint,</strong></span> <span class='ocrx_word' id='word_1_10' title='bbox 871 478 935 532; x_wconf 92' lang='lat' dir='ltr'><strong>ut</strong></span> <span class='ocrx_word' id='word_1_11' title='bbox 973 474 1136 546; x_wconf 86' lang='lat' dir='ltr'><strong>nulla</strong></span> <span class='ocrx_word' id='word_1_12' title='bbox 1186 490 1398 548; x_wconf 82' lang='lat' dir='ltr'><strong>magna</strong></span> <span class='ocrx_word' id='word_1_13' title='bbox 1444 489 1736 547; x_wconf 85' lang='lat' dir='ltr'><strong>parvaque</strong></span> <span class='ocrx_word' id='word_1_14' title='bbox 1785 490 2032 546; x_wconf 75' lang='lat' dir='ltr'><strong>persona</strong></span> <span class='ocrx_word' id='word_1_15' title='bbox 2060 491 2122 532; x_wconf 90' lang='lat' dir='ltr'><strong>se</strong></span> <span class='ocrx_word' id='word_1_16' title='bbox 2150 475 2205 544; x_wconf 85' lang='grc' dir='ltr'><strong>Α</strong></span> <span class='ocrx_word' id='word_1_17' title='bbox 2235 472 2344 534; x_wconf 90' lang='lat' dir='ltr'><strong>hoc</strong></span> <span class='ocrx_word' id='word_1_18' title='bbox 2366 479 2579 530; x_wconf 64' lang='lat' dir='ltr'><strong>nostra:</strong></span> <span class='ocrx_word' id='word_1_19' title='bbox 2597 472 2922 547; x_wconf 74' lang='lat' dir='ltr'><strong>apostolicae</strong></span> <span class='ocrx_word' id='word_1_20' title='bbox 2950 471 3314 532; x_wconf 77' lang='lat' dir='ltr'><strong>auctoritatis</strong></span> <span class='ocrx_word' id='word_1_21' title='bbox 3349 469 3736 545; x_wconf 82' lang='lat' dir='ltr'><strong>privilegium,</strong></span> <span class='ocrx_word' id='word_1_22' title='bbox 3758 487 3869 527; x_wconf 78' lang='lat'><strong>810-</strong></span> 
     </span>
    </p>
   </div>
   <div class='ocr_carea' id='block_1_5' title="bbox 482 564 2118 636">
    <p class='ocr_par' dir='ltr' id='par_1_5' title="bbox 482 564 2118 636">
     <span class='ocr_line' id='line_1_5' title="bbox 482 564 2118 636; baseline -0.004 -12"><span class='ocrx_word' id='word_1_23' title='bbox 482 567 863 630; x_wconf 87' lang='lat' dir='ltr'><strong>intromittat;</strong></span> <span class='ocrx_word' id='word_1_24' title='bbox 898 567 996 621; x_wconf 88' lang='lat' dir='ltr'><strong>sed</strong></span> <span class='ocrx_word' id='word_1_25' title='bbox 1030 565 1199 621; x_wconf 87' lang='lat' dir='ltr'><strong>liceat</strong></span> <span class='ocrx_word' id='word_1_26' title='bbox 1230 566 1390 620; x_wconf 84' lang='lat' dir='ltr'><strong>vobis</strong></span> <span class='ocrx_word' id='word_1_27' title='bbox 1434 564 1629 636; x_wconf 90' lang='lat' dir='ltr'><strong>quieto</strong></span> <span class='ocrx_word' id='word_1_28' title='bbox 1675 580 1773 619; x_wconf 86' lang='lat' dir='ltr'><strong>eas</strong></span> <span class='ocrx_word' id='word_1_29' title='bbox 1803 567 1997 620; x_wconf 90' lang='lat' dir='ltr'><strong>tenere</strong></span> <span class='ocrx_word' id='word_1_30' title='bbox 2028 581 2118 619; x_wconf 92' lang='lat' dir='ltr'><strong>or-</strong></span> 
     </span>
    </p>
   </div>
   <div class='ocr_carea' id='block_1_6' title="bbox 480 656 2120 727">
    <p class='ocr_par' dir='ltr' id='par_1_6' title="bbox 480 656 2120 727">
     <span class='ocr_line' id='line_1_6' title="bbox 480 656 2120 727; baseline -0.004 -13"><span class='ocrx_word' id='word_1_31' title='bbox 480 657 615 714; x_wconf 83' lang='lat' dir='ltr'><strong>dine</strong></span> <span class='ocrx_word' id='word_1_32' title='bbox 645 657 796 714; x_wconf 86' lang='lat' dir='ltr'><strong>sicut</strong></span> <span class='ocrx_word' id='word_1_33' title='bbox 838 672 940 727; x_wconf 85' lang='lat' dir='ltr'><strong>per</strong></span> <span class='ocrx_word' id='word_1_34' title='bbox 989 656 1314 710; x_wconf 84' lang='lat' dir='ltr'><strong>mercedem</strong></span> <span class='ocrx_word' id='word_1_35' title='bbox 1368 669 1632 707; x_wconf 89' lang='lat' dir='ltr'><strong>meorum</strong></span> <span class='ocrx_word' id='word_1_36' title='bbox 1683 657 2120 708; x_wconf 88' lang='lat' dir='ltr'><strong>autecessorum</strong></span> 
     </span>
    </p>
   </div>
   <div class='ocr_carea' id='block_1_7' title="bbox 480 741 2122 820">
    <p class='ocr_par' dir='ltr' id='par_1_7' title="bbox 480 741 2122 820">
     <span class='ocr_line' id='line_1_7' title="bbox 480 741 2122 820; baseline -0.002 -18"><span class='ocrx_word' id='word_1_37' title='bbox 480 746 845 820; x_wconf 83' lang='lat' dir='ltr'><strong>pontificum,</strong></span> <span class='ocrx_word' id='word_1_38' title='bbox 879 761 977 799; x_wconf 90' lang='lat' dir='ltr'><strong>seu</strong></span> <span class='ocrx_word' id='word_1_39' title='bbox 1010 744 1450 814; x_wconf 79' lang='lat' dir='ltr'><strong>imperatorum,</strong></span> <span class='ocrx_word' id='word_1_40' title='bbox 1498 745 1556 796; x_wconf 90' lang='lat' dir='ltr'><strong>et</strong></span> <span class='ocrx_word' id='word_1_41' title='bbox 1594 757 1796 813; x_wconf 86' lang='lat' dir='ltr'><strong>regum</strong></span> <span class='ocrx_word' id='word_1_42' title='bbox 1836 741 2122 798; x_wconf 84' lang='lat' dir='ltr'><strong>hactenus</strong></span> 
     </span>
    </p>
   </div>
   <div class='ocr_carea' id='block_1_8' title="bbox 476 829 2120 900">
    <p class='ocr_par' dir='ltr' id='par_1_8' title="bbox 476 829 2120 900">
     <span class='ocr_line' id='line_1_8' title="bbox 476 829 2120 900; baseline -0.005 -8"><span class='ocrx_word' id='word_1_43' title='bbox 476 835 770 900; x_wconf 88' lang='lat' dir='ltr'><strong>tennistis,</strong></span> <span class='ocrx_word' id='word_1_44' title='bbox 797 849 861 888; x_wconf 91' lang='lat' dir='ltr'><strong>eo</strong></span> <span class='ocrx_word' id='word_1_45' title='bbox 883 830 1150 886; x_wconf 84' lang='lat' dir='ltr'><strong>videlicet</strong></span> <span class='ocrx_word' id='word_1_46' title='bbox 1172 830 1371 883; x_wconf 84' lang='lat' dir='ltr'><strong>ordine</strong></span> <span class='ocrx_word' id='word_1_47' title='bbox 1394 829 1494 900; x_wconf 89' lang='lat' dir='ltr'><strong>qui</strong></span> <span class='ocrx_word' id='word_1_48' title='bbox 1517 829 1574 883; x_wconf 90' lang='lat' dir='ltr'><strong>in</strong></span> <span class='ocrx_word' id='word_1_49' title='bbox 1604 835 1932 884; x_wconf 88' lang='lat' dir='ltr'><strong>vestrarum</strong></span> <span class='ocrx_word' id='word_1_50' title='bbox 1952 830 2120 886; x_wconf 90' lang='lat' dir='ltr'><strong>char-</strong></span> 
     </span>
    </p>
   </div>
   <div class='ocr_carea' id='block_1_9' title="bbox 478 917 2122 990">
    <p class='ocr_par' dir='ltr' id='par_1_9' title="bbox 478 917 2122 990">
     <span class='ocr_line' id='line_1_9' title="bbox 478 917 2122 990; baseline -0.004 -11"><span class='ocrx_word' id='word_1_51' title='bbox 478 924 738 980; x_wconf 90' lang='lat' dir='ltr'><strong>tularum</strong></span> <span class='ocrx_word' id='word_1_52' title='bbox 789 919 1103 990; x_wconf 88' lang='lat' dir='ltr'><strong>paginibus</strong></span> <span class='ocrx_word' id='word_1_53' title='bbox 1156 917 1506 972; x_wconf 80' lang='lat' dir='ltr'><strong>continetur.</strong></span> <span class='ocrx_word' id='word_1_54' title='bbox 1560 919 1627 973; x_wconf 89' lang='lat' dir='ltr'><strong>Et</strong></span> <span class='ocrx_word' id='word_1_55' title='bbox 1673 919 1743 973; x_wconf 92' lang='lat' dir='ltr'><strong>de</strong></span> <span class='ocrx_word' id='word_1_56' title='bbox 1801 917 1962 973; x_wconf 90' lang='lat' dir='ltr'><strong>nulla</strong></span> <span class='ocrx_word' id='word_1_57' title='bbox 2008 917 2122 972; x_wconf 90' lang='lat' dir='ltr'><strong>alia</strong></span> 
     </span>
    </p>
   </div>
   <div class='ocr_carea' id='block_1_10' title="bbox 476 1005 2118 1078">
    <p class='ocr_par' dir='ltr' id='par_1_10' title="bbox 476 1005 2118 1078">
     <span class='ocr_line' id='line_1_10' title="bbox 476 1005 2118 1078; baseline -0.004 -12"><span class='ocrx_word' id='word_1_58' title='bbox 476 1010 733 1066; x_wconf 89' lang='lat' dir='ltr'><strong>Ecclesia</strong></span> <span class='ocrx_word' id='word_1_59' title='bbox 790 1023 967 1078; x_wconf 72' lang='lat' dir='ltr'><strong>super</strong></span> <span class='ocrx_word' id='word_1_60' title='bbox 1033 1023 1138 1061; x_wconf 91' lang='lat' dir='ltr'><strong>nos</strong></span> <span class='ocrx_word' id='word_1_61' title='bbox 1213 1005 1698 1078; x_wconf 75' lang='lat' dir='ltr'><strong>archipresbyter,</strong></span> <span class='ocrx_word' id='word_1_62' title='bbox 1768 1007 1855 1061; x_wconf 86' lang='lat' dir='ltr'><strong>vel</strong></span> <span class='ocrx_word' id='word_1_63' title='bbox 1930 1007 2118 1062; x_wconf 87' lang='lat' dir='ltr'><strong>archi-</strong></span> 
     </span>
    </p>
   </div>
   <div class='ocr_carea' id='block_1_11' title="bbox 475 1095 2121 1166">
    <p class='ocr_par' dir='ltr' id='par_1_11' title="bbox 475 1095 2121 1166">
     <span class='ocr_line' id='line_1_11' title="bbox 475 1095 2121 1166; baseline -0.004 -12"><span class='ocrx_word' id='word_1_64' title='bbox 475 1099 758 1154; x_wconf 82' lang='lat' dir='ltr'><strong>diaconus</strong></span> <span class='ocrx_word' id='word_1_65' title='bbox 814 1095 1174 1166; x_wconf 72' lang='lat' dir='ltr'><strong>praeferatur,</strong></span> <span class='ocrx_word' id='word_1_66' title='bbox 1233 1095 1321 1149; x_wconf 89' lang='lat' dir='ltr'><strong>vel</strong></span> <span class='ocrx_word' id='word_1_67' title='bbox 1390 1095 1604 1166; x_wconf 79' lang='lat' dir='ltr'><strong>aliquis</strong></span> <span class='ocrx_word' id='word_1_68' title='bbox 1661 1112 1729 1150; x_wconf 79' lang='lat' dir='ltr'><strong>ex</strong></span> <span class='ocrx_word' id='word_1_69' title='bbox 1786 1095 1938 1150; x_wconf 90' lang='lat' dir='ltr'><strong>clero</strong></span> <span class='ocrx_word' id='word_1_70' title='bbox 1993 1096 2121 1149; x_wconf 84' lang='lat' dir='ltr'><strong>sine</strong></span> 
     </span>
    </p>
   </div>
   <div class='ocr_carea' id='block_1_12' title="bbox 475 1184 2118 1240">
    <p class='ocr_par' dir='ltr' id='par_1_12' title="bbox 475 1184 2118 1240">
     <span class='ocr_line' id='line_1_12' title="bbox 475 1184 2118 1240; baseline 0.001 -3"><span class='ocrx_word' id='word_1_71' title='bbox 475 1185 757 1240; x_wconf 61' lang='lat' dir='ltr'><strong>electione</strong></span> <span class='ocrx_word' id='word_1_72' title='bbox 789 1187 1133 1238; x_wconf 79' lang='lat' dir='ltr'><strong>cunctarum</strong></span> <span class='ocrx_word' id='word_1_73' title='bbox 1184 1184 1428 1239; x_wconf 84' lang='lat' dir='ltr'><strong>fratrum</strong></span> <span class='ocrx_word' id='word_1_74' title='bbox 1480 1188 1732 1238; x_wconf 83' lang='lat' dir='ltr'><strong>vestram</strong></span> <span class='ocrx_word' id='word_1_75' title='bbox 1783 1184 2118 1238; x_wconf 88' lang='lat' dir='ltr'><strong>societatem</strong></span> 
     </span>
    </p>
   </div>
   <div class='ocr_carea' id='block_1_13' title="bbox 474 1272 2117 1344">
    <p class='ocr_par' dir='ltr' id='par_1_13' title="bbox 474 1272 2117 1344">
     <span class='ocr_line' id='line_1_13' title="bbox 474 1272 2117 1344; baseline -0.002 -14"><span class='ocrx_word' id='word_1_76' title='bbox 474 1273 793 1330; x_wconf 87' lang='lat' dir='ltr'><strong>ordinetur.</strong></span> <span class='ocrx_word' id='word_1_77' title='bbox 829 1273 990 1337; x_wconf 86' lang='lat' dir='ltr'><strong>Quod</strong></span> <span class='ocrx_word' id='word_1_78' title='bbox 1017 1273 1088 1325; x_wconf 90' lang='lat' dir='ltr'><strong>ob</strong></span> <span class='ocrx_word' id='word_1_79' title='bbox 1138 1272 1247 1327; x_wconf 90' lang='lat' dir='ltr'><strong>hoc</strong></span> <span class='ocrx_word' id='word_1_80' title='bbox 1296 1273 1422 1327; x_wconf 91' lang='lat' dir='ltr'><strong>dico</strong></span> <span class='ocrx_word' id='word_1_81' title='bbox 1474 1273 1612 1344; x_wconf 88' lang='lat' dir='ltr'><strong>quia</strong></span> <span class='ocrx_word' id='word_1_82' title='bbox 1661 1289 1828 1342; x_wconf 90' lang='lat' dir='ltr'><strong>spero</strong></span> <span class='ocrx_word' id='word_1_83' title='bbox 1861 1276 2117 1327; x_wconf 83' lang='lat' dir='ltr'><strong>vestram</strong></span> 
     </span>
    </p>
   </div>
   <div class='ocr_carea' id='block_1_14' title="bbox 475 1360 2121 1431">
    <p class='ocr_par' dir='ltr' id='par_1_14' title="bbox 475 1360 2121 1431">
     <span class='ocr_line' id='line_1_14' title="bbox 475 1360 2121 1431; baseline -0.004 -10"><span class='ocrx_word' id='word_1_84' title='bbox 475 1361 782 1422; x_wconf 83' lang='lat' dir='ltr'><strong>ecclesiam</strong></span> <span class='ocrx_word' id='word_1_85' title='bbox 816 1377 1116 1431; x_wconf 86' lang='lat' dir='ltr'><strong>nunquam</strong></span> <span class='ocrx_word' id='word_1_86' title='bbox 1148 1360 1458 1416; x_wconf 85' lang='lat' dir='ltr'><strong>carituram</strong></span> <span class='ocrx_word' id='word_1_87' title='bbox 1503 1360 1729 1416; x_wconf 89' lang='lat' dir='ltr'><strong>clericis</strong></span> <span class='ocrx_word' id='word_1_88' title='bbox 1779 1360 1876 1431; x_wconf 89' lang='lat' dir='ltr'><strong>qui</strong></span> <span class='ocrx_word' id='word_1_89' title='bbox 1909 1361 1979 1416; x_wconf 88' lang='lat' dir='ltr'><strong>ad</strong></span> <span class='ocrx_word' id='word_1_90' title='bbox 2014 1361 2121 1414; x_wconf 90' lang='lat' dir='ltr'><strong>bos</strong></span> 
     </span>
    </p>
   </div>
   <div class='ocr_carea' id='block_1_15' title="bbox 474 1448 2120 1521">
    <p class='ocr_par' dir='ltr' id='par_1_15' title="bbox 474 1448 2120 1521">
     <span class='ocr_line' id='line_1_15' title="bbox 474 1448 2120 1521; baseline -0.003 -14"><span class='ocrx_word' id='word_1_91' title='bbox 474 1451 726 1508; x_wconf 86' lang='lat' dir='ltr'><strong>honores</strong></span> <span class='ocrx_word' id='word_1_92' title='bbox 759 1449 879 1505; x_wconf 89' lang='lat' dir='ltr'><strong>sint</strong></span> <span class='ocrx_word' id='word_1_93' title='bbox 909 1449 1104 1505; x_wconf 86' lang='lat' dir='ltr'><strong>utiles.</strong></span> <span class='ocrx_word' id='word_1_94' title='bbox 1137 1449 1191 1504; x_wconf 91' lang='lat' dir='ltr'><strong>Si</strong></span> <span class='ocrx_word' id='word_1_95' title='bbox 1217 1466 1350 1505; x_wconf 89' lang='lat' dir='ltr'><strong>vero</strong></span> <span class='ocrx_word' id='word_1_96' title='bbox 1375 1449 1841 1521; x_wconf 85' lang='lat' dir='ltr'><strong>archipresbyter</strong></span> <span class='ocrx_word' id='word_1_97' title='bbox 1861 1454 1917 1506; x_wconf 91' lang='lat' dir='ltr'><strong>et</strong></span> <span class='ocrx_word' id='word_1_98' title='bbox 1938 1448 2120 1504; x_wconf 88' lang='lat' dir='ltr'><strong>archi-</strong></span> 
     </span>
    </p>
   </div>
   <div class='ocr_carea' id='block_1_16' title="bbox 474 1537 2119 1610">
    <p class='ocr_par' dir='ltr' id='par_1_16' title="bbox 474 1537 2119 1610">
     <span class='ocr_line' id='line_1_16' title="bbox 474 1537 2119 1610; baseline -0.004 -12"><span class='ocrx_word' id='word_1_99' title='bbox 474 1541 756 1598; x_wconf 85' lang='lat' dir='ltr'><strong>diaconus</strong></span> <span class='ocrx_word' id='word_1_100' title='bbox 797 1539 866 1592; x_wconf 90' lang='lat' dir='ltr'><strong>de</strong></span> <span class='ocrx_word' id='word_1_101' title='bbox 898 1537 1258 1610; x_wconf 86' lang='lat' dir='ltr'><strong>supradictis</strong></span> <span class='ocrx_word' id='word_1_102' title='bbox 1289 1537 1543 1592; x_wconf 66' lang='lat' dir='ltr'><strong>ecclesiae</strong></span> <span class='ocrx_word' id='word_1_103' title='bbox 1569 1537 1738 1592; x_wconf 86' lang='lat' dir='ltr'><strong>bonis</strong></span> <span class='ocrx_word' id='word_1_104' title='bbox 1769 1537 1895 1593; x_wconf 89' lang='lat' dir='ltr'><strong>sine</strong></span> <span class='ocrx_word' id='word_1_105' title='bbox 1922 1537 2119 1592; x_wconf 87' lang='lat' dir='ltr'><strong>volun-</strong></span> 
     </span>
    </p>
   </div>
   <div class='ocr_carea' id='block_1_17' title="bbox 473 1626 2119 1693">
    <p class='ocr_par' dir='ltr' id='par_1_17' title="bbox 473 1626 2119 1693">
     <span class='ocr_line' id='line_1_17' title="bbox 473 1626 2119 1693; baseline -0.002 -9"><span class='ocrx_word' id='word_1_106' title='bbox 473 1633 594 1684; x_wconf 89' lang='lat' dir='ltr'><strong>tate</strong></span> <span class='ocrx_word' id='word_1_107' title='bbox 624 1633 682 1686; x_wconf 89' lang='lat' dir='ltr'><strong>et</strong></span> <span class='ocrx_word' id='word_1_108' title='bbox 707 1627 1044 1684; x_wconf 88' lang='lat' dir='ltr'><strong>laudatione</strong></span> <span class='ocrx_word' id='word_1_109' title='bbox 1094 1628 1340 1682; x_wconf 84' lang='lat' dir='ltr'><strong>fratrum</strong></span> <span class='ocrx_word' id='word_1_110' title='bbox 1385 1628 1523 1682; x_wconf 91' lang='lat' dir='ltr'><strong>dare</strong></span> <span class='ocrx_word' id='word_1_111' title='bbox 1571 1627 1897 1693; x_wconf 88' lang='lat' dir='ltr'><strong>tentaverit,</strong></span> <span class='ocrx_word' id='word_1_112' title='bbox 1929 1626 2119 1681; x_wconf 90' lang='lat' dir='ltr'><strong>omni-</strong></span> 
     </span>
    </p>
   </div>
   <div class='ocr_carea' id='block_1_18' title="bbox 476 1714 2116 1776">
    <p class='ocr_par' dir='ltr' id='par_1_18' title="bbox 476 1714 2116 1776">
     <span class='ocr_line' id='line_1_18' title="bbox 476 1714 2116 1776; baseline -0.005 0"><span class='ocrx_word' id='word_1_113' title='bbox 476 1719 650 1776; x_wconf 86' lang='lat' dir='ltr'><strong>modo</strong></span> <span class='ocrx_word' id='word_1_114' title='bbox 681 1716 1088 1772; x_wconf 87' lang='lat' dir='ltr'><strong>interdicimus</strong></span> <span class='ocrx_word' id='word_1_115' title='bbox 1121 1733 1192 1771; x_wconf 92' lang='lat' dir='ltr'><strong>ne</strong></span> <span class='ocrx_word' id='word_1_116' title='bbox 1225 1715 1566 1772; x_wconf 88' lang='lat' dir='ltr'><strong>scandalum</strong></span> <span class='ocrx_word' id='word_1_117' title='bbox 1597 1719 1654 1770; x_wconf 90' lang='lat' dir='ltr'><strong>in</strong></span> <span class='ocrx_word' id='word_1_118' title='bbox 1708 1714 1964 1770; x_wconf 87' lang='lat' dir='ltr'><strong>Ecclesia</strong></span> <span class='ocrx_word' id='word_1_119' title='bbox 1996 1716 2116 1769; x_wconf 87' lang='lat' dir='ltr'><strong>ﬁat.</strong></span> 
     </span>
    </p>
   </div>
   <div class='ocr_carea' id='block_1_19' title="bbox 476 1802 2200 1910">
    <p class='ocr_par' dir='ltr' id='par_1_19' title="bbox 476 1802 2200 1910">
     <span class='ocr_line' id='line_1_19' title="bbox 476 1802 2200 1910; baseline -0.003 -47"><span class='ocrx_word' id='word_1_120' title='bbox 476 1807 536 1864; x_wconf 88' lang='lat' dir='ltr'><strong>Si</strong></span> <span class='ocrx_word' id='word_1_121' title='bbox 563 1811 780 1874; x_wconf 90' lang='lat' dir='ltr'><strong>autem,</strong></span> <span class='ocrx_word' id='word_1_122' title='bbox 816 1805 968 1877; x_wconf 88' lang='lat' dir='ltr'><strong>quod</strong></span> <span class='ocrx_word' id='word_1_123' title='bbox 1004 1804 1196 1860; x_wconf 85' lang='lat' dir='ltr'><strong>absit!</strong></span> <span class='ocrx_word' id='word_1_124' title='bbox 1232 1804 1698 1876; x_wconf 84' lang='lat' dir='ltr'><strong>archipresbyter</strong></span> <span class='ocrx_word' id='word_1_125' title='bbox 1744 1807 1802 1857; x_wconf 92' lang='lat' dir='ltr'><strong>et</strong></span> <span class='ocrx_word' id='word_1_126' title='bbox 1832 1802 2119 1857; x_wconf 89' lang='lat' dir='ltr'><strong>archidia-</strong></span> <span class='ocrx_word' id='word_1_127' title='bbox 2150 1843 2200 1910; x_wconf 77' lang='grc' dir='ltr'><strong>Β</strong></span> 
     </span>
    </p>
   </div>
   <div class='ocr_carea' id='block_1_20' title="bbox 475 1891 2119 1965">
    <p class='ocr_par' dir='ltr' id='par_1_20' title="bbox 475 1891 2119 1965">
     <span class='ocr_line' id='line_1_20' title="bbox 475 1891 2119 1965; baseline -0.003 -14"><span class='ocrx_word' id='word_1_128' title='bbox 475 1913 659 1952; x_wconf 89' lang='lat' dir='ltr'><strong>conus</strong></span> <span class='ocrx_word' id='word_1_129' title='bbox 685 1911 801 1950; x_wconf 92' lang='lat' dir='ltr'><strong>uno</strong></span> <span class='ocrx_word' id='word_1_130' title='bbox 827 1899 1088 1965; x_wconf 89' lang='lat' dir='ltr'><strong>tempore</strong></span> <span class='ocrx_word' id='word_1_131' title='bbox 1108 1892 1327 1948; x_wconf 89' lang='lat' dir='ltr'><strong>mortui</strong></span> <span class='ocrx_word' id='word_1_132' title='bbox 1347 1893 1580 1955; x_wconf 88' lang='lat' dir='ltr'><strong>fuerint,</strong></span> <span class='ocrx_word' id='word_1_133' title='bbox 1622 1892 1790 1947; x_wconf 89' lang='lat' dir='ltr'><strong>liceat</strong></span> <span class='ocrx_word' id='word_1_134' title='bbox 1812 1891 2119 1963; x_wconf 73' lang='lat' dir='ltr'><strong>praeposito</strong></span> 
     </span>
    </p>
   </div>
   <div class='ocr_carea' id='block_1_21' title="bbox 476 1979 2124 2052">
    <p class='ocr_par' dir='ltr' id='par_1_21' title="bbox 476 1979 2124 2052">
     <span class='ocr_line' id='line_1_21' title="bbox 476 1979 2124 2052; baseline -0.004 -12"><span class='ocrx_word' id='word_1_135' title='bbox 476 1984 590 2040; x_wconf 81' lang='lat' dir='ltr'><strong>frui</strong></span> <span class='ocrx_word' id='word_1_136' title='bbox 621 1983 1059 2040; x_wconf 83' lang='lat' dir='ltr'><strong>officioillorum</strong></span> <span class='ocrx_word' id='word_1_137' title='bbox 1075 1981 1645 2048; x_wconf 86' lang='lat' dir='ltr'><strong>investituris,donec</strong></span> <span class='ocrx_word' id='word_1_138' title='bbox 1657 1979 2124 2052; x_wconf 83' lang='lat' dir='ltr'><strong>archipresbyter</strong></span> 
     </span>
    </p>
   </div>
   <div class='ocr_carea' id='block_1_22' title="bbox 473 2066 2122 2132">
    <p class='ocr_par' dir='ltr' id='par_1_22' title="bbox 473 2066 2122 2132">
     <span class='ocr_line' id='line_1_22' title="bbox 473 2066 2122 2132; baseline -0.007 0"><span class='ocrx_word' id='word_1_139' title='bbox 473 2073 562 2132; x_wconf 91' lang='lat' dir='ltr'><strong>vel</strong></span> <span class='ocrx_word' id='word_1_140' title='bbox 597 2072 1044 2130; x_wconf 86' lang='lat' dir='ltr'><strong>archidiaconus</strong></span> <span class='ocrx_word' id='word_1_141' title='bbox 1077 2071 1382 2126; x_wconf 86' lang='lat' dir='ltr'><strong>ordinatus</strong></span> <span class='ocrx_word' id='word_1_142' title='bbox 1416 2069 1606 2124; x_wconf 90' lang='lat' dir='ltr'><strong>fuerit.</strong></span> <span class='ocrx_word' id='word_1_143' title='bbox 1642 2070 1700 2124; x_wconf 88' lang='lat' dir='ltr'><strong>Si</strong></span> <span class='ocrx_word' id='word_1_144' title='bbox 1733 2069 1888 2124; x_wconf 88' lang='lat' dir='ltr'><strong>enim</strong></span> <span class='ocrx_word' id='word_1_145' title='bbox 1921 2068 1992 2124; x_wconf 89' lang='lat' dir='ltr'><strong>ab</strong></span> <span class='ocrx_word' id='word_1_146' title='bbox 2024 2066 2122 2122; x_wconf 86' lang='lat' dir='ltr'><strong>ali-</strong></span> 
     </span>
    </p>
   </div>
   <div class='ocr_carea' id='block_1_23' title="bbox 475 2156 2124 2236">
    <p class='ocr_par' dir='ltr' id='par_1_23' title="bbox 475 2156 2124 2236">
     <span class='ocr_line' id='line_1_23' title="bbox 475 2156 2124 2236; baseline -0.006 -17"><span class='ocrx_word' id='word_1_147' title='bbox 475 2180 592 2236; x_wconf 89' lang='lat' dir='ltr'><strong>quo</strong></span> <span class='ocrx_word' id='word_1_148' title='bbox 623 2161 845 2234; x_wconf 90' lang='lat' dir='ltr'><strong>aliquid</strong></span> <span class='ocrx_word' id='word_1_149' title='bbox 874 2158 1226 2214; x_wconf 86' lang='lat' dir='ltr'><strong>inventionis</strong></span> <span class='ocrx_word' id='word_1_150' title='bbox 1259 2157 1544 2228; x_wconf 90' lang='lat' dir='ltr'><strong>scriptum</strong></span> <span class='ocrx_word' id='word_1_151' title='bbox 1596 2161 1890 2228; x_wconf 90' lang='lat' dir='ltr'><strong>repertum</strong></span> <span class='ocrx_word' id='word_1_152' title='bbox 1947 2156 2124 2211; x_wconf 82' lang='lat' dir='ltr'><strong>fuerit</strong></span> 
     </span>
    </p>
   </div>
   <div class='ocr_carea' id='block_1_24' title="bbox 475 2244 2120 2311">
    <p class='ocr_par' dir='ltr' id='par_1_24' title="bbox 475 2244 2120 2311">
     <span class='ocr_line' id='line_1_24' title="bbox 475 2244 2120 2311; baseline -0.004 -5"><span class='ocrx_word' id='word_1_153' title='bbox 475 2244 547 2306; x_wconf 86' lang='lat' dir='ltr'><strong>ad</strong></span> <span class='ocrx_word' id='word_1_154' title='bbox 580 2249 994 2306; x_wconf 87' lang='lat' dir='ltr'><strong>destruendam</strong></span> <span class='ocrx_word' id='word_1_155' title='bbox 1027 2246 1438 2301; x_wconf 88' lang='lat' dir='ltr'><strong>rectitudinem</strong></span> <span class='ocrx_word' id='word_1_156' title='bbox 1481 2246 1776 2311; x_wconf 89' lang='lat' dir='ltr'><strong>ordinum,</strong></span> <span class='ocrx_word' id='word_1_157' title='bbox 1813 2249 1915 2301; x_wconf 86' lang='lat' dir='ltr'><strong>aut</strong></span> <span class='ocrx_word' id='word_1_158' title='bbox 1943 2244 2120 2300; x_wconf 67' lang='lat' dir='ltr'><strong>hazre-</strong></span> 
     </span>
    </p>
   </div>
   <div class='ocr_carea' id='block_1_25' title="bbox 477 2333 2122 2405">
    <p class='ocr_par' dir='ltr' id='par_1_25' title="bbox 477 2333 2122 2405">
     <span class='ocr_line' id='line_1_25' title="bbox 477 2333 2122 2405; baseline -0.005 -11"><span class='ocrx_word' id='word_1_159' title='bbox 477 2338 718 2394; x_wconf 88' lang='lat' dir='ltr'><strong>ditatem</strong></span> <span class='ocrx_word' id='word_1_160' title='bbox 751 2339 1024 2400; x_wconf 79' lang='lat' dir='ltr'><strong>vestram,</strong></span> <span class='ocrx_word' id='word_1_161' title='bbox 1056 2334 1140 2389; x_wconf 91' lang='lat' dir='ltr'><strong>vel</strong></span> <span class='ocrx_word' id='word_1_162' title='bbox 1170 2351 1237 2388; x_wconf 88' lang='lat' dir='ltr'><strong>ea</strong></span> <span class='ocrx_word' id='word_1_163' title='bbox 1266 2351 1394 2404; x_wconf 79' lang='lat' dir='ltr'><strong>quae</strong></span> <span class='ocrx_word' id='word_1_164' title='bbox 1425 2351 1605 2405; x_wconf 88' lang='lat' dir='ltr'><strong>supra</strong></span> <span class='ocrx_word' id='word_1_165' title='bbox 1625 2333 1900 2400; x_wconf 81' lang='lat' dir='ltr'><strong>diximus,</strong></span> <span class='ocrx_word' id='word_1_166' title='bbox 1927 2333 2122 2405; x_wconf 83' lang='lat' dir='ltr'><strong>praeci-</strong></span> 
     </span>
    </p>
   </div>
   <div class='ocr_carea' id='block_1_26' title="bbox 477 2423 2118 2497">
    <p class='ocr_par' dir='ltr' id='par_1_26' title="bbox 477 2423 2118 2497">
     <span class='ocr_line' id='line_1_26' title="bbox 477 2423 2118 2497; baseline -0.001 -19"><span class='ocrx_word' id='word_1_167' title='bbox 477 2425 676 2497; x_wconf 86' lang='lat' dir='ltr'><strong>pimus</strong></span> <span class='ocrx_word' id='word_1_168' title='bbox 707 2429 773 2478; x_wconf 90' lang='lat' dir='ltr'><strong>ut</strong></span> <span class='ocrx_word' id='word_1_169' title='bbox 797 2424 1135 2480; x_wconf 87' lang='lat' dir='ltr'><strong>omnimodo</strong></span> <span class='ocrx_word' id='word_1_170' title='bbox 1171 2423 1507 2478; x_wconf 88' lang='lat' dir='ltr'><strong>destruatur</strong></span> <span class='ocrx_word' id='word_1_171' title='bbox 1537 2427 1593 2477; x_wconf 89' lang='lat' dir='ltr'><strong>et</strong></span> <span class='ocrx_word' id='word_1_172' title='bbox 1627 2439 1930 2494; x_wconf 89' lang='lat' dir='ltr'><strong>nunquam</strong></span> <span class='ocrx_word' id='word_1_173' title='bbox 1961 2438 2118 2476; x_wconf 87' lang='lat' dir='ltr'><strong>com-</strong></span> 
     </span>
    </p>
   </div>
   <div class='ocr_carea' id='block_1_27' title="bbox 477 2510 2120 2586">
    <p class='ocr_par' dir='ltr' id='par_1_27' title="bbox 477 2510 2120 2586">
     <span class='ocr_line' id='line_1_27' title="bbox 477 2510 2120 2586; baseline -0.002 -18"><span class='ocrx_word' id='word_1_174' title='bbox 477 2516 698 2586; x_wconf 85' lang='lat' dir='ltr'><strong>pareat.</strong></span> <span class='ocrx_word' id='word_1_175' title='bbox 733 2512 791 2568; x_wconf 92' lang='lat' dir='ltr'><strong>Si</strong></span> <span class='ocrx_word' id='word_1_176' title='bbox 824 2529 976 2578; x_wconf 89' lang='lat' dir='ltr'><strong>vero,</strong></span> <span class='ocrx_word' id='word_1_177' title='bbox 1010 2511 1165 2582; x_wconf 90' lang='lat' dir='ltr'><strong>quod</strong></span> <span class='ocrx_word' id='word_1_178' title='bbox 1196 2511 1382 2566; x_wconf 90' lang='lat' dir='ltr'><strong>absitl</strong></span> <span class='ocrx_word' id='word_1_179' title='bbox 1422 2515 1484 2565; x_wconf 91' lang='lat' dir='ltr'><strong>ut</strong></span> <span class='ocrx_word' id='word_1_180' title='bbox 1527 2511 1740 2582; x_wconf 88' lang='lat' dir='ltr'><strong>aliquis</strong></span> <span class='ocrx_word' id='word_1_181' title='bbox 1779 2514 1980 2566; x_wconf 89' lang='lat' dir='ltr'><strong>contra</strong></span> <span class='ocrx_word' id='word_1_182' title='bbox 2010 2510 2120 2565; x_wconf 88' lang='lat' dir='ltr'><strong>hoc</strong></span> 
     </span>
    </p>
   </div>
   <div class='ocr_carea' id='block_1_28' title="bbox 476 2596 2119 2671">
    <p class='ocr_par' dir='ltr' id='par_1_28' title="bbox 476 2596 2119 2671">
     <span class='ocr_line' id='line_1_28' title="bbox 476 2596 2119 2671; baseline -0.002 -15"><span class='ocrx_word' id='word_1_183' title='bbox 476 2606 686 2657; x_wconf 66' lang='lat' dir='ltr'><strong>nostrae</strong></span> <span class='ocrx_word' id='word_1_184' title='bbox 699 2600 1030 2656; x_wconf 90' lang='lat' dir='ltr'><strong>auctoritati</strong></span> <span class='ocrx_word' id='word_1_185' title='bbox 1039 2600 1360 2671; x_wconf 90' lang='lat' dir='ltr'><strong>sscriptum</strong></span> <span class='ocrx_word' id='word_1_186' title='bbox 1379 2616 1547 2671; x_wconf 89' lang='lat' dir='ltr'><strong>agere</strong></span> <span class='ocrx_word' id='word_1_187' title='bbox 1561 2599 1893 2670; x_wconf 83' lang='lat' dir='ltr'><strong>tentaverit,</strong></span> <span class='ocrx_word' id='word_1_188' title='bbox 1916 2596 2001 2653; x_wconf 87' lang='lat' dir='ltr'><strong>vel</strong></span> <span class='ocrx_word' id='word_1_189' title='bbox 2018 2615 2119 2653; x_wconf 89' lang='lat' dir='ltr'><strong>vos</strong></span> 
     </span>
    </p>
   </div>
   <div class='ocr_carea' id='block_1_29' title="bbox 477 2688 2118 2760">
    <p class='ocr_par' dir='ltr' id='par_1_29' title="bbox 477 2688 2118 2760">
     <span class='ocr_line' id='line_1_29' title="bbox 477 2688 2118 2760; baseline -0.004 -13"><span class='ocrx_word' id='word_1_190' title='bbox 477 2691 535 2747; x_wconf 87' lang='lat' dir='ltr'><strong>in</strong></span> <span class='ocrx_word' id='word_1_191' title='bbox 559 2690 652 2746; x_wconf 89' lang='lat' dir='ltr'><strong>his</strong></span> <span class='ocrx_word' id='word_1_192' title='bbox 674 2706 800 2760; x_wconf 60' lang='lat' dir='ltr'><strong>quae</strong></span> <span class='ocrx_word' id='word_1_193' title='bbox 823 2706 1001 2760; x_wconf 86' lang='lat' dir='ltr'><strong>supra</strong></span> <span class='ocrx_word' id='word_1_194' title='bbox 1026 2689 1283 2743; x_wconf 83' lang='lat' dir='ltr'><strong>diximus</strong></span> <span class='ocrx_word' id='word_1_195' title='bbox 1305 2688 1628 2753; x_wconf 69' lang='lat' dir='ltr'><strong>offenderit,</strong></span> <span class='ocrx_word' id='word_1_196' title='bbox 1653 2688 1700 2743; x_wconf 88' lang='lat' dir='ltr'><strong>si</strong></span> <span class='ocrx_word' id='word_1_197' title='bbox 1724 2688 1876 2743; x_wconf 89' lang='lat' dir='ltr'><strong>infra</strong></span> <span class='ocrx_word' id='word_1_198' title='bbox 1897 2703 2118 2741; x_wconf 88' lang='lat' dir='ltr'><strong>annum</strong></span> 
     </span>
    </p>
   </div>
   <div class='ocr_carea' id='block_1_30' title="bbox 476 2775 2117 2842">
    <p class='ocr_par' dir='ltr' id='par_1_30' title="bbox 476 2775 2117 2842">
     <span class='ocr_line' id='line_1_30' title="bbox 476 2775 2117 2842; baseline -0.005 -6"><span class='ocrx_word' id='word_1_199' title='bbox 476 2796 594 2836; x_wconf 89' lang='lat' dir='ltr'><strong>non</strong></span> <span class='ocrx_word' id='word_1_200' title='bbox 619 2777 1034 2842; x_wconf 88' lang='lat' dir='ltr'><strong>emendaverit,</strong></span> <span class='ocrx_word' id='word_1_201' title='bbox 1059 2777 1219 2833; x_wconf 90' lang='lat' dir='ltr'><strong>illius</strong></span> <span class='ocrx_word' id='word_1_202' title='bbox 1242 2777 1440 2832; x_wconf 89' lang='lat' dir='ltr'><strong>irritus</strong></span> <span class='ocrx_word' id='word_1_203' title='bbox 1463 2778 1564 2832; x_wconf 82' lang='lat' dir='ltr'><strong>fiat</strong></span> <span class='ocrx_word' id='word_1_204' title='bbox 1583 2782 1849 2841; x_wconf 86' lang='lat' dir='ltr'><strong>conatus,</strong></span> <span class='ocrx_word' id='word_1_205' title='bbox 1875 2781 1930 2831; x_wconf 92' lang='lat' dir='ltr'><strong>et</strong></span> <span class='ocrx_word' id='word_1_206' title='bbox 1952 2775 2117 2829; x_wconf 91' lang='lat' dir='ltr'><strong>illum</strong></span> 
     </span>
    </p>
   </div>
   <div class='ocr_carea' id='block_1_31' title="bbox 473 2863 2116 2938">
    <p class='ocr_par' dir='ltr' id='par_1_31' title="bbox 473 2863 2116 2938">
     <span class='ocr_line' id='line_1_31' title="bbox 473 2863 2116 2938; baseline -0.004 -16"><span class='ocrx_word' id='word_1_207' title='bbox 473 2869 669 2922; x_wconf 91' lang='lat' dir='ltr'><strong>vivum</strong></span> <span class='ocrx_word' id='word_1_208' title='bbox 691 2872 845 2922; x_wconf 89' lang='lat' dir='ltr'><strong>terra</strong></span> <span class='ocrx_word' id='word_1_209' title='bbox 861 2865 1142 2938; x_wconf 84' lang='lat' dir='ltr'><strong>deglutiat</strong></span> <span class='ocrx_word' id='word_1_210' title='bbox 1158 2866 1310 2922; x_wconf 89' lang='lat' dir='ltr'><strong>sicut</strong></span> <span class='ocrx_word' id='word_1_211' title='bbox 1327 2866 1551 2920; x_wconf 88' lang='lat' dir='ltr'><strong>Dathan</strong></span> <span class='ocrx_word' id='word_1_212' title='bbox 1572 2871 1627 2919; x_wconf 93' lang='lat' dir='ltr'><strong>et</strong></span> <span class='ocrx_word' id='word_1_213' title='bbox 1647 2865 1858 2919; x_wconf 88' lang='lat' dir='ltr'><strong>Abiron</strong></span> <span class='ocrx_word' id='word_1_214' title='bbox 1888 2865 1944 2918; x_wconf 92' lang='lat' dir='ltr'><strong>in</strong></span> <span class='ocrx_word' id='word_1_215' title='bbox 1964 2863 2116 2918; x_wconf 89' lang='lat' dir='ltr'><strong>sedi-</strong></span> 
     </span>
    </p>
   </div>
   <div class='ocr_carea' id='block_1_32' title="bbox 473 2953 2120 3027">
    <p class='ocr_par' dir='ltr' id='par_1_32' title="bbox 473 2953 2120 3027">
     <span class='ocr_line' id='line_1_32' title="bbox 473 2953 2120 3027; baseline -0.002 -17"><span class='ocrx_word' id='word_1_216' title='bbox 473 2957 634 3011; x_wconf 91' lang='lat' dir='ltr'><strong>tione</strong></span> <span class='ocrx_word' id='word_1_217' title='bbox 651 2957 815 3022; x_wconf 82' lang='lat' dir='ltr'><strong>Core,</strong></span> <span class='ocrx_word' id='word_1_218' title='bbox 835 2955 998 3027; x_wconf 83' lang='lat' dir='ltr'><strong>lepra</strong></span> <span class='ocrx_word' id='word_1_219' title='bbox 1012 2955 1270 3010; x_wconf 89' lang='lat' dir='ltr'><strong>Naaman</strong></span> <span class='ocrx_word' id='word_1_220' title='bbox 1287 2955 1414 3026; x_wconf 88' lang='lat' dir='ltr'><strong>Syri</strong></span> <span class='ocrx_word' id='word_1_221' title='bbox 1451 2969 1629 3025; x_wconf 89' lang='lat' dir='ltr'><strong>super</strong></span> <span class='ocrx_word' id='word_1_222' title='bbox 1656 2970 1790 3008; x_wconf 89' lang='lat' dir='ltr'><strong>eum</strong></span> <span class='ocrx_word' id='word_1_223' title='bbox 1821 2953 2030 3016; x_wconf 90' lang='lat' dir='ltr'><strong>veniat,</strong></span> <span class='ocrx_word' id='word_1_224' title='bbox 2063 2956 2120 3007; x_wconf 90' lang='lat' dir='ltr'><strong>et</strong></span> 
     </span>
    </p>
   </div>
   <div class='ocr_carea' id='block_1_33' title="bbox 476 3041 2118 3116">
    <p class='ocr_par' dir='ltr' id='par_1_33' title="bbox 476 3041 2118 3116">
     <span class='ocr_line' id='line_1_33' title="bbox 476 3041 2118 3116; baseline -0.004 -15"><span class='ocrx_word' id='word_1_225' title='bbox 476 3043 812 3102; x_wconf 87' lang='lat' dir='ltr'><strong>maledictio</strong></span> <span class='ocrx_word' id='word_1_226' title='bbox 830 3062 959 3116; x_wconf 73' lang='lat' dir='ltr'><strong>quae</strong></span> <span class='ocrx_word' id='word_1_227' title='bbox 976 3044 1083 3099; x_wconf 90' lang='lat' dir='ltr'><strong>fuit</strong></span> <span class='ocrx_word' id='word_1_228' title='bbox 1102 3045 1234 3100; x_wconf 88' lang='lat' dir='ltr'><strong>data</strong></span> <span class='ocrx_word' id='word_1_229' title='bbox 1253 3044 1310 3098; x_wconf 89' lang='lat' dir='ltr'><strong>in</strong></span> <span class='ocrx_word' id='word_1_230' title='bbox 1334 3047 1528 3098; x_wconf 89' lang='lat' dir='ltr'><strong>monte</strong></span> <span class='ocrx_word' id='word_1_231' title='bbox 1547 3041 1705 3108; x_wconf 86' lang='lat' dir='ltr'><strong>Ebal,</strong></span> <span class='ocrx_word' id='word_1_232' title='bbox 1722 3046 1780 3098; x_wconf 90' lang='lat' dir='ltr'><strong>et</strong></span> <span class='ocrx_word' id='word_1_233' title='bbox 1809 3041 2118 3098; x_wconf 88' lang='lat' dir='ltr'><strong>anatheam</strong></span> 
     </span>
    </p>
   </div>
   <div class='ocr_carea' id='block_1_34' title="bbox 476 3131 2114 3204">
    <p class='ocr_par' dir='ltr' id='par_1_34' title="bbox 476 3131 2114 3204">
     <span class='ocr_line' id='line_1_34' title="bbox 476 3131 2114 3204; baseline -0.004 -13"><span class='ocrx_word' id='word_1_234' title='bbox 476 3133 839 3204; x_wconf 8' lang='lat' dir='ltr'><strong>maranathag,</strong></span> <span class='ocrx_word' id='word_1_235' title='bbox 873 3139 930 3188; x_wconf 93' lang='lat' dir='ltr'><strong>et</strong></span> <span class='ocrx_word' id='word_1_236' title='bbox 959 3150 1162 3188; x_wconf 86' lang='lat' dir='ltr'><strong>omnes</strong></span> <span class='ocrx_word' id='word_1_237' title='bbox 1197 3132 1304 3188; x_wconf 70' lang='lat' dir='ltr'><strong>illae</strong></span> <span class='ocrx_word' id='word_1_238' title='bbox 1354 3131 1536 3204; x_wconf 69' lang='lat' dir='ltr'><strong>plagas</strong></span> <span class='ocrx_word' id='word_1_239' title='bbox 1567 3136 1623 3187; x_wconf 92' lang='lat' dir='ltr'><strong>et</strong></span> <span class='ocrx_word' id='word_1_240' title='bbox 1655 3131 2114 3195; x_wconf 90' lang='lat' dir='ltr'><strong>maledictiones,</strong></span> 
     </span>
    </p>
   </div>
   <div class='ocr_carea' id='block_1_35' title="bbox 473 3208 2190 3294">
    <p class='ocr_par' dir='ltr' id='par_1_35' title="bbox 473 3208 2190 3294">
     <span class='ocr_line' id='line_1_35' title="bbox 473 3208 2190 3294; baseline -0.003 -15"><span class='ocrx_word' id='word_1_241' title='bbox 473 3223 689 3294; x_wconf 87' lang='lat' dir='ltr'><strong>quibus</strong></span> <span class='ocrx_word' id='word_1_242' title='bbox 713 3223 867 3278; x_wconf 90' lang='lat' dir='ltr'><strong>Deus</strong></span> <span class='ocrx_word' id='word_1_243' title='bbox 892 3221 1252 3276; x_wconf 84' lang='lat' dir='ltr'><strong>Pharaonem</strong></span> <span class='ocrx_word' id='word_1_244' title='bbox 1290 3225 1345 3276; x_wconf 86' lang='lat' dir='ltr'><strong>et</strong></span> <span class='ocrx_word' id='word_1_245' title='bbox 1364 3225 1676 3292; x_wconf 64' lang='lat' dir='ltr'><strong>Egyptum</strong></span> <span class='ocrx_word' id='word_1_246' title='bbox 1718 3221 2030 3292; x_wconf 89' lang='lat' dir='ltr'><strong>percussit,</strong></span> <span class='ocrx_word' id='word_1_247' title='bbox 2061 3223 2120 3275; x_wconf 86' lang='lat' dir='ltr'><strong>et</strong></span> <span class='ocrx_word' id='word_1_248' title='bbox 2147 3208 2190 3282; x_wconf 84' lang='lat' dir='ltr'><strong>C</strong></span> 
     </span>
    </p>
   </div>
   <div class='ocr_carea' id='block_1_36' title="bbox 474 3308 2117 3384">
    <p class='ocr_par' dir='ltr' id='par_1_36' title="bbox 474 3308 2117 3384">
     <span class='ocr_line' id='line_1_36' title="bbox 474 3308 2117 3384; baseline -0.004 -16"><span class='ocrx_word' id='word_1_249' title='bbox 474 3329 600 3384; x_wconf 64' lang='lat' dir='ltr'><strong>qua:</strong></span> <span class='ocrx_word' id='word_1_250' title='bbox 631 3316 772 3368; x_wconf 87' lang='lat' dir='ltr'><strong>sunt</strong></span> <span class='ocrx_word' id='word_1_251' title='bbox 792 3311 1021 3382; x_wconf 66' lang='lat' dir='ltr'><strong>scriptae</strong></span> <span class='ocrx_word' id='word_1_252' title='bbox 1051 3310 1109 3364; x_wconf 93' lang='lat' dir='ltr'><strong>in</strong></span> <span class='ocrx_word' id='word_1_253' title='bbox 1141 3309 1403 3380; x_wconf 87' lang='lat' dir='ltr'><strong>quinque</strong></span> <span class='ocrx_word' id='word_1_254' title='bbox 1431 3308 1598 3363; x_wconf 90' lang='lat' dir='ltr'><strong>libris</strong></span> <span class='ocrx_word' id='word_1_255' title='bbox 1622 3309 1857 3380; x_wconf 89' lang='lat' dir='ltr'><strong>Moysis,</strong></span> <span class='ocrx_word' id='word_1_256' title='bbox 1883 3313 1939 3363; x_wconf 91' lang='lat' dir='ltr'><strong>et</strong></span> <span class='ocrx_word' id='word_1_257' title='bbox 1957 3308 2117 3364; x_wconf 71' lang='lat' dir='ltr'><strong>Iudae</strong></span> 
     </span>
    </p>
   </div>
   <div class='ocr_carea' id='block_1_37' title="bbox 473 3396 2118 3468">
    <p class='ocr_par' dir='ltr' id='par_1_37' title="bbox 473 3396 2118 3468">
     <span class='ocr_line' id='line_1_37' title="bbox 473 3396 2118 3468; baseline -0.003 -13"><span class='ocrx_word' id='word_1_258' title='bbox 473 3401 740 3455; x_wconf 90' lang='lat' dir='ltr'><strong>traditori</strong></span> <span class='ocrx_word' id='word_1_259' title='bbox 775 3399 1052 3465; x_wconf 89' lang='lat' dir='ltr'><strong>sociatus,</strong></span> <span class='ocrx_word' id='word_1_260' title='bbox 1085 3413 1220 3452; x_wconf 91' lang='lat' dir='ltr'><strong>cum</strong></span> <span class='ocrx_word' id='word_1_261' title='bbox 1255 3397 1478 3451; x_wconf 83' lang='lat' dir='ltr'><strong>Anania</strong></span> <span class='ocrx_word' id='word_1_262' title='bbox 1511 3401 1568 3451; x_wconf 93' lang='lat' dir='ltr'><strong>et</strong></span> <span class='ocrx_word' id='word_1_263' title='bbox 1599 3396 1848 3468; x_wconf 87' lang='lat' dir='ltr'><strong>Saphira</strong></span> <span class='ocrx_word' id='word_1_264' title='bbox 1879 3413 2118 3467; x_wconf 59' lang='lat' dir='ltr'><strong>poenam</strong></span> 
     </span>
    </p>
   </div>
   <div class='ocr_carea' id='block_1_38' title="bbox 470 3488 2113 3549">
    <p class='ocr_par' dir='ltr' id='par_1_38' title="bbox 470 3488 2113 3549">
     <span class='ocr_line' id='line_1_38' title="bbox 470 3488 2113 3549; baseline -0.004 -5"><span class='ocrx_word' id='word_1_265' title='bbox 470 3488 598 3544; x_wconf 86' lang='lat' dir='ltr'><strong>luat</strong></span> <span class='ocrx_word' id='word_1_266' title='bbox 613 3493 913 3549; x_wconf 65' lang='lat' dir='ltr'><strong>aeternam,</strong></span> <span class='ocrx_word' id='word_1_267' title='bbox 933 3491 989 3540; x_wconf 93' lang='lat' dir='ltr'><strong>et</strong></span> <span class='ocrx_word' id='word_1_268' title='bbox 1005 3491 1205 3540; x_wconf 89' lang='lat' dir='ltr'><strong>nostro</strong></span> <span class='ocrx_word' id='word_1_269' title='bbox 1229 3500 1330 3540; x_wconf 89' lang='lat' dir='ltr'><strong>seu</strong></span> <span class='ocrx_word' id='word_1_270' title='bbox 1351 3489 1688 3539; x_wconf 90' lang='lat' dir='ltr'><strong>nostrorum</strong></span> <span class='ocrx_word' id='word_1_271' title='bbox 1707 3500 2113 3540; x_wconf 86' lang='lat' dir='ltr'><strong>successorum</strong></span> 
     </span>
    </p>
   </div>
   <div class='ocr_carea' id='block_1_39' title="bbox 473 3575 1046 3647">
    <p class='ocr_par' dir='ltr' id='par_1_39' title="bbox 473 3575 1046 3647">
     <span class='ocr_line' id='line_1_39' title="bbox 473 3575 1046 3647; baseline -0.012 -12"><span class='ocrx_word' id='word_1_272' title='bbox 473 3577 776 3646; x_wconf 86' lang='lat' dir='ltr'><strong>subjaceat</strong></span> <span class='ocrx_word' id='word_1_273' title='bbox 799 3575 1046 3647; x_wconf 85' lang='lat' dir='ltr'><strong>judicio.</strong></span> 
     </span>
    </p>
   </div>
   <div class='ocr_carea' id='block_1_40' title="bbox 543 3658 2111 3732">
    <p class='ocr_par' dir='ltr' id='par_1_40' title="bbox 543 3658 2111 3732">
     <span class='ocr_line' id='line_1_40' title="bbox 543 3658 2111 3732; baseline -0.004 -12"><span class='ocrx_word' id='word_1_274' title='bbox 543 3666 669 3721; x_wconf 87' lang='lat' dir='ltr'><strong>Dat.</strong></span> <span class='ocrx_word' id='word_1_275' title='bbox 704 3665 848 3720; x_wconf 88' lang='lat' dir='ltr'><strong>Non.</strong></span> <span class='ocrx_word' id='word_1_276' title='bbox 883 3661 1021 3719; x_wconf 83' lang='lat' dir='ltr'><strong>Maii</strong></span> <span class='ocrx_word' id='word_1_277' title='bbox 1048 3663 1268 3717; x_wconf 88' lang='lat' dir='ltr'><strong>mensis</strong></span> <span class='ocrx_word' id='word_1_278' title='bbox 1298 3677 1400 3732; x_wconf 89' lang='lat' dir='ltr'><strong>per</strong></span> <span class='ocrx_word' id='word_1_279' title='bbox 1431 3677 1668 3715; x_wconf 79' lang='lat' dir='ltr'><strong>manum</strong></span> <span class='ocrx_word' id='word_1_280' title='bbox 1694 3658 1842 3714; x_wconf 88' lang='lat' dir='ltr'><strong>Petri</strong></span> <span class='ocrx_word' id='word_1_281' title='bbox 1863 3659 2111 3723; x_wconf 89' lang='lat' dir='ltr'><strong>diaconi,</strong></span> 
     </span>
    </p>
   </div>
   <div class='ocr_carea' id='block_1_41' title="bbox 467 3746 2110 3827">
    <p class='ocr_par' dir='ltr' id='par_1_41' title="bbox 467 3746 2110 3827">
     <span class='ocr_line' id='line_1_41' title="bbox 467 3746 2110 3827; baseline -0.005 -16"><span class='ocrx_word' id='word_1_282' title='bbox 467 3753 893 3827; x_wconf 84' lang='lat' dir='ltr'><strong>bibliothecarii</strong></span> <span class='ocrx_word' id='word_1_283' title='bbox 917 3757 974 3805; x_wconf 89' lang='lat' dir='ltr'><strong>et</strong></span> <span class='ocrx_word' id='word_1_284' title='bbox 990 3749 1317 3806; x_wconf 88' lang='lat' dir='ltr'><strong>cancellarii</strong></span> <span class='ocrx_word' id='word_1_285' title='bbox 1343 3753 1554 3804; x_wconf 71' lang='lat' dir='ltr'><strong>sanctae</strong></span> <span class='ocrx_word' id='word_1_286' title='bbox 1579 3746 1908 3820; x_wconf 65' lang='lat' dir='ltr'><strong>apostolica:</strong></span> <span class='ocrx_word' id='word_1_287' title='bbox 1931 3747 2110 3814; x_wconf 86' lang='lat' dir='ltr'><strong>sedis,</strong></span> 
     </span>
    </p>
   </div>
   <div class='ocr_carea' id='block_1_42' title="bbox 470 3838 1477 3912">
    <p class='ocr_par' dir='ltr' id='par_1_42' title="bbox 470 3838 1477 3912">
     <span class='ocr_line' id='line_1_42' title="bbox 470 3838 1477 3912; baseline -0.008 -13"><span class='ocrx_word' id='word_1_288' title='bbox 470 3860 624 3899; x_wconf 89' lang='lat' dir='ltr'><strong>anno</strong></span> <span class='ocrx_word' id='word_1_289' title='bbox 660 3847 718 3896; x_wconf 91' lang='lat' dir='ltr'><strong>D.</strong></span> <span class='ocrx_word' id='word_1_290' title='bbox 757 3843 958 3898; x_wconf 87' lang='lat' dir='ltr'><strong>Leonis</strong></span> <span class='ocrx_word' id='word_1_291' title='bbox 991 3857 1150 3912; x_wconf 70' lang='lat' dir='ltr'><strong>papae</strong></span> <span class='ocrx_word' id='word_1_292' title='bbox 1187 3839 1230 3903; x_wconf 93' lang='lat' dir='ltr'><strong>I,</strong></span> <span class='ocrx_word' id='word_1_293' title='bbox 1262 3838 1384 3892; x_wconf 89' lang='lat' dir='ltr'><strong>ind.</strong></span> <span class='ocrx_word' id='word_1_294' title='bbox 1417 3855 1477 3892; x_wconf 89' lang='grc' dir='ltr'><strong>ιι.</strong></span> 
     </span>
    </p>
   </div>
   <div class='ocr_carea' id='block_1_43' title="bbox 1267 3945 1354 4001">
    <p class='ocr_par' dir='ltr' id='par_1_43' title="bbox 1267 3945 1354 4001">
     <span class='ocr_line' id='line_1_43' title="bbox 1267 3945 1354 4001; baseline 0.023 -2"><span class='ocrx_word' id='word_1_295' title='bbox 1267 3945 1354 4001; x_wconf 77' lang='lat' dir='ltr'><strong>XI.</strong></span> 
     </span>
    </p>
   </div>
   <div class='ocr_carea' id='block_1_44' title="bbox 469 4035 2114 4104">
    <p class='ocr_par' dir='ltr' id='par_1_44' title="bbox 469 4035 2114 4104">
     <span class='ocr_line' id='line_1_44' title="bbox 469 4035 2114 4104; baseline -0.001 -15"><span class='ocrx_word' id='word_1_296' title='bbox 469 4035 525 4090; x_wconf 88' lang='lat' dir='ltr'><strong>S.</strong></span> <span class='ocrx_word' id='word_1_297' title='bbox 560 4037 661 4090; x_wconf 88' lang='lat' dir='ltr'><strong>Leo</strong></span> <span class='ocrx_word' id='word_1_298' title='bbox 709 4035 782 4090; x_wconf 81' lang='lat' dir='ltr'><strong>IX</strong></span> <span class='ocrx_word' id='word_1_299' title='bbox 827 4037 1147 4090; x_wconf 74' lang='lat' dir='ltr'><strong>monasterii</strong></span> <span class='ocrx_word' id='word_1_300' title='bbox 1187 4035 1589 4102; x_wconf 77' lang='lat' dir='ltr'><strong>Crumacensis,</strong></span> <span class='ocrx_word' id='word_1_301' title='bbox 1638 4041 1849 4104; x_wconf 78' lang='lat' dir='ltr'><strong>petente</strong></span> <span class='ocrx_word' id='word_1_302' title='bbox 1898 4035 2114 4103; x_wconf 79' lang='lat' dir='ltr'><strong>Magone</strong></span> 
     </span>
    </p>
   </div>
   <div class='ocr_carea' id='block_1_45' title="bbox 860 4105 1728 4176">
    <p class='ocr_par' dir='ltr' id='par_1_45' title="bbox 860 4105 1728 4176">
     <span class='ocr_line' id='line_1_45' title="bbox 860 4105 1728 4176; baseline 0 -17"><span class='ocrx_word' id='word_1_303' title='bbox 860 4105 1069 4175; x_wconf 82' lang='lat' dir='ltr'><strong>abbate,</strong></span> <span class='ocrx_word' id='word_1_304' title='bbox 1099 4107 1393 4176; x_wconf 77' lang='lat' dir='ltr'><strong>primlegia</strong></span> <span class='ocrx_word' id='word_1_305' title='bbox 1423 4107 1728 4174; x_wconf 84' lang='lat' dir='ltr'><strong>conﬁrmat.</strong></span> 
     </span>
    </p>
   </div>
   <div class='ocr_carea' id='block_1_46' title="bbox 1093 4195 1529 4263">
    <p class='ocr_par' dir='ltr' id='par_1_46' title="bbox 1093 4195 1529 4263">
     <span class='ocr_line' id='line_1_46' title="bbox 1093 4195 1529 4263; baseline 0 -16"><span class='ocrx_word' id='word_1_306' title='bbox 1093 4196 1312 4263; x_wconf 89' lang='lat' dir='ltr'><strong>(Annos</strong></span> <span class='ocrx_word' id='word_1_307' title='bbox 1347 4195 1529 4260; x_wconf 81' lang='grc'><strong>1049.)</strong></span> 
     </span>
    </p>
   </div>
   <div class='ocr_carea' id='block_1_47' title="bbox 723 4281 1864 4353">
    <p class='ocr_par' dir='ltr' id='par_1_47' title="bbox 723 4281 1864 4353">
     <span class='ocr_line' id='line_1_47' title="bbox 723 4281 1864 4353; baseline -0.003 -17"><span class='ocrx_word' id='word_1_308' title='bbox 723 4282 1078 4353; x_wconf 74' lang='lat' dir='ltr'><strong>[Bibliotheca</strong></span> <span class='ocrx_word' id='word_1_309' title='bbox 1128 4281 1662 4352; x_wconf 71' lang='lat' dir='ltr'><strong>Clunz’acensz‘s,pag.</strong></span> <span class='ocrx_word' id='word_1_310' title='bbox 1682 4281 1864 4350; x_wconf 65' lang='lat'><strong>4824.]</strong></span> 
     </span>
    </p>
   </div>
   <div class='ocr_carea' id='block_1_48' title="bbox 543 4369 2113 4442">
    <p class='ocr_par' dir='ltr' id='par_1_48' title="bbox 543 4369 2113 4442">
     <span class='ocr_line' id='line_1_48' title="bbox 543 4369 2113 4442; baseline 0 -17"><span class='ocrx_word' id='word_1_311' title='bbox 543 4389 644 4426; x_wconf 71' lang='grc' dir='ltr'><strong>ι,εο</strong></span> <span class='ocrx_word' id='word_1_312' title='bbox 676 4372 1008 4442; x_wconf 90' lang='lat' dir='ltr'><strong>episcopus,</strong></span> <span class='ocrx_word' id='word_1_313' title='bbox 1043 4387 1246 4425; x_wconf 88' lang='lat' dir='ltr'><strong>servus</strong></span> <span class='ocrx_word' id='word_1_314' title='bbox 1278 4385 1578 4424; x_wconf 88' lang='lat' dir='ltr'><strong>servorum</strong></span> <span class='ocrx_word' id='word_1_315' title='bbox 1604 4370 1701 4426; x_wconf 91' lang='lat' dir='ltr'><strong>Dei</strong></span> <span class='ocrx_word' id='word_1_316' title='bbox 1727 4369 2113 4425; x_wconf 88' lang='lat' dir='ltr'><strong>dilectissimo</strong></span> 
     </span>
    </p>
   </div>
   <div class='ocr_carea' id='block_1_49' title="bbox 471 4457 2117 4518">
    <p class='ocr_par' dir='ltr' id='par_1_49' title="bbox 471 4457 2117 4518">
     <span class='ocr_line' id='line_1_49' title="bbox 471 4457 2117 4518; baseline -0.001 -2"><span class='ocrx_word' id='word_1_317' title='bbox 471 4461 528 4516; x_wconf 91' lang='lat' dir='ltr'><strong>in</strong></span> <span class='ocrx_word' id='word_1_318' title='bbox 551 4460 780 4518; x_wconf 87' lang='lat' dir='ltr'><strong>Christo</strong></span> <span class='ocrx_word' id='word_1_319' title='bbox 803 4460 919 4515; x_wconf 83' lang='lat' dir='ltr'><strong>ﬁlio</strong></span> <span class='ocrx_word' id='word_1_320' title='bbox 943 4460 1168 4514; x_wconf 71' lang='lat' dir='ltr'><strong>Hucom</strong></span> <span class='ocrx_word' id='word_1_321' title='bbox 1191 4457 1385 4512; x_wconf 88' lang='lat' dir='ltr'><strong>abbati</strong></span> <span class='ocrx_word' id='word_1_322' title='bbox 1412 4457 1809 4514; x_wconf 76' lang='lat' dir='ltr'><strong>Cluniacensis</strong></span> <span class='ocrx_word' id='word_1_323' title='bbox 1831 4465 2117 4515; x_wconf 87' lang='lat' dir='ltr'><strong>monaste-</strong></span> 
     </span>
    </p>
   </div>
   <div class='ocr_carea' id='block_1_50' title="bbox 469 4547 2196 4640">
    <p class='ocr_par' dir='ltr' id='par_1_50' title="bbox 469 4547 2196 4640">
     <span class='ocr_line' id='line_1_50' title="bbox 469 4547 2196 4640; baseline -0.001 -35"><span class='ocrx_word' id='word_1_324' title='bbox 469 4551 539 4605; x_wconf 87' lang='lat' dir='ltr'><strong>rii</strong></span> <span class='ocrx_word' id='word_1_325' title='bbox 572 4550 780 4615; x_wconf 84' lang='lat' dir='ltr'><strong>nostri,</strong></span> <span class='ocrx_word' id='word_1_326' title='bbox 806 4550 864 4604; x_wconf 90' lang='lat' dir='ltr'><strong>in</strong></span> <span class='ocrx_word' id='word_1_327' title='bbox 899 4549 1180 4602; x_wconf 90' lang='lat' dir='ltr'><strong>honorem</strong></span> <span class='ocrx_word' id='word_1_328' title='bbox 1213 4547 1515 4601; x_wconf 87' lang='lat' dir='ltr'><strong>beatorum</strong></span> <span class='ocrx_word' id='word_1_329' title='bbox 1547 4547 1942 4618; x_wconf 88' lang='lat' dir='ltr'><strong>apostolorum</strong></span> <span class='ocrx_word' id='word_1_330' title='bbox 1967 4548 2117 4604; x_wconf 81' lang='lat' dir='ltr'><strong>Petri</strong></span> <span class='ocrx_word' id='word_1_331' title='bbox 2149 4576 2196 4640; x_wconf 82' lang='lat' dir='ltr'><strong>D</strong></span> 
     </span>
    </p>
   </div>
   <div class='ocr_carea' id='block_1_51' title="bbox 469 4635 2119 4706">
    <p class='ocr_par' dir='ltr' id='par_1_51' title="bbox 469 4635 2119 4706">
     <span class='ocr_line' id='line_1_51' title="bbox 469 4635 2119 4706; baseline -0.002 -11"><span class='ocrx_word' id='word_1_332' title='bbox 469 4645 527 4696; x_wconf 90' lang='lat' dir='ltr'><strong>et</strong></span> <span class='ocrx_word' id='word_1_333' title='bbox 557 4638 720 4694; x_wconf 88' lang='lat' dir='ltr'><strong>Pauli</strong></span> <span class='ocrx_word' id='word_1_334' title='bbox 753 4635 1000 4702; x_wconf 80' lang='lat' dir='ltr'><strong>fundati.</strong></span> <span class='ocrx_word' id='word_1_335' title='bbox 1051 4637 1287 4706; x_wconf 83' lang='lat' dir='ltr'><strong>tuisque</strong></span> <span class='ocrx_word' id='word_1_336' title='bbox 1333 4635 1774 4691; x_wconf 88' lang='lat' dir='ltr'><strong>successoribus</strong></span> <span class='ocrx_word' id='word_1_337' title='bbox 1805 4637 2119 4694; x_wconf 87' lang='lat' dir='ltr'><strong>abbatibus</strong></span> 
     </span>
    </p>
   </div>
   <div class='ocr_carea' id='block_1_52' title="bbox 469 4724 1496 4799">
    <p class='ocr_par' dir='ltr' id='par_1_52' title="bbox 469 4724 1496 4799">
     <span class='ocr_line' id='line_1_52' title="bbox 469 4724 1496 4799; baseline -0.004 -18"><span class='ocrx_word' id='word_1_338' title='bbox 469 4731 816 4799; x_wconf 86' lang='lat' dir='ltr'><strong>perpetuam</strong></span> <span class='ocrx_word' id='word_1_339' title='bbox 851 4727 908 4780; x_wconf 92' lang='lat' dir='ltr'><strong>in</strong></span> <span class='ocrx_word' id='word_1_340' title='bbox 944 4725 1190 4780; x_wconf 89' lang='lat' dir='ltr'><strong>Domino</strong></span> <span class='ocrx_word' id='word_1_341' title='bbox 1223 4724 1496 4778; x_wconf 90' lang='lat' dir='ltr'><strong>salutem.</strong></span> 
     </span>
    </p>
   </div>
   <div class='ocr_carea' id='block_1_53' title="bbox 543 4811 2122 4887">
    <p class='ocr_par' dir='ltr' id='par_1_53' title="bbox 543 4811 2122 4887">
     <span class='ocr_line' id='line_1_53' title="bbox 543 4811 2122 4887; baseline 0 -17"><span class='ocrx_word' id='word_1_342' title='bbox 543 4815 820 4870; x_wconf 87' lang='lat' dir='ltr'><strong>Convenit</strong></span> <span class='ocrx_word' id='word_1_343' title='bbox 868 4813 1182 4886; x_wconf 88' lang='lat' dir='ltr'><strong>apostolico</strong></span> <span class='ocrx_word' id='word_1_344' title='bbox 1248 4811 1636 4867; x_wconf 84' lang='lat' dir='ltr'><strong>moderamini</strong></span> <span class='ocrx_word' id='word_1_345' title='bbox 1703 4812 1798 4884; x_wconf 88' lang='lat' dir='ltr'><strong>pia</strong></span> <span class='ocrx_word' id='word_1_346' title='bbox 1843 4813 2122 4887; x_wconf 82' lang='lat' dir='ltr'><strong>religione</strong></span> 
     </span>
    </p>
   </div>
   <div class='ocr_carea' id='block_1_54' title="bbox 469 4901 2122 4976">
    <p class='ocr_par' dir='ltr' id='par_1_54' title="bbox 469 4901 2122 4976">
     <span class='ocr_line' id='line_1_54' title="bbox 469 4901 2122 4976; baseline 0.002 -19"><span class='ocrx_word' id='word_1_347' title='bbox 469 4902 830 4974; x_wconf 90' lang='lat' dir='ltr'><strong>pollentibus</strong></span> <span class='ocrx_word' id='word_1_348' title='bbox 850 4901 1121 4956; x_wconf 86' lang='lat' dir='ltr'><strong>benivola</strong></span> <span class='ocrx_word' id='word_1_349' title='bbox 1141 4901 1557 4972; x_wconf 89' lang='lat' dir='ltr'><strong>compassione</strong></span> <span class='ocrx_word' id='word_1_350' title='bbox 1575 4919 1933 4968; x_wconf 89' lang='lat' dir='ltr'><strong>succurrere,</strong></span> <span class='ocrx_word' id='word_1_351' title='bbox 1953 4909 2010 4959; x_wconf 91' lang='lat' dir='ltr'><strong>et</strong></span> <span class='ocrx_word' id='word_1_352' title='bbox 2031 4921 2122 4976; x_wconf 87' lang='lat' dir='ltr'><strong>pe-</strong></span> 
     </span>
    </p>
   </div>
   <div class='ocr_carea' id='block_1_55' title="bbox 466 4990 2118 5064">
    <p class='ocr_par' dir='ltr' id='par_1_55' title="bbox 466 4990 2118 5064">
     <span class='ocr_line' id='line_1_55' title="bbox 466 4990 2118 5064; baseline 0.001 -18"><span class='ocrx_word' id='word_1_353' title='bbox 466 4990 720 5048; x_wconf 86' lang='lat' dir='ltr'><strong>tentium</strong></span> <span class='ocrx_word' id='word_1_354' title='bbox 745 4991 1052 5046; x_wconf 86' lang='lat' dir='ltr'><strong>desideriis</strong></span> <span class='ocrx_word' id='word_1_355' title='bbox 1074 5007 1405 5062; x_wconf 89' lang='lat' dir='ltr'><strong>congruum</strong></span> <span class='ocrx_word' id='word_1_356' title='bbox 1425 4990 1734 5062; x_wconf 89' lang='lat' dir='ltr'><strong>impertirii</strong></span> <span class='ocrx_word' id='word_1_357' title='bbox 1752 4991 2118 5064; x_wconf 75' lang='lat' dir='ltr'><strong>suffragium.</strong></span> 
     </span>
    </p>
   </div>
   <div class='ocr_carea' id='block_1_56' title="bbox 468 5079 2118 5150">
    <p class='ocr_par' dir='ltr' id='par_1_56' title="bbox 468 5079 2118 5150">
     <span class='ocr_line' id='line_1_56' title="bbox 468 5079 2118 5150; baseline 0 -12"><span class='ocrx_word' id='word_1_358' title='bbox 468 5081 547 5138; x_wconf 81' lang='lat' dir='ltr'><strong>Ex</strong></span> <span class='ocrx_word' id='word_1_359' title='bbox 574 5079 682 5136; x_wconf 88' lang='lat' dir='ltr'><strong>hoc</strong></span> <span class='ocrx_word' id='word_1_360' title='bbox 702 5079 858 5136; x_wconf 91' lang='lat' dir='ltr'><strong>enim</strong></span> <span class='ocrx_word' id='word_1_361' title='bbox 882 5079 1026 5132; x_wconf 89' lang='lat' dir='ltr'><strong>lucri</strong></span> <span class='ocrx_word' id='word_1_362' title='bbox 1058 5079 1430 5149; x_wconf 82' lang='lat' dir='ltr'><strong>potissimum</strong></span> <span class='ocrx_word' id='word_1_363' title='bbox 1453 5080 1756 5150; x_wconf 68' lang='lat' dir='ltr'><strong>przcmium</strong></span> <span class='ocrx_word' id='word_1_364' title='bbox 1776 5083 2118 5138; x_wconf 91' lang='lat' dir='ltr'><strong>aconditore</strong></span> 
     </span>
    </p>
   </div>
   <div class='ocr_carea' id='block_1_57' title="bbox 468 5167 2117 5240">
    <p class='ocr_par' dir='ltr' id='par_1_57' title="bbox 468 5167 2117 5240">
     <span class='ocr_line' id='line_1_57' title="bbox 468 5167 2117 5240; baseline -0.001 -14"><span class='ocrx_word' id='word_1_365' title='bbox 468 5169 735 5226; x_wconf 88' lang='lat' dir='ltr'><strong>omnium</strong></span> <span class='ocrx_word' id='word_1_366' title='bbox 772 5169 885 5224; x_wconf 89' lang='lat' dir='ltr'><strong>Deo</strong></span> <span class='ocrx_word' id='word_1_367' title='bbox 918 5169 976 5222; x_wconf 89' lang='lat' dir='ltr'><strong>in</strong></span> <span class='ocrx_word' id='word_1_368' title='bbox 1009 5167 1254 5223; x_wconf 89' lang='lat' dir='ltr'><strong>sidereis</strong></span> <span class='ocrx_word' id='word_1_369' title='bbox 1286 5169 1519 5223; x_wconf 86' lang='lat' dir='ltr'><strong>arcibus</strong></span> <span class='ocrx_word' id='word_1_370' title='bbox 1552 5169 2036 5240; x_wconf 90' lang='lat' dir='ltr'><strong>promerebimur,</strong></span> <span class='ocrx_word' id='word_1_371' title='bbox 2068 5169 2117 5224; x_wconf 90' lang='lat' dir='ltr'><strong>si</strong></span> 
     </span>
    </p>
   </div>
   <div class='ocr_carea' id='block_1_58' title="bbox 467 5255 2118 5328">
    <p class='ocr_par' dir='ltr' id='par_1_58' title="bbox 467 5255 2118 5328">
     <span class='ocr_line' id='line_1_58' title="bbox 467 5255 2118 5328; baseline 0 -14"><span class='ocrx_word' id='word_1_372' title='bbox 467 5258 826 5316; x_wconf 86' lang='lat' dir='ltr'><strong>venerabilia</strong></span> <span class='ocrx_word' id='word_1_373' title='bbox 856 5255 983 5312; x_wconf 90' lang='lat' dir='ltr'><strong>loca</strong></span> <span class='ocrx_word' id='word_1_374' title='bbox 1013 5261 1213 5311; x_wconf 86' lang='lat' dir='ltr'><strong>nostro</strong></span> <span class='ocrx_word' id='word_1_375' title='bbox 1243 5260 1506 5328; x_wconf 87' lang='lat' dir='ltr'><strong>tempore</strong></span> <span class='ocrx_word' id='word_1_376' title='bbox 1549 5261 1649 5311; x_wconf 88' lang='lat' dir='ltr'><strong>aut</strong></span> <span class='ocrx_word' id='word_1_377' title='bbox 1696 5258 1766 5312; x_wconf 89' lang='lat' dir='ltr'><strong>ad</strong></span> <span class='ocrx_word' id='word_1_378' title='bbox 1817 5257 2118 5314; x_wconf 89' lang='lat' dir='ltr'><strong>meliorem</strong></span> 
     </span>
    </p>
   </div>
   <div class='ocr_carea' id='block_1_59' title="bbox 470 5346 2117 5420">
    <p class='ocr_par' dir='ltr' id='par_1_59' title="bbox 470 5346 2117 5420">
     <span class='ocr_line' id='line_1_59' title="bbox 470 5346 2117 5420; baseline 0.002 -21"><span class='ocrx_word' id='word_1_379' title='bbox 470 5347 686 5402; x_wconf 86' lang='lat' dir='ltr'><strong>fuerint</strong></span> <span class='ocrx_word' id='word_1_380' title='bbox 717 5351 933 5401; x_wconf 86' lang='lat' dir='ltr'><strong>statum</strong></span> <span class='ocrx_word' id='word_1_381' title='bbox 971 5346 1273 5416; x_wconf 84' lang='lat' dir='ltr'><strong>perducta,</strong></span> <span class='ocrx_word' id='word_1_382' title='bbox 1304 5352 1404 5399; x_wconf 80' lang='lat' dir='ltr'><strong>aut</strong></span> <span class='ocrx_word' id='word_1_383' title='bbox 1436 5362 1505 5399; x_wconf 91' lang='lat' dir='ltr'><strong>ne</strong></span> <span class='ocrx_word' id='word_1_384' title='bbox 1537 5363 1798 5416; x_wconf 88' lang='lat' dir='ltr'><strong>unquam</strong></span> <span class='ocrx_word' id='word_1_385' title='bbox 1830 5347 1886 5400; x_wconf 92' lang='lat' dir='ltr'><strong>in</strong></span> <span class='ocrx_word' id='word_1_386' title='bbox 1920 5347 2117 5420; x_wconf 91' lang='lat' dir='ltr'><strong>aliquo</strong></span> 
     </span>
    </p>
   </div>
   <div class='ocr_carea' id='block_1_60' title="bbox 469 5433 2118 5508">
    <p class='ocr_par' dir='ltr' id='par_1_60' title="bbox 469 5433 2118 5508">
     <span class='ocr_line' id='line_1_60' title="bbox 469 5433 2118 5508; baseline 0.003 -20"><span class='ocrx_word' id='word_1_387' title='bbox 469 5435 709 5488; x_wconf 87' lang='lat' dir='ltr'><strong>minuan</strong></span> <span class='ocrx_word' id='word_1_388' title='bbox 725 5446 729 5458; x_wconf 91' lang='lat'>&#39;</span> <span class='ocrx_word' id='word_1_389' title='bbox 746 5453 830 5490; x_wconf 90' lang='lat' dir='ltr'><strong>ur.</strong></span> <span class='ocrx_word' id='word_1_390' title='bbox 858 5436 1253 5488; x_wconf 75' lang='lat' dir='ltr'><strong>corroborata.</strong></span> <span class='ocrx_word' id='word_1_391' title='bbox 1278 5435 1640 5504; x_wconf 84' lang='lat' dir='ltr'><strong>Quapropter</strong></span> <span class='ocrx_word' id='word_1_392' title='bbox 1661 5433 1919 5489; x_wconf 90' lang='lat' dir='ltr'><strong>inclinati</strong></span> <span class='ocrx_word' id='word_1_393' title='bbox 1940 5438 2118 5508; x_wconf 92' lang='lat' dir='ltr'><strong>preci-</strong></span> 
     </span>
    </p>
   </div>
   <div class='ocr_carea' id='block_1_61' title="bbox 468 5516 2118 5592">
    <p class='ocr_par' dir='ltr' id='par_1_61' title="bbox 468 5516 2118 5592">
     <span class='ocr_line' id='line_1_61' title="bbox 468 5516 2118 5592; baseline 0.004 -16"><span class='ocrx_word' id='word_1_394' title='bbox 468 5521 580 5576; x_wconf 90' lang='lat' dir='ltr'><strong>bus</strong></span> <span class='ocrx_word' id='word_1_395' title='bbox 611 5522 750 5587; x_wconf 88' lang='lat' dir='ltr'><strong>tuis,</strong></span> <span class='ocrx_word' id='word_1_396' title='bbox 796 5525 1174 5578; x_wconf 83' lang='lat' dir='ltr'><strong>dilectissime</strong></span> <span class='ocrx_word' id='word_1_397' title='bbox 1231 5522 1331 5585; x_wconf 80' lang='lat' dir='ltr'><strong>uti,</strong></span> <span class='ocrx_word' id='word_1_398' title='bbox 1385 5516 1495 5592; x_wconf 83' lang='lat' dir='ltr'><strong>ipsi</strong></span> <span class='ocrx_word' id='word_1_399' title='bbox 1534 5524 1888 5579; x_wconf 87' lang='lat' dir='ltr'><strong>monasterio</strong></span> <span class='ocrx_word' id='word_1_400' title='bbox 1922 5532 2118 5586; x_wconf 87' lang='lat' dir='ltr'><strong>nostro</strong></span> 
     </span>
    </p>
   </div>
   <div class='ocr_carea' id='block_1_62' title="bbox 468 5608 2117 5688">
    <p class='ocr_par' dir='ltr' id='par_1_62' title="bbox 468 5608 2117 5688">
     <span class='ocr_line' id='line_1_62' title="bbox 468 5608 2117 5688; baseline 0.007 -24"><span class='ocrx_word' id='word_1_401' title='bbox 468 5608 859 5676; x_wconf 86' lang='lat' dir='ltr'><strong>Cluniacensi,</strong></span> <span class='ocrx_word' id='word_1_402' title='bbox 894 5611 984 5667; x_wconf 84' lang='lat' dir='ltr'><strong>cui</strong></span> <span class='ocrx_word' id='word_1_403' title='bbox 1019 5617 1132 5668; x_wconf 89' lang='lat' dir='ltr'><strong>Deo</strong></span> <span class='ocrx_word' id='word_1_404' title='bbox 1165 5615 1398 5667; x_wconf 85' lang='lat' dir='ltr'><strong>auctore</strong></span> <span class='ocrx_word' id='word_1_405' title='bbox 1448 5625 1693 5682; x_wconf 69' lang='lat' dir='ltr'><strong>praeesse</strong></span> <span class='ocrx_word' id='word_1_406' title='bbox 1745 5611 1979 5684; x_wconf 87' lang='lat' dir='ltr'><strong>videris,</strong></span> <span class='ocrx_word' id='word_1_407' title='bbox 2014 5633 2117 5688; x_wconf 88' lang='lat' dir='ltr'><strong>per</strong></span> 
     </span>
    </p>
   </div>
   <div class='ocr_carea' id='block_1_63' title="bbox 2232 560 3868 637">
    <p class='ocr_par' dir='ltr' id='par_1_63' title="bbox 2232 560 3868 637">
     <span class='ocr_line' id='line_1_63' title="bbox 2232 560 3868 637; baseline -0.002 -19"><span class='ocrx_word' id='word_1_408' title='bbox 2232 567 2296 618; x_wconf 90' lang='lat' dir='ltr'><strong>ut</strong></span> <span class='ocrx_word' id='word_1_409' title='bbox 2327 568 2386 619; x_wconf 90' lang='lat' dir='ltr'><strong>et</strong></span> <span class='ocrx_word' id='word_1_410' title='bbox 2416 564 2674 621; x_wconf 86' lang='lat' dir='ltr'><strong>fecerunt</strong></span> <span class='ocrx_word' id='word_1_411' title='bbox 2703 562 3020 637; x_wconf 84' lang='lat' dir='ltr'><strong>privilegiis</strong></span> <span class='ocrx_word' id='word_1_412' title='bbox 3069 563 3194 619; x_wconf 91' lang='lat' dir='ltr'><strong>suis</strong></span> <span class='ocrx_word' id='word_1_413' title='bbox 3238 567 3632 618; x_wconf 88' lang='lat' dir='ltr'><strong>antecessores</strong></span> <span class='ocrx_word' id='word_1_414' title='bbox 3664 560 3868 630; x_wconf 81' lang='lat' dir='ltr'><strong>nostri,</strong></span> 
     </span>
    </p>
   </div>
   <div class='ocr_carea' id='block_1_64' title="bbox 2230 651 3869 724">
    <p class='ocr_par' dir='ltr' id='par_1_64' title="bbox 2230 651 3869 724">
     <span class='ocr_line' id='line_1_64' title="bbox 2230 651 3869 724; baseline -0.002 -16"><span class='ocrx_word' id='word_1_415' title='bbox 2230 654 2648 708; x_wconf 81' lang='lat' dir='ltr'><strong>confirmamus</strong></span> <span class='ocrx_word' id='word_1_416' title='bbox 2677 657 2852 724; x_wconf 88' lang='lat' dir='ltr'><strong>atque</strong></span> <span class='ocrx_word' id='word_1_417' title='bbox 2885 653 3334 709; x_wconf 88' lang='lat' dir='ltr'><strong>corroboramus</strong></span> <span class='ocrx_word' id='word_1_418' title='bbox 3365 651 3650 723; x_wconf 89' lang='lat' dir='ltr'><strong>quidquid</strong></span> <span class='ocrx_word' id='word_1_419' title='bbox 3674 667 3869 705; x_wconf 91' lang='lat' dir='ltr'><strong>rerum</strong></span> 
     </span>
    </p>
   </div>
   <div class='ocr_carea' id='block_1_65' title="bbox 2230 740 3869 812">
    <p class='ocr_par' dir='ltr' id='par_1_65' title="bbox 2230 740 3869 812">
     <span class='ocr_line' id='line_1_65' title="bbox 2230 740 3869 812; baseline -0.002 -15"><span class='ocrx_word' id='word_1_420' title='bbox 2230 746 2286 802; x_wconf 82' lang='lat' dir='ltr'><strong>et</strong></span> <span class='ocrx_word' id='word_1_421' title='bbox 2317 741 2658 797; x_wconf 85' lang='lat' dir='ltr'><strong>facultatum</strong></span> <span class='ocrx_word' id='word_1_422' title='bbox 2693 742 2863 796; x_wconf 92' lang='lat' dir='ltr'><strong>modo</strong></span> <span class='ocrx_word' id='word_1_423' title='bbox 2896 740 3092 806; x_wconf 89' lang='lat' dir='ltr'><strong>habet,</strong></span> <span class='ocrx_word' id='word_1_424' title='bbox 3124 745 3180 796; x_wconf 91' lang='lat' dir='ltr'><strong>et</strong></span> <span class='ocrx_word' id='word_1_425' title='bbox 3217 757 3406 812; x_wconf 88' lang='lat' dir='ltr'><strong>usque</strong></span> <span class='ocrx_word' id='word_1_426' title='bbox 3433 740 3491 794; x_wconf 93' lang='lat' dir='ltr'><strong>in</strong></span> <span class='ocrx_word' id='word_1_427' title='bbox 3523 744 3869 811; x_wconf 90' lang='lat' dir='ltr'><strong>perpetuum</strong></span> 
     </span>
    </p>
   </div>
   <div class='ocr_carea' id='block_1_66' title="bbox 2228 826 3868 901">
    <p class='ocr_par' dir='ltr' id='par_1_66' title="bbox 2228 826 3868 901">
     <span class='ocr_line' id='line_1_66' title="bbox 2228 826 3868 901; baseline -0.003 -15"><span class='ocrx_word' id='word_1_428' title='bbox 2228 835 2315 886; x_wconf 89' lang='lat' dir='ltr'><strong>est</strong></span> <span class='ocrx_word' id='word_1_429' title='bbox 2338 829 2705 897; x_wconf 90' lang='lat' dir='ltr'><strong>habiturum;</strong></span> <span class='ocrx_word' id='word_1_430' title='bbox 2733 846 2804 885; x_wconf 90' lang='lat' dir='ltr'><strong>ne</strong></span> <span class='ocrx_word' id='word_1_431' title='bbox 2825 830 2896 885; x_wconf 90' lang='lat' dir='ltr'><strong>ab</strong></span> <span class='ocrx_word' id='word_1_432' title='bbox 2916 829 3111 901; x_wconf 89' lang='lat' dir='ltr'><strong>aliqua</strong></span> <span class='ocrx_word' id='word_1_433' title='bbox 3134 829 3395 884; x_wconf 89' lang='lat' dir='ltr'><strong>humana</strong></span> <span class='ocrx_word' id='word_1_434' title='bbox 3415 828 3743 884; x_wconf 85' lang='lat' dir='ltr'><strong>temeritate</strong></span> <span class='ocrx_word' id='word_1_435' title='bbox 3765 826 3868 882; x_wconf 87' lang='lat' dir='ltr'><strong>ali-</strong></span> 
     </span>
    </p>
   </div>
   <div class='ocr_carea' id='block_1_67' title="bbox 2229 915 3872 992">
    <p class='ocr_par' dir='ltr' id='par_1_67' title="bbox 2229 915 3872 992">
     <span class='ocr_line' id='line_1_67' title="bbox 2229 915 3872 992; baseline -0.002 -17"><span class='ocrx_word' id='word_1_436' title='bbox 2229 919 2369 992; x_wconf 91' lang='lat' dir='ltr'><strong>quid</strong></span> <span class='ocrx_word' id='word_1_437' title='bbox 2404 934 2665 990; x_wconf 89' lang='lat' dir='ltr'><strong>unquam</strong></span> <span class='ocrx_word' id='word_1_438' title='bbox 2687 919 2894 973; x_wconf 82' lang='lat' dir='ltr'><strong>exinde</strong></span> <span class='ocrx_word' id='word_1_439' title='bbox 2908 918 3208 974; x_wconf 91' lang='lat' dir='ltr'><strong>mutiletur</strong></span> <span class='ocrx_word' id='word_1_440' title='bbox 3223 919 3324 974; x_wconf 91' lang='lat' dir='ltr'><strong>sed</strong></span> <span class='ocrx_word' id='word_1_441' title='bbox 3343 919 3397 973; x_wconf 93' lang='lat' dir='ltr'><strong>in</strong></span> <span class='ocrx_word' id='word_1_442' title='bbox 3413 935 3522 972; x_wconf 92' lang='lat' dir='ltr'><strong>sua</strong></span> <span class='ocrx_word' id='word_1_443' title='bbox 3539 915 3872 988; x_wconf 82' lang='lat' dir='ltr'><strong>integritate</strong></span> 
     </span>
    </p>
   </div>
   <div class='ocr_carea' id='block_1_68' title="bbox 2229 1007 3870 1078">
    <p class='ocr_par' dir='ltr' id='par_1_68' title="bbox 2229 1007 3870 1078">
     <span class='ocr_line' id='line_1_68' title="bbox 2229 1007 3870 1078; baseline -0.002 -15"><span class='ocrx_word' id='word_1_444' title='bbox 2229 1008 2428 1063; x_wconf 88' lang='lat' dir='ltr'><strong>omnia</strong></span> <span class='ocrx_word' id='word_1_445' title='bbox 2452 1007 2816 1064; x_wconf 84' lang='lat' dir='ltr'><strong>custodiente</strong></span> <span class='ocrx_word' id='word_1_446' title='bbox 2853 1011 2966 1062; x_wconf 90' lang='lat' dir='ltr'><strong>Deo</strong></span> <span class='ocrx_word' id='word_1_447' title='bbox 2995 1013 3374 1078; x_wconf 86' lang='lat' dir='ltr'><strong>permaneant</strong></span> <span class='ocrx_word' id='word_1_448' title='bbox 3397 1007 3454 1061; x_wconf 91' lang='lat' dir='ltr'><strong>in</strong></span> <span class='ocrx_word' id='word_1_449' title='bbox 3479 1023 3674 1072; x_wconf 89' lang='lat' dir='ltr'><strong>usum,</strong></span> <span class='ocrx_word' id='word_1_450' title='bbox 3699 1010 3756 1059; x_wconf 90' lang='lat' dir='ltr'><strong>et</strong></span> <span class='ocrx_word' id='word_1_451' title='bbox 3777 1021 3870 1060; x_wconf 85' lang='lat' dir='ltr'><strong>sa-</strong></span> 
     </span>
    </p>
   </div>
   <div class='ocr_carea' id='block_1_69' title="bbox 2229 1095 3870 1165">
    <p class='ocr_par' dir='ltr' id='par_1_69' title="bbox 2229 1095 3870 1165">
     <span class='ocr_line' id='line_1_69' title="bbox 2229 1095 3870 1165; baseline -0.001 -15"><span class='ocrx_word' id='word_1_452' title='bbox 2229 1095 2441 1152; x_wconf 89' lang='lat' dir='ltr'><strong>larium</strong></span> <span class='ocrx_word' id='word_1_453' title='bbox 2494 1097 2741 1152; x_wconf 88' lang='lat' dir='ltr'><strong>fratrum</strong></span> <span class='ocrx_word' id='word_1_454' title='bbox 2771 1096 2988 1152; x_wconf 90' lang='lat' dir='ltr'><strong>ibidem</strong></span> <span class='ocrx_word' id='word_1_455' title='bbox 3029 1113 3186 1151; x_wconf 89' lang='lat' dir='ltr'><strong>nuno</strong></span> <span class='ocrx_word' id='word_1_456' title='bbox 3233 1095 3628 1160; x_wconf 86' lang='lat' dir='ltr'><strong>servientium,</strong></span> <span class='ocrx_word' id='word_1_457' title='bbox 3662 1097 3720 1149; x_wconf 91' lang='lat' dir='ltr'><strong>et</strong></span> <span class='ocrx_word' id='word_1_458' title='bbox 3767 1110 3870 1165; x_wconf 92' lang='lat' dir='ltr'><strong>per</strong></span> 
     </span>
    </p>
   </div>
   <div class='ocr_carea' id='block_1_70' title="bbox 2230 1181 3871 1256">
    <p class='ocr_par' dir='ltr' id='par_1_70' title="bbox 2230 1181 3871 1256">
     <span class='ocr_line' id='line_1_70' title="bbox 2230 1181 3871 1256; baseline -0.003 -16"><span class='ocrx_word' id='word_1_459' title='bbox 2230 1185 2444 1240; x_wconf 70' lang='lat' dir='ltr'><strong>szecula</strong></span> <span class='ocrx_word' id='word_1_460' title='bbox 2471 1185 2912 1242; x_wconf 86' lang='lat' dir='ltr'><strong>serviturorum.</strong></span> <span class='ocrx_word' id='word_1_461' title='bbox 2943 1185 3007 1240; x_wconf 92' lang='lat' dir='ltr'><strong>In</strong></span> <span class='ocrx_word' id='word_1_462' title='bbox 3039 1202 3156 1256; x_wconf 88' lang='lat' dir='ltr'><strong>qua</strong></span> <span class='ocrx_word' id='word_1_463' title='bbox 3174 1184 3499 1256; x_wconf 72' lang='lat' dir='ltr'><strong>apostolica:</strong></span> <span class='ocrx_word' id='word_1_464' title='bbox 3522 1181 3871 1239; x_wconf 88' lang='lat' dir='ltr'><strong>munitionis</strong></span> 
     </span>
    </p>
   </div>
   <div class='ocr_carea' id='block_1_71' title="bbox 2228 1271 3874 1346">
    <p class='ocr_par' dir='ltr' id='par_1_71' title="bbox 2228 1271 3874 1346">
     <span class='ocr_line' id='line_1_71' title="bbox 2228 1271 3874 1346; baseline -0.001 -18"><span class='ocrx_word' id='word_1_465' title='bbox 2228 1273 2453 1346; x_wconf 6' lang='lat' dir='ltr'><strong>tqutione</strong></span> <span class='ocrx_word' id='word_1_466' title='bbox 2484 1275 2677 1329; x_wconf 92' lang='lat' dir='ltr'><strong>locum</strong></span> <span class='ocrx_word' id='word_1_467' title='bbox 2710 1274 2886 1329; x_wconf 89' lang='lat' dir='ltr'><strong>etiam</strong></span> <span class='ocrx_word' id='word_1_468' title='bbox 2916 1274 3112 1344; x_wconf 91' lang='lat' dir='ltr'><strong>ipsum</strong></span> <span class='ocrx_word' id='word_1_469' title='bbox 3143 1273 3385 1344; x_wconf 89' lang='lat' dir='ltr'><strong>antiqua</strong></span> <span class='ocrx_word' id='word_1_470' title='bbox 3423 1277 3481 1327; x_wconf 93' lang='lat' dir='ltr'><strong>et</strong></span> <span class='ocrx_word' id='word_1_471' title='bbox 3516 1289 3617 1345; x_wconf 90' lang='lat' dir='ltr'><strong>per</strong></span> <span class='ocrx_word' id='word_1_472' title='bbox 3648 1271 3874 1343; x_wconf 66' lang='lat' dir='ltr'><strong>prinde-</strong></span> 
     </span>
    </p>
   </div>
   <div class='ocr_carea' id='block_1_72' title="bbox 2230 1361 3875 1430">
    <p class='ocr_par' dir='ltr' id='par_1_72' title="bbox 2230 1361 3875 1430">
     <span class='ocr_line' id='line_1_72' title="bbox 2230 1361 3875 1430; baseline -0.002 -12"><span class='ocrx_word' id='word_1_473' title='bbox 2230 1379 2488 1418; x_wconf 88' lang='lat' dir='ltr'><strong>cessores</strong></span> <span class='ocrx_word' id='word_1_474' title='bbox 2510 1367 2743 1418; x_wconf 89' lang='lat' dir='ltr'><strong>nostros</strong></span> <span class='ocrx_word' id='word_1_475' title='bbox 2765 1363 2817 1417; x_wconf 91' lang='lat' dir='ltr'><strong>ei</strong></span> <span class='ocrx_word' id='word_1_476' title='bbox 2839 1378 3115 1418; x_wconf 90' lang='lat' dir='ltr'><strong>concessa</strong></span> <span class='ocrx_word' id='word_1_477' title='bbox 3135 1361 3400 1416; x_wconf 89' lang='lat' dir='ltr'><strong>libertate</strong></span> <span class='ocrx_word' id='word_1_478' title='bbox 3423 1362 3730 1430; x_wconf 88' lang='lat' dir='ltr'><strong>donamus,</strong></span> <span class='ocrx_word' id='word_1_479' title='bbox 3752 1377 3875 1414; x_wconf 90' lang='lat' dir='ltr'><strong>non</strong></span> 
     </span>
    </p>
   </div>
   <div class='ocr_carea' id='block_1_73' title="bbox 2230 1447 3878 1516">
    <p class='ocr_par' dir='ltr' id='par_1_73' title="bbox 2230 1447 3878 1516">
     <span class='ocr_line' id='line_1_73' title="bbox 2230 1447 3878 1516; baseline -0.001 -12"><span class='ocrx_word' id='word_1_480' title='bbox 2230 1467 2378 1508; x_wconf 86' lang='lat' dir='ltr'><strong>nova</strong></span> <span class='ocrx_word' id='word_1_481' title='bbox 2409 1450 2705 1516; x_wconf 88' lang='lat' dir='ltr'><strong>facientes,</strong></span> <span class='ocrx_word' id='word_1_482' title='bbox 2741 1452 2841 1506; x_wconf 90' lang='lat' dir='ltr'><strong>sed</strong></span> <span class='ocrx_word' id='word_1_483' title='bbox 2870 1455 3062 1507; x_wconf 84' lang='lat' dir='ltr'><strong>vetera</strong></span> <span class='ocrx_word' id='word_1_484' title='bbox 3093 1450 3524 1506; x_wconf 81' lang='lat' dir='ltr'><strong>conﬁrmantes.</strong></span> <span class='ocrx_word' id='word_1_485' title='bbox 3548 1449 3628 1504; x_wconf 87' lang='lat' dir='ltr'><strong>Ne</strong></span> <span class='ocrx_word' id='word_1_486' title='bbox 3649 1447 3878 1505; x_wconf 83' lang='lat' dir='ltr'><strong>scilicet</strong></span> 
     </span>
    </p>
   </div>
   <div class='ocr_carea' id='block_1_74' title="bbox 2229 1535 3879 1612">
    <p class='ocr_par' dir='ltr' id='par_1_74' title="bbox 2229 1535 3879 1612">
     <span class='ocr_line' id='line_1_74' title="bbox 2229 1535 3879 1612; baseline -0.001 -19"><span class='ocrx_word' id='word_1_487' title='bbox 2229 1538 2385 1595; x_wconf 90' lang='lat' dir='ltr'><strong>ullus</strong></span> <span class='ocrx_word' id='word_1_488' title='bbox 2417 1539 2774 1606; x_wconf 89' lang='lat' dir='ltr'><strong>mortalium,</strong></span> <span class='ocrx_word' id='word_1_489' title='bbox 2809 1540 2928 1595; x_wconf 92' lang='lat' dir='ltr'><strong>sive</strong></span> <span class='ocrx_word' id='word_1_490' title='bbox 2965 1539 3042 1594; x_wconf 90' lang='lat' dir='ltr'><strong>sit</strong></span> <span class='ocrx_word' id='word_1_491' title='bbox 3071 1538 3408 1612; x_wconf 89' lang='lat' dir='ltr'><strong>imperator,</strong></span> <span class='ocrx_word' id='word_1_492' title='bbox 3448 1535 3570 1594; x_wconf 88' lang='lat' dir='ltr'><strong>sive</strong></span> <span class='ocrx_word' id='word_1_493' title='bbox 3599 1555 3718 1607; x_wconf 80' lang='lat' dir='ltr'><strong>rex,</strong></span> <span class='ocrx_word' id='word_1_494' title='bbox 3752 1535 3879 1595; x_wconf 82' lang='lat' dir='ltr'><strong>sive</strong></span> 
     </span>
    </p>
   </div>
   <div class='ocr_carea' id='block_1_75' title="bbox 2228 1626 3874 1700">
    <p class='ocr_par' dir='ltr' id='par_1_75' title="bbox 2228 1626 3874 1700">
     <span class='ocr_line' id='line_1_75' title="bbox 2228 1626 3874 1700; baseline -0.001 -18"><span class='ocrx_word' id='word_1_495' title='bbox 2228 1628 2364 1694; x_wconf 85' lang='lat' dir='ltr'><strong>dux,</strong></span> <span class='ocrx_word' id='word_1_496' title='bbox 2389 1645 2490 1684; x_wconf 90' lang='lat' dir='ltr'><strong>seu</strong></span> <span class='ocrx_word' id='word_1_497' title='bbox 2511 1627 2893 1696; x_wconf 89' lang='lat' dir='ltr'><strong>marchio,vel</strong></span> <span class='ocrx_word' id='word_1_498' title='bbox 2913 1627 3408 1700; x_wconf 88' lang='lat' dir='ltr'><strong>archiepiscopus,</strong></span> <span class='ocrx_word' id='word_1_499' title='bbox 3431 1626 3517 1683; x_wconf 87' lang='lat' dir='ltr'><strong>vel</strong></span> <span class='ocrx_word' id='word_1_500' title='bbox 3536 1627 3874 1698; x_wconf 87' lang='lat' dir='ltr'><strong>episcopus,</strong></span> 
     </span>
    </p>
   </div>
   <div class='ocr_carea' id='block_1_76' title="bbox 2229 1714 3874 1789">
    <p class='ocr_par' dir='ltr' id='par_1_76' title="bbox 2229 1714 3874 1789">
     <span class='ocr_line' id='line_1_76' title="bbox 2229 1714 3874 1789; baseline -0.002 -17"><span class='ocrx_word' id='word_1_501' title='bbox 2229 1721 2329 1772; x_wconf 89' lang='lat' dir='ltr'><strong>aut</strong></span> <span class='ocrx_word' id='word_1_502' title='bbox 2357 1715 2556 1788; x_wconf 86' lang='lat' dir='ltr'><strong>aliqua</strong></span> <span class='ocrx_word' id='word_1_503' title='bbox 2585 1717 2698 1772; x_wconf 86' lang='lat' dir='ltr'><strong>alia</strong></span> <span class='ocrx_word' id='word_1_504' title='bbox 2729 1717 2992 1772; x_wconf 90' lang='lat' dir='ltr'><strong>humana</strong></span> <span class='ocrx_word' id='word_1_505' title='bbox 3037 1721 3298 1788; x_wconf 87' lang='lat' dir='ltr'><strong>potestas</strong></span> <span class='ocrx_word' id='word_1_506' title='bbox 3344 1733 3518 1789; x_wconf 90' lang='lat' dir='ltr'><strong>super</strong></span> <span class='ocrx_word' id='word_1_507' title='bbox 3548 1716 3704 1772; x_wconf 67' lang='lat' dir='ltr'><strong>idem</strong></span> <span class='ocrx_word' id='word_1_508' title='bbox 3737 1714 3874 1770; x_wconf 85' lang='lat' dir='ltr'><strong>Clu-</strong></span> 
     </span>
    </p>
   </div>
   <div class='ocr_carea' id='block_1_77' title="bbox 2229 1803 3875 1876">
    <p class='ocr_par' dir='ltr' id='par_1_77' title="bbox 2229 1803 3875 1876">
     <span class='ocr_line' id='line_1_77' title="bbox 2229 1803 3875 1876; baseline 0.001 -18"><span class='ocrx_word' id='word_1_509' title='bbox 2229 1804 2497 1860; x_wconf 89' lang='lat' dir='ltr'><strong>niacense</strong></span> <span class='ocrx_word' id='word_1_510' title='bbox 2516 1805 2934 1872; x_wconf 84' lang='lat' dir='ltr'><strong>monasterium</strong></span> <span class='ocrx_word' id='word_1_511' title='bbox 2957 1804 3219 1876; x_wconf 89' lang='lat' dir='ltr'><strong>aliquam</strong></span> <span class='ocrx_word' id='word_1_512' title='bbox 3237 1805 3295 1859; x_wconf 92' lang='lat' dir='ltr'><strong>in</strong></span> <span class='ocrx_word' id='word_1_513' title='bbox 3315 1803 3508 1876; x_wconf 90' lang='lat' dir='ltr'><strong>aliquo</strong></span> <span class='ocrx_word' id='word_1_514' title='bbox 3523 1808 3875 1876; x_wconf 83' lang='lat' dir='ltr'><strong>potestatem</strong></span> 
     </span>
    </p>
   </div>
   <div class='ocr_carea' id='block_1_78' title="bbox 2231 1892 3873 1965">
    <p class='ocr_par' dir='ltr' id='par_1_78' title="bbox 2231 1892 3873 1965">
     <span class='ocr_line' id='line_1_78' title="bbox 2231 1892 3873 1965; baseline 0.001 -17"><span class='ocrx_word' id='word_1_515' title='bbox 2231 1909 2491 1949; x_wconf 85' lang='lat' dir='ltr'><strong>exercere</strong></span> <span class='ocrx_word' id='word_1_516' title='bbox 2524 1898 2856 1965; x_wconf 66' lang='lat' dir='ltr'><strong>praesumat.</strong></span> <span class='ocrx_word' id='word_1_517' title='bbox 2883 1895 2997 1949; x_wconf 91' lang='lat' dir='ltr'><strong>Nec</strong></span> <span class='ocrx_word' id='word_1_518' title='bbox 3020 1897 3152 1965; x_wconf 89' lang='lat' dir='ltr'><strong>post</strong></span> <span class='ocrx_word' id='word_1_519' title='bbox 3177 1893 3528 1948; x_wconf 89' lang='lat' dir='ltr'><strong>solutionem</strong></span> <span class='ocrx_word' id='word_1_520' title='bbox 3555 1892 3640 1948; x_wconf 89' lang='lat' dir='ltr'><strong>tui</strong></span> <span class='ocrx_word' id='word_1_521' title='bbox 3663 1909 3873 1964; x_wconf 86' lang='lat' dir='ltr'><strong>corpo-</strong></span> 
     </span>
    </p>
   </div>
   <div class='ocr_carea' id='block_1_79' title="bbox 2231 1981 3876 2054">
    <p class='ocr_par' dir='ltr' id='par_1_79' title="bbox 2231 1981 3876 2054">
     <span class='ocr_line' id='line_1_79' title="bbox 2231 1981 3876 2054; baseline 0.002 -19"><span class='ocrx_word' id='word_1_522' title='bbox 2231 1981 2313 2039; x_wconf 90' lang='lat' dir='ltr'><strong>ris</strong></span> <span class='ocrx_word' id='word_1_523' title='bbox 2342 1981 2593 2054; x_wconf 89' lang='lat' dir='ltr'><strong>aliquem</strong></span> <span class='ocrx_word' id='word_1_524' title='bbox 2627 1982 2708 2038; x_wconf 91' lang='lat' dir='ltr'><strong>ibi</strong></span> <span class='ocrx_word' id='word_1_525' title='bbox 2736 1983 3004 2054; x_wconf 69' lang='lat' dir='ltr'><strong>prasferre</strong></span> <span class='ocrx_word' id='word_1_526' title='bbox 3033 1986 3092 2038; x_wconf 91' lang='lat' dir='ltr'><strong>et</strong></span> <span class='ocrx_word' id='word_1_527' title='bbox 3121 1983 3388 2038; x_wconf 88' lang='lat' dir='ltr'><strong>ordinare</strong></span> <span class='ocrx_word' id='word_1_528' title='bbox 3419 1982 3652 2046; x_wconf 83' lang='lat' dir='ltr'><strong>audeat,</strong></span> <span class='ocrx_word' id='word_1_529' title='bbox 3689 1981 3791 2037; x_wconf 88' lang='lat' dir='ltr'><strong>sed</strong></span> <span class='ocrx_word' id='word_1_530' title='bbox 3815 1981 3876 2038; x_wconf 87' lang='lat' dir='ltr'><strong>in</strong></span> 
     </span>
    </p>
   </div>
   <div class='ocr_carea' id='block_1_80' title="bbox 2231 2069 3884 2142">
    <p class='ocr_par' dir='ltr' id='par_1_80' title="bbox 2231 2069 3884 2142">
     <span class='ocr_line' id='line_1_80' title="bbox 2231 2069 3884 2142; baseline 0 -18"><span class='ocrx_word' id='word_1_531' title='bbox 2231 2070 2470 2126; x_wconf 89' lang='lat' dir='ltr'><strong>arbitrio</strong></span> <span class='ocrx_word' id='word_1_532' title='bbox 2528 2087 2758 2142; x_wconf 87' lang='lat' dir='ltr'><strong>semper</strong></span> <span class='ocrx_word' id='word_1_533' title='bbox 2829 2075 2886 2126; x_wconf 92' lang='lat' dir='ltr'><strong>et</strong></span> <span class='ocrx_word' id='word_1_534' title='bbox 2957 2069 3236 2126; x_wconf 85' lang='lat' dir='ltr'><strong>electione</strong></span> <span class='ocrx_word' id='word_1_535' title='bbox 3281 2069 3528 2124; x_wconf 90' lang='lat' dir='ltr'><strong>fratrum</strong></span> <span class='ocrx_word' id='word_1_536' title='bbox 3589 2069 3884 2126; x_wconf 82' lang='lat' dir='ltr'><strong>consistat</strong></span> 
     </span>
    </p>
   </div>
   <div class='ocr_carea' id='block_1_81' title="bbox 2232 2157 3882 2232">
    <p class='ocr_par' dir='ltr' id='par_1_81' title="bbox 2232 2157 3882 2232">
     <span class='ocr_line' id='line_1_81' title="bbox 2232 2157 3882 2232; baseline -0.001 -18"><span class='ocrx_word' id='word_1_537' title='bbox 2232 2175 2641 2232; x_wconf 87' lang='lat' dir='ltr'><strong>quemcunque</strong></span> <span class='ocrx_word' id='word_1_538' title='bbox 2657 2161 2727 2215; x_wconf 92' lang='lat' dir='ltr'><strong>de</strong></span> <span class='ocrx_word' id='word_1_539' title='bbox 2750 2177 2858 2216; x_wconf 88' lang='lat' dir='ltr'><strong>sua</strong></span> <span class='ocrx_word' id='word_1_540' title='bbox 2879 2158 3326 2231; x_wconf 83' lang='lat' dir='ltr'><strong>congregatione</strong></span> <span class='ocrx_word' id='word_1_541' title='bbox 3347 2157 3665 2214; x_wconf 86' lang='lat' dir='ltr'><strong>secundum</strong></span> <span class='ocrx_word' id='word_1_542' title='bbox 3683 2162 3882 2214; x_wconf 86' lang='lat' dir='ltr'><strong>Deum</strong></span> 
     </span>
    </p>
   </div>
   <div class='ocr_carea' id='block_1_82' title="bbox 2231 2246 3886 2321">
    <p class='ocr_par' dir='ltr' id='par_1_82' title="bbox 2231 2246 3886 2321">
     <span class='ocr_line' id='line_1_82' title="bbox 2231 2246 3886 2321; baseline -0.001 -18"><span class='ocrx_word' id='word_1_543' title='bbox 2231 2255 2283 2303; x_wconf 85' lang='lat' dir='ltr'><strong>et</strong></span> <span class='ocrx_word' id='word_1_544' title='bbox 2314 2250 2641 2304; x_wconf 90' lang='lat' dir='ltr'><strong>secundum</strong></span> <span class='ocrx_word' id='word_1_545' title='bbox 2671 2247 2935 2321; x_wconf 89' lang='lat' dir='ltr'><strong>regulam</strong></span> <span class='ocrx_word' id='word_1_546' title='bbox 2968 2249 3026 2303; x_wconf 92' lang='lat' dir='ltr'><strong>S.</strong></span> <span class='ocrx_word' id='word_1_547' title='bbox 3057 2247 3351 2303; x_wconf 89' lang='lat' dir='ltr'><strong>Benedicti</strong></span> <span class='ocrx_word' id='word_1_548' title='bbox 3387 2246 3497 2302; x_wconf 87' lang='lat' dir='ltr'><strong>sibi</strong></span> <span class='ocrx_word' id='word_1_549' title='bbox 3529 2246 3802 2318; x_wconf 63' lang='lat' dir='ltr'><strong>preferre</strong></span> <span class='ocrx_word' id='word_1_550' title='bbox 3823 2251 3886 2302; x_wconf 88' lang='lat' dir='ltr'><strong>et</strong></span> 
     </span>
    </p>
   </div>
   <div class='ocr_carea' id='block_1_83' title="bbox 2229 2333 3883 2408">
    <p class='ocr_par' dir='ltr' id='par_1_83' title="bbox 2229 2333 3883 2408">
     <span class='ocr_line' id='line_1_83' title="bbox 2229 2333 3883 2408; baseline 0.001 -19"><span class='ocrx_word' id='word_1_551' title='bbox 2229 2334 2529 2408; x_wconf 83' lang='lat' dir='ltr'><strong>imponere</strong></span> <span class='ocrx_word' id='word_1_552' title='bbox 2581 2337 2852 2404; x_wconf 83' lang='lat' dir='ltr'><strong>abbatem</strong></span> <span class='ocrx_word' id='word_1_553' title='bbox 2911 2335 3235 2392; x_wconf 88' lang='lat' dir='ltr'><strong>voluerint:</strong></span> <span class='ocrx_word' id='word_1_554' title='bbox 3296 2336 3465 2406; x_wconf 86' lang='lat' dir='ltr'><strong>cujus</strong></span> <span class='ocrx_word' id='word_1_555' title='bbox 3511 2333 3883 2391; x_wconf 88' lang='lat' dir='ltr'><strong>consecratio</strong></span> 
     </span>
    </p>
   </div>
   <div class='ocr_carea' id='block_1_84' title="bbox 2232 2423 3880 2496">
    <p class='ocr_par' dir='ltr' id='par_1_84' title="bbox 2232 2423 3880 2496">
     <span class='ocr_line' id='line_1_84' title="bbox 2232 2423 3880 2496; baseline -0.001 -18"><span class='ocrx_word' id='word_1_556' title='bbox 2232 2441 2342 2480; x_wconf 91' lang='lat' dir='ltr'><strong>non</strong></span> <span class='ocrx_word' id='word_1_557' title='bbox 2377 2442 2412 2479; x_wconf 91' lang='lat' dir='ltr'><strong>a</strong></span> <span class='ocrx_word' id='word_1_558' title='bbox 2440 2426 2756 2482; x_wconf 88' lang='lat' dir='ltr'><strong>constituto</strong></span> <span class='ocrx_word' id='word_1_559' title='bbox 2782 2425 3076 2496; x_wconf 87' lang='lat' dir='ltr'><strong>episcopo,</strong></span> <span class='ocrx_word' id='word_1_560' title='bbox 3105 2425 3205 2480; x_wconf 91' lang='lat' dir='ltr'><strong>sed</strong></span> <span class='ocrx_word' id='word_1_561' title='bbox 3241 2441 3273 2479; x_wconf 90' lang='lat' dir='ltr'><strong>a</strong></span> <span class='ocrx_word' id='word_1_562' title='bbox 3309 2423 3589 2496; x_wconf 91' lang='lat' dir='ltr'><strong>quolibet,</strong></span> <span class='ocrx_word' id='word_1_563' title='bbox 3621 2423 3880 2493; x_wconf 79' lang='lat' dir='ltr'><strong>quicun-</strong></span> 
     </span>
    </p>
   </div>
   <div class='ocr_carea' id='block_1_85' title="bbox 2230 2511 3885 2586">
    <p class='ocr_par' dir='ltr' id='par_1_85' title="bbox 2230 2511 3885 2586">
     <span class='ocr_line' id='line_1_85' title="bbox 2230 2511 3885 2586; baseline -0.002 -17"><span class='ocrx_word' id='word_1_564' title='bbox 2230 2528 2342 2584; x_wconf 89' lang='lat' dir='ltr'><strong>que</strong></span> <span class='ocrx_word' id='word_1_565' title='bbox 2373 2513 2485 2585; x_wconf 90' lang='lat' dir='ltr'><strong>ipsi</strong></span> <span class='ocrx_word' id='word_1_566' title='bbox 2535 2512 2971 2586; x_wconf 86' lang='lat' dir='ltr'><strong>congregationi</strong></span> <span class='ocrx_word' id='word_1_567' title='bbox 3021 2511 3325 2585; x_wconf 89' lang='lat' dir='ltr'><strong>placuerit,</strong></span> <span class='ocrx_word' id='word_1_568' title='bbox 3377 2516 3700 2584; x_wconf 86' lang='lat' dir='ltr'><strong>expetatur,</strong></span> <span class='ocrx_word' id='word_1_569' title='bbox 3756 2528 3885 2566; x_wconf 87' lang='lat' dir='ltr'><strong>non.</strong></span> 
     </span>
    </p>
   </div>
   <div class='ocr_carea' id='block_1_86' title="bbox 2230 2601 3880 2673">
    <p class='ocr_par' dir='ltr' id='par_1_86' title="bbox 2230 2601 3880 2673">
     <span class='ocr_line' id='line_1_86' title="bbox 2230 2601 3880 2673; baseline 0 -17"><span class='ocrx_word' id='word_1_570' title='bbox 2230 2602 2424 2673; x_wconf 90' lang='lat' dir='ltr'><strong>aliquo</strong></span> <span class='ocrx_word' id='word_1_571' title='bbox 2439 2603 2622 2673; x_wconf 88' lang='lat' dir='ltr'><strong>pretio</strong></span> <span class='ocrx_word' id='word_1_572' title='bbox 2637 2601 2999 2668; x_wconf 89' lang='lat' dir='ltr'><strong>redimenda,</strong></span> <span class='ocrx_word' id='word_1_573' title='bbox 3017 2603 3118 2657; x_wconf 91' lang='lat' dir='ltr'><strong>sed</strong></span> <span class='ocrx_word' id='word_1_574' title='bbox 3135 2601 3317 2672; x_wconf 90' lang='lat' dir='ltr'><strong>gratis</strong></span> <span class='ocrx_word' id='word_1_575' title='bbox 3333 2601 3688 2672; x_wconf 88' lang='lat' dir='ltr'><strong>accipienda.</strong></span> <span class='ocrx_word' id='word_1_576' title='bbox 3704 2601 3880 2666; x_wconf 87' lang='lat' dir='ltr'><strong>Quod</strong></span> 
     </span>
    </p>
   </div>
   <div class='ocr_carea' id='block_1_87' title="bbox 2228 2689 3879 2761">
    <p class='ocr_par' dir='ltr' id='par_1_87' title="bbox 2228 2689 3879 2761">
     <span class='ocr_line' id='line_1_87' title="bbox 2228 2689 3879 2761; baseline -0.002 -15"><span class='ocrx_word' id='word_1_577' title='bbox 2228 2689 2401 2746; x_wconf 90' lang='lat' dir='ltr'><strong>etiam</strong></span> <span class='ocrx_word' id='word_1_578' title='bbox 2425 2692 2495 2745; x_wconf 92' lang='lat' dir='ltr'><strong>de</strong></span> <span class='ocrx_word' id='word_1_579' title='bbox 2517 2691 2792 2745; x_wconf 91' lang='lat' dir='ltr'><strong>omnibus</strong></span> <span class='ocrx_word' id='word_1_580' title='bbox 2809 2689 3336 2745; x_wconf 86' lang='lat' dir='ltr'><strong>ecclesiasticorum</strong></span> <span class='ocrx_word' id='word_1_581' title='bbox 3377 2690 3668 2761; x_wconf 85' lang='lat' dir='ltr'><strong>graduum</strong></span> <span class='ocrx_word' id='word_1_582' title='bbox 3707 2690 3814 2744; x_wconf 88' lang='lat' dir='ltr'><strong>0rd</strong></span> <span class='ocrx_word' id='word_1_583' title='bbox 3830 2691 3879 2742; x_wconf 92' lang='lat' dir='ltr'><strong>i-</strong></span> 
     </span>
    </p>
   </div>
   <div class='ocr_carea' id='block_1_88' title="bbox 2229 2777 3880 2842">
    <p class='ocr_par' dir='ltr' id='par_1_88' title="bbox 2229 2777 3880 2842">
     <span class='ocr_line' id='line_1_88' title="bbox 2229 2777 3880 2842; baseline 0.001 -10"><span class='ocrx_word' id='word_1_584' title='bbox 2229 2779 2587 2842; x_wconf 90' lang='lat' dir='ltr'><strong>nationibus,</strong></span> <span class='ocrx_word' id='word_1_585' title='bbox 2619 2783 2676 2833; x_wconf 92' lang='lat' dir='ltr'><strong>et</strong></span> <span class='ocrx_word' id='word_1_586' title='bbox 2705 2778 2978 2833; x_wconf 89' lang='lat' dir='ltr'><strong>altarium</strong></span> <span class='ocrx_word' id='word_1_587' title='bbox 3011 2777 3128 2834; x_wconf 90' lang='lat' dir='ltr'><strong>sive</strong></span> <span class='ocrx_word' id='word_1_588' title='bbox 3157 2778 3535 2834; x_wconf 88' lang='lat' dir='ltr'><strong>ecclesiarum</strong></span> <span class='ocrx_word' id='word_1_589' title='bbox 3569 2794 3880 2833; x_wconf 84' lang='lat' dir='ltr'><strong>consecra-</strong></span> 
     </span>
    </p>
   </div>
   <div class='ocr_carea' id='block_1_89' title="bbox 2226 2865 3880 2938">
    <p class='ocr_par' dir='ltr' id='par_1_89' title="bbox 2226 2865 3880 2938">
     <span class='ocr_line' id='line_1_89' title="bbox 2226 2865 3880 2938; baseline 0.001 -18"><span class='ocrx_word' id='word_1_590' title='bbox 2226 2867 2486 2921; x_wconf 89' lang='lat' dir='ltr'><strong>tionibus</strong></span> <span class='ocrx_word' id='word_1_591' title='bbox 2511 2865 2882 2938; x_wconf 79' lang='lat' dir='ltr'><strong>praecipimus</strong></span> <span class='ocrx_word' id='word_1_592' title='bbox 2904 2867 3416 2934; x_wconf 88' lang='lat' dir='ltr'><strong>etconfirmamus,</strong></span> <span class='ocrx_word' id='word_1_593' title='bbox 3441 2865 3880 2922; x_wconf 87' lang='lat' dir='ltr'><strong>utliceatvobis</strong></span> 
     </span>
    </p>
   </div>
   <div class='ocr_carea' id='block_1_90' title="bbox 2225 2954 3877 3027">
    <p class='ocr_par' dir='ltr' id='par_1_90' title="bbox 2225 2954 3877 3027">
     <span class='ocr_line' id='line_1_90' title="bbox 2225 2954 3877 3027; baseline 0.001 -18"><span class='ocrx_word' id='word_1_594' title='bbox 2225 2956 2551 3027; x_wconf 89' lang='lat' dir='ltr'><strong>vestrisque</strong></span> <span class='ocrx_word' id='word_1_595' title='bbox 2589 2954 3045 3025; x_wconf 86' lang='lat' dir='ltr'><strong>successoribus,</strong></span> <span class='ocrx_word' id='word_1_596' title='bbox 3096 2972 3130 3009; x_wconf 90' lang='lat' dir='ltr'><strong>a</strong></span> <span class='ocrx_word' id='word_1_597' title='bbox 3171 2971 3518 3026; x_wconf 88' lang='lat' dir='ltr'><strong>quocunque</strong></span> <span class='ocrx_word' id='word_1_598' title='bbox 3565 2972 3634 3012; x_wconf 87' lang='lat' dir='ltr'><strong>ea</strong></span> <span class='ocrx_word' id='word_1_599' title='bbox 3680 2954 3877 3010; x_wconf 86' lang='lat' dir='ltr'><strong>velitis</strong></span> 
     </span>
    </p>
   </div>
   <div class='ocr_carea' id='block_1_91' title="bbox 2227 3043 3875 3116">
    <p class='ocr_par' dir='ltr' id='par_1_91' title="bbox 2227 3043 3875 3116">
     <span class='ocr_line' id='line_1_91' title="bbox 2227 3043 3875 3116; baseline -0.001 -16"><span class='ocrx_word' id='word_1_600' title='bbox 2227 3045 2499 3116; x_wconf 90' lang='lat' dir='ltr'><strong>episcopo</strong></span> <span class='ocrx_word' id='word_1_601' title='bbox 2532 3043 2715 3116; x_wconf 87' lang='lat' dir='ltr'><strong>gratis</strong></span> <span class='ocrx_word' id='word_1_602' title='bbox 2744 3059 3070 3116; x_wconf 89' lang='lat' dir='ltr'><strong>exposcere,</strong></span> <span class='ocrx_word' id='word_1_603' title='bbox 3121 3043 3434 3116; x_wconf 88' lang='lat' dir='ltr'><strong>nullusque</strong></span> <span class='ocrx_word' id='word_1_604' title='bbox 3462 3043 3626 3100; x_wconf 90' lang='lat' dir='ltr'><strong>vobis</strong></span> <span class='ocrx_word' id='word_1_605' title='bbox 3659 3044 3875 3108; x_wconf 76' lang='lat' dir='ltr'><strong>audeat</strong></span> 
     </span>
    </p>
   </div>
   <div class='ocr_carea' id='block_1_92' title="bbox 2229 3133 3876 3204">
    <p class='ocr_par' dir='ltr' id='par_1_92' title="bbox 2229 3133 3876 3204">
     <span class='ocr_line' id='line_1_92' title="bbox 2229 3133 3876 3204; baseline -0.001 -16"><span class='ocrx_word' id='word_1_606' title='bbox 2229 3133 2644 3188; x_wconf 88' lang='lat' dir='ltr'><strong>contradicere.</strong></span> <span class='ocrx_word' id='word_1_607' title='bbox 2679 3134 2863 3196; x_wconf 90' lang='lat' dir='ltr'><strong>Quam</strong></span> <span class='ocrx_word' id='word_1_608' title='bbox 2911 3133 3351 3204; x_wconf 68' lang='lat' dir='ltr'><strong>prarogativam</strong></span> <span class='ocrx_word' id='word_1_609' title='bbox 3402 3150 3435 3187; x_wconf 89' lang='lat' dir='ltr'><strong>a</strong></span> <span class='ocrx_word' id='word_1_610' title='bbox 3478 3133 3876 3204; x_wconf 70' lang='lat' dir='ltr'><strong>prazdecesso-</strong></span> 
     </span>
    </p>
   </div>
   <div class='ocr_carea' id='block_1_93' title="bbox 2231 3221 3880 3285">
    <p class='ocr_par' dir='ltr' id='par_1_93' title="bbox 2231 3221 3880 3285">
     <span class='ocr_line' id='line_1_93' title="bbox 2231 3221 3880 3285; baseline 0.001 -9"><span class='ocrx_word' id='word_1_611' title='bbox 2231 3223 2394 3277; x_wconf 91' lang='lat' dir='ltr'><strong>ribus</strong></span> <span class='ocrx_word' id='word_1_612' title='bbox 2424 3221 2641 3277; x_wconf 90' lang='lat' dir='ltr'><strong>nostris</strong></span> <span class='ocrx_word' id='word_1_613' title='bbox 2661 3221 3013 3277; x_wconf 83' lang='lat' dir='ltr'><strong>monasterio</strong></span> <span class='ocrx_word' id='word_1_614' title='bbox 3033 3225 3224 3277; x_wconf 90' lang='lat' dir='ltr'><strong>vestro</strong></span> <span class='ocrx_word' id='word_1_615' title='bbox 3255 3237 3615 3285; x_wconf 84' lang='lat' dir='ltr'><strong>concessam,</strong></span> <span class='ocrx_word' id='word_1_616' title='bbox 3643 3226 3699 3276; x_wconf 89' lang='lat' dir='ltr'><strong>et</strong></span> <span class='ocrx_word' id='word_1_617' title='bbox 3722 3238 3758 3276; x_wconf 89' lang='lat' dir='ltr'><strong>a</strong></span> <span class='ocrx_word' id='word_1_618' title='bbox 3781 3238 3880 3277; x_wconf 91' lang='lat' dir='ltr'><strong>no-</strong></span> 
     </span>
    </p>
   </div>
   <div class='ocr_carea' id='block_1_94' title="bbox 2226 3308 3878 3376">
    <p class='ocr_par' dir='ltr' id='par_1_94' title="bbox 2226 3308 3878 3376">
     <span class='ocr_line' id='line_1_94' title="bbox 2226 3308 3878 3376; baseline -0.001 -10"><span class='ocrx_word' id='word_1_619' title='bbox 2226 3310 2318 3366; x_wconf 91' lang='lat' dir='ltr'><strong>bis</strong></span> <span class='ocrx_word' id='word_1_620' title='bbox 2348 3309 2554 3366; x_wconf 90' lang='lat' dir='ltr'><strong>merito</strong></span> <span class='ocrx_word' id='word_1_621' title='bbox 2585 3311 3012 3376; x_wconf 88' lang='lat' dir='ltr'><strong>confirmatam,</strong></span> <span class='ocrx_word' id='word_1_622' title='bbox 3045 3309 3261 3366; x_wconf 89' lang='lat' dir='ltr'><strong>idcirco</strong></span> <span class='ocrx_word' id='word_1_623' title='bbox 3291 3308 3479 3366; x_wconf 89' lang='lat' dir='ltr'><strong>eidem</strong></span> <span class='ocrx_word' id='word_1_624' title='bbox 3502 3309 3878 3366; x_wconf 89' lang='lat' dir='ltr'><strong>contribuere</strong></span> 
     </span>
    </p>
   </div>
   <div class='ocr_carea' id='block_1_95' title="bbox 2225 3397 3879 3470">
    <p class='ocr_par' dir='ltr' id='par_1_95' title="bbox 2225 3397 3879 3470">
     <span class='ocr_line' id='line_1_95' title="bbox 2225 3397 3879 3470; baseline -0.001 -16"><span class='ocrx_word' id='word_1_625' title='bbox 2225 3399 2587 3456; x_wconf 91' lang='lat' dir='ltr'><strong>decrevimus</strong></span> <span class='ocrx_word' id='word_1_626' title='bbox 2620 3403 2702 3465; x_wconf 90' lang='lat' dir='ltr'><strong>ut,</strong></span> <span class='ocrx_word' id='word_1_627' title='bbox 2736 3399 2887 3454; x_wconf 89' lang='lat' dir='ltr'><strong>sicut</strong></span> <span class='ocrx_word' id='word_1_628' title='bbox 2919 3398 3200 3454; x_wconf 87' lang='lat' dir='ltr'><strong>hactenus</strong></span> <span class='ocrx_word' id='word_1_629' title='bbox 3233 3399 3344 3454; x_wconf 89' lang='lat' dir='ltr'><strong>sub</strong></span> <span class='ocrx_word' id='word_1_630' title='bbox 3388 3397 3706 3470; x_wconf 83' lang='lat' dir='ltr'><strong>apostolico</strong></span> <span class='ocrx_word' id='word_1_631' title='bbox 3741 3402 3879 3454; x_wconf 89' lang='lat' dir='ltr'><strong>tan-</strong></span> 
     </span>
    </p>
   </div>
   <div class='ocr_carea' id='block_1_96' title="bbox 2224 3486 3882 3559">
    <p class='ocr_par' dir='ltr' id='par_1_96' title="bbox 2224 3486 3882 3559">
     <span class='ocr_line' id='line_1_96' title="bbox 2224 3486 3882 3559; baseline -0.001 -16"><span class='ocrx_word' id='word_1_632' title='bbox 2224 3491 2353 3544; x_wconf 89' lang='lat' dir='ltr'><strong>tum</strong></span> <span class='ocrx_word' id='word_1_633' title='bbox 2379 3489 2512 3558; x_wconf 89' lang='lat' dir='ltr'><strong>jure</strong></span> <span class='ocrx_word' id='word_1_634' title='bbox 2554 3492 2611 3542; x_wconf 89' lang='lat' dir='ltr'><strong>et</strong></span> <span class='ocrx_word' id='word_1_635' title='bbox 2663 3486 2879 3543; x_wconf 90' lang='lat' dir='ltr'><strong>ditione</strong></span> <span class='ocrx_word' id='word_1_636' title='bbox 2928 3486 3212 3552; x_wconf 73' lang='lat' dir='ltr'><strong>constitit,</strong></span> <span class='ocrx_word' id='word_1_637' title='bbox 3261 3487 3342 3541; x_wconf 87' lang='lat' dir='ltr'><strong>ita</strong></span> <span class='ocrx_word' id='word_1_638' title='bbox 3383 3487 3590 3556; x_wconf 86' lang='lat' dir='ltr'><strong>amodo</strong></span> <span class='ocrx_word' id='word_1_639' title='bbox 3639 3502 3882 3559; x_wconf 85' lang='lat' dir='ltr'><strong>semper</strong></span> 
     </span>
    </p>
   </div>
   <div class='ocr_carea' id='block_1_97' title="bbox 2225 3574 3880 3647">
    <p class='ocr_par' dir='ltr' id='par_1_97' title="bbox 2225 3574 3880 3647">
     <span class='ocr_line' id='line_1_97' title="bbox 2225 3574 3880 3647; baseline -0.001 -16"><span class='ocrx_word' id='word_1_640' title='bbox 2225 3576 2524 3642; x_wconf 90' lang='lat' dir='ltr'><strong>consistat,</strong></span> <span class='ocrx_word' id='word_1_641' title='bbox 2595 3591 2699 3630; x_wconf 91' lang='lat' dir='ltr'><strong>nec</strong></span> <span class='ocrx_word' id='word_1_642' title='bbox 2765 3574 3012 3630; x_wconf 90' lang='lat' dir='ltr'><strong>aliorum</strong></span> <span class='ocrx_word' id='word_1_643' title='bbox 3073 3575 3365 3647; x_wconf 86' lang='lat' dir='ltr'><strong>respiciat,</strong></span> <span class='ocrx_word' id='word_1_644' title='bbox 3415 3579 3707 3646; x_wconf 84' lang='lat' dir='ltr'><strong>quatenus</strong></span> <span class='ocrx_word' id='word_1_645' title='bbox 3762 3575 3880 3632; x_wconf 89' lang='lat' dir='ltr'><strong>sub</strong></span> 
     </span>
    </p>
   </div>
   <div class='ocr_carea' id='block_1_98' title="bbox 2223 3662 3883 3736">
    <p class='ocr_par' dir='ltr' id='par_1_98' title="bbox 2223 3662 3883 3736">
     <span class='ocr_line' id='line_1_98' title="bbox 2223 3662 3883 3736; baseline 0.001 -18"><span class='ocrx_word' id='word_1_646' title='bbox 2223 3663 2552 3735; x_wconf 71' lang='lat' dir='ltr'><strong>apostolicae</strong></span> <span class='ocrx_word' id='word_1_647' title='bbox 2610 3662 2965 3720; x_wconf 83' lang='lat' dir='ltr'><strong>defensionis</strong></span> <span class='ocrx_word' id='word_1_648' title='bbox 2987 3663 3332 3720; x_wconf 89' lang='lat' dir='ltr'><strong>umbraculo</strong></span> <span class='ocrx_word' id='word_1_649' title='bbox 3355 3665 3605 3736; x_wconf 89' lang='lat' dir='ltr'><strong>positum</strong></span> <span class='ocrx_word' id='word_1_650' title='bbox 3633 3680 3883 3736; x_wconf 86' lang='lat' dir='ltr'><strong>semper</strong></span> 
     </span>
    </p>
   </div>
   <div class='ocr_carea' id='block_1_99' title="bbox 2223 3751 3886 3824">
    <p class='ocr_par' dir='ltr' id='par_1_99' title="bbox 2223 3751 3886 3824">
     <span class='ocr_line' id='line_1_99' title="bbox 2223 3751 3886 3824; baseline 0.001 -16"><span class='ocrx_word' id='word_1_651' title='bbox 2223 3757 2467 3817; x_wconf 89' lang='lat' dir='ltr'><strong>crescat,</strong></span> <span class='ocrx_word' id='word_1_652' title='bbox 2505 3767 2736 3823; x_wconf 90' lang='lat' dir='ltr'><strong>semper</strong></span> <span class='ocrx_word' id='word_1_653' title='bbox 2775 3756 3074 3824; x_wconf 87' lang='lat' dir='ltr'><strong>augescat,</strong></span> <span class='ocrx_word' id='word_1_654' title='bbox 3106 3751 3330 3807; x_wconf 90' lang='lat' dir='ltr'><strong>nullam</strong></span> <span class='ocrx_word' id='word_1_655' title='bbox 3354 3769 3659 3824; x_wconf 82' lang='lat' dir='ltr'><strong>pravorum</strong></span> <span class='ocrx_word' id='word_1_656' title='bbox 3679 3751 3886 3810; x_wconf 82' lang='lat' dir='ltr'><strong>homi-</strong></span> 
     </span>
    </p>
   </div>
   <div class='ocr_carea' id='block_1_100' title="bbox 2222 3838 3886 3912">
    <p class='ocr_par' dir='ltr' id='par_1_100' title="bbox 2222 3838 3886 3912">
     <span class='ocr_line' id='line_1_100' title="bbox 2222 3838 3886 3912; baseline 0.002 -16"><span class='ocrx_word' id='word_1_657' title='bbox 2222 3852 2363 3896; x_wconf 82' lang='lat' dir='ltr'><strong>num</strong></span> <span class='ocrx_word' id='word_1_658' title='bbox 2385 3839 2775 3912; x_wconf 84' lang='lat' dir='ltr'><strong>tyrannidem,</strong></span> <span class='ocrx_word' id='word_1_659' title='bbox 2796 3838 3022 3896; x_wconf 89' lang='lat' dir='ltr'><strong>nullam</strong></span> <span class='ocrx_word' id='word_1_660' title='bbox 3041 3840 3361 3897; x_wconf 87' lang='lat' dir='ltr'><strong>humanam</strong></span> <span class='ocrx_word' id='word_1_661' title='bbox 3385 3845 3733 3912; x_wconf 81' lang='lat' dir='ltr'><strong>potestatem</strong></span> <span class='ocrx_word' id='word_1_662' title='bbox 3759 3859 3886 3900; x_wconf 77' lang='lat' dir='ltr'><strong>me-</strong></span> 
     </span>
    </p>
   </div>
   <div class='ocr_carea' id='block_1_101' title="bbox 2221 3928 3879 4000">
    <p class='ocr_par' dir='ltr' id='par_1_101' title="bbox 2221 3928 3879 4000">
     <span class='ocr_line' id='line_1_101' title="bbox 2221 3928 3879 4000; baseline 0.002 -15"><span class='ocrx_word' id='word_1_663' title='bbox 2221 3934 2417 3994; x_wconf 87' lang='lat' dir='ltr'><strong>tuens,</strong></span> <span class='ocrx_word' id='word_1_664' title='bbox 2451 3934 2518 3984; x_wconf 91' lang='lat' dir='ltr'><strong>ut</strong></span> <span class='ocrx_word' id='word_1_665' title='bbox 2556 3928 2898 4000; x_wconf 84' lang='lat' dir='ltr'><strong>quotidiana</strong></span> <span class='ocrx_word' id='word_1_666' title='bbox 2935 3928 3050 3986; x_wconf 89' lang='lat' dir='ltr'><strong>Deo</strong></span> <span class='ocrx_word' id='word_1_667' title='bbox 3096 3929 3378 4000; x_wconf 87' lang='lat' dir='ltr'><strong>obsequia</strong></span> <span class='ocrx_word' id='word_1_668' title='bbox 3425 3930 3654 3996; x_wconf 88' lang='lat' dir='ltr'><strong>devote,</strong></span> <span class='ocrx_word' id='word_1_669' title='bbox 3681 3934 3754 3986; x_wconf 90' lang='lat' dir='ltr'><strong>ut</strong></span> <span class='ocrx_word' id='word_1_670' title='bbox 3781 3948 3879 3988; x_wconf 84' lang='lat' dir='ltr'><strong>so-</strong></span> 
     </span>
    </p>
   </div>
   <div class='ocr_carea' id='block_1_102' title="bbox 2225 4016 3882 4089">
    <p class='ocr_par' dir='ltr' id='par_1_102' title="bbox 2225 4016 3882 4089">
     <span class='ocr_line' id='line_1_102' title="bbox 2225 4016 3882 4089; baseline 0.001 -17"><span class='ocrx_word' id='word_1_671' title='bbox 2225 4017 2368 4086; x_wconf 88' lang='lat' dir='ltr'><strong>lent,</strong></span> <span class='ocrx_word' id='word_1_672' title='bbox 2402 4021 2461 4078; x_wconf 87' lang='lat' dir='ltr'><strong>et</strong></span> <span class='ocrx_word' id='word_1_673' title='bbox 2490 4017 2686 4088; x_wconf 88' lang='lat' dir='ltr'><strong>quiete</strong></span> <span class='ocrx_word' id='word_1_674' title='bbox 2710 4016 2792 4072; x_wconf 91' lang='lat' dir='ltr'><strong>ibi</strong></span> <span class='ocrx_word' id='word_1_675' title='bbox 2845 4020 3115 4089; x_wconf 86' lang='lat' dir='ltr'><strong>agantur,</strong></span> <span class='ocrx_word' id='word_1_676' title='bbox 3167 4033 3272 4073; x_wconf 89' lang='lat' dir='ltr'><strong>nec</strong></span> <span class='ocrx_word' id='word_1_677' title='bbox 3311 4021 3550 4088; x_wconf 84' lang='lat' dir='ltr'><strong>agentes</strong></span> <span class='ocrx_word' id='word_1_678' title='bbox 3578 4017 3635 4072; x_wconf 91' lang='lat' dir='ltr'><strong>in</strong></span> <span class='ocrx_word' id='word_1_679' title='bbox 3667 4017 3882 4089; x_wconf 88' lang='lat' dir='ltr'><strong>aliquo</strong></span> 
     </span>
    </p>
   </div>
   <div class='ocr_carea' id='block_1_103' title="bbox 2227 4105 3884 4180">
    <p class='ocr_par' dir='ltr' id='par_1_103' title="bbox 2227 4105 3884 4180">
     <span class='ocr_line' id='line_1_103' title="bbox 2227 4105 3884 4180; baseline 0.001 -19"><span class='ocrx_word' id='word_1_680' title='bbox 2227 4123 2330 4180; x_wconf 90' lang='lat' dir='ltr'><strong>per</strong></span> <span class='ocrx_word' id='word_1_681' title='bbox 2361 4105 2618 4178; x_wconf 87' lang='lat' dir='ltr'><strong>aliquem</strong></span> <span class='ocrx_word' id='word_1_682' title='bbox 2651 4105 3056 4174; x_wconf 88' lang='lat' dir='ltr'><strong>sollicitentur,</strong></span> <span class='ocrx_word' id='word_1_683' title='bbox 3089 4105 3490 4172; x_wconf 86' lang='lat' dir='ltr'><strong>molestentur,</strong></span> <span class='ocrx_word' id='word_1_684' title='bbox 3541 4106 3884 4177; x_wconf 86' lang='lat' dir='ltr'><strong>inquieten-</strong></span> 
     </span>
    </p>
   </div>
   <div class='ocr_carea' id='block_1_104' title="bbox 2228 4193 3889 4266">
    <p class='ocr_par' dir='ltr' id='par_1_104' title="bbox 2228 4193 3889 4266">
     <span class='ocr_line' id='line_1_104' title="bbox 2228 4193 3889 4266; baseline -0.001 -14"><span class='ocrx_word' id='word_1_685' title='bbox 2228 4200 2341 4252; x_wconf 91' lang='lat' dir='ltr'><strong>tur.</strong></span> <span class='ocrx_word' id='word_1_686' title='bbox 2400 4197 2460 4251; x_wconf 92' lang='lat' dir='ltr'><strong>In</strong></span> <span class='ocrx_word' id='word_1_687' title='bbox 2521 4211 2637 4266; x_wconf 87' lang='lat' dir='ltr'><strong>qua</strong></span> <span class='ocrx_word' id='word_1_688' title='bbox 2695 4193 3076 4265; x_wconf 67' lang='lat' dir='ltr'><strong>prerogativa</strong></span> <span class='ocrx_word' id='word_1_689' title='bbox 3103 4194 3279 4249; x_wconf 84' lang='lat' dir='ltr'><strong>etiam</strong></span> <span class='ocrx_word' id='word_1_690' title='bbox 3322 4193 3662 4256; x_wconf 84' lang='lat' dir='ltr'><strong>chrismatis</strong></span> <span class='ocrx_word' id='word_1_691' title='bbox 3689 4193 3889 4252; x_wconf 87' lang='lat' dir='ltr'><strong>libera</strong></span> 
     </span>
    </p>
   </div>
   <div class='ocr_carea' id='block_1_105' title="bbox 2228 4281 3890 4354">
    <p class='ocr_par' dir='ltr' id='par_1_105' title="bbox 2228 4281 3890 4354">
     <span class='ocr_line' id='line_1_105' title="bbox 2228 4281 3890 4354; baseline -0.001 -15"><span class='ocrx_word' id='word_1_692' title='bbox 2228 4282 2478 4354; x_wconf 87' lang='lat' dir='ltr'><strong>receptio</strong></span> <span class='ocrx_word' id='word_1_693' title='bbox 2511 4301 2547 4338; x_wconf 77' lang='grc' dir='ltr'><strong>θ,</strong></span> <span class='ocrx_word' id='word_1_694' title='bbox 2575 4299 2812 4354; x_wconf 88' lang='lat' dir='ltr'><strong>quoquo</strong></span> <span class='ocrx_word' id='word_1_695' title='bbox 2853 4281 3042 4338; x_wconf 89' lang='lat' dir='ltr'><strong>velitis</strong></span> <span class='ocrx_word' id='word_1_696' title='bbox 3072 4281 3344 4354; x_wconf 87' lang='lat' dir='ltr'><strong>episcopo</strong></span> <span class='ocrx_word' id='word_1_697' title='bbox 3393 4282 3682 4339; x_wconf 88' lang='lat' dir='ltr'><strong>consistit.</strong></span> <span class='ocrx_word' id='word_1_698' title='bbox 3741 4284 3890 4347; x_wconf 68' lang='lat' dir='ltr'><strong>Quae</strong></span> 
     </span>
    </p>
   </div>
   <div class='ocr_carea' id='block_1_106' title="bbox 2227 4369 3891 4443">
    <p class='ocr_par' dir='ltr' id='par_1_106' title="bbox 2227 4369 3891 4443">
     <span class='ocr_line' id='line_1_106' title="bbox 2227 4369 3891 4443; baseline 0 -15"><span class='ocrx_word' id='word_1_699' title='bbox 2227 4373 2444 4437; x_wconf 87' lang='lat' dir='ltr'><strong>omnia,</strong></span> <span class='ocrx_word' id='word_1_700' title='bbox 2471 4372 2624 4427; x_wconf 87' lang='lat' dir='ltr'><strong>sicut</strong></span> <span class='ocrx_word' id='word_1_701' title='bbox 2649 4369 3066 4443; x_wconf 67' lang='lat' dir='ltr'><strong>praemisimus,</strong></span> <span class='ocrx_word' id='word_1_702' title='bbox 3086 4371 3586 4442; x_wconf 75' lang='lat' dir='ltr'><strong>Quemadmodum</strong></span> <span class='ocrx_word' id='word_1_703' title='bbox 3608 4389 3642 4428; x_wconf 89' lang='lat' dir='ltr'><strong>a</strong></span> <span class='ocrx_word' id='word_1_704' title='bbox 3661 4374 3891 4443; x_wconf 65' lang='lat' dir='ltr'><strong>prede-</strong></span> 
     </span>
    </p>
   </div>
   <div class='ocr_carea' id='block_1_107' title="bbox 2225 4459 3894 4532">
    <p class='ocr_par' dir='ltr' id='par_1_107' title="bbox 2225 4459 3894 4532">
     <span class='ocr_line' id='line_1_107' title="bbox 2225 4459 3894 4532; baseline 0 -16"><span class='ocrx_word' id='word_1_705' title='bbox 2225 4461 2560 4517; x_wconf 89' lang='lat' dir='ltr'><strong>cessoribus</strong></span> <span class='ocrx_word' id='word_1_706' title='bbox 2593 4459 2814 4515; x_wconf 90' lang='lat' dir='ltr'><strong>nostris</strong></span> <span class='ocrx_word' id='word_1_707' title='bbox 2853 4459 3077 4515; x_wconf 80' lang='lat' dir='ltr'><strong>sancite</strong></span> <span class='ocrx_word' id='word_1_708' title='bbox 3122 4460 3468 4530; x_wconf 87' lang='lat' dir='ltr'><strong>reperimus,</strong></span> <span class='ocrx_word' id='word_1_709' title='bbox 3521 4461 3602 4516; x_wconf 86' lang='lat' dir='ltr'><strong>ita</strong></span> <span class='ocrx_word' id='word_1_710' title='bbox 3644 4477 3894 4532; x_wconf 86' lang='lat' dir='ltr'><strong>quoque</strong></span> 
     </span>
    </p>
   </div>
   <div class='ocr_carea' id='block_1_108' title="bbox 2227 4547 3892 4608">
    <p class='ocr_par' dir='ltr' id='par_1_108' title="bbox 2227 4547 3892 4608">
     <span class='ocr_line' id='line_1_108' title="bbox 2227 4547 3892 4608; baseline -0.001 -2"><span class='ocrx_word' id='word_1_711' title='bbox 2227 4567 2335 4606; x_wconf 91' lang='lat' dir='ltr'><strong>nos</strong></span> <span class='ocrx_word' id='word_1_712' title='bbox 2366 4548 2630 4606; x_wconf 87' lang='lat' dir='ltr'><strong>stabilire</strong></span> <span class='ocrx_word' id='word_1_713' title='bbox 2661 4553 2718 4604; x_wconf 90' lang='lat' dir='ltr'><strong>et</strong></span> <span class='ocrx_word' id='word_1_714' title='bbox 2746 4548 3098 4604; x_wconf 80' lang='lat' dir='ltr'><strong>conﬁrmare</strong></span> <span class='ocrx_word' id='word_1_715' title='bbox 3124 4547 3509 4604; x_wconf 80' lang='lat' dir='ltr'><strong>decrevimus.</strong></span> <span class='ocrx_word' id='word_1_716' title='bbox 3542 4548 3892 4608; x_wconf 85' lang='lat' dir='ltr'><strong>Statuentes</strong></span> 
     </span>
    </p>
   </div>
   <div class='ocr_carea' id='block_1_109' title="bbox 2229 4635 3890 4711">
    <p class='ocr_par' dir='ltr' id='par_1_109' title="bbox 2229 4635 3890 4711">
     <span class='ocr_line' id='line_1_109' title="bbox 2229 4635 3890 4711; baseline 0.001 -16"><span class='ocrx_word' id='word_1_717' title='bbox 2229 4637 2551 4711; x_wconf 86' lang='lat' dir='ltr'><strong>apostolica</strong></span> <span class='ocrx_word' id='word_1_718' title='bbox 2580 4653 2850 4702; x_wconf 90' lang='lat' dir='ltr'><strong>censura,</strong></span> <span class='ocrx_word' id='word_1_719' title='bbox 2883 4636 2991 4692; x_wconf 90' lang='lat' dir='ltr'><strong>sub</strong></span> <span class='ocrx_word' id='word_1_720' title='bbox 3022 4635 3202 4691; x_wconf 89' lang='lat' dir='ltr'><strong>divini</strong></span> <span class='ocrx_word' id='word_1_721' title='bbox 3225 4636 3436 4706; x_wconf 88' lang='lat' dir='ltr'><strong>judicii</strong></span> <span class='ocrx_word' id='word_1_722' title='bbox 3468 4637 3890 4703; x_wconf 81' lang='lat' dir='ltr'><strong>obtestatione.</strong></span> 
     </span>
    </p>
   </div>
   <div class='ocr_carea' id='block_1_110' title="bbox 2233 4725 3893 4797">
    <p class='ocr_par' dir='ltr' id='par_1_110' title="bbox 2233 4725 3893 4797">
     <span class='ocr_line' id='line_1_110' title="bbox 2233 4725 3893 4797; baseline -0.001 -13"><span class='ocrx_word' id='word_1_723' title='bbox 2233 4733 2298 4784; x_wconf 89' lang='lat' dir='ltr'><strong>ut</strong></span> <span class='ocrx_word' id='word_1_724' title='bbox 2329 4726 2490 4783; x_wconf 90' lang='lat' dir='ltr'><strong>nulla</strong></span> <span class='ocrx_word' id='word_1_725' title='bbox 2504 4742 2762 4797; x_wconf 87' lang='lat' dir='ltr'><strong>unquam</strong></span> <span class='ocrx_word' id='word_1_726' title='bbox 2779 4739 2993 4796; x_wconf 84' lang='lat' dir='ltr'><strong>magna</strong></span> <span class='ocrx_word' id='word_1_727' title='bbox 3005 4741 3301 4797; x_wconf 88' lang='lat' dir='ltr'><strong>parvaque</strong></span> <span class='ocrx_word' id='word_1_728' title='bbox 3322 4725 3893 4797; x_wconf 81' lang='lat' dir='ltr'><strong>personaspirituali</strong></span> 
     </span>
    </p>
   </div>
   <div class='ocr_carea' id='block_1_111' title="bbox 2229 4812 3900 4887">
    <p class='ocr_par' dir='ltr' id='par_1_111' title="bbox 2229 4812 3900 4887">
     <span class='ocr_line' id='line_1_111' title="bbox 2229 4812 3900 4887; baseline 0.001 -16"><span class='ocrx_word' id='word_1_729' title='bbox 2229 4815 2319 4874; x_wconf 85' lang='lat' dir='ltr'><strong>vel</strong></span> <span class='ocrx_word' id='word_1_730' title='bbox 2368 4814 2628 4873; x_wconf 65' lang='lat' dir='ltr'><strong>szeculari</strong></span> <span class='ocrx_word' id='word_1_731' title='bbox 2679 4812 2960 4885; x_wconf 81' lang='lat' dir='ltr'><strong>dignitate</strong></span> <span class='ocrx_word' id='word_1_732' title='bbox 3007 4813 3284 4885; x_wconf 69' lang='lat' dir='ltr'><strong>praedita,</strong></span> <span class='ocrx_word' id='word_1_733' title='bbox 3317 4814 3547 4872; x_wconf 86' lang='lat' dir='ltr'><strong>omnive</strong></span> <span class='ocrx_word' id='word_1_734' title='bbox 3589 4814 3900 4887; x_wconf 78' lang='lat' dir='ltr'><strong>dignitate</strong></span> 
     </span>
    </p>
   </div>
   <div class='ocr_carea' id='block_1_112' title="bbox 2231 4902 3900 4978">
    <p class='ocr_par' dir='ltr' id='par_1_112' title="bbox 2231 4902 3900 4978">
     <span class='ocr_line' id='line_1_112' title="bbox 2231 4902 3900 4978; baseline -0.001 -16"><span class='ocrx_word' id='word_1_735' title='bbox 2231 4906 2475 4978; x_wconf 85' lang='lat' dir='ltr'><strong>privata,</strong></span> <span class='ocrx_word' id='word_1_736' title='bbox 2508 4907 2715 4968; x_wconf 89' lang='lat' dir='ltr'><strong>contra</strong></span> <span class='ocrx_word' id='word_1_737' title='bbox 2743 4902 2850 4968; x_wconf 88' lang='lat' dir='ltr'><strong>hoc</strong></span> <span class='ocrx_word' id='word_1_738' title='bbox 2881 4906 3092 4958; x_wconf 81' lang='lat' dir='ltr'><strong>nostrae</strong></span> <span class='ocrx_word' id='word_1_739' title='bbox 3135 4902 3464 4966; x_wconf 84' lang='lat' dir='ltr'><strong>apostolicae</strong></span> <span class='ocrx_word' id='word_1_740' title='bbox 3512 4903 3900 4963; x_wconf 80' lang='lat' dir='ltr'><strong>auctoritatis</strong></span> 
     </span>
    </p>
   </div>
   <div class='ocr_carea' id='block_1_113' title="bbox 2230 4991 3904 5072">
    <p class='ocr_par' dir='ltr' id='par_1_113' title="bbox 2230 4991 3904 5072">
     <span class='ocr_line' id='line_1_113' title="bbox 2230 4991 3904 5072; baseline 0.001 -24"><span class='ocrx_word' id='word_1_741' title='bbox 2230 4992 2603 5066; x_wconf 81' lang='lat' dir='ltr'><strong>privilegium</strong></span> <span class='ocrx_word' id='word_1_742' title='bbox 2631 4991 2827 5046; x_wconf 91' lang='lat' dir='ltr'><strong>venire</strong></span> <span class='ocrx_word' id='word_1_743' title='bbox 2858 4995 2962 5052; x_wconf 88' lang='lat' dir='ltr'><strong>aut</strong></span> <span class='ocrx_word' id='word_1_744' title='bbox 2990 4991 3048 5045; x_wconf 90' lang='lat' dir='ltr'><strong>in</strong></span> <span class='ocrx_word' id='word_1_745' title='bbox 3071 5007 3372 5072; x_wconf 55' lang='lat' dir='ltr'><strong>quoquam</strong></span> <span class='ocrx_word' id='word_1_746' title='bbox 3396 4991 3904 5064; x_wconf 82' lang='lat' dir='ltr'><strong>illudinfringere</strong></span> 
     </span>
    </p>
   </div>
   <div class='ocr_carea' id='block_1_114' title="bbox 2230 5078 3905 5154">
    <p class='ocr_par' dir='ltr' id='par_1_114' title="bbox 2230 5078 3905 5154">
     <span class='ocr_line' id='line_1_114' title="bbox 2230 5078 3905 5154; baseline 0 -16"><span class='ocrx_word' id='word_1_747' title='bbox 2230 5086 2542 5154; x_wconf 88' lang='lat' dir='ltr'><strong>pertentet,</strong></span> <span class='ocrx_word' id='word_1_748' title='bbox 2577 5079 2738 5146; x_wconf 90' lang='lat' dir='ltr'><strong>Quod</strong></span> <span class='ocrx_word' id='word_1_749' title='bbox 2765 5078 3146 5150; x_wconf 86' lang='lat' dir='ltr'><strong>quincunque</strong></span> <span class='ocrx_word' id='word_1_750' title='bbox 3167 5097 3316 5138; x_wconf 88' lang='lat' dir='ltr'><strong>ausu</strong></span> <span class='ocrx_word' id='word_1_751' title='bbox 3337 5078 3650 5136; x_wconf 82' lang='lat' dir='ltr'><strong>temerario</strong></span> <span class='ocrx_word' id='word_1_752' title='bbox 3682 5081 3905 5153; x_wconf 82' lang='lat' dir='ltr'><strong>impia-</strong></span> 
     </span>
    </p>
   </div>
   <div class='ocr_carea' id='block_1_115' title="bbox 2228 5167 3902 5243">
    <p class='ocr_par' dir='ltr' id='par_1_115' title="bbox 2228 5167 3902 5243">
     <span class='ocr_line' id='line_1_115' title="bbox 2228 5167 3902 5243; baseline 0 -17"><span class='ocrx_word' id='word_1_753' title='bbox 2228 5188 2342 5243; x_wconf 92' lang='lat' dir='ltr'><strong>que</strong></span> <span class='ocrx_word' id='word_1_754' title='bbox 2386 5168 2844 5242; x_wconf 71' lang='lat' dir='ltr'><strong>praesumptione</strong></span> <span class='ocrx_word' id='word_1_755' title='bbox 2893 5172 3096 5224; x_wconf 87' lang='lat' dir='ltr'><strong>contra</strong></span> <span class='ocrx_word' id='word_1_756' title='bbox 3141 5167 3324 5223; x_wconf 90' lang='lat' dir='ltr'><strong>Deum</strong></span> <span class='ocrx_word' id='word_1_757' title='bbox 3373 5173 3429 5224; x_wconf 90' lang='lat' dir='ltr'><strong>et</strong></span> <span class='ocrx_word' id='word_1_758' title='bbox 3470 5172 3750 5226; x_wconf 86' lang='lat' dir='ltr'><strong>sanctum</strong></span> <span class='ocrx_word' id='word_1_759' title='bbox 3789 5171 3902 5227; x_wconf 87' lang='lat' dir='ltr'><strong>Pe—</strong></span> 
     </span>
    </p>
   </div>
   <div class='ocr_carea' id='block_1_116' title="bbox 2226 5255 3898 5328">
    <p class='ocr_par' dir='ltr' id='par_1_116' title="bbox 2226 5255 3898 5328">
     <span class='ocr_line' id='line_1_116' title="bbox 2226 5255 3898 5328; baseline 0.001 -14"><span class='ocrx_word' id='word_1_760' title='bbox 2226 5265 2408 5327; x_wconf 90' lang='lat' dir='ltr'><strong>trum,</strong></span> <span class='ocrx_word' id='word_1_761' title='bbox 2443 5260 2761 5328; x_wconf 86' lang='lat' dir='ltr'><strong>contraque</strong></span> <span class='ocrx_word' id='word_1_762' title='bbox 2800 5255 3058 5316; x_wconf 87' lang='lat' dir='ltr'><strong>animam</strong></span> <span class='ocrx_word' id='word_1_763' title='bbox 3091 5272 3261 5316; x_wconf 82' lang='lat' dir='ltr'><strong>suam</strong></span> <span class='ocrx_word' id='word_1_764' title='bbox 3311 5257 3527 5323; x_wconf 88' lang='lat' dir='ltr'><strong>fecerit,</strong></span> <span class='ocrx_word' id='word_1_765' title='bbox 3580 5256 3643 5311; x_wconf 70' lang='lat' dir='ltr'><strong>in</strong></span> <span class='ocrx_word' id='word_1_766' title='bbox 3678 5262 3836 5315; x_wconf 85' lang='lat' dir='ltr'><strong>tunc</strong></span> <span class='ocrx_word' id='word_1_767' title='bbox 3869 5266 3898 5324; x_wconf 60' lang='grc' dir='ltr'><strong>θ(</strong></span> 
     </span>
    </p>
   </div>
   <div class='ocr_carea' id='block_1_117' title="bbox 2227 5343 3902 5416">
    <p class='ocr_par' dir='ltr' id='par_1_117' title="bbox 2227 5343 3902 5416">
     <span class='ocr_line' id='line_1_117' title="bbox 2227 5343 3902 5416; baseline 0 -12"><span class='ocrx_word' id='word_1_768' title='bbox 2227 5353 2454 5406; x_wconf 88' lang='lat' dir='ltr'><strong>tantum</strong></span> <span class='ocrx_word' id='word_1_769' title='bbox 2490 5362 2552 5401; x_wconf 92' lang='lat' dir='ltr'><strong>se</strong></span> <span class='ocrx_word' id='word_1_770' title='bbox 2583 5344 2811 5400; x_wconf 87' lang='lat' dir='ltr'><strong>noverit</strong></span> <span class='ocrx_word' id='word_1_771' title='bbox 2840 5349 3050 5408; x_wconf 66' lang='lat' dir='ltr'><strong>nostra:</strong></span> <span class='ocrx_word' id='word_1_772' title='bbox 3076 5343 3406 5416; x_wconf 63' lang='lat' dir='ltr'><strong>apostolico;</strong></span> <span class='ocrx_word' id='word_1_773' title='bbox 3445 5344 3902 5408; x_wconf 80' lang='lat' dir='ltr'><strong>maledictionis</strong></span> 
     </span>
    </p>
   </div>
   <div class='ocr_carea' id='block_1_118' title="bbox 2227 5432 3909 5505">
    <p class='ocr_par' dir='ltr' id='par_1_118' title="bbox 2227 5432 3909 5505">
     <span class='ocr_line' id='line_1_118' title="bbox 2227 5432 3909 5505; baseline 0 -11"><span class='ocrx_word' id='word_1_774' title='bbox 2227 5435 2425 5494; x_wconf 90' lang='lat' dir='ltr'><strong>aculeo</strong></span> <span class='ocrx_word' id='word_1_775' title='bbox 2443 5437 3189 5505; x_wconf 84' lang='lat' dir='ltr'><strong>transpunctum,nostrum</strong></span> <span class='ocrx_word' id='word_1_776' title='bbox 3206 5432 3534 5505; x_wconf 66' lang='lat' dir='ltr'><strong>apostolica:</strong></span> <span class='ocrx_word' id='word_1_777' title='bbox 3549 5450 3909 5494; x_wconf 77' lang='lat' dir='ltr'><strong>excommu-</strong></span> 
     </span>
    </p>
   </div>
   <div class='ocr_carea' id='block_1_119' title="bbox 2229 5521 3907 5595">
    <p class='ocr_par' dir='ltr' id='par_1_119' title="bbox 2229 5521 3907 5595">
     <span class='ocr_line' id='line_1_119' title="bbox 2229 5521 3907 5595; baseline -0.001 -14"><span class='ocrx_word' id='word_1_778' title='bbox 2229 5524 2540 5582; x_wconf 88' lang='lat' dir='ltr'><strong>nicationis</strong></span> <span class='ocrx_word' id='word_1_779' title='bbox 2571 5521 2685 5578; x_wconf 89' lang='lat' dir='ltr'><strong>telo</strong></span> <span class='ocrx_word' id='word_1_780' title='bbox 2715 5522 3069 5594; x_wconf 84' lang='lat' dir='ltr'><strong>perfossum,</strong></span> <span class='ocrx_word' id='word_1_781' title='bbox 3117 5521 3303 5578; x_wconf 90' lang='lat' dir='ltr'><strong>nostri</strong></span> <span class='ocrx_word' id='word_1_782' title='bbox 3349 5521 3528 5578; x_wconf 84' lang='lat' dir='ltr'><strong>etiam</strong></span> <span class='ocrx_word' id='word_1_783' title='bbox 3573 5523 3907 5595; x_wconf 81' lang='lat' dir='ltr'><strong>apostolici</strong></span> 
     </span>
    </p>
   </div>
   <div class='ocr_carea' id='block_1_120' title="bbox 2226 5609 3911 5687">
    <p class='ocr_par' dir='ltr' id='par_1_120' title="bbox 2226 5609 3911 5687">
     <span class='ocr_line' id='line_1_120' title="bbox 2226 5609 3911 5687; baseline -0.002 -13"><span class='ocrx_word' id='word_1_784' title='bbox 2226 5613 2616 5674; x_wconf 86' lang='lat' dir='ltr'><strong>anathematis</strong></span> <span class='ocrx_word' id='word_1_785' title='bbox 2645 5609 2839 5686; x_wconf 81' lang='lat' dir='ltr'><strong>gladio</strong></span> <span class='ocrx_word' id='word_1_786' title='bbox 2870 5612 3428 5678; x_wconf 82' lang='lat' dir='ltr'><strong>transverberatum,</strong></span> <span class='ocrx_word' id='word_1_787' title='bbox 3478 5627 3583 5672; x_wconf 86' lang='lat' dir='ltr'><strong>nec</strong></span> <span class='ocrx_word' id='word_1_788' title='bbox 3624 5610 3741 5684; x_wconf 83' lang='lat' dir='ltr'><strong>ipsi</strong></span> <span class='ocrx_word' id='word_1_789' title='bbox 3791 5630 3911 5687; x_wconf 84' lang='lat' dir='ltr'><strong>per</strong></span> 
     </span>
    </p>
   </div>
  </div>
