4088 6174
203 297 317 370 609

1175 302 1577 372 EPISTOLIE
1619 310 1719 371 ET
1763 307 2128 371 DECRETA
2174 306 2643 375 PONTIFICIA.

3492 303 3614 382 sle

205 440 444 510 dignam
481 439 938 497 satisfactionem
971 439 1147 498 saluti
1169 443 1427 514 pristina:
1460 444 1847 514 reparandum
1882 452 1930 513 Α
1968 443 2238 496 firmitate
2256 451 2531 514 perpetua
2574 447 2683 517 ipsi
2710 448 3062 503 monasterio
3086 454 3608 509 vestrosccundum

201 529 306 594 Qui
332 545 470 584 vero
504 547 566 584 se
597 530 668 585 ab
702 531 812 586 hoc
846 530 1257 596 observaverit,
1292 537 1348 585 et
1377 530 1717 586 inviolatum
1743 531 1849 584 huc

201 619 474 672 nostrum
499 615 872 690 privilegium
903 635 1245 691 permanere
1267 617 1610 686 laudaverit,
1639 619 1728 673 hic
1753 620 1850 673 be-

202 705 620 770 nedictionem,
656 706 901 777 gratiam
932 713 986 761 et
1007 723 1181 762 omne
1203 708 1422 762 bonum
1449 725 1480 762 a
1502 707 1850 762 retributore

201 793 474 849 omnium
507 795 796 850 bonorum
829 795 928 850 Dei
959 799 1015 851 et
1042 795 1101 850 in
1131 795 1401 868 prmsenti
1451 794 1662 851 saeculo
1715 812 1851 850 con-

203 885 492 954 sequatur
520 887 580 939 et
608 883 665 938 in
701 883 920 939 futuro.

271 971 492 1025 Datum
526 989 583 1025 IV
617 971 698 1026 Id.
726 971 1006 1042 Juniiper
1034 987 1245 1027 manus
1277 971 1426 1027 Petri
1461 971 1713 1037 diaconi,
1765 972 1852 1027 bi-

203 1057 574 1114 bliothecarii
605 1077 669 1114 ac
691 1059 1020 1116 cancellarii
1053 1064 1264 1115 sanctae
1297 1059 1622 1132 apostolicae
1675 1061 1852 1126 sedis,

203 1163 358 1202 anno
382 1147 590 1202 domni
615 1147 819 1204 Leonis
854 1149 923 1203 IX
955 1165 1116 1220 papae
1150 1148 1359 1222 primo,
1392 1148 1595 1203 indict.
1628 1166 1690 1203 ιι.

978 1253 1096 1309 XII.

311 1342 368 1397 S.
403 1343 507 1399 Leo
542 1342 603 1398 ΙΧ
630 1344 954 1398 monasterii
983 1342 1267 1399 Fuldensis
1292 1345 1656 1411 possessiones
1703 1349 1752 1397 et

707 1415 999 1486 privilegia
1029 1413 1335 1485 conﬁrmat.

835 1502 1022 1573 (Anno
1054 1503 1237 1573 1049.)

500 1589 770 1660 [Dronke,
797 1590 922 1646 Cod.
955 1589 1179 1662 diplom.
1210 1590 1390 1656 Fuld.,
1423 1589 1573 1660 359.]

285 1679 407 1736 Leo
423 1679 747 1752 episcopus,
773 1695 973 1736 servus
991 1695 1291 1735 servorum
1315 1679 1741 1747 Dei,Ecnasaro
1763 1678 1857 1749 pio

205 1773 263 1825 et
294 1768 571 1841 religioso
593 1769 785 1824 abbati
808 1767 1157 1823 venerabilis
1180 1767 1516 1823 monasterii
1541 1767 1858 1823 Salvatoris

205 1819 830 1914 b'oixii’iii'h'o'SEi—Jéa
850 1819 1153 1913 esse;
1173 1819 1380 1912 sua
1397 1819 1858 1928 easeas
1893 1819 1937 1882 Β

207 1947 392 2001 situm
426 1948 517 2000 est
543 1945 602 1999 in
625 1945 750 2001 loco
773 1945 1125 2018 quivocatur
1144 1945 1457 2012 Bochonia,
1483 1946 1652 2016 juxta
1674 1945 1861 2016 ripam

206 2033 475 2090 ﬂuminis
501 2035 655 2105 quod
688 2040 926 2090 vocatur
953 2034 1156 2101 Fulda,
1189 2037 1246 2090 et
1276 2051 1379 2107 per
1407 2037 1462 2089 te
1485 2033 1670 2089 eidem
1691 2049 1861 2090 vene-

207 2122 378 2180 rabili
408 2121 775 2180 monasterio
827 2122 1061 2195 tuisque
1117 2122 1558 2181 successoribus
1609 2121 1669 2177 in
1730 2138 1863 2194 per-

208 2218 479 2284 petuum.

278 2300 568 2357 Convenit
591 2300 910 2374 apostolico
931 2301 1314 2357 moderamini
1329 2299 1424 2374 pia
1445 2300 1723 2372 religione
1746 2298 1865 2372 pol-

207 2390 469 2447 lentibus
489 2388 756 2445 benivola
769 2389 1609 2462 compassionesuccurrere,et
1623 2405 1863 2463 poscen-

207 2479 369 2535 tibus
396 2480 564 2550 juste
595 2482 652 2534 et
678 2478 946 2550 religiose
973 2478 1150 2534 alacri
1198 2478 1498 2534 devotione
1556 2493 1864 2533 assensum

210 2568 526 2641 impertiri.
554 2568 637 2622 Ex
667 2566 777 2623 hoc
808 2568 964 2623 enim
996 2567 1144 2622 lucri
1166 2567 1540 2639 potissimum
1560 2566 1863 2638 prmmium

211 2675 242 2712 a
262 2657 573 2712 conditore
589 2656 854 2711 omnium
877 2656 994 2712 Deo
1016 2655 1218 2728 procul
1241 2656 1418 2711 dubio
1442 2671 1863 2728 promeremur,

211 2745 257 2800 si
292 2743 660 2800 venerabilia
689 2743 814 2800 loca
830 2749 1155 2816 opportune
1177 2744 1443 2801 ordinata
1460 2745 1531 2799 ad
1563 2742 1863 2800 meliorem

212 2833 432 2889 fuerint
465 2833 596 2888 sine
627 2832 802 2889 dubio
863 2837 1083 2889 statum
1141 2834 1437 2905 perducta.
1497 2833 1682 2906 Igitur
1727 2833 1866 2904 quia

211 2921 588 2995 postulastia
632 2921 820 2988 nobis,
873 2922 1238 2978 decrevimus
1299 2925 1499 2977 nostra
1546 2921 1866 2993 apostolica

210 3009 604 3084 praeceptione
637 3012 1012 3067 reconcedere
1039 3028 1102 3066 ac
1121 3011 1528 3066 reconﬁrmare
1552 3013 1866 3081 perpetua-

212 3101 348 3156 liter
377 3100 546 3155 vobis
578 3101 899 3172 vestrisque
918 3101 1356 3155 successoribus
1379 3099 1721 3172 praedictum
1743 3115 1864 3153 mo-

1965 535 2456 600 premleeessorum
2507 539 2841 590 nostrorum
2875 535 3175 609 privilegia
3198 541 3614 599 confirmamus

1960 624 2016 674 et
2045 622 2513 677 correboramus.
2535 621 2917 681 Decernimus
2941 625 3114 682 etiam
3139 645 3210 682 ne
3224 626 3394 684 alicui
3416 646 3614 700 perso-

1962 724 2050 762 nae
2094 725 2324 780 magnes
2345 710 2428 765 vel
2456 729 2640 781 parva
2667 711 2833 767 liceat
2858 713 3116 784 aliquam
3142 716 3254 769 vim
3275 716 3359 771 vel
3383 722 3614 773 contro-

1959 796 2206 850 versiam
2253 797 2462 853 inferre
2493 799 2681 854 eidem
2708 803 3063 857 monasterio
3095 803 3153 857 in
3189 804 3363 860 rebus
3377 809 3434 860 et
3452 806 3617 862 fami-

1963 883 2058 938 liis
2079 886 2230 954 ejus.
2262 887 2330 940 Et
2353 904 2422 942 ne
2450 889 2667 943 femina
2693 906 2955 960 unquam
2983 890 3124 946 illuc
3148 892 3372 960 ingredi
3397 911 3620 964 praesu-

1965 976 2307 1039 mat,nostra
2320 976 3051 1046 apostolicainterdicimus
3083 981 3447 1047 auctoritate,
3472 986 3528 1036 et
3546 999 3617 1038 ne

1964 1061 2097 1130 quis
2131 1078 2394 1133 unquam
2430 1063 2707 1134 placitum
2739 1066 2814 1120 ibi
2860 1067 3072 1121 habeat
3132 1069 3222 1122 vel
3280 1069 3336 1122 in
3397 1071 3619 1125 caeteris

1965 1150 2092 1217 ejus
2123 1149 2262 1204 locis
2295 1168 2398 1206 nec
2427 1169 2622 1207 servos
2654 1171 2758 1208 nec
2789 1155 3025 1209 colonos
3049 1157 3121 1210 ad
3154 1157 3388 1226 aliquod
3439 1157 3617 1212 servi-

1966 1237 2113 1291 tium
2146 1241 2528 1311 constringat,
2564 1242 2672 1296 nisi
2707 1245 2798 1296 cui
2833 1244 3015 1298 abbas
3047 1246 3118 1298 ad
3154 1244 3465 1302 utilitatem
3497 1263 3616 1302 suae

1966 1326 2332 1384 necessitatis
2363 1345 2670 1384 assensum
2712 1331 3044 1402 praebuerit.
3082 1333 3345 1404 Eligendi
3377 1351 3612 1406 quoque

1968 1414 2078 1469 sibi
2112 1415 2380 1472 abbatem
2417 1419 2651 1488 quando
2683 1435 2829 1490 opus
2863 1419 3037 1473 fuerit
3101 1421 3308 1475 fratres
3357 1421 3508 1476 inter
3558 1439 3621 1478 se

1968 1505 2314 1572 potestatem
2334 1503 2590 1560 habeant
2605 1507 2933 1562 secundum
2951 1507 3213 1580 regulam
3231 1510 3420 1565 sancti
3441 1510 3622 1566 Bene-

1967 1590 2104 1645 dicti
2128 1591 2254 1647 sine
2277 1592 2434 1648 illius
2475 1595 2938 1651 contradictione
2994 1613 3274 1668 personae.
3335 1597 3620 1655 Caeterum

1967 1695 2098 1734 vero
2130 1680 2236 1735 hoc
2270 1680 2660 1737 deliberantes
2683 1683 3059 1740 decernimus
3078 1690 3143 1740 ut
3164 1686 3439 1759 congruis
3474 1692 3625 1744 tem-

1970 1767 2213 1837 poribus
2234 1773 2444 1823 nostraa
2467 1769 2851 1825 sollicitudini
2872 1770 3277 1828 ecclesiasticas
3294 1774 3622 1845 intimatur,

1970 1854 2221 1925 qualiter
2250 1855 2453 1928 religio
2478 1859 2802 1912 monastica
2828 1859 3080 1930 regulari
3106 1860 3312 1916 habitu
3334 1861 3626 1934 dirigatur

1969 1945 2396 2016 concordiaque
2427 1946 2790 2001 convenienti
2814 1946 3206 2004 ecclesiastico
3231 1949 3428 2005 studio
3453 1967 3622 2006 man-

1971 2032 2215 2103 cipetur,
2242 2049 2313 2088 ne
2347 2034 2492 2088 forte
2523 2035 2678 2104 quod
2712 2034 2902 2089 absit!
2938 2035 3049 2090 sub
3098 2036 3278 2108 hujus
3335 2038 3621 2111 privilegii

1971 2119 2210 2175 obtentu
2238 2121 2471 2178 animus
2500 2139 2858 2195 gressusque
2916 2124 3284 2182 rectitudinis
3335 2132 3544 2185 vestras
3589 2148 3624 2188 a

1974 2226 2179 2265 norma
2202 2211 2447 2280 juslitiae
2479 2211 2675 2284 aliquo
2700 2213 2872 2268 modo
2897 2216 3321 2286 retorqueatur.
3344 2217 3624 2275 Concedi-

1973 2315 2109 2354 mus
2139 2298 2314 2354 etiam
2336 2299 2442 2356 tibi
2475 2317 2650 2372 quem
2681 2301 2830 2357 bene
2861 2302 3168 2359 eruditum
3199 2309 3257 2360 et
3307 2306 3454 2362 bene
3505 2307 3624 2365 elo-

1974 2390 2247 2457 quentem
2280 2387 2472 2444 virum
2503 2405 2631 2444 esse
2663 2390 2954 2460 novimus,
2989 2391 3333 2450 dulcissime
3365 2394 3446 2450 fili
3480 2413 3622 2468 pras-

1975 2473 2171 2529 dicare
2199 2477 2443 2532 verbum
2475 2477 2576 2533 Dei
2604 2479 2952 2535 auctoritate
2983 2482 3169 2537 sancti
3193 2482 3346 2538 Petri
3377 2485 3626 2556 apostoli

1974 2568 2030 2618 et
2060 2570 2261 2619 nostra
2289 2566 2417 2636 ejus
2441 2567 2679 2640 indigne
2711 2568 2931 2634 vicarii,
2963 2575 3022 2625 et
3054 2577 3120 2624 ut
3144 2575 3262 2626 tam
3293 2589 3398 2629 vos
3445 2591 3624 2645 quam

1974 2668 2345 2709 successores
2367 2655 2541 2710 vestri
2569 2659 2704 2711 ante
2726 2655 2874 2711 alios
2890 2657 3130 2714 abbates
3145 2659 3340 2714 Galliae
3363 2677 3465 2716 seu
3488 2662 3623 2717 Ger-

1975 2742 2182 2796 manias
2210 2743 2528 2814 primatum
2553 2744 2792 2800 sedendi
2815 2746 2870 2799 in
2899 2745 3058 2799 omni
3077 2745 3201 2801 loco
3217 2752 3625 2820 conventuque

1975 2835 2175 2885 nostra
2205 2832 2526 2902 apostolica
2547 2832 2828 2888 auctorite
2861 2832 3197 2890 obtineatis.
3231 2835 3412 2890 Usum
3473 2853 3620 2909 quo-

1973 2935 2089 2989 que
2119 2919 2442 2976 dalmaticie
2473 2925 2531 2976 et
2560 2920 2962 2976 sandaliorum
2988 2921 3046 2976 in
3071 2923 3387 2980 missarum
3409 2925 3626 2982 solem-

1977 3007 2090 3062 niis
2120 3006 2354 3061 licentia
2378 3014 2588 3063 nostrae
2612 3007 2939 3080 apostolicae
2962 3011 3326 3067 auctoritatis
3351 3015 3626 3070 concedi-

1975 3113 2109 3150 mus
2127 3100 2242 3150 tam
2258 3097 2419 3152 vobis
2431 3115 2608 3168 quam
2627 3099 3066 3154 successoribus
3081 3101 3288 3156 vestris
3301 3104 3624 3159 secundum

216 3189 552 3243 nasterium
587 3187 902 3242 Salvatoris
935 3187 1166 3243 Domini
1200 3188 1382 3243 nostri
1410 3188 1548 3243 Jesu
1573 3186 1786 3241 Christi
1809 3191 1865 3242 et
1895 3182 1936 3248 C
1977 3184 2131 3254 quod
2155 3183 2211 3238 in
2234 3184 2555 3256 privilegiis
2579 3186 3070 3256 przsdecessorum
3094 3194 3430 3245 nostrorum
3451 3191 3623 3246 habe-

210 3277 420 3332 Sancti
441 3276 927 3346 Bonifacii,situm
949 3275 1144 3332 inloco
1164 3277 1260 3348 qui
1288 3280 1529 3331 vecatur
1549 3275 1862 3343 Bochonia,

205 3366 390 3436 juxta
412 3364 598 3434 ripam
620 3364 688 3418 ﬂu
701 3365 876 3419 minis
896 3366 1050 3437 quod
1081 3364 1295 3420 dicitur
1312 3363 1651 3432 Fulda,cum
1675 3364 1864 3419 omni-

217 3453 336 3506 bus
354 3452 528 3506 rebus
552 3451 863 3508 mobilibus
886 3457 941 3507 et
964 3453 1368 3508 immobilibus
1390 3452 1501 3507 sibi
1527 3451 1863 3525 pertinenti-

211 3539 347 3607 bus,
387 3557 538 3612 quas
564 3557 716 3596 nunc
746 3542 925 3596 habet
954 3546 1011 3597 et
1042 3542 1098 3596 in
1135 3542 1331 3596 futuro
1378 3542 1495 3597 Deo
1551 3541 1866 3597 auxiliante

204 3629 478 3685 habebit.
512 3629 901 3684 Concedimus
931 3630 1108 3685 etiam
1140 3635 1315 3701 atque
1347 3631 1638 3684 donamus
1679 3629 1864 3701 vobis,

205 3719 566 3773 charissime
589 3735 653 3772 ac
677 3717 1057 3774 dilectissime
1078 3718 1181 3784 fili,
1215 3719 1543 3790 vestrisque
1567 3735 1864 3773 successo-

206 3808 374 3862 ribus
409 3806 727 3861 abbatibus
759 3806 814 3859 in
851 3811 1218 3878 perpetuum,
1257 3823 1357 3878 pro
1388 3823 1600 3879 magno
1665 3813 1865 3862 nostro

205 3913 410 3952 amore
445 3900 502 3950 et
527 3894 706 3948 nimia
737 3895 1045 3951 dilectione
1067 3911 1245 3966 quam
1271 3895 1426 3950 circa
1452 3912 1554 3950 vos
1581 3895 1866 3950 habemus

203 3988 258 4038 et
290 3984 520 4040 habere
543 3983 819 4054 deinceps
859 3984 1155 4055 cupimus,
1187 3983 1610 4038 monasterium
1668 3984 1866 4038 Sancti

205 4075 425 4128 Andra:
490 4071 738 4144 apostoli
799 4072 954 4143 quod
1019 4076 1263 4127 vocatur
1324 4071 1864 4137 Exaiulum,situm

203 4161 408 4216 Romae
436 4161 611 4231 juxta
642 4159 947 4215 ecclesiam
982 4164 1198 4216 sanctae
1230 4160 1322 4216 Dei
1348 4159 1643 4233 genitricis
1675 4160 1866 4215 Mariae

200 4267 450 4322 semper
476 4247 739 4321 Virginis
770 4265 895 4320 quae
928 4253 1167 4304 vocatur
1197 4249 1269 4304 ad
1306 4250 1718 4320 Prassepe,cum
1743 4265 1865 4303 om-

201 4339 382 4395 nibus
420 4337 857 4398 mansionibus.
892 4337 1222 4404 caminatis,
1276 4335 1458 4404 cellis,
1516 4335 1755 4391 vinariis
1813 4341 1870 4392 et

195 4427 633 4498 coquina,cum
666 4425 870 4491 vineis,
904 4425 1091 4480 hortis
1138 4424 1498 4495 diversisque
1556 4424 1869 4496 generibus

1974 3279 2089 3328 tur.
2123 3273 2321 3328 Abbas
2350 3290 2486 3328 vero
2518 3291 2634 3329 non
2668 3273 2782 3330 nisi
2813 3291 2847 3331 a
2877 3281 3077 3331 nostra
3107 3277 3425 3348 apostolica
3483 3279 3619 3335 sede

1974 3361 2373 3430 benedicatur,
2408 3379 2442 3417 a
2473 3379 2590 3433 qua
2620 3363 2882 3419 benedici
2914 3364 3106 3420 debet.
3131 3367 3197 3420 Et
3231 3366 3279 3421 si
3313 3367 3372 3421 in
3418 3366 3617 3440 aliquo

1974 3451 2218 3506 crimine
2250 3457 2560 3507 accusatus
2587 3453 2782 3522 fuerit,
2815 3454 2884 3508 de
2915 3455 3114 3510 eadem
3154 3460 3354 3510 nostra
3392 3464 3623 3528 aposto-

1976 3540 2086 3595 lica
2103 3540 2240 3596 sede
2259 3545 2484 3596 tantum
2504 3542 2796 3612 judicium
2811 3545 3245 3614 expectet.l|lud
3258 3545 3432 3600 etiam
3456 3561 3622 3618 gene-

1977 3628 2176 3683 raliter
2205 3629 2563 3684 addendium
2595 3631 2841 3702 dignum
2872 3631 3170 3698 duximus,
3220 3639 3285 3687 ut
3333 3635 3622 3704 quidquid

1976 3717 2318 3772 auctoritate
2348 3721 2786 3775 antecessorum
2837 3719 3236 3789 quorumlibet
3286 3725 3620 3776 nostrorum

1977 3822 2178 3878 regum
2209 3811 2266 3860 et
2296 3807 2717 3876 imperatorum
2749 3807 2861 3877 ipsi
2891 3812 3079 3862 vestro
3112 3807 3388 3862 Fuldensi
3416 3825 3621 3864 mona-

1975 3895 2152 3949 sterio
2183 3899 2412 3948 constat
2435 3894 2614 3948 fuisse
2644 3911 3011 3962 concessum,
3065 3895 3142 3950 sit
3197 3895 3372 3951 etiam
3422 3903 3622 3952 nostra

1976 3981 2294 4053 apostolica
2324 3981 2666 4036 auctoritate
2698 3998 2799 4052 per
2819 3981 2927 4036 hoc
2958 3988 3224 4037 nostrum
3247 3983 3619 4057 privilegium

1975 4072 2387 4125 confirmatum
2419 4073 2593 4140 atque
2623 4071 3087 4141 corroboratum,
3120 4079 3445 4129 statuentes
3477 4091 3622 4146 apo-

1977 4157 2182 4214 stolica
2194 4173 2441 4212 censura
2453 4158 2562 4212 sub
2577 4158 2973 4228 divinijudicii
2988 4161 3473 4228 obtestatione,nc
3490 4163 3624 4235 quis

1978 4263 2237 4318 unquam
2262 4250 2597 4302 nostrorum
2618 4264 3019 4304 successorum
3049 4252 3389 4322 pontificum
3412 4253 3623 4310 Roma-

1978 4351 2186 4390 norum
2202 4335 3400 4406 regum,ducum,marchionum,comitum
3419 4345 3475 4396 et
3506 4358 3622 4412 prae

1975 4429 2134 4480 terea
2153 4423 2726 4496 archiepiscoporum
2761 4442 2827 4480 ac
2850 4427 3165 4496 cujusbilet
3186 4428 3491 4499 dignitatis
3534 4429 3622 4484 vel

195 4530 550 4586 pomorum,
575 4529 709 4568 cum
730 4518 892 4569 curta
909 4521 960 4568 et
982 4518 1157 4585 puteo
1181 4519 1238 4568 et
1260 4513 1500 4568 introitu
1515 4531 1618 4585 per
1637 4518 1865 4585 portam
1895 4538 1943 4603 Β
1975 4529 2081 4568 con
2102 4513 2326 4567 litionis
2358 4513 2665 4568 hominum
2697 4521 2899 4569 contra
2919 4514 3028 4569 hoc
3077 4519 3342 4570 nostrum
3390 4515 3622 4586 privile-

194 4605 500 4674 majorem
537 4618 570 4656 a
600 4601 694 4656 via
724 4601 958 4674 publica
991 4605 1046 4657 et
1097 4617 1229 4656 cum
1280 4602 1556 4657 omnibus
1590 4603 1660 4657 ad
1710 4603 1866 4658 idem

193 4689 645 4746 monasterium
679 4690 1025 4762 generaliter
1056 4690 1487 4762 pertinentibus
1534 4696 1652 4746 tam
1712 4691 1867 4747 intra

193 4795 385 4850 quam
421 4782 590 4834 extra
621 4779 822 4832 urbem
858 4778 1007 4843 sitis,
1038 4793 1164 4850 qua:
1195 4778 1246 4835 ei
1271 4780 1431 4850 juste
1463 4795 1528 4834 ac
1561 4785 1711 4835 recte
1735 4797 1866 4852 per-

192 4869 392 4923 tinere
431 4867 884 4938 dignoscuntur.
936 4867 1322 4923 Prohibemus
1376 4872 1569 4923 autem
1629 4885 1863 4924 omnem

191 4956 534 5026 cujuslibet
555 4954 810 5010 ecclesia
831 4957 1190 5011 sacerdotem
1207 4957 1263 5011 in
1286 4955 1441 5011 idem
1454 4961 1709 5012 vestrum
1733 4957 1862 5012 Ful-

189 5045 383 5100 dense
409 5043 843 5098 monasterium
878 5043 1204 5116 quamlibet
1241 5044 1520 5100 ditionem
1540 5045 1753 5099 habere
1775 5045 1861 5102 vel

191 5132 627 5188 auctoritatem
663 5138 870 5204 praeter
919 5137 1179 5187 nostram
1206 5132 1583 5203 apostolicam
1644 5135 1865 5201 sedem,

189 5219 548 5292 specialiter
568 5220 908 5292 episcopum
931 5219 991 5275 in
1012 5221 1182 5291 cujus
1214 5220 1446 5276 dimcesi
1466 5225 1865 5277 constructum

190 5325 325 5365 esse
363 5307 630 5372 videtur,
661 5308 744 5364 ita
772 5313 836 5363 ut
858 5307 966 5364 nisi
1003 5309 1072 5364 ab
1096 5309 1305 5365 abbate
1327 5311 1663 5366 monasterii
1682 5311 1868 5383 ipsius

191 5397 377 5452 fuerit
411 5395 699 5452 invitatus
729 5413 835 5452 nec
867 5397 1184 5453 missarum
1216 5398 1434 5455 ibidem
1469 5399 1753 5456 solemnia
1782 5415 1868 5456 ce-

161 5484 441 5541 ‘lebrare
475 5489 810 5556 praesumat.
847 5490 1010 5542 Dona
1038 5501 1172 5542 vero
1221 5490 1279 5542 et
1337 5487 1660 5545 oblationes
1713 5488 1865 5546 deci-

155 5571 164 5582 ’
187 5587 467 5656 masque
477 5573 742 5633 ﬁdelium
757 5575 901 5653 absq
910 5591 980 5635 ue
989 5574 1171 5636 ullius
1181 5591 1442 5653 persons
1458 5578 1866 5641 contrarietate

1978 4601 2136 4674 gium
2155 4601 2480 4672 quidquam
2505 4603 2720 4656 audeat
2734 4606 3036 4657 attentare.
3061 4603 3223 4666 Quod
3252 4605 3303 4658 si
3325 4602 3458 4674 quis
3476 4619 3620 4674 prae-

1975 4690 2320 4761 sumpserit,
2353 4690 2498 4744 sciat
2517 4706 2579 4743 se
2602 4689 2784 4744 nostri
2802 4689 3195 4745 anathematis
3243 4689 3475 4747 vinculo
3507 4707 3611 4748 us-

1975 4794 2086 4849 que
2119 4779 2188 4833 ad
2222 4777 2460 4849 dignam
2475 4777 2929 4832 satisfactionem
2959 4778 3350 4836 inselubiliter
3372 4781 3622 4837 innoda-

1974 4873 2098 4921 tum
2134 4885 2146 4932 ;
2181 4867 2280 4937 qui
2314 4871 2508 4920 autem
2542 4865 2635 4936 pio
2670 4866 2883 4919 intuitu
2918 4883 2979 4922 se
3001 4868 3342 4925 custodierit
3371 4875 3428 4926 et
3451 4887 3522 4926 ne
3558 4869 3621 4926 in

1973 4956 2168 5026 aliquo
2203 4955 2601 5026 infragaturin
2635 4970 2695 5008 se
2727 4956 3138 5027 observaverit,
3200 4959 3623 5015 benedictionis

1972 5044 2221 5116 gratiam
2272 5048 2327 5096 et
2385 5047 2755 5114 peccatorum
2805 5061 3047 5100 suorum
3107 5047 3535 5104 absolutionem
3586 5063 3619 5102 a

1978 5132 2324 5186 retributore
2355 5131 2622 5185 omnium
2655 5132 2942 5188 bonorum
3006 5141 3116 5191 er
3166 5136 3444 5206 consequi
3491 5150 3616 5188 me-

1976 5225 2191 5286 reatur,
2227 5224 2290 5273 ut
2321 5219 2380 5273 in
2411 5219 2628 5276 caelesti
2657 5222 2793 5276 sede
2822 5223 3120 5294 glorietur.

2305 5310 2482 5379 (δέρη.
2513 5326 2641 5381 ραρ.
2674 5311 2879 5382 symb.)
2911 5313 3061 5368 Bene
3092 5312 3292 5367 valete.

2049 5399 2260 5453 Datum
2297 5415 2397 5469 per
2428 5415 2640 5454 manus
2661 5399 2810 5454 Petri
2842 5399 3067 5454 diaconi
3099 5405 3154 5454 et
3189 5398 3621 5457 bibliothecarii

1976 5492 2191 5545 sanctae
2224 5488 2498 5542 Romana:
2525 5492 2582 5543 et
2609 5486 2938 5560 apostolica:
2961 5487 3138 5555 sedis,
3173 5504 3374 5546 mense
3416 5489 3616 5567 Junio,

1981 5594 2134 5637 anno
2162 5575 2362 5635 domni
2380 5577 2590 5636 Leonis
2619 5576 2691 5634 ΙΧ
2712 5576 2924 5651 primo,
2959 5575 3163 5638 indict.
3200 5595 3262 5640 ιι.
