  <div class='ocr_page' id='page_1' title='image "/cluster/home/n/w/nwhite01/storage/ocr_20150623/143/hvd.32044054760038/313.png"; bbox 0 0 4088 6174; ppageno 0'>
   <div class='ocr_carea' id='block_1_1' title="bbox 473 274 581 344">
    <p class='ocr_par' dir='ltr' id='par_1_1' title="bbox 473 274 581 344">
     <span class='ocr_line' id='line_1_1' title="bbox 473 274 581 344; baseline 0.019 -12"><span class='ocrx_word' id='word_1_1' title='bbox 473 274 581 344; x_wconf 82' lang='lat' dir='ltr'><strong>6H</strong></span> 
     </span>
    </p>
   </div>
   <div class='ocr_carea' id='block_1_2' title="bbox 1220 401 1367 456">
    <p class='ocr_par' dir='ltr' id='par_1_2' title="bbox 1220 401 1367 456">
     <span class='ocr_line' id='line_1_2' title="bbox 1220 401 1367 456; baseline 0 0"><span class='ocrx_word' id='word_1_2' title='bbox 1220 401 1367 456; x_wconf 85' lang='lat' dir='ltr'>XIII.</span> 
     </span>
    </p>
   </div>
   <div class='ocr_carea' id='block_1_3' title="bbox 474 487 2123 566">
    <p class='ocr_par' dir='ltr' id='par_1_3' title="bbox 474 487 2123 566">
     <span class='ocr_line' id='line_1_3' title="bbox 474 487 2123 566; baseline -0.01 -8"><span class='ocrx_word' id='word_1_3' title='bbox 474 502 529 558; x_wconf 91' lang='lat' dir='ltr'>S.</span> <span class='ocrx_word' id='word_1_4' title='bbox 556 502 655 555; x_wconf 85' lang='lat' dir='ltr'><strong><em>Leo</em></strong></span> <span class='ocrx_word' id='word_1_5' title='bbox 685 499 749 554; x_wconf 79' lang='lat' dir='ltr'><strong><em>IX</em></strong></span> <span class='ocrx_word' id='word_1_6' title='bbox 772 495 1062 566; x_wconf 79' lang='lat' dir='ltr'>privilegia</span> <span class='ocrx_word' id='word_1_7' title='bbox 1093 509 1127 548; x_wconf 89' lang='lat' dir='ltr'>a</span> <span class='ocrx_word' id='word_1_8' title='bbox 1155 490 1548 562; x_wconf 59' lang='lat' dir='ltr'>prmdecessore</span> <span class='ocrx_word' id='word_1_9' title='bbox 1587 504 1686 566; x_wconf 70' lang='lat' dir='ltr'>suo</span> <span class='ocrx_word' id='word_1_10' title='bbox 1733 487 2003 542; x_wconf 80' lang='lat' dir='ltr'>Clemente</span> <span class='ocrx_word' id='word_1_11' title='bbox 2059 487 2123 542; x_wconf 84' lang='lat' dir='ltr'><strong><em>VI</em></strong></span> 
     </span>
    </p>
   </div>
   <div class='ocr_carea' id='block_1_4' title="bbox 553 560 1774 629">
    <p class='ocr_par' dir='ltr' id='par_1_4' title="bbox 553 560 1774 629">
     <span class='ocr_line' id='line_1_4' title="bbox 553 560 1774 629; baseline -0.012 -2"><span class='ocrx_word' id='word_1_12' title='bbox 553 560 856 628; x_wconf 69' lang='lat' dir='ltr'>Nivelleasi</span> <span class='ocrx_word' id='word_1_13' title='bbox 886 560 1136 621; x_wconf 59' lang='lat' dir='ltr'>Ecclesia</span> <span class='ocrx_word' id='word_1_14' title='bbox 1157 560 1168 562; x_wconf 63' lang='grc'><strong><em>“</em></strong></span> <span class='ocrx_word' id='word_1_15' title='bbox 1189 578 1437 618; x_wconf 84' lang='lat' dir='ltr'>concessa</span> <span class='ocrx_word' id='word_1_16' title='bbox 1468 560 1774 629; x_wconf 79' lang='lat' dir='ltr'>conﬁrmat.</span> 
     </span>
    </p>
   </div>
   <div class='ocr_carea' id='block_1_5' title="bbox 1094 665 1499 740">
    <p class='ocr_par' dir='ltr' id='par_1_5' title="bbox 1094 665 1499 740">
     <span class='ocr_line' id='line_1_5' title="bbox 1094 665 1499 740; baseline -0.01 -18"><span class='ocrx_word' id='word_1_17' title='bbox 1094 671 1284 740; x_wconf 78' lang='lat' dir='ltr'>(Anno</span> <span class='ocrx_word' id='word_1_18' title='bbox 1318 665 1499 737; x_wconf 80' lang='grc'>1048.)</span> 
     </span>
    </p>
   </div>
   <div class='ocr_carea' id='block_1_6' title="bbox 791 770 1783 853">
    <p class='ocr_par' dir='ltr' id='par_1_6' title="bbox 791 770 1783 853">
     <span class='ocr_line' id='line_1_6' title="bbox 791 770 1783 853; baseline -0.01 -19"><span class='ocrx_word' id='word_1_19' title='bbox 791 779 1068 853; x_wconf 73' lang='lat' dir='ltr'>[Miraeus,</span> <span class='ocrx_word' id='word_1_20' title='bbox 1105 775 1235 846; x_wconf 85' lang='lat' dir='ltr'>Opp.</span> <span class='ocrx_word' id='word_1_21' title='bbox 1269 773 1519 843; x_wconf 76' lang='lat' dir='ltr'>diplom,</span> <span class='ocrx_word' id='word_1_22' title='bbox 1557 772 1598 838; x_wconf 91' lang='grc' dir='ltr'>Ι,</span> <span class='ocrx_word' id='word_1_23' title='bbox 1631 770 1783 841; x_wconf 82' lang='grc'>661.)</span> 
     </span>
    </p>
   </div>
   <div class='ocr_carea' id='block_1_7' title="bbox 541 875 2112 956">
    <p class='ocr_par' dir='ltr' id='par_1_7' title="bbox 541 875 2112 956">
     <span class='ocr_line' id='line_1_7' title="bbox 541 875 2112 956; baseline -0.009 -10"><span class='ocrx_word' id='word_1_24' title='bbox 541 892 673 956; x_wconf 71' lang='lat' dir='ltr'>Leo,</span> <span class='ocrx_word' id='word_1_25' title='bbox 707 898 1003 942; x_wconf 87' lang='lat' dir='ltr'>servorum</span> <span class='ocrx_word' id='word_1_26' title='bbox 1037 879 1135 935; x_wconf 85' lang='lat' dir='ltr'>Dei</span> <span class='ocrx_word' id='word_1_27' title='bbox 1167 894 1388 944; x_wconf 85' lang='lat' dir='ltr'>servus,</span> <span class='ocrx_word' id='word_1_28' title='bbox 1423 877 1700 933; x_wconf 90' lang='lat' dir='ltr'>omnibus</span> <span class='ocrx_word' id='word_1_29' title='bbox 1730 875 1942 932; x_wconf 81' lang='lat' dir='ltr'>Christi</span> <span class='ocrx_word' id='word_1_30' title='bbox 1972 876 2112 932; x_wconf 82' lang='lat' dir='ltr'>ﬁde-</span> 
     </span>
    </p>
   </div>
   <div class='ocr_carea' id='block_1_8' title="bbox 467 967 1567 1046">
    <p class='ocr_par' dir='ltr' id='par_1_8' title="bbox 467 967 1567 1046">
     <span class='ocr_line' id='line_1_8' title="bbox 467 967 1567 1046; baseline -0.014 -11"><span class='ocrx_word' id='word_1_31' title='bbox 467 980 645 1040; x_wconf 85' lang='lat' dir='ltr'>libus,</span> <span class='ocrx_word' id='word_1_32' title='bbox 669 971 1048 1046; x_wconf 84' lang='lat' dir='ltr'>apostolicam</span> <span class='ocrx_word' id='word_1_33' title='bbox 1080 967 1567 1024; x_wconf 83' lang='lat' dir='ltr'>benedictionem.</span> 
     </span>
    </p>
   </div>
   <div class='ocr_carea' id='block_1_9' title="bbox 535 1054 2112 1128">
    <p class='ocr_par' dir='ltr' id='par_1_9' title="bbox 535 1054 2112 1128">
     <span class='ocr_line' id='line_1_9' title="bbox 535 1054 2112 1128; baseline -0.007 -10"><span class='ocrx_word' id='word_1_34' title='bbox 535 1061 829 1122; x_wconf 88' lang='lat' dir='ltr'>Noverint,</span> <span class='ocrx_word' id='word_1_35' title='bbox 862 1063 982 1112; x_wconf 82' lang='lat' dir='ltr'>tam</span> <span class='ocrx_word' id='word_1_36' title='bbox 1017 1055 1231 1128; x_wconf 86' lang='lat' dir='ltr'>posteri</span> <span class='ocrx_word' id='word_1_37' title='bbox 1255 1071 1430 1127; x_wconf 88' lang='lat' dir='ltr'>quam</span> <span class='ocrx_word' id='word_1_38' title='bbox 1464 1058 1798 1127; x_wconf 79' lang='lat' dir='ltr'>praesentes,</span> <span class='ocrx_word' id='word_1_39' title='bbox 1819 1054 1971 1125; x_wconf 93' lang='lat' dir='ltr'>quod</span> <span class='ocrx_word' id='word_1_40' title='bbox 2007 1054 2112 1108; x_wconf 83' lang='lat' dir='ltr'>ab-</span> 
     </span>
    </p>
   </div>
   <div class='ocr_carea' id='block_1_10' title="bbox 467 1141 2112 1212">
    <p class='ocr_par' dir='ltr' id='par_1_10' title="bbox 467 1141 2112 1212">
     <span class='ocr_line' id='line_1_10' title="bbox 467 1141 2112 1212; baseline -0.007 -4"><span class='ocrx_word' id='word_1_41' title='bbox 467 1151 691 1208; x_wconf 84' lang='lat' dir='ltr'>batissa</span> <span class='ocrx_word' id='word_1_42' title='bbox 719 1145 1088 1212; x_wconf 79' lang='lat' dir='ltr'>Nivellensis,</span> <span class='ocrx_word' id='word_1_43' title='bbox 1125 1144 1362 1199; x_wconf 80' lang='lat' dir='ltr'>Richela</span> <span class='ocrx_word' id='word_1_44' title='bbox 1382 1142 1636 1210; x_wconf 85' lang='lat' dir='ltr'>nomine,</span> <span class='ocrx_word' id='word_1_45' title='bbox 1671 1159 1789 1197; x_wconf 91' lang='lat' dir='ltr'>una</span> <span class='ocrx_word' id='word_1_46' title='bbox 1811 1158 1943 1196; x_wconf 91' lang='lat' dir='ltr'>cum</span> <span class='ocrx_word' id='word_1_47' title='bbox 1967 1141 2112 1197; x_wconf 91' lang='lat' dir='ltr'>God-</span> 
     </span>
    </p>
   </div>
   <div class='ocr_carea' id='block_1_11' title="bbox 466 1230 2106 1308">
    <p class='ocr_par' dir='ltr' id='par_1_11' title="bbox 466 1230 2106 1308">
     <span class='ocr_line' id='line_1_11' title="bbox 466 1230 2106 1308; baseline -0.007 -12"><span class='ocrx_word' id='word_1_48' title='bbox 466 1239 656 1296; x_wconf 86' lang='lat' dir='ltr'>scalco</span> <span class='ocrx_word' id='word_1_49' title='bbox 679 1237 940 1308; x_wconf 81' lang='lat' dir='ltr'>ejusdem</span> <span class='ocrx_word' id='word_1_50' title='bbox 961 1234 1066 1289; x_wconf 90' lang='lat' dir='ltr'>loci</span> <span class='ocrx_word' id='word_1_51' title='bbox 1085 1230 1634 1305; x_wconf 75' lang='lat' dir='ltr'>prznposito,obtulit</span> <span class='ocrx_word' id='word_1_52' title='bbox 1650 1230 1792 1286; x_wconf 88' lang='lat' dir='ltr'>mihi</span> <span class='ocrx_word' id='word_1_53' title='bbox 1815 1231 2106 1302; x_wconf 84' lang='lat' dir='ltr'>quoddam</span> 
     </span>
    </p>
   </div>
   <div class='ocr_carea' id='block_1_12' title="bbox 466 1318 2111 1403">
    <p class='ocr_par' dir='ltr' id='par_1_12' title="bbox 466 1318 2111 1403">
     <span class='ocr_line' id='line_1_12' title="bbox 466 1318 2111 1403; baseline -0.008 -18"><span class='ocrx_word' id='word_1_54' title='bbox 466 1331 820 1403; x_wconf 65' lang='lat' dir='ltr'>praeceptum</span> <span class='ocrx_word' id='word_1_55' title='bbox 844 1323 1038 1378; x_wconf 89' lang='lat' dir='ltr'>domni</span> <span class='ocrx_word' id='word_1_56' title='bbox 1058 1320 1368 1393; x_wconf 64' lang='lat' dir='ltr'>Clementis</span> <span class='ocrx_word' id='word_1_57' title='bbox 1391 1336 1552 1392; x_wconf 64' lang='lat' dir='ltr'>papae</span> <span class='ocrx_word' id='word_1_58' title='bbox 1567 1319 1664 1391; x_wconf 86' lang='lat' dir='ltr'>qui</span> <span class='ocrx_word' id='word_1_59' title='bbox 1691 1335 1783 1373; x_wconf 90' lang='lat' dir='ltr'>me</span> <span class='ocrx_word' id='word_1_60' title='bbox 1808 1318 1863 1372; x_wconf 91' lang='lat' dir='ltr'>in</span> <span class='ocrx_word' id='word_1_61' title='bbox 1883 1323 2111 1390; x_wconf 85' lang='lat' dir='ltr'>aposto-</span> 
     </span>
    </p>
   </div>
   <div class='ocr_carea' id='block_1_13' title="bbox 464 1407 2110 1486">
    <p class='ocr_par' dir='ltr' id='par_1_13' title="bbox 464 1407 2110 1486">
     <span class='ocr_line' id='line_1_13' title="bbox 464 1407 2110 1486; baseline -0.008 -13"><span class='ocrx_word' id='word_1_62' title='bbox 464 1418 575 1472; x_wconf 87' lang='lat' dir='ltr'>lica</span> <span class='ocrx_word' id='word_1_63' title='bbox 605 1416 741 1471; x_wconf 88' lang='lat' dir='ltr'>sede</span> <span class='ocrx_word' id='word_1_64' title='bbox 771 1410 1088 1486; x_wconf 59' lang='lat' dir='ltr'>praecessit,</span> <span class='ocrx_word' id='word_1_65' title='bbox 1123 1411 1277 1482; x_wconf 89' lang='lat' dir='ltr'>quod</span> <span class='ocrx_word' id='word_1_66' title='bbox 1311 1409 1380 1463; x_wconf 87' lang='lat' dir='ltr'>ab</span> <span class='ocrx_word' id='word_1_67' title='bbox 1415 1407 1512 1464; x_wconf 92' lang='lat' dir='ltr'>illo</span> <span class='ocrx_word' id='word_1_68' title='bbox 1543 1409 1746 1463; x_wconf 91' lang='lat' dir='ltr'>datum</span> <span class='ocrx_word' id='word_1_69' title='bbox 1770 1410 1982 1462; x_wconf 70' lang='lat' dir='ltr'>nostris</span> <span class='ocrx_word' id='word_1_70' title='bbox 2006 1423 2110 1461; x_wconf 88' lang='lat' dir='ltr'>au-</span> 
     </span>
    </p>
   </div>
   <div class='ocr_carea' id='block_1_14' title="bbox 465 1493 2104 1571">
    <p class='ocr_par' dir='ltr' id='par_1_14' title="bbox 465 1493 2104 1571">
     <span class='ocr_line' id='line_1_14' title="bbox 465 1493 2104 1571; baseline -0.007 -10"><span class='ocrx_word' id='word_1_71' title='bbox 465 1503 750 1561; x_wconf 84' lang='lat' dir='ltr'>ctoritatis</span> <span class='ocrx_word' id='word_1_72' title='bbox 790 1499 1200 1571; x_wconf 87' lang='lat' dir='ltr'>astipulatione</span> <span class='ocrx_word' id='word_1_73' title='bbox 1267 1497 1602 1552; x_wconf 73' lang='lat' dir='ltr'>confirmari</span> <span class='ocrx_word' id='word_1_74' title='bbox 1667 1496 1914 1568; x_wconf 82' lang='lat' dir='ltr'>rogavit.</span> <span class='ocrx_word' id='word_1_75' title='bbox 1959 1493 2104 1550; x_wconf 91' lang='lat' dir='ltr'>Illud</span> 
     </span>
    </p>
   </div>
   <div class='ocr_carea' id='block_1_15' title="bbox 464 1585 1616 1664">
    <p class='ocr_par' dir='ltr' id='par_1_15' title="bbox 464 1585 1616 1664">
     <span class='ocr_line' id='line_1_15' title="bbox 464 1585 1616 1664; baseline -0.008 -15"><span class='ocrx_word' id='word_1_76' title='bbox 464 1597 659 1649; x_wconf 88' lang='lat' dir='ltr'>autem</span> <span class='ocrx_word' id='word_1_77' title='bbox 691 1593 1042 1664; x_wconf 63' lang='lat' dir='ltr'>praeceptum</span> <span class='ocrx_word' id='word_1_78' title='bbox 1077 1586 1186 1642; x_wconf 89' lang='lat' dir='ltr'>hoc</span> <span class='ocrx_word' id='word_1_79' title='bbox 1219 1586 1392 1640; x_wconf 90' lang='lat' dir='ltr'>modo</span> <span class='ocrx_word' id='word_1_80' title='bbox 1423 1585 1616 1642; x_wconf 83' lang='lat' dir='ltr'>habet.</span> 
     </span>
    </p>
   </div>
   <div class='ocr_carea' id='block_1_16' title="bbox 533 1673 2109 1747">
    <p class='ocr_par' dir='ltr' id='par_1_16' title="bbox 533 1673 2109 1747">
     <span class='ocr_line' id='line_1_16' title="bbox 533 1673 2109 1747; baseline -0.007 -10"><span class='ocrx_word' id='word_1_81' title='bbox 533 1683 709 1737; x_wconf 81' lang='lat' dir='ltr'>Juxta</span> <span class='ocrx_word' id='word_1_82' title='bbox 731 1678 1072 1742; x_wconf 78' lang='lat' dir='ltr'>conﬁnium,</span> <span class='ocrx_word' id='word_1_83' title='bbox 1089 1692 1204 1747; x_wconf 91' lang='lat' dir='ltr'>quo</span> <span class='ocrx_word' id='word_1_84' title='bbox 1226 1673 1561 1746; x_wconf 89' lang='lat' dir='ltr'>Lotharingi</span> <span class='ocrx_word' id='word_1_85' title='bbox 1577 1675 1914 1746; x_wconf 80' lang='lat' dir='ltr'>junguntur</span> <span class='ocrx_word' id='word_1_86' title='bbox 1936 1673 2109 1727; x_wconf 88' lang='lat' dir='ltr'>Fran-</span> 
     </span>
    </p>
   </div>
   <div class='ocr_carea' id='block_1_17' title="bbox 463 1762 1555 1844">
    <p class='ocr_par' dir='ltr' id='par_1_17' title="bbox 463 1762 1555 1844">
     <span class='ocr_line' id='line_1_17' title="bbox 463 1762 1555 1844; baseline -0.01 -16"><span class='ocrx_word' id='word_1_87' title='bbox 463 1769 702 1844; x_wconf 78' lang='lat' dir='ltr'>cigenis,</span> <span class='ocrx_word' id='word_1_88' title='bbox 736 1771 826 1822; x_wconf 90' lang='lat' dir='ltr'>est</span> <span class='ocrx_word' id='word_1_89' title='bbox 857 1765 1091 1819; x_wconf 87' lang='lat' dir='ltr'>abbatia</span> <span class='ocrx_word' id='word_1_90' title='bbox 1121 1763 1390 1835; x_wconf 69' lang='lat' dir='ltr'>quaedam</span> <span class='ocrx_word' id='word_1_91' title='bbox 1424 1762 1555 1828; x_wconf 88' lang='lat' dir='ltr'>sita,</span> 
     </span>
    </p>
   </div>
   <div class='ocr_carea' id='block_1_18' title="bbox 462 1849 2111 1925">
    <p class='ocr_par' dir='ltr' id='par_1_18' title="bbox 462 1849 2111 1925">
     <span class='ocr_line' id='line_1_18' title="bbox 462 1849 2111 1925; baseline -0.007 -11"><span class='ocrx_word' id='word_1_92' title='bbox 462 1861 520 1914; x_wconf 86' lang='lat' dir='ltr'>S.</span> <span class='ocrx_word' id='word_1_93' title='bbox 558 1855 858 1913; x_wconf 81' lang='lat' dir='ltr'>Gertrudis</span> <span class='ocrx_word' id='word_1_94' title='bbox 890 1852 1152 1925; x_wconf 76' lang='lat' dir='ltr'>virginis,</span> <span class='ocrx_word' id='word_1_95' title='bbox 1213 1856 1504 1906; x_wconf 88' lang='lat' dir='ltr'>terrarum</span> <span class='ocrx_word' id='word_1_96' title='bbox 1562 1851 1801 1921; x_wconf 88' lang='lat' dir='ltr'>quidem</span> <span class='ocrx_word' id='word_1_97' title='bbox 1861 1849 2111 1904; x_wconf 81' lang='lat' dir='ltr'>afﬂuens</span> 
     </span>
    </p>
   </div>
   <div class='ocr_carea' id='block_1_19' title="bbox 463 1937 2109 2018">
    <p class='ocr_par' dir='ltr' id='par_1_19' title="bbox 463 1937 2109 2018">
     <span class='ocr_line' id='line_1_19' title="bbox 463 1937 2109 2018; baseline -0.006 -16"><span class='ocrx_word' id='word_1_98' title='bbox 463 1945 668 2018; x_wconf 85' lang='lat' dir='ltr'>copiis,</span> <span class='ocrx_word' id='word_1_99' title='bbox 723 1943 820 1999; x_wconf 89' lang='lat' dir='ltr'>sed</span> <span class='ocrx_word' id='word_1_100' title='bbox 881 1940 1208 1997; x_wconf 84' lang='lat' dir='ltr'>miserrime</span> <span class='ocrx_word' id='word_1_101' title='bbox 1282 1940 1510 2012; x_wconf 89' lang='lat' dir='ltr'>perdita</span> <span class='ocrx_word' id='word_1_102' title='bbox 1569 1938 1729 1994; x_wconf 80' lang='lat' dir='ltr'>rabie</span> <span class='ocrx_word' id='word_1_103' title='bbox 1813 1937 2109 1993; x_wconf 78' lang='lat' dir='ltr'>indomitae</span> 
     </span>
    </p>
   </div>
   <div class='ocr_carea' id='block_1_20' title="bbox 461 2035 676 2108">
    <p class='ocr_par' dir='ltr' id='par_1_20' title="bbox 461 2035 676 2108">
     <span class='ocr_line' id='line_1_20' title="bbox 461 2035 676 2108; baseline -0.009 -18"><span class='ocrx_word' id='word_1_104' title='bbox 461 2035 676 2108; x_wconf 84' lang='lat' dir='ltr'>gentis.</span> 
     </span>
    </p>
   </div>
   <div class='ocr_carea' id='block_1_21' title="bbox 532 2115 2107 2193">
    <p class='ocr_par' dir='ltr' id='par_1_21' title="bbox 532 2115 2107 2193">
     <span class='ocr_line' id='line_1_21' title="bbox 532 2115 2107 2193; baseline -0.006 -15"><span class='ocrx_word' id='word_1_105' title='bbox 532 2123 632 2178; x_wconf 89' lang='lat' dir='ltr'>Cui</span> <span class='ocrx_word' id='word_1_106' title='bbox 648 2118 1011 2193; x_wconf 89' lang='lat' dir='ltr'>oppressioni</span> <span class='ocrx_word' id='word_1_107' title='bbox 1036 2117 1127 2190; x_wconf 82' lang='lat' dir='ltr'>pie</span> <span class='ocrx_word' id='word_1_108' title='bbox 1146 2115 1446 2172; x_wconf 85' lang='lat' dir='ltr'>condoluit</span> <span class='ocrx_word' id='word_1_109' title='bbox 1466 2116 1752 2172; x_wconf 83' lang='lat' dir='ltr'>Henricus</span> <span class='ocrx_word' id='word_1_110' title='bbox 1769 2115 2107 2187; x_wconf 79' lang='lat' dir='ltr'>imperator,</span> 
     </span>
    </p>
   </div>
   <div class='ocr_carea' id='block_1_22' title="bbox 461 2204 2110 2269">
    <p class='ocr_par' dir='ltr' id='par_1_22' title="bbox 461 2204 2110 2269">
     <span class='ocr_line' id='line_1_22' title="bbox 461 2204 2110 2269; baseline -0.007 0"><span class='ocrx_word' id='word_1_111' title='bbox 461 2218 519 2269; x_wconf 91' lang='lat' dir='ltr'>et</span> <span class='ocrx_word' id='word_1_112' title='bbox 574 2209 934 2267; x_wconf 88' lang='lat' dir='ltr'>condolendo</span> <span class='ocrx_word' id='word_1_113' title='bbox 995 2206 1368 2261; x_wconf 80' lang='lat' dir='ltr'>vehementer</span> <span class='ocrx_word' id='word_1_114' title='bbox 1418 2205 1711 2269; x_wconf 84' lang='lat' dir='ltr'>subvenit,</span> <span class='ocrx_word' id='word_1_115' title='bbox 1795 2204 2110 2259; x_wconf 88' lang='lat' dir='ltr'>restituens</span> 
     </span>
    </p>
   </div>
   <div class='ocr_carea' id='block_1_23' title="bbox 463 2291 2109 2368">
    <p class='ocr_par' dir='ltr' id='par_1_23' title="bbox 463 2291 2109 2368">
     <span class='ocr_line' id='line_1_23' title="bbox 463 2291 2109 2368; baseline -0.007 -12"><span class='ocrx_word' id='word_1_116' title='bbox 463 2298 726 2358; x_wconf 88' lang='lat' dir='ltr'>servituti</span> <span class='ocrx_word' id='word_1_117' title='bbox 754 2295 999 2368; x_wconf 84' lang='lat' dir='ltr'>virginis</span> <span class='ocrx_word' id='word_1_118' title='bbox 1030 2295 1224 2367; x_wconf 89' lang='lat' dir='ltr'>ipsum</span> <span class='ocrx_word' id='word_1_119' title='bbox 1249 2294 1508 2364; x_wconf 87' lang='lat' dir='ltr'>Burgum</span> <span class='ocrx_word' id='word_1_120' title='bbox 1539 2293 1626 2348; x_wconf 89' lang='lat' dir='ltr'>vel</span> <span class='ocrx_word' id='word_1_121' title='bbox 1657 2292 1858 2348; x_wconf 89' lang='lat' dir='ltr'>villam</span> <span class='ocrx_word' id='word_1_122' title='bbox 1903 2291 2109 2364; x_wconf 70' lang='lat' dir='ltr'>praedi-</span> 
     </span>
    </p>
   </div>
   <div class='ocr_carea' id='block_1_24' title="bbox 463 2381 2111 2453">
    <p class='ocr_par' dir='ltr' id='par_1_24' title="bbox 463 2381 2111 2453">
     <span class='ocr_line' id='line_1_24' title="bbox 463 2381 2111 2453; baseline -0.007 -8"><span class='ocrx_word' id='word_1_123' title='bbox 463 2393 636 2453; x_wconf 85' lang='lat' dir='ltr'>ctam,</span> <span class='ocrx_word' id='word_1_124' title='bbox 668 2403 801 2442; x_wconf 90' lang='lat' dir='ltr'>cum</span> <span class='ocrx_word' id='word_1_125' title='bbox 836 2385 1113 2439; x_wconf 88' lang='lat' dir='ltr'>omnibus</span> <span class='ocrx_word' id='word_1_126' title='bbox 1145 2381 1500 2437; x_wconf 88' lang='lat' dir='ltr'>utensilibus</span> <span class='ocrx_word' id='word_1_127' title='bbox 1521 2382 1669 2446; x_wconf 88' lang='lat' dir='ltr'>suis,</span> <span class='ocrx_word' id='word_1_128' title='bbox 1695 2397 1828 2436; x_wconf 91' lang='lat' dir='ltr'>cum</span> <span class='ocrx_word' id='word_1_129' title='bbox 1855 2385 2111 2435; x_wconf 89' lang='lat' dir='ltr'>mercato</span> 
     </span>
    </p>
   </div>
   <div class='ocr_carea' id='block_1_25' title="bbox 463 2467 2111 2542">
    <p class='ocr_par' dir='ltr' id='par_1_25' title="bbox 463 2467 2111 2542">
     <span class='ocr_line' id='line_1_25' title="bbox 463 2467 2111 2542; baseline -0.007 -9"><span class='ocrx_word' id='word_1_130' title='bbox 463 2477 711 2542; x_wconf 85' lang='lat' dir='ltr'>teloneo,</span> <span class='ocrx_word' id='word_1_131' title='bbox 745 2480 1000 2540; x_wconf 77' lang='lat' dir='ltr'>moneta,</span> <span class='ocrx_word' id='word_1_132' title='bbox 1035 2470 1307 2537; x_wconf 89' lang='lat' dir='ltr'>moceria,</span> <span class='ocrx_word' id='word_1_133' title='bbox 1339 2487 1472 2524; x_wconf 92' lang='lat' dir='ltr'>cum</span> <span class='ocrx_word' id='word_1_134' title='bbox 1505 2469 1728 2524; x_wconf 89' lang='lat' dir='ltr'>cambis</span> <span class='ocrx_word' id='word_1_135' title='bbox 1751 2472 1808 2525; x_wconf 89' lang='lat' dir='ltr'>et</span> <span class='ocrx_word' id='word_1_136' title='bbox 1827 2467 2111 2524; x_wconf 89' lang='lat' dir='ltr'>molendi-</span> 
     </span>
    </p>
   </div>
   <div class='ocr_carea' id='block_1_26' title="bbox 466 2555 2106 2633">
    <p class='ocr_par' dir='ltr' id='par_1_26' title="bbox 466 2555 2106 2633">
     <span class='ocr_line' id='line_1_26' title="bbox 466 2555 2106 2633; baseline -0.006 -11"><span class='ocrx_word' id='word_1_137' title='bbox 466 2566 579 2633; x_wconf 88' lang='lat' dir='ltr'>nis,</span> <span class='ocrx_word' id='word_1_138' title='bbox 612 2580 745 2620; x_wconf 91' lang='lat' dir='ltr'>cum</span> <span class='ocrx_word' id='word_1_139' title='bbox 777 2561 951 2618; x_wconf 87' lang='lat' dir='ltr'>terris</span> <span class='ocrx_word' id='word_1_140' title='bbox 1009 2559 1185 2616; x_wconf 88' lang='lat' dir='ltr'>cultis</span> <span class='ocrx_word' id='word_1_141' title='bbox 1241 2561 1298 2614; x_wconf 87' lang='lat' dir='ltr'>et</span> <span class='ocrx_word' id='word_1_142' title='bbox 1350 2557 1608 2624; x_wconf 87' lang='lat' dir='ltr'>incultis,</span> <span class='ocrx_word' id='word_1_143' title='bbox 1665 2558 1869 2630; x_wconf 84' lang='lat' dir='ltr'>pratis,</span> <span class='ocrx_word' id='word_1_144' title='bbox 1922 2555 2106 2623; x_wconf 87' lang='lat' dir='ltr'>silvis,</span> 
     </span>
    </p>
   </div>
   <div class='ocr_carea' id='block_1_27' title="bbox 464 2646 2106 2730">
    <p class='ocr_par' dir='ltr' id='par_1_27' title="bbox 464 2646 2106 2730">
     <span class='ocr_line' id='line_1_27' title="bbox 464 2646 2106 2730; baseline -0.009 -17"><span class='ocrx_word' id='word_1_145' title='bbox 464 2653 720 2730; x_wconf 85' lang='lat' dir='ltr'>pascuis,</span> <span class='ocrx_word' id='word_1_146' title='bbox 754 2656 812 2708; x_wconf 89' lang='lat' dir='ltr'>et</span> <span class='ocrx_word' id='word_1_147' title='bbox 841 2667 974 2705; x_wconf 91' lang='lat' dir='ltr'>cum</span> <span class='ocrx_word' id='word_1_148' title='bbox 997 2648 1156 2704; x_wconf 89' lang='lat' dir='ltr'>omni</span> <span class='ocrx_word' id='word_1_149' title='bbox 1180 2646 1405 2702; x_wconf 81' lang='lat' dir='ltr'>familia</span> <span class='ocrx_word' id='word_1_150' title='bbox 1426 2646 1640 2702; x_wconf 88' lang='lat' dir='ltr'>ibidem</span> <span class='ocrx_word' id='word_1_151' title='bbox 1671 2649 2106 2712; x_wconf 88' lang='lat' dir='ltr'>manente,cum</span> 
     </span>
    </p>
   </div>
   <div class='ocr_carea' id='block_1_28' title="bbox 463 2735 1719 2801">
    <p class='ocr_par' dir='ltr' id='par_1_28' title="bbox 463 2735 1719 2801">
     <span class='ocr_line' id='line_1_28' title="bbox 463 2735 1719 2801; baseline -0.01 1"><span class='ocrx_word' id='word_1_152' title='bbox 463 2743 802 2801; x_wconf 68' lang='lat' dir='ltr'>haereditate</span> <span class='ocrx_word' id='word_1_153' title='bbox 827 2740 1090 2796; x_wconf 89' lang='lat' dir='ltr'>omnium</span> <span class='ocrx_word' id='word_1_154' title='bbox 1123 2736 1183 2790; x_wconf 91' lang='lat' dir='ltr'>in</span> <span class='ocrx_word' id='word_1_155' title='bbox 1215 2751 1282 2790; x_wconf 88' lang='lat' dir='ltr'>ea</span> <span class='ocrx_word' id='word_1_156' title='bbox 1311 2735 1719 2791; x_wconf 88' lang='lat' dir='ltr'>residentium.</span> 
     </span>
    </p>
   </div>
   <div class='ocr_carea' id='block_1_29' title="bbox 534 2821 2114 2888">
    <p class='ocr_par' dir='ltr' id='par_1_29' title="bbox 534 2821 2114 2888">
     <span class='ocr_line' id='line_1_29' title="bbox 534 2821 2114 2888; baseline -0.006 0"><span class='ocrx_word' id='word_1_157' title='bbox 534 2831 743 2888; x_wconf 90' lang='lat' dir='ltr'>Nullus</span> <span class='ocrx_word' id='word_1_158' title='bbox 783 2828 872 2884; x_wconf 90' lang='lat' dir='ltr'>vel</span> <span class='ocrx_word' id='word_1_159' title='bbox 906 2842 1097 2881; x_wconf 89' lang='lat' dir='ltr'>comes</span> <span class='ocrx_word' id='word_1_160' title='bbox 1129 2823 1214 2879; x_wconf 87' lang='lat' dir='ltr'>vel</span> <span class='ocrx_word' id='word_1_161' title='bbox 1262 2824 1578 2880; x_wconf 90' lang='lat' dir='ltr'>advocatus</span> <span class='ocrx_word' id='word_1_162' title='bbox 1634 2823 1938 2888; x_wconf 86' lang='lat' dir='ltr'>habeatur,</span> <span class='ocrx_word' id='word_1_163' title='bbox 2002 2821 2114 2878; x_wconf 90' lang='lat' dir='ltr'>nisi</span> 
     </span>
    </p>
   </div>
   <div class='ocr_carea' id='block_1_30' title="bbox 466 2910 2113 2990">
    <p class='ocr_par' dir='ltr' id='par_1_30' title="bbox 466 2910 2113 2990">
     <span class='ocr_line' id='line_1_30' title="bbox 466 2910 2113 2990; baseline -0.005 -16"><span class='ocrx_word' id='word_1_164' title='bbox 466 2936 642 2990; x_wconf 88' lang='lat' dir='ltr'>quem</span> <span class='ocrx_word' id='word_1_165' title='bbox 674 2916 971 2972; x_wconf 85' lang='lat' dir='ltr'>abbatissa</span> <span class='ocrx_word' id='word_1_166' title='bbox 998 2913 1256 2987; x_wconf 84' lang='lat' dir='ltr'>elegerit,</span> <span class='ocrx_word' id='word_1_167' title='bbox 1287 2929 1392 2968; x_wconf 91' lang='lat' dir='ltr'>nec</span> <span class='ocrx_word' id='word_1_168' title='bbox 1423 2912 1518 2968; x_wconf 91' lang='lat' dir='ltr'>hic</span> <span class='ocrx_word' id='word_1_169' title='bbox 1539 2912 1797 2985; x_wconf 89' lang='lat' dir='ltr'>requirat</span> <span class='ocrx_word' id='word_1_170' title='bbox 1832 2910 2113 2984; x_wconf 89' lang='lat' dir='ltr'>placitum</span> 
     </span>
    </p>
   </div>
   <div class='ocr_carea' id='block_1_31' title="bbox 463 3001 2113 3076">
    <p class='ocr_par' dir='ltr' id='par_1_31' title="bbox 463 3001 2113 3076">
     <span class='ocr_line' id='line_1_31' title="bbox 463 3001 2113 3076; baseline -0.005 -14"><span class='ocrx_word' id='word_1_171' title='bbox 463 3006 551 3062; x_wconf 88' lang='lat' dir='ltr'>vel</span> <span class='ocrx_word' id='word_1_172' title='bbox 583 3003 816 3076; x_wconf 89' lang='lat' dir='ltr'>aliquod</span> <span class='ocrx_word' id='word_1_173' title='bbox 842 3003 1157 3075; x_wconf 87' lang='lat' dir='ltr'>judicium,</span> <span class='ocrx_word' id='word_1_174' title='bbox 1190 3002 1302 3058; x_wconf 90' lang='lat' dir='ltr'>nisi</span> <span class='ocrx_word' id='word_1_175' title='bbox 1325 3001 1604 3057; x_wconf 84' lang='lat' dir='ltr'>invitatus</span> <span class='ocrx_word' id='word_1_176' title='bbox 1629 3018 1728 3073; x_wconf 90' lang='lat' dir='ltr'>per</span> <span class='ocrx_word' id='word_1_177' title='bbox 1751 3001 2113 3056; x_wconf 89' lang='lat' dir='ltr'>abbatissam</span> 
     </span>
    </p>
   </div>
   <div class='ocr_carea' id='block_1_32' title="bbox 465 3088 2181 3194">
    <p class='ocr_par' dir='ltr' id='par_1_32' title="bbox 465 3088 2181 3194">
     <span class='ocr_line' id='line_1_32' title="bbox 465 3088 2181 3194; baseline -0.006 -43"><span class='ocrx_word' id='word_1_178' title='bbox 465 3095 554 3151; x_wconf 91' lang='lat' dir='ltr'>vel</span> <span class='ocrx_word' id='word_1_179' title='bbox 577 3091 1124 3194; x_wconf 47' lang='lat' dir='ltr'>praepositum.‘H00</span> <span class='ocrx_word' id='word_1_180' title='bbox 1173 3090 1512 3189; x_wconf 83' lang='lat' dir='ltr'>primatum,</span> <span class='ocrx_word' id='word_1_181' title='bbox 1574 3089 1740 3188; x_wconf 76' lang='lat' dir='ltr'>regni</span> <span class='ocrx_word' id='word_1_182' title='bbox 1798 3088 2105 3187; x_wconf 70' lang='lat' dir='ltr'>definitum</span> <span class='ocrx_word' id='word_1_183' title='bbox 2140 3130 2181 3194; x_wconf 65' lang='grc' dir='ltr'>Ο</span> 
     </span>
    </p>
   </div>
   <div class='ocr_carea' id='block_1_33' title="bbox 463 3176 2110 3252">
    <p class='ocr_par' dir='ltr' id='par_1_33' title="bbox 463 3176 2110 3252">
     <span class='ocr_line' id='line_1_33' title="bbox 463 3176 2110 3252; baseline -0.004 -14"><span class='ocrx_word' id='word_1_184' title='bbox 463 3179 1058 3252; x_wconf 80' lang='lat' dir='ltr'>consilio,imperialis</span> <span class='ocrx_word' id='word_1_185' title='bbox 1074 3179 1328 3234; x_wconf 81' lang='lat' dir='ltr'>firmavit</span> <span class='ocrx_word' id='word_1_186' title='bbox 1350 3178 1656 3251; x_wconf 64' lang='lat' dir='ltr'>praeceptio</span> <span class='ocrx_word' id='word_1_187' title='bbox 1679 3176 2110 3248; x_wconf 88' lang='lat' dir='ltr'>etconsignavit</span> 
     </span>
    </p>
   </div>
   <div class='ocr_carea' id='block_1_34' title="bbox 464 3264 2107 3344">
    <p class='ocr_par' dir='ltr' id='par_1_34' title="bbox 464 3264 2107 3344">
     <span class='ocr_line' id='line_1_34' title="bbox 464 3264 2107 3344; baseline -0.005 -17"><span class='ocrx_word' id='word_1_188' title='bbox 464 3271 677 3344; x_wconf 90' lang='lat' dir='ltr'>sigillo.</span> <span class='ocrx_word' id='word_1_189' title='bbox 713 3269 874 3326; x_wconf 89' lang='lat' dir='ltr'>Unde</span> <span class='ocrx_word' id='word_1_190' title='bbox 901 3273 959 3325; x_wconf 91' lang='lat' dir='ltr'>et</span> <span class='ocrx_word' id='word_1_191' title='bbox 989 3285 1096 3323; x_wconf 91' lang='lat' dir='ltr'>nos</span> <span class='ocrx_word' id='word_1_192' title='bbox 1120 3268 1302 3322; x_wconf 83' lang='lat' dir='ltr'>movit</span> <span class='ocrx_word' id='word_1_193' title='bbox 1329 3267 1524 3323; x_wconf 88' lang='lat' dir='ltr'>debita</span> <span class='ocrx_word' id='word_1_194' title='bbox 1554 3267 1816 3337; x_wconf 88' lang='lat' dir='ltr'>ejusdem</span> <span class='ocrx_word' id='word_1_195' title='bbox 1846 3264 2107 3320; x_wconf 74' lang='lat' dir='ltr'>Ecclesiae</span> 
     </span>
    </p>
   </div>
   <div class='ocr_carea' id='block_1_35' title="bbox 464 3354 2113 3428">
    <p class='ocr_par' dir='ltr' id='par_1_35' title="bbox 464 3354 2113 3428">
     <span class='ocr_line' id='line_1_35' title="bbox 464 3354 2113 3428; baseline -0.005 -12"><span class='ocrx_word' id='word_1_196' title='bbox 464 3360 783 3428; x_wconf 87' lang='lat' dir='ltr'>miseratio,</span> <span class='ocrx_word' id='word_1_197' title='bbox 815 3363 872 3414; x_wconf 88' lang='lat' dir='ltr'>et</span> <span class='ocrx_word' id='word_1_198' title='bbox 900 3356 1222 3428; x_wconf 88' lang='lat' dir='ltr'>imperialis</span> <span class='ocrx_word' id='word_1_199' title='bbox 1243 3355 1478 3411; x_wconf 89' lang='lat' dir='ltr'>dilectio</span> <span class='ocrx_word' id='word_1_200' title='bbox 1494 3354 1722 3409; x_wconf 89' lang='lat' dir='ltr'>monuit</span> <span class='ocrx_word' id='word_1_201' title='bbox 1747 3358 1811 3408; x_wconf 89' lang='lat' dir='ltr'>ut</span> <span class='ocrx_word' id='word_1_202' title='bbox 1841 3355 1995 3425; x_wconf 89' lang='lat' dir='ltr'>quod</span> <span class='ocrx_word' id='word_1_203' title='bbox 2021 3354 2113 3408; x_wconf 76' lang='lat' dir='ltr'>tir-</span> 
     </span>
    </p>
   </div>
   <div class='ocr_carea' id='block_1_36' title="bbox 463 3440 2106 3520">
    <p class='ocr_par' dir='ltr' id='par_1_36' title="bbox 463 3440 2106 3520">
     <span class='ocr_line' id='line_1_36' title="bbox 463 3440 2106 3520; baseline -0.006 -16"><span class='ocrx_word' id='word_1_204' title='bbox 463 3449 642 3504; x_wconf 88' lang='lat' dir='ltr'>mavit</span> <span class='ocrx_word' id='word_1_205' title='bbox 673 3450 958 3520; x_wconf 67' lang='lat' dir='ltr'>praecepto</span> <span class='ocrx_word' id='word_1_206' title='bbox 992 3445 1260 3499; x_wconf 78' lang='lat' dir='ltr'>firmetur</span> <span class='ocrx_word' id='word_1_207' title='bbox 1287 3447 1343 3498; x_wconf 88' lang='lat' dir='ltr'>et</span> <span class='ocrx_word' id='word_1_208' title='bbox 1372 3443 1480 3498; x_wconf 89' lang='lat' dir='ltr'>hoc</span> <span class='ocrx_word' id='word_1_209' title='bbox 1529 3447 1728 3497; x_wconf 90' lang='lat' dir='ltr'>nostro</span> <span class='ocrx_word' id='word_1_210' title='bbox 1789 3440 2106 3513; x_wconf 88' lang='lat' dir='ltr'>privilegio.</span> 
     </span>
    </p>
   </div>
   <div class='ocr_carea' id='block_1_37' title="bbox 465 3528 2110 3606">
    <p class='ocr_par' dir='ltr' id='par_1_37' title="bbox 465 3528 2110 3606">
     <span class='ocr_line' id='line_1_37' title="bbox 465 3528 2110 3606; baseline -0.007 -12"><span class='ocrx_word' id='word_1_211' title='bbox 465 3537 569 3594; x_wconf 91' lang='lat' dir='ltr'>Ubi</span> <span class='ocrx_word' id='word_1_212' title='bbox 597 3541 794 3592; x_wconf 90' lang='lat' dir='ltr'>nostra</span> <span class='ocrx_word' id='word_1_213' title='bbox 813 3529 1860 3606; x_wconf 85' lang='lat' dir='ltr'>apostolicaauctoritateintendimus</span> <span class='ocrx_word' id='word_1_214' title='bbox 1885 3545 1956 3583; x_wconf 89' lang='lat' dir='ltr'>ne</span> <span class='ocrx_word' id='word_1_215' title='bbox 1978 3528 2110 3600; x_wconf 89' lang='lat' dir='ltr'>quis</span> 
     </span>
    </p>
   </div>
   <div class='ocr_carea' id='block_1_38' title="bbox 466 3616 2110 3682">
    <p class='ocr_par' dir='ltr' id='par_1_38' title="bbox 466 3616 2110 3682">
     <span class='ocr_line' id='line_1_38' title="bbox 466 3616 2110 3682; baseline -0.006 -1"><span class='ocrx_word' id='word_1_216' title='bbox 466 3625 617 3682; x_wconf 92' lang='lat' dir='ltr'>alius</span> <span class='ocrx_word' id='word_1_217' title='bbox 644 3623 916 3680; x_wconf 89' lang='lat' dir='ltr'>sacerdos</span> <span class='ocrx_word' id='word_1_218' title='bbox 943 3623 1001 3676; x_wconf 93' lang='lat' dir='ltr'>in</span> <span class='ocrx_word' id='word_1_219' title='bbox 1031 3620 1133 3675; x_wconf 91' lang='lat' dir='ltr'>ilio</span> <span class='ocrx_word' id='word_1_220' title='bbox 1165 3617 1332 3675; x_wconf 89' lang='lat' dir='ltr'>altari</span> <span class='ocrx_word' id='word_1_221' title='bbox 1354 3617 1600 3673; x_wconf 90' lang='lat' dir='ltr'>missam</span> <span class='ocrx_word' id='word_1_222' title='bbox 1625 3618 1838 3672; x_wconf 88' lang='lat' dir='ltr'>audeat</span> <span class='ocrx_word' id='word_1_223' title='bbox 1853 3616 2110 3671; x_wconf 76' lang='lat' dir='ltr'>celebra-</span> 
     </span>
    </p>
   </div>
   <div class='ocr_carea' id='block_1_39' title="bbox 464 3704 2106 3785">
    <p class='ocr_par' dir='ltr' id='par_1_39' title="bbox 464 3704 2106 3785">
     <span class='ocr_line' id='line_1_39' title="bbox 464 3704 2106 3785; baseline -0.008 -17"><span class='ocrx_word' id='word_1_224' title='bbox 464 3730 546 3785; x_wconf 90' lang='lat' dir='ltr'>re,</span> <span class='ocrx_word' id='word_1_225' title='bbox 580 3712 692 3769; x_wconf 86' lang='lat' dir='ltr'>nisi</span> <span class='ocrx_word' id='word_1_226' title='bbox 724 3710 834 3767; x_wconf 92' lang='lat' dir='ltr'>soli</span> <span class='ocrx_word' id='word_1_227' title='bbox 867 3709 1124 3782; x_wconf 86' lang='lat' dir='ltr'>episcopi</span> <span class='ocrx_word' id='word_1_228' title='bbox 1155 3712 1212 3763; x_wconf 90' lang='lat' dir='ltr'>et</span> <span class='ocrx_word' id='word_1_229' title='bbox 1242 3706 1346 3763; x_wconf 91' lang='lat' dir='ltr'>soli</span> <span class='ocrx_word' id='word_1_230' title='bbox 1380 3704 1821 3762; x_wconf 86' lang='lat' dir='ltr'>bebdomadarii</span> <span class='ocrx_word' id='word_1_231' title='bbox 1871 3707 1969 3776; x_wconf 88' lang='lat' dir='ltr'>qui</span> <span class='ocrx_word' id='word_1_232' title='bbox 2032 3705 2106 3757; x_wconf 69' lang='grc' dir='ltr'><strong>ἱιυῑ</strong></span> 
     </span>
    </p>
   </div>
   <div class='ocr_carea' id='block_1_40' title="bbox 470 3796 1393 3876">
    <p class='ocr_par' dir='ltr' id='par_1_40' title="bbox 470 3796 1393 3876">
     <span class='ocr_line' id='line_1_40' title="bbox 470 3796 1393 3876; baseline -0.008 -19"><span class='ocrx_word' id='word_1_233' title='bbox 470 3819 575 3876; x_wconf 90' lang='lat' dir='ltr'>pro</span> <span class='ocrx_word' id='word_1_234' title='bbox 609 3807 870 3873; x_wconf 89' lang='lat' dir='ltr'>tempore</span> <span class='ocrx_word' id='word_1_235' title='bbox 890 3803 1029 3854; x_wconf 89' lang='lat' dir='ltr'>sunt</span> <span class='ocrx_word' id='word_1_236' title='bbox 1053 3796 1393 3870; x_wconf 89' lang='lat' dir='ltr'>deputandi.</span> 
     </span>
    </p>
   </div>
   <div class='ocr_carea' id='block_1_41' title="bbox 540 3881 2112 3962">
    <p class='ocr_par' dir='ltr' id='par_1_41' title="bbox 540 3881 2112 3962">
     <span class='ocr_line' id='line_1_41' title="bbox 540 3881 2112 3962; baseline -0.006 -16"><span class='ocrx_word' id='word_1_237' title='bbox 540 3890 818 3962; x_wconf 87' lang='lat' dir='ltr'>Quisquis</span> <span class='ocrx_word' id='word_1_238' title='bbox 848 3888 1028 3960; x_wconf 89' lang='lat' dir='ltr'>igitur</span> <span class='ocrx_word' id='word_1_239' title='bbox 1047 3892 1223 3942; x_wconf 80' lang='lat' dir='ltr'>tantae</span> <span class='ocrx_word' id='word_1_240' title='bbox 1257 3884 1600 3958; x_wconf 87' lang='lat' dir='ltr'>perditionis</span> <span class='ocrx_word' id='word_1_241' title='bbox 1622 3883 1814 3948; x_wconf 86' lang='lat' dir='ltr'>luerit,</span> <span class='ocrx_word' id='word_1_242' title='bbox 1839 3883 1936 3954; x_wconf 91' lang='lat' dir='ltr'>qui</span> <span class='ocrx_word' id='word_1_243' title='bbox 1960 3881 2112 3937; x_wconf 89' lang='lat' dir='ltr'>hanc</span> 
     </span>
    </p>
   </div>
   <div class='ocr_carea' id='block_1_42' title="bbox 463 3973 2111 4047">
    <p class='ocr_par' dir='ltr' id='par_1_42' title="bbox 463 3973 2111 4047">
     <span class='ocr_line' id='line_1_42' title="bbox 463 3973 2111 4047; baseline -0.007 -11"><span class='ocrx_word' id='word_1_244' title='bbox 463 3981 797 4036; x_wconf 90' lang='lat' dir='ltr'>libertatem</span> <span class='ocrx_word' id='word_1_245' title='bbox 830 3977 1096 4033; x_wconf 69' lang='lat' dir='ltr'>Ecclesiae</span> <span class='ocrx_word' id='word_1_246' title='bbox 1127 3977 1346 4046; x_wconf 85' lang='lat' dir='ltr'>injuste</span> <span class='ocrx_word' id='word_1_247' title='bbox 1376 3975 1433 4030; x_wconf 92' lang='lat' dir='ltr'>in</span> <span class='ocrx_word' id='word_1_248' title='bbox 1453 3973 1704 4047; x_wconf 83' lang='lat' dir='ltr'>fringere</span> <span class='ocrx_word' id='word_1_249' title='bbox 1725 3987 2111 4045; x_wconf 68' lang='lat' dir='ltr'>praesumpse-</span> 
     </span>
    </p>
   </div>
   <div class='ocr_carea' id='block_1_43' title="bbox 466 4059 2112 4136">
    <p class='ocr_par' dir='ltr' id='par_1_43' title="bbox 466 4059 2112 4136">
     <span class='ocr_line' id='line_1_43' title="bbox 466 4059 2112 4136; baseline -0.007 -12"><span class='ocrx_word' id='word_1_250' title='bbox 466 4069 650 4136; x_wconf 89' lang='lat' dir='ltr'>rit,vel</span> <span class='ocrx_word' id='word_1_251' title='bbox 676 4068 746 4122; x_wconf 89' lang='lat' dir='ltr'>de</span> <span class='ocrx_word' id='word_1_252' title='bbox 777 4066 999 4121; x_wconf 82' lang='lat' dir='ltr'>caeteris</span> <span class='ocrx_word' id='word_1_253' title='bbox 1033 4064 1206 4120; x_wconf 91' lang='lat' dir='ltr'>rebus</span> <span class='ocrx_word' id='word_1_254' title='bbox 1255 4062 1519 4118; x_wconf 67' lang='lat' dir='ltr'>Ecclesiae</span> <span class='ocrx_word' id='word_1_255' title='bbox 1577 4059 2112 4116; x_wconf 86' lang='lat' dir='ltr'>sanctimonialium</span> 
     </span>
    </p>
   </div>
   <div class='ocr_carea' id='block_1_44' title="bbox 465 4149 2116 4226">
    <p class='ocr_par' dir='ltr' id='par_1_44' title="bbox 465 4149 2116 4226">
     <span class='ocr_line' id='line_1_44' title="bbox 465 4149 2116 4226; baseline -0.007 -12"><span class='ocrx_word' id='word_1_256' title='bbox 465 4156 600 4214; x_wconf 89' lang='lat' dir='ltr'>usui</span> <span class='ocrx_word' id='word_1_257' title='bbox 621 4153 916 4226; x_wconf 87' lang='lat' dir='ltr'>deputatis</span> <span class='ocrx_word' id='word_1_258' title='bbox 939 4151 1424 4224; x_wconf 88' lang='lat' dir='ltr'>usurpando,sibi</span> <span class='ocrx_word' id='word_1_259' title='bbox 1449 4149 1844 4216; x_wconf 89' lang='lat' dir='ltr'>vindicaverit,</span> <span class='ocrx_word' id='word_1_260' title='bbox 1869 4149 1950 4204; x_wconf 84' lang='lat' dir='ltr'>vel</span> <span class='ocrx_word' id='word_1_261' title='bbox 1978 4165 2116 4220; x_wconf 66' lang='lat' dir='ltr'>prae-</span> 
     </span>
    </p>
   </div>
   <div class='ocr_carea' id='block_1_45' title="bbox 466 4237 2114 4312">
    <p class='ocr_par' dir='ltr' id='par_1_45' title="bbox 466 4237 2114 4312">
     <span class='ocr_line' id='line_1_45' title="bbox 466 4237 2114 4312; baseline -0.007 -10"><span class='ocrx_word' id='word_1_262' title='bbox 466 4245 720 4302; x_wconf 90' lang='lat' dir='ltr'>bendam</span> <span class='ocrx_word' id='word_1_263' title='bbox 753 4257 955 4297; x_wconf 89' lang='lat' dir='ltr'>eorum</span> <span class='ocrx_word' id='word_1_264' title='bbox 989 4241 1048 4294; x_wconf 92' lang='lat' dir='ltr'>in</span> <span class='ocrx_word' id='word_1_265' title='bbox 1082 4241 1250 4312; x_wconf 88' lang='lat' dir='ltr'>pejus</span> <span class='ocrx_word' id='word_1_266' title='bbox 1279 4239 1552 4294; x_wconf 89' lang='lat' dir='ltr'>vertendo</span> <span class='ocrx_word' id='word_1_267' title='bbox 1584 4237 1916 4301; x_wconf 87' lang='lat' dir='ltr'>mutaverit,</span> <span class='ocrx_word' id='word_1_268' title='bbox 1940 4237 2114 4292; x_wconf 86' lang='lat' dir='ltr'>detri-</span> 
     </span>
    </p>
   </div>
   <div class='ocr_carea' id='block_1_46' title="bbox 465 4325 2114 4399">
    <p class='ocr_par' dir='ltr' id='par_1_46' title="bbox 465 4325 2114 4399">
     <span class='ocr_line' id='line_1_46' title="bbox 465 4325 2114 4399; baseline -0.005 -10"><span class='ocrx_word' id='word_1_269' title='bbox 465 4337 728 4389; x_wconf 89' lang='lat' dir='ltr'>mentum</span> <span class='ocrx_word' id='word_1_270' title='bbox 764 4329 883 4385; x_wconf 91' lang='lat' dir='ltr'>ullo</span> <span class='ocrx_word' id='word_1_271' title='bbox 943 4329 1114 4384; x_wconf 86' lang='lat' dir='ltr'>modo</span> <span class='ocrx_word' id='word_1_272' title='bbox 1172 4326 1501 4399; x_wconf 86' lang='lat' dir='ltr'>ingesserit,</span> <span class='ocrx_word' id='word_1_273' title='bbox 1555 4343 1659 4381; x_wconf 89' lang='lat' dir='ltr'>nec</span> <span class='ocrx_word' id='word_1_274' title='bbox 1705 4325 2114 4381; x_wconf 66' lang='lat' dir='ltr'>satisfaciendo</span> 
     </span>
    </p>
   </div>
   <div class='ocr_carea' id='block_1_47' title="bbox 464 4414 2116 4494">
    <p class='ocr_par' dir='ltr' id='par_1_47' title="bbox 464 4414 2116 4494">
     <span class='ocr_line' id='line_1_47' title="bbox 464 4414 2116 4494; baseline -0.005 -17"><span class='ocrx_word' id='word_1_275' title='bbox 464 4420 798 4494; x_wconf 90' lang='lat' dir='ltr'>resipuerit,</span> <span class='ocrx_word' id='word_1_276' title='bbox 831 4416 1216 4490; x_wconf 87' lang='lat' dir='ltr'>apostolicam</span> <span class='ocrx_word' id='word_1_277' title='bbox 1248 4417 1510 4472; x_wconf 80' lang='lat' dir='ltr'>incurrat</span> <span class='ocrx_word' id='word_1_278' title='bbox 1541 4414 2013 4470; x_wconf 81' lang='lat' dir='ltr'>maledictionem</span> <span class='ocrx_word' id='word_1_279' title='bbox 2059 4419 2116 4470; x_wconf 91' lang='lat' dir='ltr'>et</span> 
     </span>
    </p>
   </div>
   <div class='ocr_carea' id='block_1_48' title="bbox 480 4509 1168 4567">
    <p class='ocr_par' dir='ltr' id='par_1_48' title="bbox 480 4509 1168 4567">
     <span class='ocr_line' id='line_1_48' title="bbox 480 4509 1168 4567; baseline -0.01 0"><span class='ocrx_word' id='word_1_280' title='bbox 480 4509 1168 4567; x_wconf 88' lang='lat' dir='ltr'>excommunicationem.</span> 
     </span>
    </p>
   </div>
   <div class='ocr_carea' id='block_1_49' title="bbox 540 4591 2120 4665">
    <p class='ocr_par' dir='ltr' id='par_1_49' title="bbox 540 4591 2120 4665">
     <span class='ocr_line' id='line_1_49' title="bbox 540 4591 2120 4665; baseline -0.006 -10"><span class='ocrx_word' id='word_1_281' title='bbox 540 4600 750 4655; x_wconf 89' lang='lat' dir='ltr'>Datum</span> <span class='ocrx_word' id='word_1_282' title='bbox 784 4615 839 4652; x_wconf 86' lang='lat' dir='ltr'>VI</span> <span class='ocrx_word' id='word_1_283' title='bbox 870 4596 1160 4652; x_wconf 85' lang='lat' dir='ltr'>Kalendas</span> <span class='ocrx_word' id='word_1_284' title='bbox 1211 4593 1481 4665; x_wconf 85' lang='lat' dir='ltr'>Augusti,</span> <span class='ocrx_word' id='word_1_285' title='bbox 1540 4610 1643 4664; x_wconf 86' lang='lat' dir='ltr'>per</span> <span class='ocrx_word' id='word_1_286' title='bbox 1702 4608 1910 4647; x_wconf 89' lang='lat' dir='ltr'>manus</span> <span class='ocrx_word' id='word_1_287' title='bbox 1968 4591 2120 4646; x_wconf 90' lang='lat' dir='ltr'>Petri</span> 
     </span>
    </p>
   </div>
   <div class='ocr_carea' id='block_1_50' title="bbox 467 4679 2121 4755">
    <p class='ocr_par' dir='ltr' id='par_1_50' title="bbox 467 4679 2121 4755">
     <span class='ocr_line' id='line_1_50' title="bbox 467 4679 2121 4755; baseline -0.007 -10"><span class='ocrx_word' id='word_1_288' title='bbox 467 4688 720 4755; x_wconf 88' lang='lat' dir='ltr'>diaconi,</span> <span class='ocrx_word' id='word_1_289' title='bbox 754 4683 1180 4742; x_wconf 88' lang='lat' dir='ltr'>bibliothecarii</span> <span class='ocrx_word' id='word_1_290' title='bbox 1214 4687 1427 4738; x_wconf 66' lang='lat' dir='ltr'>sanctae</span> <span class='ocrx_word' id='word_1_291' title='bbox 1449 4686 1507 4737; x_wconf 90' lang='lat' dir='ltr'>et</span> <span class='ocrx_word' id='word_1_292' title='bbox 1562 4679 1890 4753; x_wconf 63' lang='lat' dir='ltr'>apostolica</span> <span class='ocrx_word' id='word_1_293' title='bbox 1944 4680 2121 4746; x_wconf 87' lang='lat' dir='ltr'>sedis,</span> 
     </span>
    </p>
   </div>
   <div class='ocr_carea' id='block_1_51' title="bbox 468 4768 2121 4844">
    <p class='ocr_par' dir='ltr' id='par_1_51' title="bbox 468 4768 2121 4844">
     <span class='ocr_line' id='line_1_51' title="bbox 468 4768 2121 4844; baseline -0.004 -13"><span class='ocrx_word' id='word_1_294' title='bbox 468 4794 624 4831; x_wconf 87' lang='lat' dir='ltr'>anno</span> <span class='ocrx_word' id='word_1_295' title='bbox 656 4774 880 4830; x_wconf 88' lang='lat' dir='ltr'>nomini</span> <span class='ocrx_word' id='word_1_296' title='bbox 911 4774 1116 4828; x_wconf 89' lang='lat' dir='ltr'>Leonis</span> <span class='ocrx_word' id='word_1_297' title='bbox 1149 4773 1219 4827; x_wconf 88' lang='lat' dir='ltr'>IX</span> <span class='ocrx_word' id='word_1_298' title='bbox 1249 4772 1460 4844; x_wconf 87' lang='lat' dir='ltr'>primo,</span> <span class='ocrx_word' id='word_1_299' title='bbox 1483 4769 1799 4825; x_wconf 88' lang='lat' dir='ltr'>indictione</span> <span class='ocrx_word' id='word_1_300' title='bbox 1842 4768 2121 4824; x_wconf 89' lang='lat' dir='ltr'>secunda.</span> 
     </span>
    </p>
   </div>
   <div class='ocr_carea' id='block_1_52' title="bbox 1235 4895 1377 4951">
    <p class='ocr_par' dir='ltr' id='par_1_52' title="bbox 1235 4895 1377 4951">
     <span class='ocr_line' id='line_1_52' title="bbox 1235 4895 1377 4951; baseline 0 -1"><span class='ocrx_word' id='word_1_301' title='bbox 1235 4895 1377 4951; x_wconf 82' lang='lat' dir='ltr'><strong>XIV.</strong></span> 
     </span>
    </p>
   </div>
   <div class='ocr_carea' id='block_1_53' title="bbox 469 4982 2118 5111">
    <p class='ocr_par' dir='ltr' id='par_1_53' title="bbox 469 4982 2118 5111">
     <span class='ocr_line' id='line_1_53' title="bbox 469 4982 2118 5058; baseline -0.004 -16"><span class='ocrx_word' id='word_1_302' title='bbox 469 4985 723 5058; x_wconf 76' lang='lat' dir='ltr'>Diploma</span> <span class='ocrx_word' id='word_1_303' title='bbox 752 4986 941 5040; x_wconf 85' lang='lat' dir='ltr'>Leonis</span> <span class='ocrx_word' id='word_1_304' title='bbox 976 5001 1139 5056; x_wconf 76' lang='lat' dir='ltr'>papae</span> <span class='ocrx_word' id='word_1_305' title='bbox 1170 4986 1236 5039; x_wconf 76' lang='lat' dir='ltr'>IX</span> <span class='ocrx_word' id='word_1_306' title='bbox 1290 4983 1602 5039; x_wconf 76' lang='lat' dir='ltr'>Theoderico</span> <span class='ocrx_word' id='word_1_307' title='bbox 1664 4982 1848 5037; x_wconf 81' lang='lat' dir='ltr'>abbati</span> <span class='ocrx_word' id='word_1_308' title='bbox 1904 4998 2118 5037; x_wconf 75' lang='lat' dir='ltr'>conces-</span> 
     </span>
     <span class='ocr_line' id='line_1_54' title="bbox 547 5054 2112 5111; baseline -0.002 -1"><span class='ocrx_word' id='word_1_309' title='bbox 547 5073 691 5111; x_wconf 84' lang='lat' dir='ltr'>sum.</span> <span class='ocrx_word' id='word_1_310' title='bbox 728 5087 789 5095; x_wconf 91' lang='lat'>—-</span> <span class='ocrx_word' id='word_1_311' title='bbox 825 5057 1030 5111; x_wconf 85' lang='lat' dir='ltr'>Reoum</span> <span class='ocrx_word' id='word_1_312' title='bbox 1093 5059 1142 5109; x_wconf 85' lang='lat' dir='ltr'>et</span> <span class='ocrx_word' id='word_1_313' title='bbox 1175 5057 1567 5111; x_wconf 75' lang='lat' dir='ltr'>imperatorum</span> <span class='ocrx_word' id='word_1_314' title='bbox 1601 5054 1889 5111; x_wconf 77' lang='lat' dir='ltr'>m&#39;iuileaia</span> <span class='ocrx_word' id='word_1_315' title='bbox 1911 5054 2112 5110; x_wconf 80' lang='lat' dir='ltr'>conﬁr-</span> 
     </span>
    </p>
   </div>
   <div class='ocr_carea' id='block_1_54' title="bbox 540 5070 2112 5201">
    <p class='ocr_par' dir='ltr' id='par_1_54' title="bbox 540 5070 2112 5201">
     <span class='ocr_line' id='line_1_55' title="bbox 547 5070 2112 5125; baseline -0.002 -15"><span class='ocrx_word' id='word_1_316' title='bbox 547 5073 691 5111; x_wconf 84' lang='lat' dir='ltr'>sum.</span> <span class='ocrx_word' id='word_1_317' title='bbox 728 5087 789 5095; x_wconf 92' lang='lat'>—-</span> <span class='ocrx_word' id='word_1_318' title='bbox 825 5070 895 5111; x_wconf 78' lang='lat' dir='ltr'>tte</span> <span class='ocrx_word' id='word_1_319' title='bbox 937 5073 1030 5110; x_wconf 88' lang='lat' dir='ltr'>um</span> <span class='ocrx_word' id='word_1_320' title='bbox 1093 5070 1142 5109; x_wconf 80' lang='lat' dir='ltr'>et</span> <span class='ocrx_word' id='word_1_321' title='bbox 1175 5070 1567 5125; x_wconf 76' lang='lat' dir='ltr'>zmperawram</span> <span class='ocrx_word' id='word_1_322' title='bbox 1598 5070 1889 5125; x_wconf 77' lang='lat' dir='ltr'>pl&#39;wllegta</span> <span class='ocrx_word' id='word_1_323' title='bbox 1911 5070 2112 5110; x_wconf 77' lang='lat' dir='ltr'>conar-</span> 
     </span>
     <span class='ocr_line' id='line_1_56' title="bbox 540 5073 1376 5201; baseline -0.006 -17"><span class='ocrx_word' id='word_1_324' title='bbox 540 5136 656 5184; x_wconf 79' lang='lat' dir='ltr'>mal</span> <span class='ocrx_word' id='word_1_325' title='bbox 676 5136 726 5184; x_wconf 82' lang='lat' dir='ltr'>et</span> <span class='ocrx_word' id='word_1_326' title='bbox 739 5129 834 5201; x_wconf 85' lang='lat' dir='ltr'>jus</span> <span class='ocrx_word' id='word_1_327' title='bbox 865 5073 1110 5198; x_wconf 48' lang='lat' dir='ltr'>egige-ndi</span> <span class='ocrx_word' id='word_1_328' title='bbox 1139 5125 1376 5181; x_wconf 79' lang='lat' dir='ltr'>abbatis.</span> 
     </span>
    </p>
   </div>
   <div class='ocr_carea' id='block_1_55' title="bbox 1107 5231 1508 5305">
    <p class='ocr_par' dir='ltr' id='par_1_55' title="bbox 1107 5231 1508 5305">
     <span class='ocr_line' id='line_1_57' title="bbox 1107 5231 1508 5305; baseline -0.005 -17"><span class='ocrx_word' id='word_1_329' title='bbox 1107 5233 1291 5305; x_wconf 71' lang='lat' dir='ltr'>(Anno</span> <span class='ocrx_word' id='word_1_330' title='bbox 1325 5231 1508 5304; x_wconf 77' lang='grc'>1049.)</span> 
     </span>
    </p>
   </div>
   <div class='ocr_carea' id='block_1_56' title="bbox 781 5337 1834 5413">
    <p class='ocr_par' dir='ltr' id='par_1_56' title="bbox 781 5337 1834 5413">
     <span class='ocr_line' id='line_1_58' title="bbox 781 5337 1834 5413; baseline -0.007 -16"><span class='ocrx_word' id='word_1_331' title='bbox 781 5342 1086 5413; x_wconf 81' lang='lat' dir='ltr'>[Martene,</span> <span class='ocrx_word' id='word_1_332' title='bbox 1106 5342 1354 5412; x_wconf 83' lang='lat' dir='ltr'>ampliss.</span> <span class='ocrx_word' id='word_1_333' title='bbox 1379 5339 1594 5396; x_wconf 80' lang='lat' dir='ltr'>Collect.</span> <span class='ocrx_word' id='word_1_334' title='bbox 1628 5339 1698 5405; x_wconf 86' lang='lat' dir='ltr'>II,</span> <span class='ocrx_word' id='word_1_335' title='bbox 1719 5337 1834 5406; x_wconf 87' lang='lat'>67.]</span> 
     </span>
    </p>
   </div>
   <div class='ocr_carea' id='block_1_57' title="bbox 546 5442 2133 5521">
    <p class='ocr_par' dir='ltr' id='par_1_57' title="bbox 546 5442 2133 5521">
     <span class='ocr_line' id='line_1_59' title="bbox 546 5442 2133 5521; baseline -0.003 -18"><span class='ocrx_word' id='word_1_336' title='bbox 546 5448 661 5504; x_wconf 78' lang='lat' dir='ltr'>Leo</span> <span class='ocrx_word' id='word_1_337' title='bbox 685 5449 773 5521; x_wconf 88' lang='lat' dir='ltr'>epi</span> <span class='ocrx_word' id='word_1_338' title='bbox 789 5460 1546 5521; x_wconf 80' lang='lat' dir='ltr'>scopus,servusservorum</span> <span class='ocrx_word' id='word_1_339' title='bbox 1565 5442 1686 5507; x_wconf 88' lang='lat' dir='ltr'>Dei,</span> <span class='ocrx_word' id='word_1_340' title='bbox 1701 5443 2032 5499; x_wconf 78' lang='lat' dir='ltr'>Teonaalco</span> <span class='ocrx_word' id='word_1_341' title='bbox 2044 5459 2133 5498; x_wconf 85' lang='lat' dir='ltr'>re-</span> 
     </span>
    </p>
   </div>
   <div class='ocr_carea' id='block_1_58' title="bbox 472 5529 2134 5623">
    <p class='ocr_par' dir='ltr' id='par_1_58' title="bbox 472 5529 2134 5623">
     <span class='ocr_line' id='line_1_60' title="bbox 472 5529 2134 5623; baseline -0.005 -26"><span class='ocrx_word' id='word_1_342' title='bbox 472 5537 694 5623; x_wconf 66' lang='lat' dir='ltr'>ligioso</span> <span class='ocrx_word' id='word_1_343' title='bbox 716 5537 916 5599; x_wconf 81' lang='lat' dir='ltr'>abbati</span> <span class='ocrx_word' id='word_1_344' title='bbox 942 5536 1291 5607; x_wconf 84' lang='lat' dir='ltr'>venerabilis</span> <span class='ocrx_word' id='word_1_345' title='bbox 1344 5529 1688 5603; x_wconf 76' lang='lat' dir='ltr'>monasterii</span> <span class='ocrx_word' id='word_1_346' title='bbox 1733 5530 1932 5589; x_wconf 88' lang='lat' dir='ltr'>Sancti</span> <span class='ocrx_word' id='word_1_347' title='bbox 1979 5532 2134 5599; x_wconf 85' lang='lat' dir='ltr'>Petri</span> 
     </span>
    </p>
   </div>
   <div class='ocr_carea' id='block_1_59' title="bbox 1538 260 2814 330">
    <p class='ocr_par' dir='ltr' id='par_1_59' title="bbox 1538 260 2814 330">
     <span class='ocr_line' id='line_1_61' title="bbox 1538 260 2814 330; baseline -0.002 0"><span class='ocrx_word' id='word_1_348' title='bbox 1538 269 1604 330; x_wconf 91' lang='lat' dir='ltr'>S.</span> <span class='ocrx_word' id='word_1_349' title='bbox 1652 260 1932 329; x_wconf 85' lang='lat' dir='ltr'>LEONIS</span> <span class='ocrx_word' id='word_1_350' title='bbox 1977 263 2056 326; x_wconf 82' lang='lat' dir='ltr'>1X</span> <span class='ocrx_word' id='word_1_351' title='bbox 2100 262 2332 326; x_wconf 74' lang='grc' dir='ltr'>ΡΑΡίΕ</span> <span class='ocrx_word' id='word_1_352' title='bbox 2376 265 2814 330; x_wconf 84' lang='lat' dir='ltr'>OPUSCULA.</span> 
     </span>
    </p>
   </div>
   <div class='ocr_carea' id='block_1_60' title="bbox 2146 398 3874 472">
    <p class='ocr_par' dir='ltr' id='par_1_60' title="bbox 2146 398 3874 472">
     <span class='ocr_line' id='line_1_62' title="bbox 2146 398 3874 472; baseline 0.002 -20"><span class='ocrx_word' id='word_1_353' title='bbox 2146 399 2200 464; x_wconf 85' lang='grc' dir='ltr'><strong>Α</strong></span> <span class='ocrx_word' id='word_1_354' title='bbox 2231 398 2546 471; x_wconf 87' lang='lat' dir='ltr'>Sanctique</span> <span class='ocrx_word' id='word_1_355' title='bbox 2577 398 2842 472; x_wconf 83' lang='lat' dir='ltr'>Remain</span> <span class='ocrx_word' id='word_1_356' title='bbox 2872 398 3145 456; x_wconf 88' lang='lat' dir='ltr'>Stabolao</span> <span class='ocrx_word' id='word_1_357' title='bbox 3167 399 3343 472; x_wconf 86' lang='lat' dir='ltr'>positi</span> <span class='ocrx_word' id='word_1_358' title='bbox 3373 399 3612 471; x_wconf 88' lang='lat' dir='ltr'>suisque</span> <span class='ocrx_word' id='word_1_359' title='bbox 3641 414 3874 456; x_wconf 86' lang='lat' dir='ltr'>succes-</span> 
     </span>
    </p>
   </div>
   <div class='ocr_carea' id='block_1_61' title="bbox 3751 265 3873 329">
    <p class='ocr_par' dir='ltr' id='par_1_61' title="bbox 3751 265 3873 329">
     <span class='ocr_line' id='line_1_63' title="bbox 3751 265 3873 329; baseline -0.025 0"><span class='ocrx_word' id='word_1_360' title='bbox 3751 265 3873 329; x_wconf 76' lang='lat'>612</span> 
     </span>
    </p>
   </div>
   <div class='ocr_carea' id='block_1_62' title="bbox 2226 488 2960 560">
    <p class='ocr_par' dir='ltr' id='par_1_62' title="bbox 2226 488 2960 560">
     <span class='ocr_line' id='line_1_64' title="bbox 2226 488 2960 560; baseline 0.004 -20"><span class='ocrx_word' id='word_1_361' title='bbox 2226 488 2462 542; x_wconf 89' lang='lat' dir='ltr'>soribus</span> <span class='ocrx_word' id='word_1_362' title='bbox 2494 488 2554 542; x_wconf 90' lang='lat' dir='ltr'>in</span> <span class='ocrx_word' id='word_1_363' title='bbox 2586 492 2960 560; x_wconf 88' lang='lat' dir='ltr'>perpetuum.</span> 
     </span>
    </p>
   </div>
   <div class='ocr_carea' id='block_1_63' title="bbox 2297 575 3871 650">
    <p class='ocr_par' dir='ltr' id='par_1_63' title="bbox 2297 575 3871 650">
     <span class='ocr_line' id='line_1_65' title="bbox 2297 575 3871 650; baseline 0.001 -20"><span class='ocrx_word' id='word_1_364' title='bbox 2297 577 2461 631; x_wconf 87' lang='lat' dir='ltr'>Tunc</span> <span class='ocrx_word' id='word_1_365' title='bbox 2492 593 2740 633; x_wconf 74' lang='lat' dir='ltr'>summae</span> <span class='ocrx_word' id='word_1_366' title='bbox 2770 577 3098 648; x_wconf 86' lang='lat' dir='ltr'>apostolicae</span> <span class='ocrx_word' id='word_1_367' title='bbox 3129 577 3434 650; x_wconf 87' lang='lat' dir='ltr'>dignitatis</span> <span class='ocrx_word' id='word_1_368' title='bbox 3467 593 3611 650; x_wconf 84' lang='lat' dir='ltr'>apex</span> <span class='ocrx_word' id='word_1_369' title='bbox 3651 577 3714 632; x_wconf 91' lang='lat' dir='ltr'>in</span> <span class='ocrx_word' id='word_1_370' title='bbox 3761 575 3871 632; x_wconf 88' lang='lat' dir='ltr'>hoc</span> 
     </span>
    </p>
   </div>
   <div class='ocr_carea' id='block_1_64' title="bbox 2223 663 3869 739">
    <p class='ocr_par' dir='ltr' id='par_1_64' title="bbox 2223 663 3869 739">
     <span class='ocr_line' id='line_1_66' title="bbox 2223 663 3869 739; baseline 0.002 -22"><span class='ocrx_word' id='word_1_371' title='bbox 2223 663 2403 718; x_wconf 91' lang='lat' dir='ltr'>divini</span> <span class='ocrx_word' id='word_1_372' title='bbox 2423 669 2764 736; x_wconf 87' lang='lat' dir='ltr'>prospectus</span> <span class='ocrx_word' id='word_1_373' title='bbox 2783 681 2978 721; x_wconf 88' lang='lat' dir='ltr'>amore</span> <span class='ocrx_word' id='word_1_374' title='bbox 2993 665 3360 739; x_wconf 88' lang='lat' dir='ltr'>dignoscitur</span> <span class='ocrx_word' id='word_1_375' title='bbox 3374 664 3792 738; x_wconf 64' lang='lat' dir='ltr'>praefulgere,si</span> <span class='ocrx_word' id='word_1_376' title='bbox 3810 665 3869 720; x_wconf 90' lang='lat' dir='ltr'>in</span> 
     </span>
    </p>
   </div>
   <div class='ocr_carea' id='block_1_65' title="bbox 2223 752 3868 827">
    <p class='ocr_par' dir='ltr' id='par_1_65' title="bbox 2223 752 3868 827">
     <span class='ocr_line' id='line_1_67' title="bbox 2223 752 3868 827; baseline 0.001 -21"><span class='ocrx_word' id='word_1_377' title='bbox 2223 752 2597 823; x_wconf 88' lang='lat' dir='ltr'>acquirendis</span> <span class='ocrx_word' id='word_1_378' title='bbox 2612 753 2710 808; x_wconf 89' lang='lat' dir='ltr'>Dei</span> <span class='ocrx_word' id='word_1_379' title='bbox 2734 753 3005 808; x_wconf 86' lang='lat' dir='ltr'>laudibus</span> <span class='ocrx_word' id='word_1_380' title='bbox 3021 754 3110 810; x_wconf 89' lang='lat' dir='ltr'>sui</span> <span class='ocrx_word' id='word_1_381' title='bbox 3124 754 3448 827; x_wconf 87' lang='lat' dir='ltr'>impensius</span> <span class='ocrx_word' id='word_1_382' title='bbox 3464 753 3696 809; x_wconf 88' lang='lat' dir='ltr'>studeat</span> <span class='ocrx_word' id='word_1_383' title='bbox 3708 753 3868 808; x_wconf 88' lang='lat' dir='ltr'>labo-</span> 
     </span>
    </p>
   </div>
   <div class='ocr_carea' id='block_1_66' title="bbox 2223 840 3861 912">
    <p class='ocr_par' dir='ltr' id='par_1_66' title="bbox 2223 840 3861 912">
     <span class='ocr_line' id='line_1_68' title="bbox 2223 840 3861 912; baseline 0.002 -18"><span class='ocrx_word' id='word_1_384' title='bbox 2223 841 2306 896; x_wconf 90' lang='lat' dir='ltr'>ris</span> <span class='ocrx_word' id='word_1_385' title='bbox 2326 840 2596 896; x_wconf 88' lang='lat' dir='ltr'>exhibere</span> <span class='ocrx_word' id='word_1_386' title='bbox 2613 841 3020 896; x_wconf 90' lang='lat' dir='ltr'>certamen.0b</span> <span class='ocrx_word' id='word_1_387' title='bbox 3054 842 3162 898; x_wconf 88' lang='lat' dir='ltr'>hoc</span> <span class='ocrx_word' id='word_1_388' title='bbox 3210 859 3316 898; x_wconf 91' lang='lat' dir='ltr'>nos</span> <span class='ocrx_word' id='word_1_389' title='bbox 3365 841 3564 898; x_wconf 90' lang='lat' dir='ltr'>debita</span> <span class='ocrx_word' id='word_1_390' title='bbox 3591 842 3861 912; x_wconf 83' lang='lat' dir='ltr'>ejusdem</span> 
     </span>
    </p>
   </div>
   <div class='ocr_carea' id='block_1_67' title="bbox 2222 929 3868 1001">
    <p class='ocr_par' dir='ltr' id='par_1_67' title="bbox 2222 929 3868 1001">
     <span class='ocr_line' id='line_1_69' title="bbox 2222 929 3868 1001; baseline 0.001 -17"><span class='ocrx_word' id='word_1_391' title='bbox 2222 929 2550 1001; x_wconf 71' lang='lat' dir='ltr'>apostolicae</span> <span class='ocrx_word' id='word_1_392' title='bbox 2566 929 2876 1001; x_wconf 87' lang='lat' dir='ltr'>pastoralis</span> <span class='ocrx_word' id='word_1_393' title='bbox 2888 930 3186 1001; x_wconf 87' lang='lat' dir='ltr'>compellit</span> <span class='ocrx_word' id='word_1_394' title='bbox 3201 930 3614 987; x_wconf 88' lang='lat' dir='ltr'>sollicitudinis</span> <span class='ocrx_word' id='word_1_395' title='bbox 3635 934 3868 998; x_wconf 90' lang='lat' dir='ltr'>cura,ut</span> 
     </span>
    </p>
   </div>
   <div class='ocr_carea' id='block_1_68' title="bbox 2223 1016 3868 1092">
    <p class='ocr_par' dir='ltr' id='par_1_68' title="bbox 2223 1016 3868 1092">
     <span class='ocr_line' id='line_1_70' title="bbox 2223 1016 3868 1092; baseline 0.001 -20"><span class='ocrx_word' id='word_1_396' title='bbox 2223 1035 2350 1089; x_wconf 82' lang='lat' dir='ltr'>quae</span> <span class='ocrx_word' id='word_1_397' title='bbox 2373 1018 2443 1072; x_wconf 90' lang='lat' dir='ltr'>ad</span> <span class='ocrx_word' id='word_1_398' title='bbox 2469 1016 2819 1073; x_wconf 89' lang='lat' dir='ltr'>stabilienda</span> <span class='ocrx_word' id='word_1_399' title='bbox 2845 1018 3075 1089; x_wconf 88' lang='lat' dir='ltr'>piorum</span> <span class='ocrx_word' id='word_1_400' title='bbox 3105 1021 3390 1090; x_wconf 87' lang='lat' dir='ltr'>pertinere</span> <span class='ocrx_word' id='word_1_401' title='bbox 3441 1019 3868 1092; x_wconf 83' lang='lat' dir='ltr'>dignoscuntur</span> 
     </span>
    </p>
   </div>
   <div class='ocr_carea' id='block_1_69' title="bbox 2220 1103 3864 1178">
    <p class='ocr_par' dir='ltr' id='par_1_69' title="bbox 2220 1103 3864 1178">
     <span class='ocr_line' id='line_1_71' title="bbox 2220 1103 3864 1178; baseline 0.002 -20"><span class='ocrx_word' id='word_1_402' title='bbox 2220 1103 2764 1173; x_wconf 17' lang='lat' dir='ltr'>locorum,uberti‘m</span> <span class='ocrx_word' id='word_1_403' title='bbox 2791 1105 3162 1177; x_wconf 82' lang='lat' dir='ltr'>promulgare</span> <span class='ocrx_word' id='word_1_404' title='bbox 3183 1115 3239 1162; x_wconf 90' lang='lat' dir='ltr'>et</span> <span class='ocrx_word' id='word_1_405' title='bbox 3258 1106 3587 1178; x_wconf 63' lang='lat' dir='ltr'>apostolica</span> <span class='ocrx_word' id='word_1_406' title='bbox 3625 1107 3864 1162; x_wconf 85' lang='lat' dir='ltr'>institu-</span> 
     </span>
    </p>
   </div>
   <div class='ocr_carea' id='block_1_70' title="bbox 2219 1192 3867 1268">
    <p class='ocr_par' dir='ltr' id='par_1_70' title="bbox 2219 1192 3867 1268">
     <span class='ocr_line' id='line_1_72' title="bbox 2219 1192 3867 1268; baseline 0.002 -22"><span class='ocrx_word' id='word_1_407' title='bbox 2219 1192 2396 1248; x_wconf 88' lang='lat' dir='ltr'>tionis</span> <span class='ocrx_word' id='word_1_408' title='bbox 2419 1209 2592 1247; x_wconf 91' lang='lat' dir='ltr'>censu</span> <span class='ocrx_word' id='word_1_409' title='bbox 2605 1210 2666 1248; x_wconf 90' lang='lat' dir='ltr'>ra</span> <span class='ocrx_word' id='word_1_410' title='bbox 2679 1194 2997 1249; x_wconf 90' lang='lat' dir='ltr'>debeamus</span> <span class='ocrx_word' id='word_1_411' title='bbox 3015 1195 3252 1250; x_wconf 83' lang='lat' dir='ltr'>conﬁrm</span> <span class='ocrx_word' id='word_1_412' title='bbox 3263 1195 3570 1267; x_wconf 88' lang='lat' dir='ltr'>are.Igitur</span> <span class='ocrx_word' id='word_1_413' title='bbox 3584 1195 3721 1267; x_wconf 91' lang='lat' dir='ltr'>quia</span> <span class='ocrx_word' id='word_1_414' title='bbox 3739 1211 3867 1268; x_wconf 83' lang='lat' dir='ltr'>pos-</span> 
     </span>
    </p>
   </div>
   <div class='ocr_carea' id='block_1_71' title="bbox 2217 1279 3868 1353">
    <p class='ocr_par' dir='ltr' id='par_1_71' title="bbox 2217 1279 3868 1353">
     <span class='ocr_line' id='line_1_73' title="bbox 2217 1279 3868 1353; baseline 0.002 -17"><span class='ocrx_word' id='word_1_415' title='bbox 2217 1279 2690 1349; x_wconf 87' lang='lat' dir='ltr'>tulasti,frater,a</span> <span class='ocrx_word' id='word_1_416' title='bbox 2707 1283 2875 1338; x_wconf 90' lang='lat' dir='ltr'>nobis</span> <span class='ocrx_word' id='word_1_417' title='bbox 2899 1287 3189 1353; x_wconf 89' lang='lat' dir='ltr'>quatenus</span> <span class='ocrx_word' id='word_1_418' title='bbox 3213 1284 3565 1339; x_wconf 91' lang='lat' dir='ltr'>monasteria</span> <span class='ocrx_word' id='word_1_419' title='bbox 3584 1299 3868 1340; x_wconf 77' lang='lat' dir='ltr'>evenera-</span> 
     </span>
    </p>
   </div>
   <div class='ocr_carea' id='block_1_72' title="bbox 2221 1369 3866 1442">
    <p class='ocr_par' dir='ltr' id='par_1_72' title="bbox 2221 1369 3866 1442">
     <span class='ocr_line' id='line_1_74' title="bbox 2221 1369 3866 1442; baseline 0.002 -19"><span class='ocrx_word' id='word_1_420' title='bbox 2221 1369 2322 1424; x_wconf 92' lang='lat' dir='ltr'>bili</span> <span class='ocrx_word' id='word_1_421' title='bbox 2347 1369 2510 1425; x_wconf 86' lang='lat' dir='ltr'>Patre</span> <span class='ocrx_word' id='word_1_422' title='bbox 2536 1369 2814 1442; x_wconf 80' lang='lat' dir='ltr'>Remaglo</span> <span class='ocrx_word' id='word_1_423' title='bbox 2849 1371 3267 1434; x_wconf 89' lang='lat' dir='ltr'>constructa,id</span> <span class='ocrx_word' id='word_1_424' title='bbox 3317 1375 3406 1426; x_wconf 89' lang='lat' dir='ltr'>est</span> <span class='ocrx_word' id='word_1_425' title='bbox 3451 1371 3762 1427; x_wconf 86' lang='lat' dir='ltr'>Stabolaus</span> <span class='ocrx_word' id='word_1_426' title='bbox 3805 1376 3866 1427; x_wconf 85' lang='lat' dir='ltr'>et</span> 
     </span>
    </p>
   </div>
   <div class='ocr_carea' id='block_1_73' title="bbox 2219 1458 3869 1523">
    <p class='ocr_par' dir='ltr' id='par_1_73' title="bbox 2219 1458 3869 1523">
     <span class='ocr_line' id='line_1_75' title="bbox 2219 1458 3869 1523; baseline 0.002 -10"><span class='ocrx_word' id='word_1_427' title='bbox 2219 1458 2715 1513; x_wconf 88' lang='lat' dir='ltr'>Malmundarium</span> <span class='ocrx_word' id='word_1_428' title='bbox 2740 1459 2852 1514; x_wconf 89' lang='lat' dir='ltr'>sita</span> <span class='ocrx_word' id='word_1_429' title='bbox 2872 1458 2930 1512; x_wconf 90' lang='lat' dir='ltr'>in</span> <span class='ocrx_word' id='word_1_430' title='bbox 2953 1458 3106 1514; x_wconf 91' lang='lat' dir='ltr'>saltu</span> <span class='ocrx_word' id='word_1_431' title='bbox 3129 1459 3623 1523; x_wconf 86' lang='lat' dir='ltr'>Arduennensi,in</span> <span class='ocrx_word' id='word_1_432' title='bbox 3645 1459 3869 1516; x_wconf 84' lang='lat' dir='ltr'>honore</span> 
     </span>
    </p>
   </div>
   <div class='ocr_carea' id='block_1_74' title="bbox 2221 1545 3862 1620">
    <p class='ocr_par' dir='ltr' id='par_1_74' title="bbox 2221 1545 3862 1620">
     <span class='ocr_line' id='line_1_76' title="bbox 2221 1545 3862 1620; baseline 0.002 -20"><span class='ocrx_word' id='word_1_433' title='bbox 2221 1546 2407 1602; x_wconf 89' lang='lat' dir='ltr'>sancti</span> <span class='ocrx_word' id='word_1_434' title='bbox 2427 1547 2576 1602; x_wconf 89' lang='lat' dir='ltr'>Petri</span> <span class='ocrx_word' id='word_1_435' title='bbox 2599 1545 2998 1618; x_wconf 85' lang='lat' dir='ltr'>apostolorum</span> <span class='ocrx_word' id='word_1_436' title='bbox 3027 1547 3308 1619; x_wconf 91' lang='lat' dir='ltr'>principis</span> <span class='ocrx_word' id='word_1_437' title='bbox 3331 1546 3630 1620; x_wconf 87' lang='lat' dir='ltr'>privilegio</span> <span class='ocrx_word' id='word_1_438' title='bbox 3645 1552 3862 1603; x_wconf 64' lang='lat' dir='ltr'>nostra“:</span> 
     </span>
    </p>
   </div>
   <div class='ocr_carea' id='block_1_75' title="bbox 2218 1634 3869 1708">
    <p class='ocr_par' dir='ltr' id='par_1_75' title="bbox 2218 1634 3869 1708">
     <span class='ocr_line' id='line_1_77' title="bbox 2218 1634 3869 1708; baseline 0.002 -19"><span class='ocrx_word' id='word_1_439' title='bbox 2218 1634 2581 1691; x_wconf 86' lang='lat' dir='ltr'>auctoritatis</span> <span class='ocrx_word' id='word_1_440' title='bbox 2613 1634 3019 1703; x_wconf 89' lang='lat' dir='ltr'>muniremus;</span> <span class='ocrx_word' id='word_1_441' title='bbox 3050 1637 3572 1708; x_wconf 87' lang='lat' dir='ltr'>etquiajustavisa</span> <span class='ocrx_word' id='word_1_442' title='bbox 3589 1641 3679 1692; x_wconf 89' lang='lat' dir='ltr'>est</span> <span class='ocrx_word' id='word_1_443' title='bbox 3693 1635 3869 1692; x_wconf 89' lang='lat' dir='ltr'>nobis</span> 
     </span>
    </p>
   </div>
   <div class='ocr_carea' id='block_1_76' title="bbox 1588 1722 3868 1828">
    <p class='ocr_par' dir='ltr' id='par_1_76' title="bbox 1588 1722 3868 1828">
     <span class='ocr_line' id='line_1_78' title="bbox 1588 1722 3868 1828; baseline 0.001 -53"><span class='ocrx_word' id='word_1_444' title='bbox 1588 1722 2109 1826; x_wconf 44' lang='lat' dir='ltr'>ﬁgféﬁgws&#39;ci&#39;ﬁggt’</span> <span class='ocrx_word' id='word_1_445' title='bbox 2142 1763 2189 1828; x_wconf 80' lang='grc' dir='ltr'><strong>Β</strong></span> <span class='ocrx_word' id='word_1_446' title='bbox 2223 1725 2880 1828; x_wconf 39' lang='lat' dir='ltr'>petitio-tua,assen.sum</span> <span class='ocrx_word' id='word_1_447' title='bbox 2908 1723 3140 1828; x_wconf 69' lang='lat' dir='ltr'>tibiper</span> <span class='ocrx_word' id='word_1_448' title='bbox 3158 1724 3334 1792; x_wconf 85' lang='lat' dir='ltr'>hujus</span> <span class='ocrx_word' id='word_1_449' title='bbox 3357 1725 3537 1779; x_wconf 88' lang='lat' dir='ltr'>nostri</span> <span class='ocrx_word' id='word_1_450' title='bbox 3578 1722 3868 1828; x_wconf 72' lang='lat' dir='ltr'>privilegii</span> 
     </span>
    </p>
   </div>
   <div class='ocr_carea' id='block_1_77' title="bbox 2221 1811 3869 1885">
    <p class='ocr_par' dir='ltr' id='par_1_77' title="bbox 2221 1811 3869 1885">
     <span class='ocr_line' id='line_1_79' title="bbox 2221 1811 3869 1885; baseline -0.001 -17"><span class='ocrx_word' id='word_1_451' title='bbox 2221 1813 2603 1868; x_wconf 88' lang='lat' dir='ltr'>constitutum</span> <span class='ocrx_word' id='word_1_452' title='bbox 2627 1812 2954 1883; x_wconf 66' lang='lat' dir='ltr'>praebemus</span> <span class='ocrx_word' id='word_1_453' title='bbox 2985 1817 3043 1866; x_wconf 91' lang='lat' dir='ltr'>et</span> <span class='ocrx_word' id='word_1_454' title='bbox 3059 1813 3404 1868; x_wconf 88' lang='lat' dir='ltr'>roboramus</span> <span class='ocrx_word' id='word_1_455' title='bbox 3421 1811 3744 1885; x_wconf 85' lang='lat' dir='ltr'>apostolica</span> <span class='ocrx_word' id='word_1_456' title='bbox 3763 1828 3869 1867; x_wconf 88' lang='lat' dir='ltr'>au-</span> 
     </span>
    </p>
   </div>
   <div class='ocr_carea' id='block_1_78' title="bbox 2220 1899 3869 1974">
    <p class='ocr_par' dir='ltr' id='par_1_78' title="bbox 2220 1899 3869 1974">
     <span class='ocr_line' id='line_1_80' title="bbox 2220 1899 3869 1974; baseline 0.001 -20"><span class='ocrx_word' id='word_1_457' title='bbox 2220 1899 2481 1955; x_wconf 88' lang='lat' dir='ltr'>ctoritate</span> <span class='ocrx_word' id='word_1_458' title='bbox 2503 1900 2828 1955; x_wconf 89' lang='lat' dir='ltr'>secundum</span> <span class='ocrx_word' id='word_1_459' title='bbox 2847 1905 3134 1972; x_wconf 71' lang='lat' dir='ltr'>praecepta</span> <span class='ocrx_word' id='word_1_460' title='bbox 3155 1916 3358 1974; x_wconf 89' lang='lat' dir='ltr'>regum</span> <span class='ocrx_word' id='word_1_461' title='bbox 3375 1905 3430 1956; x_wconf 91' lang='lat' dir='ltr'>et</span> <span class='ocrx_word' id='word_1_462' title='bbox 3443 1901 3869 1973; x_wconf 87' lang='lat' dir='ltr'>imperatorum</span> 
     </span>
    </p>
   </div>
   <div class='ocr_carea' id='block_1_79' title="bbox 2220 1987 3869 2060">
    <p class='ocr_par' dir='ltr' id='par_1_79' title="bbox 2220 1987 3869 2060">
     <span class='ocr_line' id='line_1_81' title="bbox 2220 1987 3869 2060; baseline 0.001 -18"><span class='ocrx_word' id='word_1_463' title='bbox 2220 1989 2278 2043; x_wconf 91' lang='lat' dir='ltr'>in</span> <span class='ocrx_word' id='word_1_464' title='bbox 2295 1989 2601 2060; x_wconf 71' lang='lat' dir='ltr'>praesentia</span> <span class='ocrx_word' id='word_1_465' title='bbox 2615 1988 2798 2043; x_wconf 90' lang='lat' dir='ltr'>nostri</span> <span class='ocrx_word' id='word_1_466' title='bbox 2817 1987 3264 2043; x_wconf 73' lang='lat' dir='ltr'>relectaJtatum</span> <span class='ocrx_word' id='word_1_467' title='bbox 3283 1989 3481 2060; x_wconf 90' lang='lat' dir='ltr'>itaque</span> <span class='ocrx_word' id='word_1_468' title='bbox 3494 1989 3869 2045; x_wconf 87' lang='lat' dir='ltr'>decernimus</span> 
     </span>
    </p>
   </div>
   <div class='ocr_carea' id='block_1_80' title="bbox 2219 2076 3871 2149">
    <p class='ocr_par' dir='ltr' id='par_1_80' title="bbox 2219 2076 3871 2149">
     <span class='ocr_line' id='line_1_82' title="bbox 2219 2076 3871 2149; baseline -0.002 -16"><span class='ocrx_word' id='word_1_469' title='bbox 2219 2077 2505 2148; x_wconf 87' lang='lat' dir='ltr'>quidquid</span> <span class='ocrx_word' id='word_1_470' title='bbox 2545 2077 2704 2131; x_wconf 91' lang='lat' dir='ltr'>dedit</span> <span class='ocrx_word' id='word_1_471' title='bbox 2734 2076 2960 2148; x_wconf 89' lang='lat' dir='ltr'>primus</span> <span class='ocrx_word' id='word_1_472' title='bbox 2990 2082 3356 2132; x_wconf 89' lang='lat' dir='ltr'>constructor</span> <span class='ocrx_word' id='word_1_473' title='bbox 3383 2076 3666 2145; x_wconf 90' lang='lat' dir='ltr'>locorum,</span> <span class='ocrx_word' id='word_1_474' title='bbox 3710 2076 3871 2149; x_wconf 74' lang='lat' dir='ltr'>Sig-i-</span> 
     </span>
    </p>
   </div>
   <div class='ocr_carea' id='block_1_81' title="bbox 2222 2163 3872 2236">
    <p class='ocr_par' dir='ltr' id='par_1_81' title="bbox 2222 2163 3872 2236">
     <span class='ocr_line' id='line_1_83' title="bbox 2222 2163 3872 2236; baseline 0.001 -16"><span class='ocrx_word' id='word_1_475' title='bbox 2222 2170 2421 2222; x_wconf 88' lang='lat' dir='ltr'>bertus</span> <span class='ocrx_word' id='word_1_476' title='bbox 2448 2163 2716 2220; x_wconf 88' lang='lat' dir='ltr'>videlicet</span> <span class='ocrx_word' id='word_1_477' title='bbox 2741 2181 2839 2220; x_wconf 87' lang='lat' dir='ltr'>rex</span> <span class='ocrx_word' id='word_1_478' title='bbox 2869 2164 3244 2231; x_wconf 86' lang='lat' dir='ltr'>Francorum,</span> <span class='ocrx_word' id='word_1_479' title='bbox 3273 2164 3375 2236; x_wconf 91' lang='lat' dir='ltr'>qui</span> <span class='ocrx_word' id='word_1_480' title='bbox 3426 2165 3872 2222; x_wconf 87' lang='lat' dir='ltr'>Germiniacum</span> 
     </span>
    </p>
   </div>
   <div class='ocr_carea' id='block_1_82' title="bbox 2219 2252 3867 2325">
    <p class='ocr_par' dir='ltr' id='par_1_82' title="bbox 2219 2252 3867 2325">
     <span class='ocr_line' id='line_1_84' title="bbox 2219 2252 3867 2325; baseline 0.001 -17"><span class='ocrx_word' id='word_1_481' title='bbox 2219 2253 2280 2308; x_wconf 92' lang='lat' dir='ltr'>in</span> <span class='ocrx_word' id='word_1_482' title='bbox 2312 2269 2461 2325; x_wconf 88' lang='lat' dir='ltr'>pago</span> <span class='ocrx_word' id='word_1_483' title='bbox 2496 2253 2790 2318; x_wconf 82' lang='lat' dir='ltr'>Remensi,</span> <span class='ocrx_word' id='word_1_484' title='bbox 2823 2257 2879 2308; x_wconf 89' lang='lat' dir='ltr'>et</span> <span class='ocrx_word' id='word_1_485' title='bbox 2913 2252 3249 2308; x_wconf 88' lang='lat' dir='ltr'>molendina</span> <span class='ocrx_word' id='word_1_486' title='bbox 3277 2253 3392 2308; x_wconf 93' lang='lat' dir='ltr'>duo</span> <span class='ocrx_word' id='word_1_487' title='bbox 3419 2254 3528 2308; x_wconf 92' lang='lat' dir='ltr'>sub</span> <span class='ocrx_word' id='word_1_488' title='bbox 3559 2269 3670 2308; x_wconf 90' lang='lat' dir='ltr'>uno</span> <span class='ocrx_word' id='word_1_489' title='bbox 3701 2257 3867 2310; x_wconf 85' lang='lat' dir='ltr'>tecto</span> 
     </span>
    </p>
   </div>
   <div class='ocr_carea' id='block_1_83' title="bbox 2221 2340 3868 2414">
    <p class='ocr_par' dir='ltr' id='par_1_83' title="bbox 2221 2340 3868 2414">
     <span class='ocr_line' id='line_1_85' title="bbox 2221 2340 3868 2414; baseline 0 -17"><span class='ocrx_word' id='word_1_490' title='bbox 2221 2359 2399 2414; x_wconf 89' lang='lat' dir='ltr'>super</span> <span class='ocrx_word' id='word_1_491' title='bbox 2428 2340 2670 2412; x_wconf 89' lang='lat' dir='ltr'>Suppia,</span> <span class='ocrx_word' id='word_1_492' title='bbox 2702 2345 2758 2395; x_wconf 88' lang='lat' dir='ltr'>et</span> <span class='ocrx_word' id='word_1_493' title='bbox 2786 2341 3013 2396; x_wconf 83' lang='lat' dir='ltr'>vineam</span> <span class='ocrx_word' id='word_1_494' title='bbox 3047 2357 3181 2396; x_wconf 91' lang='lat' dir='ltr'>cum</span> <span class='ocrx_word' id='word_1_495' title='bbox 3208 2340 3452 2396; x_wconf 89' lang='lat' dir='ltr'>vinitore</span> <span class='ocrx_word' id='word_1_496' title='bbox 3474 2341 3533 2396; x_wconf 92' lang='lat' dir='ltr'>in</span> <span class='ocrx_word' id='word_1_497' title='bbox 3562 2340 3868 2409; x_wconf 87' lang='lat' dir='ltr'>Bethereo,</span> 
     </span>
    </p>
   </div>
   <div class='ocr_carea' id='block_1_84' title="bbox 2222 2430 3871 2501">
    <p class='ocr_par' dir='ltr' id='par_1_84' title="bbox 2222 2430 3871 2501">
     <span class='ocr_line' id='line_1_86' title="bbox 2222 2430 3871 2501; baseline 0 -16"><span class='ocrx_word' id='word_1_498' title='bbox 2222 2439 2278 2486; x_wconf 89' lang='lat' dir='ltr'>et</span> <span class='ocrx_word' id='word_1_499' title='bbox 2306 2430 2576 2485; x_wconf 88' lang='lat' dir='ltr'>thelonea</span> <span class='ocrx_word' id='word_1_500' title='bbox 2609 2446 2736 2500; x_wconf 69' lang='lat' dir='ltr'>quae</span> <span class='ocrx_word' id='word_1_501' title='bbox 2757 2430 2828 2484; x_wconf 89' lang='lat' dir='ltr'>ad</span> <span class='ocrx_word' id='word_1_502' title='bbox 2855 2436 3083 2500; x_wconf 89' lang='lat' dir='ltr'>portum</span> <span class='ocrx_word' id='word_1_503' title='bbox 3115 2431 3373 2485; x_wconf 83' lang='lat' dir='ltr'>Vetraria</span> <span class='ocrx_word' id='word_1_504' title='bbox 3395 2436 3534 2485; x_wconf 85' lang='lat' dir='ltr'>sunt</span> <span class='ocrx_word' id='word_1_505' title='bbox 3563 2446 3742 2501; x_wconf 89' lang='lat' dir='ltr'>super</span> <span class='ocrx_word' id='word_1_506' title='bbox 3760 2430 3871 2485; x_wconf 83' lang='lat' dir='ltr'>ﬂu-</span> 
     </span>
    </p>
   </div>
   <div class='ocr_carea' id='block_1_85' title="bbox 2219 2515 3872 2587">
    <p class='ocr_par' dir='ltr' id='par_1_85' title="bbox 2219 2515 3872 2587">
     <span class='ocr_line' id='line_1_87' title="bbox 2219 2515 3872 2587; baseline -0.001 -16"><span class='ocrx_word' id='word_1_507' title='bbox 2219 2518 2344 2573; x_wconf 90' lang='lat' dir='ltr'>vios</span> <span class='ocrx_word' id='word_1_508' title='bbox 2377 2519 2650 2573; x_wconf 86' lang='lat' dir='ltr'>Taunaco</span> <span class='ocrx_word' id='word_1_509' title='bbox 2662 2522 2719 2571; x_wconf 87' lang='lat' dir='ltr'>et</span> <span class='ocrx_word' id='word_1_510' title='bbox 2740 2517 2866 2580; x_wconf 87' lang='lat' dir='ltr'>ltta,</span> <span class='ocrx_word' id='word_1_511' title='bbox 2883 2521 2941 2571; x_wconf 88' lang='lat' dir='ltr'>et</span> <span class='ocrx_word' id='word_1_512' title='bbox 2966 2522 3238 2584; x_wconf 80' lang='lat' dir='ltr'>portuum</span> <span class='ocrx_word' id='word_1_513' title='bbox 3253 2516 3353 2587; x_wconf 90' lang='lat' dir='ltr'>qui</span> <span class='ocrx_word' id='word_1_514' title='bbox 3379 2517 3594 2571; x_wconf 89' lang='lat' dir='ltr'>dicitur</span> <span class='ocrx_word' id='word_1_515' title='bbox 3613 2515 3788 2571; x_wconf 87' lang='lat' dir='ltr'>Sellis</span> <span class='ocrx_word' id='word_1_516' title='bbox 3811 2520 3872 2571; x_wconf 84' lang='lat' dir='ltr'>et</span> 
     </span>
    </p>
   </div>
   <div class='ocr_carea' id='block_1_86' title="bbox 2220 2603 3870 2676">
    <p class='ocr_par' dir='ltr' id='par_1_86' title="bbox 2220 2603 3870 2676">
     <span class='ocr_line' id='line_1_88' title="bbox 2220 2603 3870 2676; baseline -0.002 -15"><span class='ocrx_word' id='word_1_517' title='bbox 2220 2606 2533 2676; x_wconf 87' lang='lat' dir='ltr'>Vogatium</span> <span class='ocrx_word' id='word_1_518' title='bbox 2557 2621 2734 2676; x_wconf 87' lang='lat' dir='ltr'>super</span> <span class='ocrx_word' id='word_1_519' title='bbox 2757 2604 2995 2660; x_wconf 86' lang='lat' dir='ltr'>ﬂuvium</span> <span class='ocrx_word' id='word_1_520' title='bbox 3019 2605 3432 2676; x_wconf 86' lang='lat' dir='ltr'>Ligerum,ipsi</span> <span class='ocrx_word' id='word_1_521' title='bbox 3446 2603 3638 2660; x_wconf 85' lang='lat' dir='ltr'>adhuc</span> <span class='ocrx_word' id='word_1_522' title='bbox 3654 2603 3870 2660; x_wconf 83' lang='lat' dir='ltr'>viventi</span> 
     </span>
    </p>
   </div>
   <div class='ocr_carea' id='block_1_87' title="bbox 2222 2691 3870 2764">
    <p class='ocr_par' dir='ltr' id='par_1_87' title="bbox 2222 2691 3870 2764">
     <span class='ocr_line' id='line_1_89' title="bbox 2222 2691 3870 2764; baseline -0.001 -14"><span class='ocrx_word' id='word_1_523' title='bbox 2222 2699 2424 2750; x_wconf 88' lang='lat' dir='ltr'>sancto</span> <span class='ocrx_word' id='word_1_524' title='bbox 2457 2691 2735 2764; x_wconf 83' lang='lat' dir='ltr'>Remaglo</span> <span class='ocrx_word' id='word_1_525' title='bbox 2767 2692 3029 2748; x_wconf 87' lang='lat' dir='ltr'>tradidit.</span> <span class='ocrx_word' id='word_1_526' title='bbox 3063 2693 3279 2748; x_wconf 90' lang='lat' dir='ltr'>Eadem</span> <span class='ocrx_word' id='word_1_527' title='bbox 3307 2709 3540 2764; x_wconf 91' lang='lat' dir='ltr'>quoque</span> <span class='ocrx_word' id='word_1_528' title='bbox 3588 2693 3870 2749; x_wconf 76' lang='lat' dir='ltr'>ﬁrmitate</span> 
     </span>
    </p>
   </div>
   <div class='ocr_carea' id='block_1_88' title="bbox 2220 2780 3873 2856">
    <p class='ocr_par' dir='ltr' id='par_1_88' title="bbox 2220 2780 3873 2856">
     <span class='ocr_line' id='line_1_90' title="bbox 2220 2780 3873 2856; baseline -0.001 -17"><span class='ocrx_word' id='word_1_529' title='bbox 2220 2784 2555 2856; x_wconf 89' lang='lat' dir='ltr'>vigoramus</span> <span class='ocrx_word' id='word_1_530' title='bbox 2587 2790 2718 2836; x_wconf 88' lang='lat' dir='ltr'>acta</span> <span class='ocrx_word' id='word_1_531' title='bbox 2747 2786 2804 2836; x_wconf 88' lang='lat' dir='ltr'>et</span> <span class='ocrx_word' id='word_1_532' title='bbox 2834 2781 3106 2837; x_wconf 84' lang='lat' dir='ltr'>instituta</span> <span class='ocrx_word' id='word_1_533' title='bbox 3125 2797 3329 2854; x_wconf 90' lang='lat' dir='ltr'>regum</span> <span class='ocrx_word' id='word_1_534' title='bbox 3355 2780 3644 2850; x_wconf 89' lang='lat' dir='ltr'>Clodovei,</span> <span class='ocrx_word' id='word_1_535' title='bbox 3685 2781 3873 2854; x_wconf 85' lang='lat' dir='ltr'>Dago—</span> 
     </span>
    </p>
   </div>
   <div class='ocr_carea' id='block_1_89' title="bbox 2221 2869 3869 2943">
    <p class='ocr_par' dir='ltr' id='par_1_89' title="bbox 2221 2869 3869 2943">
     <span class='ocr_line' id='line_1_91' title="bbox 2221 2869 3869 2943; baseline -0.003 -14"><span class='ocrx_word' id='word_1_536' title='bbox 2221 2873 2390 2938; x_wconf 91' lang='lat' dir='ltr'>berti,</span> <span class='ocrx_word' id='word_1_537' title='bbox 2423 2870 2752 2935; x_wconf 84' lang='lat' dir='ltr'>Childerici,</span> <span class='ocrx_word' id='word_1_538' title='bbox 2785 2869 3149 2936; x_wconf 88' lang='lat' dir='ltr'>Theoderici,</span> <span class='ocrx_word' id='word_1_539' title='bbox 3182 2871 3283 2942; x_wconf 90' lang='lat' dir='ltr'>qui</span> <span class='ocrx_word' id='word_1_540' title='bbox 3313 2871 3515 2926; x_wconf 90' lang='lat' dir='ltr'>eadem</span> <span class='ocrx_word' id='word_1_541' title='bbox 3555 2869 3869 2943; x_wconf 68' lang='lat' dir='ltr'>preceptis</span> 
     </span>
    </p>
   </div>
   <div class='ocr_carea' id='block_1_90' title="bbox 2223 2957 3864 3030">
    <p class='ocr_par' dir='ltr' id='par_1_90' title="bbox 2223 2957 3864 3030">
     <span class='ocr_line' id='line_1_92' title="bbox 2223 2957 3864 3030; baseline -0.003 -13"><span class='ocrx_word' id='word_1_542' title='bbox 2223 2961 2347 3017; x_wconf 90' lang='lat' dir='ltr'>suis</span> <span class='ocrx_word' id='word_1_543' title='bbox 2378 2960 2888 3025; x_wconf 78' lang='lat' dir='ltr'>confirmaverunt,</span> <span class='ocrx_word' id='word_1_544' title='bbox 2913 2957 3142 3029; x_wconf 89' lang='lat' dir='ltr'>aliaque</span> <span class='ocrx_word' id='word_1_545' title='bbox 3172 2957 3447 3030; x_wconf 86' lang='lat' dir='ltr'>perplura</span> <span class='ocrx_word' id='word_1_546' title='bbox 3488 2958 3864 3026; x_wconf 87' lang='lat' dir='ltr'>addiderunt,</span> 
     </span>
    </p>
   </div>
   <div class='ocr_carea' id='block_1_91' title="bbox 2226 3045 3870 3119">
    <p class='ocr_par' dir='ltr' id='par_1_91' title="bbox 2226 3045 3870 3119">
     <span class='ocr_line' id='line_1_93' title="bbox 2226 3045 3870 3119; baseline -0.002 -13"><span class='ocrx_word' id='word_1_547' title='bbox 2226 3067 2331 3106; x_wconf 88' lang='lat' dir='ltr'>nec</span> <span class='ocrx_word' id='word_1_548' title='bbox 2364 3065 2477 3103; x_wconf 88' lang='lat' dir='ltr'>non</span> <span class='ocrx_word' id='word_1_549' title='bbox 2509 3047 2926 3119; x_wconf 88' lang='lat' dir='ltr'>imperatorum</span> <span class='ocrx_word' id='word_1_550' title='bbox 2958 3045 3166 3114; x_wconf 88' lang='lat' dir='ltr'>Caroli,</span> <span class='ocrx_word' id='word_1_551' title='bbox 3196 3047 3493 3115; x_wconf 90' lang='lat' dir='ltr'>Ludovici,</span> <span class='ocrx_word' id='word_1_552' title='bbox 3525 3045 3870 3116; x_wconf 87' lang='lat' dir='ltr'>Lotharii,et</span> 
     </span>
    </p>
   </div>
   <div class='ocr_carea' id='block_1_92' title="bbox 2219 3135 3867 3207">
    <p class='ocr_par' dir='ltr' id='par_1_92' title="bbox 2219 3135 3867 3207">
     <span class='ocr_line' id='line_1_94' title="bbox 2219 3135 3867 3207; baseline -0.002 -14"><span class='ocrx_word' id='word_1_553' title='bbox 2219 3139 2402 3194; x_wconf 89' lang='lat' dir='ltr'>trium</span> <span class='ocrx_word' id='word_1_554' title='bbox 2432 3137 2733 3204; x_wconf 90' lang='lat' dir='ltr'>Ottonum,</span> <span class='ocrx_word' id='word_1_555' title='bbox 2767 3135 2997 3191; x_wconf 86' lang='lat' dir='ltr'>Henrici</span> <span class='ocrx_word' id='word_1_556' title='bbox 3027 3135 3201 3191; x_wconf 88' lang='lat' dir='ltr'>etiam</span> <span class='ocrx_word' id='word_1_557' title='bbox 3231 3135 3409 3207; x_wconf 90' lang='lat' dir='ltr'>primi</span> <span class='ocrx_word' id='word_1_558' title='bbox 3442 3139 3498 3191; x_wconf 89' lang='lat' dir='ltr'>et</span> <span class='ocrx_word' id='word_1_559' title='bbox 3529 3135 3776 3191; x_wconf 89' lang='lat' dir='ltr'>secundi</span> <span class='ocrx_word' id='word_1_560' title='bbox 3805 3138 3867 3190; x_wconf 87' lang='lat' dir='ltr'>et</span> 
     </span>
    </p>
   </div>
   <div class='ocr_carea' id='block_1_93' title="bbox 2216 3223 3867 3297">
    <p class='ocr_par' dir='ltr' id='par_1_93' title="bbox 2216 3223 3867 3297">
     <span class='ocr_line' id='line_1_95' title="bbox 2216 3223 3867 3297; baseline -0.001 -16"><span class='ocrx_word' id='word_1_561' title='bbox 2216 3226 2373 3282; x_wconf 87' lang='lat' dir='ltr'>tertii</span> <span class='ocrx_word' id='word_1_562' title='bbox 2403 3229 2811 3297; x_wconf 85' lang='lat' dir='ltr'>augustorum,</span> <span class='ocrx_word' id='word_1_563' title='bbox 2846 3223 2946 3295; x_wconf 90' lang='lat' dir='ltr'>qui</span> <span class='ocrx_word' id='word_1_564' title='bbox 2968 3228 3398 3281; x_wconf 87' lang='lat' dir='ltr'>constructores</span> <span class='ocrx_word' id='word_1_565' title='bbox 3430 3229 3487 3279; x_wconf 89' lang='lat' dir='ltr'>et</span> <span class='ocrx_word' id='word_1_566' title='bbox 3524 3224 3867 3279; x_wconf 87' lang='lat' dir='ltr'>defensores</span> 
     </span>
    </p>
   </div>
   <div class='ocr_carea' id='block_1_94' title="bbox 2219 3312 3868 3389">
    <p class='ocr_par' dir='ltr' id='par_1_94' title="bbox 2219 3312 3868 3389">
     <span class='ocr_line' id='line_1_96' title="bbox 2219 3312 3868 3389; baseline -0.002 -18"><span class='ocrx_word' id='word_1_567' title='bbox 2219 3317 2376 3372; x_wconf 83' lang='lat' dir='ltr'>fuere</span> <span class='ocrx_word' id='word_1_568' title='bbox 2406 3313 2666 3370; x_wconf 89' lang='lat' dir='ltr'>locorum</span> <span class='ocrx_word' id='word_1_569' title='bbox 2696 3313 2981 3385; x_wconf 90' lang='lat' dir='ltr'>ipsorum,</span> <span class='ocrx_word' id='word_1_570' title='bbox 3022 3316 3079 3368; x_wconf 88' lang='lat' dir='ltr'>et</span> <span class='ocrx_word' id='word_1_571' title='bbox 3111 3313 3400 3389; x_wconf 84' lang='lat' dir='ltr'>quidquid</span> <span class='ocrx_word' id='word_1_572' title='bbox 3418 3313 3490 3368; x_wconf 87' lang='lat' dir='ltr'>de</span> <span class='ocrx_word' id='word_1_573' title='bbox 3511 3312 3785 3368; x_wconf 88' lang='lat' dir='ltr'>terminis</span> <span class='ocrx_word' id='word_1_574' title='bbox 3809 3315 3868 3367; x_wconf 89' lang='lat' dir='ltr'>et</span> 
     </span>
    </p>
   </div>
   <div class='ocr_carea' id='block_1_95' title="bbox 2219 3400 3864 3474">
    <p class='ocr_par' dir='ltr' id='par_1_95' title="bbox 2219 3400 3864 3474">
     <span class='ocr_line' id='line_1_97' title="bbox 2219 3400 3864 3474; baseline -0.003 -14"><span class='ocrx_word' id='word_1_575' title='bbox 2219 3402 2586 3459; x_wconf 85' lang='lat' dir='ltr'>immunitate</span> <span class='ocrx_word' id='word_1_576' title='bbox 2610 3403 2857 3474; x_wconf 68' lang='lat' dir='ltr'>Lenguaa</span> <span class='ocrx_word' id='word_1_577' title='bbox 2879 3400 2937 3456; x_wconf 89' lang='lat' dir='ltr'>in</span> <span class='ocrx_word' id='word_1_578' title='bbox 2960 3417 3162 3457; x_wconf 91' lang='lat' dir='ltr'>eorum</span> <span class='ocrx_word' id='word_1_579' title='bbox 3185 3403 3487 3474; x_wconf 73' lang='lat' dir='ltr'>praeceptis</span> <span class='ocrx_word' id='word_1_580' title='bbox 3503 3400 3864 3468; x_wconf 81' lang='lat' dir='ltr'>continetur,</span> 
     </span>
    </p>
   </div>
   <div class='ocr_carea' id='block_1_96' title="bbox 2220 3489 3872 3560">
    <p class='ocr_par' dir='ltr' id='par_1_96' title="bbox 2220 3489 3872 3560">
     <span class='ocr_line' id='line_1_98' title="bbox 2220 3489 3872 3560; baseline -0.003 -12"><span class='ocrx_word' id='word_1_581' title='bbox 2220 3491 2429 3548; x_wconf 88' lang='lat' dir='ltr'>stabile</span> <span class='ocrx_word' id='word_1_582' title='bbox 2457 3490 2613 3560; x_wconf 88' lang='lat' dir='ltr'>essej</span> <span class='ocrx_word' id='word_1_583' title='bbox 2627 3489 2950 3545; x_wconf 69' lang='lat' dir='ltr'>udisamus.</span> <span class='ocrx_word' id='word_1_584' title='bbox 2983 3489 3338 3544; x_wconf 88' lang='lat' dir='ltr'>Concambia</span> <span class='ocrx_word' id='word_1_585' title='bbox 3367 3489 3535 3546; x_wconf 83' lang='lat' dir='ltr'>etiam</span> <span class='ocrx_word' id='word_1_586' title='bbox 3560 3505 3689 3560; x_wconf 64' lang='lat' dir='ltr'>quae</span> <span class='ocrx_word' id='word_1_587' title='bbox 3713 3489 3872 3544; x_wconf 80' lang='lat' dir='ltr'>facta</span> 
     </span>
    </p>
   </div>
   <div class='ocr_carea' id='block_1_97' title="bbox 2221 3577 3870 3650">
    <p class='ocr_par' dir='ltr' id='par_1_97' title="bbox 2221 3577 3870 3650">
     <span class='ocr_line' id='line_1_99' title="bbox 2221 3577 3870 3650; baseline -0.003 -13"><span class='ocrx_word' id='word_1_588' title='bbox 2221 3585 2358 3637; x_wconf 90' lang='lat' dir='ltr'>sunt</span> <span class='ocrx_word' id='word_1_589' title='bbox 2377 3580 2447 3634; x_wconf 90' lang='lat' dir='ltr'>de</span> <span class='ocrx_word' id='word_1_590' title='bbox 2472 3577 2864 3650; x_wconf 82' lang='lat' dir='ltr'>Lukesengeis</span> <span class='ocrx_word' id='word_1_591' title='bbox 2877 3581 2934 3633; x_wconf 87' lang='lat' dir='ltr'>et</span> <span class='ocrx_word' id='word_1_592' title='bbox 2952 3577 3384 3634; x_wconf 85' lang='lat' dir='ltr'>Astelebrunna</span> <span class='ocrx_word' id='word_1_593' title='bbox 3403 3578 3521 3634; x_wconf 89' lang='lat' dir='ltr'>sive</span> <span class='ocrx_word' id='word_1_594' title='bbox 3541 3577 3720 3633; x_wconf 85' lang='lat' dir='ltr'>etiam</span> <span class='ocrx_word' id='word_1_595' title='bbox 3737 3592 3870 3649; x_wconf 64' lang='lat' dir='ltr'>qua</span> 
     </span>
    </p>
   </div>
   <div class='ocr_carea' id='block_1_98' title="bbox 2221 3665 3874 3738">
    <p class='ocr_par' dir='ltr' id='par_1_98' title="bbox 2221 3665 3874 3738">
     <span class='ocr_line' id='line_1_100' title="bbox 2221 3665 3874 3738; baseline -0.002 -14"><span class='ocrx_word' id='word_1_596' title='bbox 2221 3687 2254 3723; x_wconf 90' lang='lat' dir='ltr'>a</span> <span class='ocrx_word' id='word_1_597' title='bbox 2283 3666 2630 3723; x_wconf 68' lang='lat' dir='ltr'>Lhristianis</span> <span class='ocrx_word' id='word_1_598' title='bbox 2657 3665 2998 3722; x_wconf 89' lang='lat' dir='ltr'>hominibus</span> <span class='ocrx_word' id='word_1_599' title='bbox 3028 3683 3130 3738; x_wconf 91' lang='lat' dir='ltr'>pro</span> <span class='ocrx_word' id='word_1_600' title='bbox 3146 3665 3334 3722; x_wconf 89' lang='lat' dir='ltr'>salute</span> <span class='ocrx_word' id='word_1_601' title='bbox 3358 3667 3683 3723; x_wconf 87' lang='lat' dir='ltr'>animarum</span> <span class='ocrx_word' id='word_1_602' title='bbox 3727 3681 3874 3720; x_wconf 86' lang='lat' dir='ltr'>sua-</span> 
     </span>
    </p>
   </div>
   <div class='ocr_carea' id='block_1_99' title="bbox 2225 3754 3880 3826">
    <p class='ocr_par' dir='ltr' id='par_1_99' title="bbox 2225 3754 3880 3826">
     <span class='ocr_line' id='line_1_101' title="bbox 2225 3754 3880 3826; baseline -0.002 -14"><span class='ocrx_word' id='word_1_603' title='bbox 2225 3774 2353 3812; x_wconf 87' lang='lat' dir='ltr'>rum</span> <span class='ocrx_word' id='word_1_604' title='bbox 2375 3755 2446 3810; x_wconf 85' lang='lat' dir='ltr'>ad</span> <span class='ocrx_word' id='word_1_605' title='bbox 2471 3756 2600 3826; x_wconf 88' lang='lat' dir='ltr'>ipsa</span> <span class='ocrx_word' id='word_1_606' title='bbox 2617 3754 2973 3810; x_wconf 90' lang='lat' dir='ltr'>monasteria</span> <span class='ocrx_word' id='word_1_607' title='bbox 2995 3754 3206 3810; x_wconf 87' lang='lat' dir='ltr'>collata</span> <span class='ocrx_word' id='word_1_608' title='bbox 3225 3759 3432 3811; x_wconf 86' lang='lat' dir='ltr'>suntet</span> <span class='ocrx_word' id='word_1_609' title='bbox 3452 3754 3814 3811; x_wconf 85' lang='lat' dir='ltr'>condonata:</span> <span class='ocrx_word' id='word_1_610' title='bbox 3844 3769 3880 3808; x_wconf 84' lang='lat' dir='ltr'>a</span> 
     </span>
    </p>
   </div>
   <div class='ocr_carea' id='block_1_100' title="bbox 2225 3841 3878 3910">
    <p class='ocr_par' dir='ltr' id='par_1_100' title="bbox 2225 3841 3878 3910">
     <span class='ocr_line' id='line_1_102' title="bbox 2225 3841 3878 3910; baseline -0.002 -10"><span class='ocrx_word' id='word_1_611' title='bbox 2225 3843 2553 3900; x_wconf 88' lang='lat' dir='ltr'>Fretherico</span> <span class='ocrx_word' id='word_1_612' title='bbox 2579 3841 2792 3898; x_wconf 88' lang='lat' dir='ltr'>comite</span> <span class='ocrx_word' id='word_1_613' title='bbox 2851 3843 3094 3898; x_wconf 84' lang='lat' dir='ltr'>Ferieres</span> <span class='ocrx_word' id='word_1_614' title='bbox 3142 3849 3198 3899; x_wconf 90' lang='lat' dir='ltr'>et</span> <span class='ocrx_word' id='word_1_615' title='bbox 3229 3844 3442 3910; x_wconf 80' lang='lat' dir='ltr'>Canses,</span> <span class='ocrx_word' id='word_1_616' title='bbox 3477 3861 3510 3900; x_wconf 89' lang='lat' dir='ltr'>a</span> <span class='ocrx_word' id='word_1_617' title='bbox 3540 3841 3878 3898; x_wconf 89' lang='lat' dir='ltr'>Fretherico</span> 
     </span>
    </p>
   </div>
   <div class='ocr_carea' id='block_1_101' title="bbox 2225 3930 3877 4004">
    <p class='ocr_par' dir='ltr' id='par_1_101' title="bbox 2225 3930 3877 4004">
     <span class='ocr_line' id='line_1_103' title="bbox 2225 3930 3877 4004; baseline -0.003 -14"><span class='ocrx_word' id='word_1_618' title='bbox 2225 3936 2371 3990; x_wconf 90' lang='lat' dir='ltr'>duce</span> <span class='ocrx_word' id='word_1_619' title='bbox 2389 3933 2700 4004; x_wconf 82' lang='lat' dir='ltr'>Sprismont</span> <span class='ocrx_word' id='word_1_620' title='bbox 2721 3930 3004 3986; x_wconf 89' lang='lat' dir='ltr'>allodium</span> <span class='ocrx_word' id='word_1_621' title='bbox 3016 3947 3153 3987; x_wconf 91' lang='lat' dir='ltr'>cum</span> <span class='ocrx_word' id='word_1_622' title='bbox 3167 3932 3877 4004; x_wconf 67' lang='lat' dir='ltr'>ecclesia,etquecunque</span> 
     </span>
    </p>
   </div>
   <div class='ocr_carea' id='block_1_102' title="bbox 2228 4018 3877 4092">
    <p class='ocr_par' dir='ltr' id='par_1_102' title="bbox 2228 4018 3877 4092">
     <span class='ocr_line' id='line_1_104' title="bbox 2228 4018 3877 4092; baseline -0.002 -14"><span class='ocrx_word' id='word_1_623' title='bbox 2228 4024 2299 4079; x_wconf 90' lang='lat' dir='ltr'>ab</span> <span class='ocrx_word' id='word_1_624' title='bbox 2333 4022 2498 4077; x_wconf 90' lang='lat' dir='ltr'>initio</span> <span class='ocrx_word' id='word_1_625' title='bbox 2533 4019 2985 4076; x_wconf 91' lang='lat' dir='ltr'>constructionis</span> <span class='ocrx_word' id='word_1_626' title='bbox 3013 4018 3273 4076; x_wconf 89' lang='lat' dir='ltr'>locorum</span> <span class='ocrx_word' id='word_1_627' title='bbox 3306 4037 3493 4092; x_wconf 90' lang='lat' dir='ltr'>usque</span> <span class='ocrx_word' id='word_1_628' title='bbox 3518 4021 3578 4076; x_wconf 89' lang='lat' dir='ltr'>in</span> <span class='ocrx_word' id='word_1_629' title='bbox 3609 4034 3877 4092; x_wconf 64' lang='lat' dir='ltr'>praesens</span> 
     </span>
    </p>
   </div>
   <div class='ocr_carea' id='block_1_103' title="bbox 2225 4108 3880 4182">
    <p class='ocr_par' dir='ltr' id='par_1_103' title="bbox 2225 4108 3880 4182">
     <span class='ocr_line' id='line_1_105' title="bbox 2225 4108 3880 4182; baseline -0.002 -15"><span class='ocrx_word' id='word_1_630' title='bbox 2225 4128 2424 4167; x_wconf 91' lang='lat' dir='ltr'>eorum</span> <span class='ocrx_word' id='word_1_631' title='bbox 2455 4113 2652 4166; x_wconf 89' lang='lat' dir='ltr'>manet</span> <span class='ocrx_word' id='word_1_632' title='bbox 2683 4109 2976 4181; x_wconf 89' lang='lat' dir='ltr'>possessio</span> <span class='ocrx_word' id='word_1_633' title='bbox 3009 4113 3065 4164; x_wconf 89' lang='lat' dir='ltr'>et</span> <span class='ocrx_word' id='word_1_634' title='bbox 3094 4109 3481 4182; x_wconf 88' lang='lat' dir='ltr'>imposterum</span> <span class='ocrx_word' id='word_1_635' title='bbox 3499 4108 3880 4166; x_wconf 85' lang='lat' dir='ltr'>concedenda</span> 
     </span>
    </p>
   </div>
   <div class='ocr_carea' id='block_1_104' title="bbox 2225 4195 3880 4270">
    <p class='ocr_par' dir='ltr' id='par_1_104' title="bbox 2225 4195 3880 4270">
     <span class='ocr_line' id='line_1_106' title="bbox 2225 4195 3880 4270; baseline -0.004 -14"><span class='ocrx_word' id='word_1_636' title='bbox 2225 4203 2456 4266; x_wconf 91' lang='lat' dir='ltr'>sunt,ut</span> <span class='ocrx_word' id='word_1_637' title='bbox 2469 4200 2638 4254; x_wconf 84' lang='lat' dir='ltr'>firma</span> <span class='ocrx_word' id='word_1_638' title='bbox 2649 4196 2965 4253; x_wconf 88' lang='lat' dir='ltr'>stabilitate</span> <span class='ocrx_word' id='word_1_639' title='bbox 2975 4202 3370 4270; x_wconf 89' lang='lat' dir='ltr'>perpetuoque</span> <span class='ocrx_word' id='word_1_640' title='bbox 3375 4199 3401 4269; x_wconf 85' lang='lat' dir='ltr'>j</span> <span class='ocrx_word' id='word_1_641' title='bbox 3411 4213 3512 4253; x_wconf 90' lang='lat' dir='ltr'>ure</span> <span class='ocrx_word' id='word_1_642' title='bbox 3527 4195 3880 4252; x_wconf 80' lang='lat' dir='ltr'>inconvulsa</span> 
     </span>
    </p>
   </div>
   <div class='ocr_carea' id='block_1_105' title="bbox 2229 4283 3881 4361">
    <p class='ocr_par' dir='ltr' id='par_1_105' title="bbox 2229 4283 3881 4361">
     <span class='ocr_line' id='line_1_107' title="bbox 2229 4283 3881 4361; baseline -0.002 -17"><span class='ocrx_word' id='word_1_643' title='bbox 2229 4292 2627 4361; x_wconf 88' lang='lat' dir='ltr'>permaneant,</span> <span class='ocrx_word' id='word_1_644' title='bbox 2661 4285 3030 4342; x_wconf 90' lang='lat' dir='ltr'>decernimus</span> <span class='ocrx_word' id='word_1_645' title='bbox 3067 4289 3126 4341; x_wconf 87' lang='lat' dir='ltr'>et</span> <span class='ocrx_word' id='word_1_646' title='bbox 3155 4287 3598 4342; x_wconf 82' lang='lat' dir='ltr'>confirmamus.</span> <span class='ocrx_word' id='word_1_647' title='bbox 3631 4283 3881 4340; x_wconf 84' lang='lat' dir='ltr'>Nullum</span> 
     </span>
    </p>
   </div>
   <div class='ocr_carea' id='block_1_106' title="bbox 2225 4373 3879 4444">
    <p class='ocr_par' dir='ltr' id='par_1_106' title="bbox 2225 4373 3879 4444">
     <span class='ocr_line' id='line_1_108' title="bbox 2225 4373 3879 4444; baseline -0.004 -11"><span class='ocrx_word' id='word_1_648' title='bbox 2225 4377 2482 4433; x_wconf 85' lang='lat' dir='ltr'>habeant</span> <span class='ocrx_word' id='word_1_649' title='bbox 2513 4375 2855 4430; x_wconf 87' lang='lat' dir='ltr'>advocatum</span> <span class='ocrx_word' id='word_1_650' title='bbox 2884 4374 3000 4429; x_wconf 91' lang='lat' dir='ltr'>nisi</span> <span class='ocrx_word' id='word_1_651' title='bbox 3033 4391 3216 4430; x_wconf 89' lang='lat' dir='ltr'>unum</span> <span class='ocrx_word' id='word_1_652' title='bbox 3248 4379 3307 4430; x_wconf 88' lang='lat' dir='ltr'>et</span> <span class='ocrx_word' id='word_1_653' title='bbox 3335 4374 3583 4431; x_wconf 89' lang='lat' dir='ltr'>alterum</span> <span class='ocrx_word' id='word_1_654' title='bbox 3616 4374 3688 4429; x_wconf 88' lang='lat' dir='ltr'>ab</span> <span class='ocrx_word' id='word_1_655' title='bbox 3720 4373 3879 4444; x_wconf 89' lang='lat' dir='ltr'>ipso,</span> 
     </span>
    </p>
   </div>
   <div class='ocr_carea' id='block_1_107' title="bbox 2151 4460 3886 4554">
    <p class='ocr_par' dir='ltr' id='par_1_107' title="bbox 2151 4460 3886 4554">
     <span class='ocr_line' id='line_1_109' title="bbox 2151 4460 3886 4554; baseline -0.003 -33"><span class='ocrx_word' id='word_1_656' title='bbox 2151 4491 2197 4554; x_wconf 69' lang='grc' dir='ltr'>Β</span> <span class='ocrx_word' id='word_1_657' title='bbox 2229 4467 2328 4538; x_wconf 90' lang='lat' dir='ltr'>qui</span> <span class='ocrx_word' id='word_1_658' title='bbox 2361 4470 2608 4535; x_wconf 91' lang='lat' dir='ltr'>uterque</span> <span class='ocrx_word' id='word_1_659' title='bbox 2639 4463 2903 4519; x_wconf 88' lang='lat' dir='ltr'>bannum</span> <span class='ocrx_word' id='word_1_660' title='bbox 2925 4463 3240 4519; x_wconf 69' lang='lat' dir='ltr'>advocatiae</span> <span class='ocrx_word' id='word_1_661' title='bbox 3260 4463 3331 4518; x_wconf 89' lang='lat' dir='ltr'>ab</span> <span class='ocrx_word' id='word_1_662' title='bbox 3354 4464 3708 4534; x_wconf 86' lang='lat' dir='ltr'>imperatore</span> <span class='ocrx_word' id='word_1_663' title='bbox 3731 4460 3886 4518; x_wconf 80' lang='lat' dir='ltr'>acci-</span> 
     </span>
    </p>
   </div>
   <div class='ocr_carea' id='block_1_108' title="bbox 2231 4549 3887 4627">
    <p class='ocr_par' dir='ltr' id='par_1_108' title="bbox 2231 4549 3887 4627">
     <span class='ocr_line' id='line_1_110' title="bbox 2231 4549 3887 4627; baseline -0.003 -18"><span class='ocrx_word' id='word_1_664' title='bbox 2231 4554 2374 4627; x_wconf 90' lang='lat' dir='ltr'>piat,</span> <span class='ocrx_word' id='word_1_665' title='bbox 2408 4569 2511 4608; x_wconf 89' lang='lat' dir='ltr'>nec</span> <span class='ocrx_word' id='word_1_666' title='bbox 2542 4551 2866 4608; x_wconf 90' lang='lat' dir='ltr'>secundum</span> <span class='ocrx_word' id='word_1_667' title='bbox 2899 4550 3301 4623; x_wconf 66' lang='lat' dir='ltr'>praedictorum</span> <span class='ocrx_word' id='word_1_668' title='bbox 3323 4555 3608 4623; x_wconf 72' lang='lat' dir='ltr'>praecepta</span> <span class='ocrx_word' id='word_1_669' title='bbox 3628 4549 3887 4621; x_wconf 80' lang='lat' dir='ltr'>impera-</span> 
     </span>
    </p>
   </div>
   <div class='ocr_carea' id='block_1_109' title="bbox 2231 4635 3888 4714">
    <p class='ocr_par' dir='ltr' id='par_1_109' title="bbox 2231 4635 3888 4714">
     <span class='ocr_line' id='line_1_111' title="bbox 2231 4635 3888 4714; baseline -0.005 -15"><span class='ocrx_word' id='word_1_670' title='bbox 2231 4648 2425 4699; x_wconf 90' lang='lat' dir='ltr'>torum</span> <span class='ocrx_word' id='word_1_671' title='bbox 2457 4641 2771 4714; x_wconf 89' lang='lat' dir='ltr'>quisquam</span> <span class='ocrx_word' id='word_1_672' title='bbox 2795 4655 2995 4695; x_wconf 89' lang='lat' dir='ltr'>eorum</span> <span class='ocrx_word' id='word_1_673' title='bbox 3022 4645 3360 4711; x_wconf 70' lang='lat' dir='ltr'>praesumat,</span> <span class='ocrx_word' id='word_1_674' title='bbox 3383 4646 3484 4696; x_wconf 87' lang='lat' dir='ltr'>aut</span> <span class='ocrx_word' id='word_1_675' title='bbox 3504 4639 3563 4695; x_wconf 89' lang='lat' dir='ltr'>in</span> <span class='ocrx_word' id='word_1_676' title='bbox 3584 4637 3742 4694; x_wconf 88' lang='lat' dir='ltr'>villis</span> <span class='ocrx_word' id='word_1_677' title='bbox 3794 4635 3888 4693; x_wconf 86' lang='lat' dir='ltr'>vel</span> 
     </span>
    </p>
   </div>
   <div class='ocr_carea' id='block_1_110' title="bbox 2231 4726 3890 4805">
    <p class='ocr_par' dir='ltr' id='par_1_110' title="bbox 2231 4726 3890 4805">
     <span class='ocr_line' id='line_1_112' title="bbox 2231 4726 3890 4805; baseline -0.004 -17"><span class='ocrx_word' id='word_1_678' title='bbox 2231 4730 2704 4805; x_wconf 89' lang='lat' dir='ltr'>possessionibus</span> <span class='ocrx_word' id='word_1_679' title='bbox 2733 4745 2860 4800; x_wconf 79' lang='lat' dir='ltr'>quae</span> <span class='ocrx_word' id='word_1_680' title='bbox 2891 4728 2963 4783; x_wconf 90' lang='lat' dir='ltr'>ad</span> <span class='ocrx_word' id='word_1_681' title='bbox 2995 4728 3123 4798; x_wconf 88' lang='lat' dir='ltr'>ipsa</span> <span class='ocrx_word' id='word_1_682' title='bbox 3174 4729 3528 4785; x_wconf 85' lang='lat' dir='ltr'>monasteria</span> <span class='ocrx_word' id='word_1_683' title='bbox 3588 4726 3890 4798; x_wconf 86' lang='lat' dir='ltr'>respicere</span> 
     </span>
    </p>
   </div>
   <div class='ocr_carea' id='block_1_111' title="bbox 2231 4815 3892 4890">
    <p class='ocr_par' dir='ltr' id='par_1_111' title="bbox 2231 4815 3892 4890">
     <span class='ocr_line' id='line_1_113' title="bbox 2231 4815 3892 4890; baseline -0.005 -13"><span class='ocrx_word' id='word_1_684' title='bbox 2231 4820 2500 4877; x_wconf 90' lang='lat' dir='ltr'>videntur</span> <span class='ocrx_word' id='word_1_685' title='bbox 2530 4818 2746 4890; x_wconf 87' lang='lat' dir='ltr'>placita</span> <span class='ocrx_word' id='word_1_686' title='bbox 2773 4822 3306 4886; x_wconf 74' lang='lat' dir='ltr'>tenere,mansuras</span> <span class='ocrx_word' id='word_1_687' title='bbox 3327 4821 3428 4874; x_wconf 88' lang='lat' dir='ltr'>aut</span> <span class='ocrx_word' id='word_1_688' title='bbox 3448 4816 3768 4889; x_wconf 64' lang='lat' dir='ltr'>precariae</span> <span class='ocrx_word' id='word_1_689' title='bbox 3786 4815 3892 4869; x_wconf 86' lang='lat' dir='ltr'>ha-</span> 
     </span>
    </p>
   </div>
   <div class='ocr_carea' id='block_1_112' title="bbox 2232 4903 3894 4979">
    <p class='ocr_par' dir='ltr' id='par_1_112' title="bbox 2232 4903 3894 4979">
     <span class='ocr_line' id='line_1_114' title="bbox 2232 4903 3894 4979; baseline -0.004 -13"><span class='ocrx_word' id='word_1_690' title='bbox 2232 4911 2389 4978; x_wconf 87' lang='lat' dir='ltr'>bere,</span> <span class='ocrx_word' id='word_1_691' title='bbox 2423 4907 2846 4964; x_wconf 90' lang='lat' dir='ltr'>redhibitiones</span> <span class='ocrx_word' id='word_1_692' title='bbox 2877 4904 2964 4960; x_wconf 90' lang='lat' dir='ltr'>vel</span> <span class='ocrx_word' id='word_1_693' title='bbox 3019 4905 3181 4961; x_wconf 87' lang='lat' dir='ltr'>freda</span> <span class='ocrx_word' id='word_1_694' title='bbox 3237 4907 3486 4979; x_wconf 84' lang='lat' dir='ltr'>exigere,</span> <span class='ocrx_word' id='word_1_695' title='bbox 3545 4903 3894 4978; x_wconf 85' lang='lat' dir='ltr'>parel&#39;redos</span> 
     </span>
    </p>
   </div>
   <div class='ocr_carea' id='block_1_113' title="bbox 2233 4993 3892 5066">
    <p class='ocr_par' dir='ltr' id='par_1_113' title="bbox 2233 4993 3892 5066">
     <span class='ocr_line' id='line_1_115' title="bbox 2233 4993 3892 5066; baseline -0.005 -12"><span class='ocrx_word' id='word_1_696' title='bbox 2233 5013 2486 5065; x_wconf 90' lang='lat' dir='ltr'>sumere,</span> <span class='ocrx_word' id='word_1_697' title='bbox 2517 4997 2605 5051; x_wconf 89' lang='lat' dir='ltr'>vel</span> <span class='ocrx_word' id='word_1_698' title='bbox 2638 4995 2913 5066; x_wconf 89' lang='lat' dir='ltr'>cuiquam</span> <span class='ocrx_word' id='word_1_699' title='bbox 2948 4993 3284 5049; x_wconf 89' lang='lat' dir='ltr'>violentiam</span> <span class='ocrx_word' id='word_1_700' title='bbox 3315 4995 3528 5050; x_wconf 89' lang='lat' dir='ltr'>inferre</span> <span class='ocrx_word' id='word_1_701' title='bbox 3557 4993 3685 5048; x_wconf 89' lang='lat' dir='ltr'>sine</span> <span class='ocrx_word' id='word_1_702' title='bbox 3745 5006 3892 5063; x_wconf 84' lang='lat' dir='ltr'>per-</span> 
     </span>
    </p>
   </div>
   <div class='ocr_carea' id='block_1_114' title="bbox 2236 5082 3894 5154">
    <p class='ocr_par' dir='ltr' id='par_1_114' title="bbox 2236 5082 3894 5154">
     <span class='ocr_line' id='line_1_116' title="bbox 2236 5082 3894 5154; baseline -0.005 -11"><span class='ocrx_word' id='word_1_703' title='bbox 2236 5087 2423 5144; x_wconf 89' lang='lat' dir='ltr'>missu</span> <span class='ocrx_word' id='word_1_704' title='bbox 2457 5085 2689 5142; x_wconf 87' lang='lat' dir='ltr'>abbatis</span> <span class='ocrx_word' id='word_1_705' title='bbox 2709 5089 2766 5140; x_wconf 89' lang='lat' dir='ltr'>et</span> <span class='ocrx_word' id='word_1_706' title='bbox 2779 5083 3096 5151; x_wconf 90' lang='lat' dir='ltr'>voluntate,</span> <span class='ocrx_word' id='word_1_707' title='bbox 3116 5082 3381 5154; x_wconf 87' lang='lat' dir='ltr'>nullique</span> <span class='ocrx_word' id='word_1_708' title='bbox 3399 5084 3659 5154; x_wconf 70' lang='lat' dir='ltr'>personae</span> <span class='ocrx_word' id='word_1_709' title='bbox 3680 5083 3780 5152; x_wconf 90' lang='lat' dir='ltr'>cuj</span> <span class='ocrx_word' id='word_1_710' title='bbox 3792 5095 3894 5136; x_wconf 84' lang='lat' dir='ltr'>us-</span> 
     </span>
    </p>
   </div>
   <div class='ocr_carea' id='block_1_115' title="bbox 2237 5169 3898 5248">
    <p class='ocr_par' dir='ltr' id='par_1_115' title="bbox 2237 5169 3898 5248">
     <span class='ocr_line' id='line_1_117' title="bbox 2237 5169 3898 5248; baseline -0.006 -15"><span class='ocrx_word' id='word_1_711' title='bbox 2237 5192 2469 5248; x_wconf 88' lang='lat' dir='ltr'>cunque</span> <span class='ocrx_word' id='word_1_712' title='bbox 2499 5173 2805 5245; x_wconf 90' lang='lat' dir='ltr'>dignitatis</span> <span class='ocrx_word' id='word_1_713' title='bbox 2836 5172 2914 5227; x_wconf 90' lang='lat' dir='ltr'>sit</span> <span class='ocrx_word' id='word_1_714' title='bbox 2941 5170 3028 5227; x_wconf 92' lang='lat' dir='ltr'>vel</span> <span class='ocrx_word' id='word_1_715' title='bbox 3059 5170 3302 5239; x_wconf 90' lang='lat' dir='ltr'>ordinis,</span> <span class='ocrx_word' id='word_1_716' title='bbox 3339 5172 3527 5244; x_wconf 89' lang='lat' dir='ltr'>ipsam</span> <span class='ocrx_word' id='word_1_717' title='bbox 3584 5169 3898 5224; x_wconf 84' lang='lat' dir='ltr'>abbatiam</span> 
     </span>
    </p>
   </div>
   <div class='ocr_carea' id='block_1_116' title="bbox 2239 5257 3901 5333">
    <p class='ocr_par' dir='ltr' id='par_1_116' title="bbox 2239 5257 3901 5333">
     <span class='ocr_line' id='line_1_118' title="bbox 2239 5257 3901 5333; baseline -0.006 -12"><span class='ocrx_word' id='word_1_718' title='bbox 2239 5266 2378 5322; x_wconf 87' lang='lat' dir='ltr'>licet</span> <span class='ocrx_word' id='word_1_719' title='bbox 2406 5277 2669 5333; x_wconf 87' lang='lat' dir='ltr'>unquam</span> <span class='ocrx_word' id='word_1_720' title='bbox 2701 5259 2759 5314; x_wconf 90' lang='lat' dir='ltr'>in</span> <span class='ocrx_word' id='word_1_721' title='bbox 2779 5259 3130 5315; x_wconf 80' lang='lat' dir='ltr'>beneﬁcium</span> <span class='ocrx_word' id='word_1_722' title='bbox 3160 5259 3245 5315; x_wconf 88' lang='lat' dir='ltr'>vel</span> <span class='ocrx_word' id='word_1_723' title='bbox 3278 5257 3688 5316; x_wconf 89' lang='lat' dir='ltr'>concambium</span> <span class='ocrx_word' id='word_1_724' title='bbox 3718 5271 3901 5312; x_wconf 83' lang='lat' dir='ltr'>acce-</span> 
     </span>
    </p>
   </div>
   <div class='ocr_carea' id='block_1_117' title="bbox 2241 5346 3902 5427">
    <p class='ocr_par' dir='ltr' id='par_1_117' title="bbox 2241 5346 3902 5427">
     <span class='ocr_line' id='line_1_119' title="bbox 2241 5346 3902 5427; baseline -0.007 -17"><span class='ocrx_word' id='word_1_725' title='bbox 2241 5371 2393 5427; x_wconf 89' lang='lat' dir='ltr'>pere.</span> <span class='ocrx_word' id='word_1_726' title='bbox 2430 5349 2592 5417; x_wconf 90' lang='lat' dir='ltr'>Quod</span> <span class='ocrx_word' id='word_1_727' title='bbox 2625 5348 2673 5404; x_wconf 90' lang='lat' dir='ltr'>si</span> <span class='ocrx_word' id='word_1_728' title='bbox 2700 5346 2854 5418; x_wconf 89' lang='lat' dir='ltr'>quis,</span> <span class='ocrx_word' id='word_1_729' title='bbox 2884 5348 3040 5418; x_wconf 93' lang='lat' dir='ltr'>quod</span> <span class='ocrx_word' id='word_1_730' title='bbox 3073 5348 3258 5404; x_wconf 89' lang='lat' dir='ltr'>absit!</span> <span class='ocrx_word' id='word_1_731' title='bbox 3296 5348 3418 5404; x_wconf 65' lang='lat' dir='ltr'>haec</span> <span class='ocrx_word' id='word_1_732' title='bbox 3449 5346 3646 5404; x_wconf 84' lang='lat' dir='ltr'>omnia</span> <span class='ocrx_word' id='word_1_733' title='bbox 3693 5349 3902 5400; x_wconf 77' lang='lat' dir='ltr'>tenta-</span> 
     </span>
    </p>
   </div>
   <div class='ocr_carea' id='block_1_118' title="bbox 2241 5432 3906 5509">
    <p class='ocr_par' dir='ltr' id='par_1_118' title="bbox 2241 5432 3906 5509">
     <span class='ocr_line' id='line_1_120' title="bbox 2241 5432 3906 5509; baseline -0.006 -11"><span class='ocrx_word' id='word_1_734' title='bbox 2241 5442 2387 5498; x_wconf 86' lang='lat' dir='ltr'>verit</span> <span class='ocrx_word' id='word_1_735' title='bbox 2418 5439 2736 5502; x_wconf 82' lang='lat' dir='ltr'>inﬁrmare,</span> <span class='ocrx_word' id='word_1_736' title='bbox 2769 5435 2923 5490; x_wconf 90' lang='lat' dir='ltr'>beati</span> <span class='ocrx_word' id='word_1_737' title='bbox 2963 5437 3112 5492; x_wconf 90' lang='lat' dir='ltr'>Petri</span> <span class='ocrx_word' id='word_1_738' title='bbox 3173 5441 3490 5509; x_wconf 88' lang='lat' dir='ltr'>nostraque</span> <span class='ocrx_word' id='word_1_739' title='bbox 3539 5432 3906 5491; x_wconf 81' lang='lat' dir='ltr'>auctoritate</span> 
     </span>
    </p>
   </div>
   <div class='ocr_carea' id='block_1_119' title="bbox 2244 5523 3912 5604">
    <p class='ocr_par' dir='ltr' id='par_1_119' title="bbox 2244 5523 3912 5604">
     <span class='ocr_line' id='line_1_121' title="bbox 2244 5523 3912 5604; baseline -0.004 -12"><span class='ocrx_word' id='word_1_740' title='bbox 2244 5546 2378 5592; x_wconf 85' lang='lat' dir='ltr'>cum</span> <span class='ocrx_word' id='word_1_741' title='bbox 2408 5533 2624 5593; x_wconf 77' lang='lat' dir='ltr'>aeterno</span> <span class='ocrx_word' id='word_1_742' title='bbox 2647 5523 3010 5604; x_wconf 77' lang='lat' dir='ltr'>percutimus</span> <span class='ocrx_word' id='word_1_743' title='bbox 3039 5525 3430 5588; x_wconf 81' lang='lat' dir='ltr'>anathemate.</span> <span class='ocrx_word' id='word_1_744' title='bbox 3456 5527 3744 5587; x_wconf 70' lang='lat' dir='ltr'>Praeterea</span> <span class='ocrx_word' id='word_1_745' title='bbox 3764 5537 3912 5586; x_wconf 72' lang='lat' dir='ltr'>san-</span> 
     </span>
    </p>
   </div>
  </div>
