4088 6174
233 275 354 334 613

1205 265 1610 336 EPISTOLAE
1652 270 1755 335 ET
1797 268 2156 334 DECRETA
2200 269 2670 336 PONTIFlClA.

3519 282 3636 344 6M

235 408 447 472 cimus,
463 405 1328 478 sicutabipsisimperatoribus
1346 413 1432 462 est
1449 408 1569 462 dil'ii
1582 410 1700 462 nitu
1713 425 1790 477 m,
1821 412 1884 461 ut
1914 409 1965 472 Α
2001 405 2089 459 Ian
2103 423 2187 466 ns,
2213 406 2308 477 qui
2327 423 2392 459 cu
2406 425 2526 462 ram
2543 407 2877 464 animarum
2889 407 3040 462 Villa
3059 409 3326 479 haluerit,
3346 415 3637 485 synodum

234 495 506 551 defuncto
547 511 652 566 per
691 495 1127 551 successionem
1191 496 1422 562 abbate,
1493 497 1771 568 utrinque
1823 497 1879 551 in

232 600 417 639 unum
434 584 710 639 eduobus
722 584 1094 639 monasteriis
1111 585 1542 640 conﬂuentibus
1557 585 1880 651 monachis,

233 671 1190 735 habeantsinesimulatione,sine
1229 675 1562 745 exceptione
1599 691 1883 746 persona,

235 761 358 818 sine
387 766 655 833 respectu
689 762 968 833 pecunia,
999 763 1325 816 secundum
1357 763 1539 818 sancti
1593 761 1883 818 Benedicti

233 849 523 923 regulam,
557 850 828 905 abbatem
859 849 1108 923 eligendi
1140 849 1498 907 liberrimam
1545 851 1879 924 optionem:

235 957 302 996 ea
318 946 517 994 tamen
543 939 1024 1010 praponderante
1041 938 1284 1004 ratione,
1335 956 1469 996 cum
1509 939 1882 996 Malmunda-

236 1028 521 1085 riensium
554 1045 715 1098 pace,
748 1033 813 1081 ut
843 1027 983 1098 quia
1013 1029 1220 1083 beatus
1242 1028 1556 1102 Remaglus
1578 1029 1886 1102 utriusque

237 1115 578 1174 monasterii
610 1120 979 1170 constructor
1023 1120 1079 1170 et
1099 1117 1530 1188 Tungrcnsium
1565 1122 1735 1173 antea
1765 1117 1886 1189 cpi-

235 1223 452 1279 scopus
481 1210 539 1261 et
569 1209 766 1277 pastor
800 1204 1004 1259 maluit
1031 1205 1090 1260 in
1122 1203 1304 1260 altero
1335 1206 1637 1271 eorum,id
1657 1206 1884 1262 estSta-

237 1295 470 1359 bolaus,
502 1293 697 1350 locum
730 1291 1043 1364 sepulturae
1075 1292 1187 1349 sibi
1215 1292 1448 1366 eligere,
1486 1295 1600 1367 ipsi
1635 1295 1887 1366 primam

237 1383 542 1448 electionis
573 1381 876 1439 obtineant
905 1382 1149 1452 viam,si
1164 1383 1316 1455 apud
1333 1399 1430 1440 eos
1445 1383 1888 1440 meliormcritis

235 1478 294 1529 et
323 1471 686 1545 probabilior
715 1470 1064 1526 inveniatur.
1099 1471 1160 1526 Si
1208 1475 1403 1528 autem
1454 1489 1570 1528 non
1614 1470 1753 1538 illic,
1788 1472 1888 1527 sed

236 1559 649 1617 Malmundarii
680 1558 887 1615 melior
917 1559 1256 1631 reperiatur,
1290 1561 1520 1632 utrique
1552 1559 1675 1616 loco
1711 1562 1889 1632 prati-

240 1651 490 1706 ciendus
519 1649 589 1704 ab
618 1665 686 1705 eo
715 1649 912 1719 potius
943 1664 1120 1720 quam
1152 1649 1224 1703 ab
1245 1649 1498 1706 externis
1547 1653 1891 1720 assumptus

237 1739 688 1794 intromittatur.
725 1737 784 1792 Si
813 1737 946 1809 quis
976 1741 1194 1806 autem,
1244 1738 1398 1809 quod
1447 1755 1562 1794 non
1594 1743 1889 1810 optamus,

237 1827 464 1883 nefario
497 1843 642 1882 ausu
676 1825 1117 1897 praesumpserit
1141 1825 1235 1881 his
1267 1843 1394 1897 qua
1427 1842 1461 1881 a
1490 1827 1657 1882 nobis
1680 1826 1889 1881 adlau-

237 1917 373 1971 dem
386 1915 491 1970 Dei
506 1930 611 1986 pro
625 1913 944 1970 stabilitate
949 1915 972 1984 j
982 1930 1074 1968 am
1090 1913 1378 1969 dictorum
1399 1915 1823 1971 monasterioru
1835 1932 1888 1970 m

236 2009 464 2060 statuta
501 2007 640 2059 sunt
670 2003 968 2073 refragari,
1001 2006 1103 2058 aut
1133 2001 1251 2057 hac
1280 2002 1339 2058 in
1362 2020 1658 2075 quoquam
1695 2009 1890 2060 trans-

238 2093 426 2166 gredi,
462 2091 623 2147 hunc
653 2109 686 2146 a
715 2090 1022 2146 liminibus
1049 2095 1260 2146 sancta
1285 2091 1487 2148 matris
1513 2092 1777 2148 Ecclesia
1809 2110 1895 2148 se-

240 2197 586 2255 gregamus,
621 2184 794 2252 atque
823 2197 956 2235 cum
978 2179 1009 2235 J
1017 2178 1132 2236 uda
1153 2179 1428 2236 traditore
1453 2180 1686 2236 Domini
1710 2182 1895 2237 nostri

240 2271 381 2328 Jesu
413 2268 655 2331 Christi,
688 2274 745 2323 et
772 2285 905 2323 cum
928 2267 1157 2324 diabolo
1183 2272 1240 2324 et
1260 2268 1484 2342 angelis
1511 2270 1640 2340 ejus
1663 2269 1896 2325 aternis

243 2358 543 2415 incendiis
575 2357 1066 2412 concremandum
1100 2357 1473 2428 deputamus.
1523 2361 1592 2413 At
1633 2374 1764 2414 vero
1795 2358 1896 2430 qui

242 2449 338 2521 pio
387 2446 618 2502 intuitu
667 2445 1004 2501 observator
1051 2450 1107 2500 et
1153 2450 1351 2502 custos
1398 2447 1686 2502 exstiterit
1716 2447 1895 2519 hujus

241 2526 430 2593 nostri
465 2533 772 2607 apostolici
794 2533 1092 2590 constituti
1105 2535 1178 2590 ad
1210 2535 1436 2590 cultum
1462 2535 1563 2590 Dei
1591 2536 1896 2609 respicien-

240 2625 316 2682 tis
347 2623 780 2682 benedictionis
808 2621 1056 2695 gratiam
1089 2628 1146 2679 et
1174 2623 1636 2681 misericordiam
1668 2643 1702 2682 a
1724 2625 1896 2683 mise-

242 2714 473 2771 ricorde
505 2713 624 2769 Deo
653 2716 851 2768 nostro
882 2710 1287 2784 multipliciter
1313 2717 1706 2786 consequatur
1729 2719 1787 2771 et
1815 2714 1896 2770 vi-

241 2807 312 2860 ta
342 2807 576 2859 aterna
606 2801 902 2872 particeps
931 2801 1079 2856 efﬁci
1113 2805 1424 2857 mereatur.

311 2893 468 2948 Data
487 2888 802 2962 Maguntia
832 2907 894 2944 ιιι
920 2890 1118 2945 Nonas
1146 2889 1505 2960 Septembris
1537 2908 1639 2962 per
1686 2909 1900 2947 manus

247 2981 397 3037 Petri
429 2978 700 3044 Diaconi,
751 2976 1174 3034 bibliothecarii
1226 2982 1283 3033 et
1324 2977 1655 3034 cancellarii
1684 2986 1898 3035 sancta

246 3067 584 3142 apostolica
615 3067 800 3133 sedis,
832 3084 984 3122 anno
1015 3067 1215 3121 domui
1251 3067 1452 3122 Leonis
1498 3067 1634 3122 noni
1666 3085 1826 3140 papa
1860 3085 1901 3135 ι,

250 3157 575 3214 indictione
607 3172 690 3210 ιιι.

1024 3261 1140 3317 XV.

262 3351 322 3406 S.
354 3353 456 3405 Leo
489 3351 569 3415 ΙΧ,
597 3355 805 3421 petente
845 3350 1061 3415 Milone,
1119 3351 1452 3406 momstcrii
1503 3349 1557 3406 S.
1619 3350 1906 3406 Bercharii

334 3422 614 3548 Deﬁeri:
639 3423 836 3477 abbate
866 3422 1110 3478 ecclesia
1140 3423 1199 3476 in
1255 3423 1370 3476 vico
1433 3421 1568 3475 Villa
1601 3421 1906 3477 libertatem

349 3510 406 3548 an
488 3511 505 3548 ι
538 3535 550 3547 .

862 3581 1049 3651 (Anno
1082 3580 1264 3653 1049.)

245 3668 526 3739 [Mabill.,
559 3670 761 3724 Annal.
794 3669 910 3723 ard.
947 3669 1005 3723 S.
1042 3667 1263 3732 Bened.,
1315 3667 1409 3735 IV,
1457 3669 1582 3732 737,
1636 3685 1703 3724 ex
1732 3669 1901 3726 char-

798 3740 947 3794 tario
981 3739 1300 3808 Dervcnsi.]

312 3865 378 3920 In
412 3864 657 3920 nomine
689 3868 900 3920 sancta
931 3866 989 3918 et
1010 3862 1324 3918 individua
1344 3861 1666 3932 Trinitatis,
1692 3864 1899 3933 Patris,

236 3956 292 4006 et
326 3952 466 4008 Filii
499 3957 558 4008 et
587 3953 841 4024 Spiritus
873 3950 1083 4008 sancti.

303 4042 458 4115 Ego,
490 4041 595 4096 Dei
626 4040 954 4108 clementia,
990 4040 1104 4096 Leo
1153 4038 1524 4096 humillimus
1567 4057 1736 4112 papa,
1770 4040 1899 4097 volo

233 4134 297 4183 ut
329 4134 670 4202 agnoscant
700 4128 902 4184 ﬁdeles
934 4128 1187 4184 universi
1212 4132 1426 4184 sancta
1449 4127 1626 4198 hujus
1645 4128 1899 4185 Leucho-

231 4235 366 4274 rum
404 4217 593 4284 sedis,
628 4217 881 4290 qualiter
913 4218 1095 4273 abbas
1123 4216 1255 4272 Milo
1289 4232 1358 4272 ex
1387 4217 1572 4272 sancti
1603 4217 1896 4273 Bercharii

231 4306 606 4363 monasterio
656 4323 846 4362 meam
897 4305 1108 4361 adierit
1162 4306 1553 4378 prasentiam,
1590 4310 1793 4378 petens
1835 4311 1899 4362 ut

231 4397 483 4452 cuidam
501 4395 672 4452 altari
691 4413 807 4452 sua
821 4395 1078 4451 ecclesia
1091 4395 1418 4450 libertatem
1432 4411 1537 4466 pro
1551 4394 1650 4450 Dei
1673 4411 1892 4464 amore,

228 4486 407 4555 cujus
454 4483 759 4539 servitium
777 4483 875 4539 illo
898 4484 1264 4556 disponebat,
1287 4483 1556 4539 ordinare
1579 4483 1892 4539 traderem.
1924 4506 1970 4569 D

227 4572 328 4628 Est
359 4577 574 4628 autem
607 4571 855 4628 ecclesia
902 4571 1002 4627 illa
1048 4588 1226 4644 super
1273 4571 1500 4628 Blesam
1551 4572 1790 4627 ﬂuvium
1834 4573 1893 4628 in

224 4662 502 4734 vico,qui
535 4661 754 4716 dicitur
783 4660 933 4716 Villa
961 4663 1019 4716 in
1054 4677 1172 4733 qua
1197 4660 1516 4716 monachos
1533 4661 1605 4716 ad
1638 4662 1898 4717 servien-

225 4748 374 4806 dum
410 4750 540 4806 Deo
589 4750 938 4806 decernebat
984 4750 1311 4806 instituere.
1362 4749 1524 4813 Quod
1576 4750 1894 4806 ostendens

225 4840 384 4896 meis
396 4843 464 4895 et
477 4838 660 4910 hujus
675 4839 767 4894 Dei
781 4838 1036 4894 ecclesia
1049 4838 1208 4906 filiis,
1223 4837 1448 4894 clericis
1461 4853 1562 4893 seu
1575 4837 1898 4903 laicis,ccn-

223 4932 573 4984 sueruntut
587 4929 717 4998 ejus
729 4927 993 5000 petitioni
1009 4928 1326 5000 praberem
1339 4943 1668 4996 assensum,
1686 4933 1896 4998 quate-

222 5032 339 5072 nus
352 5015 694 5089 ipseabbas
707 5017 1145 5089 etcongrcgatio
1175 5033 1241 5071 ac
1272 5031 1640 5070 successores
1695 5033 1896 5071 corum

221 5121 328 5175 pro
353 5121 502 5161 mea
529 5104 816 5177 parvitate
856 5105 976 5160 sive
1061 5103 1508 5160 successoribus
1564 5104 1712 5159 meis
1744 5121 1898 5160 sem-

220 5193 913 5268 perprecenturDomini
931 5192 1414 5250 misericordiam.
1430 5194 1688 5258 Quorum
1708 5193 1899 5249 consi-

227 5280 388 5337 lium
430 5281 821 5353 amplectens,
842 5283 1243 5339 concessimus
1292 5296 1528 5338 omnem
1570 5280 1903 5339 libertatem

231 5371 543 5443 pradicta
556 5370 835 5440 ecclesia,
862 5371 1088 5428 utinibi
1116 5371 1450 5427 habitantes
1468 5371 1737 5426 monachi
1769 5373 1905 5428 abs-

218 5476 337 5532 que
371 5458 506 5514 ulla
524 5461 820 5532 emptione
845 5459 1025 5518 altare
1056 5461 1243 5517 sancti
1258 5459 1520 5516 Mauricii
1536 5459 1607 5516 ad
1625 5459 1906 5518 honorem

217 5550 502 5614 dicatum
517 5549 935 5630 perpetualiter
945 5548 1709 5630 possideant.Pr0pterquod
1727 5552 1914 5630 capel-

1995 499 2168 566 atqnc
2200 494 2511 550 concilium
2545 496 2864 568 provideat,
2896 513 3254 569 censumque
3308 503 3593 571 persolvat
3621 523 3635 574 ;

1993 583 2229 653 quando
2263 601 2393 638 vero
2425 584 2575 639 alius
2609 585 2980 649 successerit,
3012 585 3245 640 oblatus
3273 604 3304 640 a
3335 593 3639 648 monachis

1993 672 2216 742 absque
2255 672 2376 726 ulla
2407 673 2681 728 servitute
2712 674 2901 729 locum
2945 675 3183 729 tenebit.
3233 675 3293 730 Si
3343 678 3475 748 quis
3505 697 3639 753 ergo

1992 760 2432 832 praesumpserit
2460 762 2581 816 hac
2615 761 2730 817 ullo
2764 763 2933 818 modo
2959 765 3282 834 transgredi
3326 783 3454 837 qua
3504 785 3648 840 pra-

1994 847 2148 903 dicto
2181 849 2538 905 indulsimus
2560 849 2782 917 locello,
2807 851 2952 905 sciat
2972 869 3032 906 se
3059 853 3453 910 anathematis
3475 855 3642 912 inno-

1995 937 2198 991 datum
2230 937 2462 992 vinculo
2489 955 2500 993 τ
2538 940 2637 1010 qui
2666 956 2797 994 vero
2829 938 2945 992 illis
2977 939 3303 1010 largitatem
3333 943 3647 1000 t‘eceritali-

1996 1042 2198 1097 quam,
2229 1043 2262 1080 a
2294 1026 2557 1097 piissimo
2587 1027 2828 1082 Domino
2851 1033 3047 1082 nostro
3067 1028 3472 1088 Jesu-Cliristo
3500 1034 3648 1089 mul-

1995 1113 2220 1184 tiplicia
2251 1121 2662 1185 consequatur,
2698 1121 2753 1169 et
2783 1118 2909 1171 vita
2934 1122 3155 1171 atat-na
3179 1119 3466 1192 particeps
3493 1123 3646 1180 efﬁci

1997 1208 2307 1257 mereatur.
2345 1203 2414 1257 Ut
2435 1209 2628 1259 autem
2662 1204 2768 1258 hoc
2801 1222 2946 1276 opus
2980 1206 3216 1276 pietatis
3261 1214 3474 1265 nostra
3505 1226 3644 1266 con-

1999 1291 2168 1345 sistat
2198 1307 2428 1363 semper
2459 1291 2810 1358 inviolabilc,
2837 1311 3013 1348 manu
3036 1311 3164 1349 mea
3183 1312 3246 1350 ac
3269 1297 3646 1357 dominorum

1999 1379 2365 1452 pontificum,
2395 1398 2528 1435 cum
2560 1379 2787 1436 clericis
2838 1400 2900 1437 ac
2950 1381 3115 1438 laicis
3168 1383 3268 1455 qui
3311 1387 3646 1457 adfuerunt,

2000 1468 2202 1523 censui
2233 1484 2361 1524 esse
2394 1468 2813 1524 roborandum.

2074 1558 2190 1628 Ego
2226 1558 2336 1612 Leo
2368 1564 2581 1612 sancta
2615 1558 2911 1614 catholica
2936 1564 2993 1614 et
3023 1560 3354 1631 apostolica
3383 1561 3650 1622 Ecclesia

2002 1645 2214 1718 prasul
2248 1645 2399 1701 Tulli
2431 1663 2536 1702 con
2549 1647 2792 1702 firmavi.

2074 1735 2317 1805 Signum
2353 1735 2654 1790 Halinardi
2689 1736 3098 1807 Lugdunensis
3132 1738 3576 1816 archiepisc0pi.

2072 1822 2312 1892 Signum
2372 1825 2605 1878 Evrardi
2656 1825 3027 1879 Trevirorum
3077 1827 3362 1898 archiep.,
3403 1831 3651 1889 Joannis

2004 1911 2339 1966 Portuensis
2372 1911 2648 1983 cpiscOpi,
2697 1911 3005 1968 Albi-renis
3056 1913 3332 1971 Metensis
3369 1917 3649 1990 episcopi,

2006 1999 2267 2057 Widonis
2295 1999 2660 2054 Leuchorum
2694 2000 3032 2070 primiccrii,
3067 2003 3345 2074 Stephani
3370 2006 3653 2064 archidia-

2003 2087 2152 2144 coni.
2187 2087 2491 2142 Alberonis
2515 2087 2855 2156 archidiac.,
2874 2089 3103 2144 Rodulﬁ
3126 2091 3650 2159 archidiac.,Lam-

2005 2177 2154 2232 berti
2186 2176 2526 2244 archidiac.,
2574 2178 2811 2234 Widrici
2862 2179 3204 2246 archidiac.,
3253 2181 3428 2237 Virici
3461 2185 3651 2240 archi-

2006 2265 2448 2335 diac.,\Valteri
2517 2265 2740 2333 decani,
2801 2266 3067 2322 Warneri
3115 2269 3340 2338 decani,
3390 2271 3652 2330 Duranni

2006 2354 2348 2426 presbyteri.
2398 2354 2726 2421 Alberonis,
2784 2355 3070 2422 Rotbeoti,
3133 2357 3367 2414 Milonis
3423 2362 3653 2420 abbatis

2008 2444 2331 2507 Dervensis,
2365 2441 2576 2498 Alberti
2628 2442 2858 2515 prioris,
2912 2444 3217 2516 Hingonis,
3247 2447 3650 2523 \Vandalgeri.

2077 2532 2194 2602 Ego
2222 2533 2447 2598 Petrus,
2481 2538 2692 2588 sancta
2727 2533 3000 2589 Romana
3050 2535 3316 2591 Ecclesia
3348 2537 3651 2609 diaconus,
3705 2587 3718 2599 .

2007 2620 2488 2677 bibliothecarius
2517 2625 2574 2677 et
2604 2621 2988 2678 cancellarius
3019 2624 3364 2695 subscripsi.

2009 2711 2126 2782 Ego
2173 2709 2430 2766 Joannes
2475 2711 2873 2766 subdiaconus
2922 2711 3132 2766 schola
3174 2717 3480 2770 cantorum
3512 2718 3654 2772 sub-

2011 2799 2240 2870 scripsi.

2749 2906 2890 2960 XVI.

2010 2993 2065 3048 S.
2103 2994 2203 3048 Leo
2234 2995 2298 3048 IX
2326 2993 2690 3048 Part/lenonis
2713 2994 2767 3050 S.
2802 2995 2994 3050 Mariae
3014 2997 3208 3052 Portus
3226 2997 3436 3065 Suavis,
3461 3018 3495 3055 a
3517 3005 3654 3057 Ber-

2081 3065 2262 3140 lhuldo
2291 3065 2564 3140 quondam
2592 3066 2836 3140 episcopo
2869 3067 3109 3122 Tullens'i
3127 3074 3375 3126 construi
3394 3078 3549 3140 capti
3558 3114 3570 3134 .
3588 3074 3654 3128 ab

1935 3141 1976 3205 ρ
2085 3138 2308 3207 ipsoque
2316 3137 2563 3206 perfecti,
2573 3139 2935 3206 possessiones
2957 3142 3007 3192 et
3025 3141 3321 3209 privilegia
3341 3137 3650 3212 conﬁrmat.

2637 3225 2824 3292 (Anno
2857 3225 3040 3297 1049.)

2095 3313 2259 3383 [Dom
2292 3310 2534 3378 Calmet,
2565 3311 2798 3438 Histoirl'e
2817 3312 3197 3455 ίέἒέῗνναιήο,
3237 3317 3276 3384 ῐ,
3321 3319 3576 3387 Preuves,

2685 3399 2790 3440 co.
2945 3429 2954 3439 .

2685 3399 2790 3440 σοι.
2830 3399 2954 3439 4252.

2087 3507 2198 3562 Lco
2229 3506 2564 3578 episcopus,
2614 3522 2818 3562 servus
2866 3524 3165 3564 servorum
3222 3510 3342 3577 Dei,
3385 3513 3661 3571 omnibus

2013 3595 2348 3651 orthodoxis
2380 3600 2763 3652 sacrosancta
2813 3596 3091 3654 Romana
3139 3599 3402 3655 Ecclesia
3441 3603 3663 3674 guber-

2012 3685 2316 3740 natoribus
2365 3685 2641 3740 omnibus
2689 3703 2830 3740 vera
2883 3685 3184 3758 religionis
3225 3705 3489 3760 veraque
3523 3692 3658 3747 ﬁdei

2011 3773 2334 3828 cultoribus
2365 3773 2751 3844 prasentibus
2783 3777 2839 3827 et
2871 3774 3104 3828 futuris.

2080 3861 2388 3934 Perspicue
2418 3860 2848 3931 cognoscimus,
2893 3865 2949 3915 et
3001 3866 3157 3916 certa
3206 3861 3327 3935 lege
3363 3867 3651 3933 tenemus,

2010 3953 2162 4024 quod
2195 3968 2296 4022 pro
2326 3950 2555 4004 cunctis
2585 3949 2748 4004 bona
2782 3949 3028 4004 actionis
3062 3951 3271 4006 studiis
3304 3956 3361 4005 ct
3377 3952 3654 4025 spiritua-

2007 4039 2162 4094 libus
2190 4039 2398 4093 anima
2449 4038 2851 4105 incrementis,
2904 4055 3113 4094 corona
3171 4041 3340 4096 nobis
3392 4059 3424 4096 a
3457 4041 3570 4098 Deo
3603 4049 3660 4099 et

2005 4144 2230 4183 merces
2269 4130 2626 4198 praeparetur
2655 4125 2712 4180 in
2747 4125 2941 4195 ccnlis;
2991 4129 3144 4183 unde
3192 4130 3344 4185 sicut
3375 4131 3660 4190 destituta

2006 4220 2218 4273 sancta
2251 4214 2552 4287 religionis
2583 4214 2709 4270 loca
2739 4215 2980 4271 solerter
3012 4224 3151 4273 sunt
3199 4221 3570 4294 corrigenda,
3603 4227 3661 4278 et

2007 4306 2078 4361 ad
2113 4309 2332 4361 statum
2366 4304 2736 4360 rectitudinis
2767 4305 3162 4362 sollicitudine
3197 4309 3456 4381 pervigili
3490 4327 3657 4366 revo-

2005 4394 2210 4458 canda,
2243 4393 2322 4448 ita
2352 4397 2407 4447 et
2437 4397 2624 4464 capta
2653 4392 2711 4447 in
2740 4410 2802 4448 se
2833 4394 3027 4465 ipsum
3060 4395 3210 4450 bona
3240 4413 3274 4450 a
3305 4397 3473 4451 nobis
3517 4403 3659 4452 sunt

2004 4481 2266 4538 canobia
2295 4480 2601 4536 solidanda
2630 4485 2806 4552 atque
2837 4481 3103 4550 fovenda,
3153 4485 3474 4554 prasertim
3520 4502 3657 4541 cum

2006 4571 2174 4627 nobis
2205 4570 2402 4625 divina
2441 4569 2809 4641 providentia
2850 4571 3176 4625 custodiam
3227 4571 3560 4627 animarum
3601 4578 3659 4628 et

2010 4661 2267 4733 regimen
2301 4657 2612 4713 contulerit
2642 4656 3042 4723 ecclesiarum,
3090 4657 3307 4728 quibus
3353 4676 3486 4715 oves
3517 4677 3657 4718 suas

2007 4749 2284 4805 vitalibus
2315 4745 2610 4802 alimentis
2661 4762 2917 4817 pascere,
2965 4746 3112 4801 bene
3155 4746 3406 4820 inempta
3443 4750 3658 4806 conﬁr-

2005 4839 2239 4904 mando,
2272 4842 2329 4892 et
2359 4853 2485 4907 qua
2519 4835 2710 4906 vigent
2739 4833 3078 4906 diligentius
3099 4837 3423 4909 educando,
3448 4857 3659 4912 prace-

2006 4929 2109 5001 pit.
2148 4929 2273 4982 Hac
2304 4942 2440 4997 ergo
2469 4941 2561 4978 me
2591 4923 3018 4992 considerante,
3053 4925 3194 4981 dum
3228 4927 3288 4981 in
3317 4928 3484 4985 initio
3523 4949 3662 4987 nos-

2006 5024 2106 5073 tra
2130 5013 2515 5072 ordinationis
2534 5013 2717 5067 luiDci
2735 5013 2885 5068 dono
2907 5014 3270 5071 Leuchorum
3291 5019 3662 5089 prasulelec-

2008 5111 2126 5173 tus,
2145 5105 2368 5160 interea
2389 5101 2805 5158 sollicitudinis
2828 5119 2966 5159 mea
2985 5104 3183 5160 studio
3209 5105 3352 5160 mihi
3372 5106 3661 5161 innotesci

2010 5193 2271 5266 contigit,
2306 5191 2458 5263 quod
2474 5191 2864 5262 pradecessor
2895 5209 3060 5248 meus
3082 5195 3334 5249 domnus
3357 5195 3654 5248 venerabi-

2012 5283 2085 5338 lis
2114 5279 2482 5347 Bertholdus,
2517 5279 2812 5350 quoddam
2845 5282 3177 5336 cccnobium
3208 5297 3274 5334 ex
3306 5280 3657 5351 pontificalis

2013 5369 2334 5445 prabenda
2349 5368 2709 5440 sumptibus,
2723 5367 2782 5423 in
2796 5367 3070 5439 villaqua
3085 5369 3290 5423 Portus
3302 5369 3504 5424 Suavis
3518 5369 3657 5426 dici-

2015 5468 2133 5518 tur.
2165 5463 2500 5516 construere
2531 5457 2788 5528 caperit,
2813 5457 2910 5511 sed
2939 5457 3050 5511 ﬁne
3072 5462 3410 5530 prareptus,
3437 5459 3657 5520 bonum

2017 5569 2165 5629 opus
2213 5550 2284 5608 ad
2334 5548 2510 5606 tinem
2562 5561 2750 5624 usque
2801 5543 3046 5605 minime
3091 5547 3453 5624 provexerit;
3486 5551 3656 5627 cuius
