4088 6174
427 287 544 350 615

1505 283 1569 343 s.
1619 280 1897 344 LEONIS
1945 261 2022 342 1x
2071 250 2295 341 13AM:
2338 249 2764 341 oreseULA.

3715 246 3832 337 sic

428 423 690 477 sanctam
734 416 1118 474 intentionem
1152 415 1546 487 conspiciens,
1579 413 2068 486 etaliquantulam

2194 430 2307 486 lam
2341 431 2525 485 sancti
2558 429 2851 486 Benedicti
2905 444 3156 501 praeesse
3212 433 3269 485 et
3326 425 3604 501 prodesse
3635 409 3826 501 queat.

430 511 754 584 portionem
813 507 872 561 in
907 507 1035 578 ejus
1081 503 1684 561 merccdedevotionis
1706 503 2072 574 adipiscicu-

428 600 616 671 piens,
651 587 897 668 caeptum
942 595 1200 650 laborem
1248 595 1478 650 Christo
1508 591 2074 666 faventcperexplere

429 680 986 756 studUi,C<1‘etumque
1000 677 1531 739 sanctimonialium
1547 681 1888 737 Deoibidem
1905 680 2076 736 servi-

428 781 560 833 tura
581 785 707 832 rum
726 771 1355 845 congregavi,etlocum
1384 772 1443 825 in
1471 772 1838 826 veneratione
1859 769 2072 843 glorio-

428 865 772 937 SreVirginis
785 861 1093 918 Genitricis
1113 860 1326 926 Mariis,
1347 863 1402 915 et
1419 863 1629 915 sanctae
1646 860 1886 931 virginis
1912 859 2071 913 Men-

429 974 513 1013 nae
528 949 744 1009 ibidem
763 967 1000 1022 corpore
1014 949 1370 1022 quiescentis
1388 949 1739 1016 consecravi;
1760 951 2072 1019 postquam

425 1043 622 1099 autem
639 1041 708 1096 ad
733 1057 879 1095 onus
905 1037 1262 1110 apostolatus
1287 1042 1500 1093 sancta
1523 1038 1796 1092 Romanae
1819 1036 1974 1091 sedis
1990 1035 2071 1090 fui

425 1127 695 1189 emeatus
726 1128 826 1184 Dei
847 1126 1300 1200 dispensatione,
1332 1125 1575 1198 contigit
1593 1143 1683 1193 me
1705 1125 1848 1180 fines
1865 1123 2072 1179 Gallia-

423 1221 554 1276 rum
589 1215 856 1283 revisere,
890 1232 990 1287 pro
1009 1213 2066 1284 SanctaDeicorroborandareligione;

425 1301 684 1380 dumque
706 1305 761 1360 in
779 1309 990 1360 sancta:
1009 1301 1413 1358 DeiTullensis
1431 1301 1689 1358 ecclesia:
1714 1302 1849 1356 sede
1880 1317 2068 1356 remo-

425 1415 603 1467 rarer,
635 1411 809 1467 quam
837 1393 1029 1446 adhuc
1055 1391 1376 1446 retinebam
1398 1391 1455 1445 in
1481 1395 1689 1447 nostrae
1716 1390 1955 1445 ditionis
1977 1406 2068 1444 0r-

423 1487 743 1554 dinatione,
778 1482 921 1537 adiit
939 1485 1197 1536 nostram
1219 1481 1571 1552 presentiam
1595 1480 1857 1536 Berenna
1892 1479 2069 1535 abba-

425 1576 570 1632 tissa
600 1572 864 1644 ejusdem
894 1568 1164 1637 coenobii,
1198 1586 1446 1640 poscens
1477 1585 1570 1624 res
1604 1585 1637 1623 a
1665 1567 1834 1624 nobis
1876 1567 1964 1622 vel
1997 1568 2068 1622 ab

423 1664 554 1722 aliis
568 1664 682 1719 Deo
703 1657 1197 1725 devotiscollatas,
1219 1662 1419 1713 nostra
1433 1656 1750 1729 apostolica
1766 1656 2070 1711 auctorita-

2188 517 2423 586 Quoties
2456 518 2725 591 quaelibet
2755 517 3054 576 abbatissa
3084 519 3156 574 ab
3190 509 3446 575 hacluce
3476 516 3834 592 migraverit,

2187 609 2257 663 ab
2279 609 2522 674 eisdem,
2544 607 3002 680 laudcepiscopi,
3025 607 3204 681 digna
3223 606 3476 679 eligatur
3501 606 3828 662 abbatissa:

2187 693 2277 753 ein
2308 715 2441 752 vero
2472 697 2622 752 inter
2651 684 2747 752 eas
2768 695 2968 752 electio
2999 697 3179 770 digna
3196 696 3348 752 effici
3393 695 3706 768 nequierit,
3765 711 3835 751 ex

2186 785 2300 840 alia
2330 785 2591 858 qualibet
2620 785 3064 857 congregatione
3088 787 3295 841 idonea
3325 785 3626 841 abbatissa
3657 775 3832 856 expe-

2179 866 3273 945 tatur.Inhmibemusigituretuniverso
3291 879 3438 930 coetu
3461 865 3834 946 praesentium

2182 962 2442 1017 fidelium
2458 965 2751 1017 annuente
2767 962 3231 1033 praecipimus,ac
3249 962 3730 1021 subiuvocatione
3752 961 3836 1018 di-

2197 1050 3482 1124 vininominiscontestamurunumquemque
3506 1050 3830 1118 antistitem

2187 1138 2374 1210 ipsius
2405 1139 2583 1205 sedis,
2617 1155 3023 1194 successorum
3056 1139 3323 1195 videlicet
3352 1145 3707 1205 nostrorum,
3755 1155 3832 1196 ne

2182 1245 2442 1300 unquam
2464 1229 2534 1283 de
2555 1227 2662 1282 hac
2689 1227 3023 1300 praescripta
3045 1228 3316 1284 facultate
3338 1228 3681 1285 ancillarum
3702 1229 3828 1300 Dei,

2185 1311 2360 1388 quam
2378 1315 2492 1371 illis
2506 1333 2608 1388 per
2624 1320 3043 1372 testamentum
3056 1309 3830 1390 concessimus,subtrahere

2181 1405 2506 1477 quidquam
2537 1404 2622 1460 vel
2655 1404 2982 1461 diminuere
2999 1410 3336 1478 prmsumat,
3389 1421 3576 1478 neque
3634 1405 3830 1480 ipsam

2180 1493 2494 1566 aliquando
2525 1493 3032 1566 congregationem
3075 1495 3416 1551 exordinare
3471 1494 3558 1572 vel
3607 1485 3831 1572 injuste

2183 1583 2522 1654 perturbare
2553 1584 2761 1637 audeat
2796 1607 2809 1649 ;
2843 1583 2942 1638 sed
2976 1579 3204 1655 quaties
3249 1583 3301 1638 ei
3359 1584 3430 1640 ad
3485 1569 3584 1640 eas
3628 1569 3829 1640 venire

2183 1670 2466 1742 placuerit
2496 1688 2671 1727 causa
2727 1670 3051 1740 charitatis,
3102 1678 3159 1727 et
3216 1673 3321 1745 piae
3379 1657 3827 1741 sollicitudinis,

421 1759 476 1810 te
490 1741 1370 1848 COTFObOfaPl-EjlfsPetltionem
1387 1746 1595 1848 1151.931
1613 1745 2067 1848 fof'ecefnénles:
2095 1783 2142 1848 B
2178 1741 2405 1828 veniat;
2438 1765 2494 1816 et
2517 1760 2566 1815 si
2601 1777 2718 1832 qua
2745 1759 2897 1816 inter
2924 1778 3022 1816 eas
3041 1741 3459 1818 ordinandavel
3483 1749 3833 1836 corrigenda

422 1838 900 1896 confirmavimus
932 1834 1282 1900 eidemloco,
1317 1833 1500 1890 sancti
1533 1832 1686 1889 Petri
1705 1833 2066 1902 auctoritate,

421 1931 629 1984 cuncta
647 1925 771 1997 quae
786 1923 1008 1978 dudum
1023 1923 1441 1994 delegavimus,
1459 1922 1679 1978 scilicet
1698 1919 1903 1994 viginti
1923 1922 2068 1978 duos

421 2015 659 2072 mansos
691 2018 747 2068 et
777 2012 956 2069 semis
979 2012 1036 2066 in
1057 2012 1260 2066 eadem
1282 2010 1418 2067 villa
1439 2015 1648 2067 Portus
1676 2009 1906 2078 Suavis,
1933 2011 2067 2065 cum

418 2106 611 2161 banno
639 2107 694 2158 et
723 2097 1018 2168 districtu,
1049 2103 1106 2155 et
1136 2099 1421 2172 quidquid
1449 2099 1664 2154 ibidem
1697 2099 2068 2171 possidemus

418 2195 476 2248 in
506 2191 672 2248 silvis
690 2195 744 2246 et
765 2189 973 2263 pratis,
997 2205 1285 2260 aquarum
1311 2189 1678 2256 decursibus,
1700 2188 1874 2244 terris
1895 2187 2068 2243 cultis

418 2284 475 2337 et
505 2280 783 2348 incultis;
817 2278 928 2334 tria
959 2278 1134 2332 etiam
1169 2276 1506 2333 molendina
1536 2276 1592 2330 in
1646 2276 1774 2348 ipsa
1823 2276 1978 2344 villa,
2012 2278 2069 2330 et

418 2371 724 2427 ecclesiam
756 2366 950 2422 Sancti
983 2365 1263 2430 Mauritii,
1298 2382 1428 2421 cum
1465 2363 1689 2436 capella
1718 2365 1916 2420 Sancti
1946 2366 2066 2418 An-

419 2461 586 2527 drem,
621 2460 690 2514 de
723 2454 1148 2529 quibusnullus
1167 2471 1380 2510 census
1394 2453 1743 2525 nullumque
1763 2453 2064 2509 servitium

421 2548 592 2605 alicui
625 2541 793 2603 debet
825 2546 989 2602 solvi.
1025 2543 1339 2600 Ecclesiam
1374 2544 1443 2599 de
1475 2541 1837 2598 Babainvilla
1883 2543 2064 2613 (Bain-

417 2639 569 2709 ville)
602 2653 734 2693 cum
769 2633 1030 2707 cappella
1058 2633 1129 2688 de
1151 2632 1410 2704 Xuilleyo
1436 2632 1681 2704 (Xuilly),
1705 2635 1761 2686 et
1783 2630 2064 2702 capellam

419 2728 490 2782 de
521 2725 786 2781 Mazeriis
802 2723 1097 2796 (Medores)
1116 2740 1128 2789 ;
1149 2720 1514 2777 medietatem
1532 2720 1786 2776 ecclesize
1807 2719 2066 2774 deSiavi-

421 2832 564 2872 naco
587 2813 943 2886 (Sepvigny),
978 2810 1349 2866 medietatem
1383 2808 1616 2882 capellae
1646 2809 1716 2863 de
1757 2807 2064 2879 Sanpinia-

420 2920 485 2958 co
535 2901 1040 2973 (Champougny);
1096 2897 1431 2954 mexitatem
1480 2896 1734 2953 ecclesiae
1800 2897 1871 2951 de
1915 2896 2066 2951 Mor-

421 2990 736 3046 lain-eurte
789 2988 1238 3059 (.llorlaincourt),
1293 2985 1578 3058 capellam
1649 2986 1719 3041 de
1778 2984 2067 3056 Lagniaco

419 3081 653 3152 (Lagny‘)
682 3097 694 3148 ;
729 3077 1061 3134 adFaveriis
1094 3076 1386 3148 (Fautores)
1413 3075 1782 3131 medietatem
1813 3073 2090 3134 ecclesias.

2179 1854 2337 1916 sunt,
2361 1849 2676 1904 clementer
2703 1865 2769 1903 ac
2799 1849 3121 1904 secundum
3171 1850 3352 1905 Deum
3411 1850 3682 1906 ordinare
3736 1847 3829 1905 vel

2181 1939 2469 2010 corrigere
2498 1938 2747 1993 studeat.
2804 1937 2862 1993 Si
2913 1937 3045 2008 quis
3097 1943 3320 2007 tamen,
3377 1955 3578 1994 eorum
3612 1927 3833 2012 iniqua

2181 2027 2501 2098 cupiditate
2531 2043 2872 2098 Persuasus,
2894 2016 3043 2081 hanc
3059 2016 3480 2082 ordinationem
3505 2011 3768 2102 manu},
3791 2019 3832 2084 α

2180 2114 2348 2171 nobis
2379 2114 2755 2170 constitutam
2786 2113 3104 2186 infringere
3125 2119 3226 2170 aut
3253 2113 3467 2170 violare
3494 2103 3825 2181 tentaverit,

2179 2205 2327 2258 iram
2361 2203 2459 2258 Dei
2490 2203 2904 2275 omnipotentis
2936 2202 3215 2272 incurrat,
3244 2221 3308 2259 ac
3340 2221 3570 2276 poenam
3600 2203 3827 2276 sempi-

2177 2299 2352 2349 terna:
2375 2291 2768 2348 damnationis
2788 2279 3727 2366 irremediabiliterpersolvat,nec
3744 2295 3832 2349 sit

2181 2381 2263 2436 illi
2295 2399 2430 2455 pars
2463 2398 2596 2436 cum
2629 2381 2743 2438 Deo
2795 2381 2853 2436 in
2916 2382 3296 2438 retributione
3345 2373 3668 2454 juStorum,
3717 2384 3828 2440 sed

2179 2470 2391 2526 habeat
2423 2473 2643 2541 partem
2670 2468 2808 2525 'cum
2844 2470 3101 2542 principe
3133 2471 3526 2548 tenebrarum,
3560 2457 3831 2550 feratque

2170 2559 2464 2630 judicium
2497 2558 2701 2613 divinm
2756 2559 3017 2625 ultionis,
3077 2559 3394 2615 transﬁxus
3449 2557 3830 2616 anathemate

2175 2651 2462 2719 perpetua:
2491 2646 2938 2702 maledictionis.
2976 2647 3081 2712 Qui
3114 2664 3244 2703 vero
3275 2647 3366 2720 pio
3397 2648 3613 2703 intuitu
3639 2647 3828 2719 hujus

2176 2733 2460 2807 privilegii
2495 2735 2675 2791 nostri
2709 2727 2906 2791 cuStos
2938 2741 2994 2790 et
3023 2736 3359 2792 observator
3423 2736 3726 2810 exstiterit,
3788 2754 3830 2796 a

2177 2823 2422 2878 Domino
2449 2823 2562 2879 Deo
2593 2816 2844 2895 gratiam
2869 2827 3280 2896 consequatur,
3303 2829 3358 2881 et
3373 2829 3595 2881 aeternae
3617 2825 3825 2899 gloria

2177 2911 2467 2986 particeps
2497 2912 2803 2966 efﬁciatur.
3535 2985 3542 2990 .

2246 3003 2304 3056 In
2337 3002 2489 3066 cuius
2520 3002 2687 3057 bulla?
2715 3002 2920 3057 circulo
2958 3004 3033 3057 est
3062 3003 3326 3073 scriptum
3348 2987 3824 3078 ,οξΜιεὲΒιέισιωιᾼ

2176 3090 2389 3145 Donum
2414 3106 2594 3145 PLBNA
2622 3107 2722 3144 ss'r
2747 3107 2950 3145 reuna.
2978 3092 3042 3146 Et
3073 3092 3132 3146 in
3160 3090 3343 3146 media
3399 3091 3646 3148 circuli:
3698 3092 3819 3149 L30

420 3148 851 3224 estvdivmidium
875 3183 1147 3222 mansum
1172 3163 1369 3221 allodii
1390 3180 1521 3218 cum
1537 3163 1722 3218 servis
1739 3168 1795 3218 et
1812 3161 2059 3218 ancillis.

2187 3179 2347 3234 PAPA.
2385 3180 2574 3234 Postea
2598 3195 2858 3250 mag-num
2887 3179 2949 3233 B.
2986 3183 3044 3234 L.
3074 3195 3174 3250 pro
3202 3182 3584 3252 suscriptionc.

420 3257 811 3314 Con'cedimus
833 3257 1009 3311 etiam
1029 3253 1233 3309 altaria
1252 3253 1661 3324 praedictarum
1686 3252 2061 3307 ecclesiarum

421 3347 644 3417 absque
668 3343 844 3400 ullius
860 3343 1026 3414 pretii
1051 3341 1449 3411 redemptione
1468 3341 1526 3394 in
1551 3341 1764 3395 futuris
1793 3339 2065 3411 tempori-

420 3434 533 3487 bus
559 3430 853 3504 perpetuis
880 3429 1176 3500 possidere
1206 3447 1217 3495 ;
1253 3429 1487 3482 tertiam
1538 3432 1763 3499 partem
1799 3433 1964 3482 terra;
1995 3428 2064 3483 de

421 3519 666 3592 Cauleyo
699 3518 1005 3588 (Chauloy),
1039 3533 1170 3571 cum
1198 3516 1442 3570 dimidio
1461 3516 1653 3570 hanno
1675 3534 1687 3581 ;
1713 3519 1964 3586 quatuor
1985 3515 2064 3569 vi-

422 3621 562 3665 neas
593 3609 664 3663 ad
693 3605 1418 3662 Domnum-Germannum
1480 3601 1968 3675 (Dom-Gennain),
2010 3609 2067 3659 et

421 3697 622 3752 vinum
641 3694 842 3753 decani
872 3713 884 3762 ;
912 3695 981 3749 ad
1001 3691 1827 3760 Stratlcde-villare,mansum
1849 3710 2062 3762 unum;

421 3787 492 3841 ad
526 3784 1094 3842 Grandem-Frasum
1132 3780 1724 3854 (Fresnel-la-Gramie)
1756 3781 2062 3835 dimidEurn

421 3892 717 3930 mansum.
751 3875 1183 3929 Conﬁrmamus
1206 3887 1440 3942 quoque
1462 3870 1648 3925 eidem
1672 3869 1796 3925 loco
1820 3869 1918 3925 illa
1940 3889 2066 3942 quae

425 3968 555 4035 post
584 3961 1070 4018 constructionem
1107 3960 1293 4032 ipsius
1317 3958 1561 4015 cmnobii
1589 3960 1861 4030 praedicta
1889 3961 2068 4014 abba-

421 4051 569 4106 tissa
598 4066 704 4105 suo
736 4049 999 4105 studioso
1030 4049 1226 4104 labore
1257 4049 1585 4121 acquisivit.
1619 4049 1701 4103 Ad
1735 4048 2066 4104 Humberti-

421 4137 1162 4208 curtem(Humbcrcourtou
1181 4137 1556 4208 Ambercourt)
1579 4141 1695 4191 tres
1719 4137 2068 4208 quartarios,

422 4231 480 4282 et
506 4223 815 4280 dimidium
839 4223 1262 4288 molendinum,
1288 4241 1459 4295 quem
1484 4225 1643 4278 dedit
1663 4224 1846 4297 ipsius
1867 4242 2069 4282 mona-

423 4313 596 4370 sterio
628 4311 788 4368 Dado
805 4312 993 4366 miles.
1016 4311 1099 4366 Ad
1123 4312 1339 4366 Bactris
1364 4312 1671 4366 dimidium
1696 4331 1992 4380 mansum,
2015 4320 2071 4370 et

421 4399 626 4457 silvam
661 4402 815 4474 apud
849 4399 1382 4455 Valdonis-curtem
1410 4401 1864 4471 (l’aulioncouril,
1896 4420 2069 4475 quem

421 4491 580 4546 dedit
609 4489 929 4546 Mamsedis
963 4505 1107 4544 uxor
1135 4487 1443 4557 Windrici,
1478 4490 1548 4544 ad
1583 4491 2069 4547 Bosscvini-t‘ron-

418 4586 545 4636 tum
580 4585 698 4636 tres
729 4581 1064 4652 quartarios
1096 4595 1228 4634 cum
1262 4576 1409 4632 silva
1439 4585 1494 4632 et
1527 4580 1732 4650 pratis,
1753 4597 1878 4651 quae
1911 4579 2068 4636 dedit

422 4669 610 4725 Odilla
626 4669 1042 4734 uxorElbonis,
1060 4669 1213 4723 inter
1233 4668 1870 4723 Domnum-Martinum
1888 4669 2068 4740 (Dom-

421 4754 644 4828 Martin)
677 4763 733 4812 et
779 4759 1164 4819 Morti-curta,
1226 4773 1621 4829 mansumque
1671 4774 1843 4829 quem
1909 4759 2070 4814 dedit

422 4843 810 4900 Vindistoldis
829 4846 1636 4917 uxanirallideVendopera;
1659 4846 1723 4900 ad
1756 4846 2070 4902 Domuum-

427 4931 740 4986 Martinum
791 4950 969 5004 super
1017 4950 1228 5004 aquam
1275 4935 1557 5002 arandum
1613 4935 1974 5006 quartarinm
2014 4940 2072 4992 et

426 5019 627 5084 semis,
661 5023 717 5074 et
747 5024 862 5075 tres
897 5025 1087 5092 partes
1118 5022 1446 5076 medietatis
1474 5023 1728 5078 ecclesiae.
1757 5025 2067 5090 ;medicta-

423 5115 540 5166 tem
571 5109 830 5165 ecclesiae
862 5111 933 5165 de
969 5109 1217 5165 Puteolis
1247 5111 1556 5184 (Puisicua‘)
1589 5116 1645 5167 et
1705 5112 1886 5168 altare
1917 5116 2068 5186 ejus,

422 5204 479 5254 et
509 5198 874 5272 quartarium
906 5198 1056 5254 alodi
1079 5199 1147 5254 de
1165 5198 1442 5264 Puteolis,
1470 5217 1642 5271 quem
1667 5201 1827 5256 dedit
1849 5202 2071 5257 Radul-

423 5289 574 5360 phus
606 5305 707 5361 pro
741 5306 916 5344 uxore
946 5305 1072 5344 sua.
1103 5289 1384 5344 Prceterea
1405 5289 1774 5346 decernimus
1796 5295 1860 5346 ut
1881 5292 2070 5348 eidem

422 5377 682 5433 coenobio
715 5378 1068 5451 praeﬁciatur
1088 5377 1408 5449 abbatissa,
1426 5393 1552 5451 quae
1567 5379 1887 5435 secundum
1909 5398 2076 5457 regu-

495 5545 643 5623 (421)
678 5545 811 5622 Leg.
844 5564 882 5608 ι.

2245 3267 2456 3322 Datum
2491 3266 2760 3323 Kalendis
2781 3266 3045 3323 Octobris
3075 3285 3177 3340 per
3194 3285 3435 3324 manum
3453 3269 3604 3325 Petri
3628 3270 3823 3343 diaco-

2173 3355 2255 3422 ni,
2279 3354 2702 3411 bibliothecarii
2733 3360 2789 3412 et
2819 3355 3146 3412 cancellarii
3181 3361 3391 3413 sanctae
3405 3357 3679 3414 Romanae
3709 3353 3822 3436 se-

2173 3441 2380 3511 etesiae,
2414 3461 2567 3499 anno
2599 3462 2639 3498 ιι
2672 3444 2817 3516 (124)
2847 3445 3067 3499 domini
3100 3445 3306 3501 Leonis
3328 3463 3486 3519 papae
3508 3445 3599 3514 IX,
3632 3446 3828 3503 indic-

2175 3533 2436 3600 tionem,
2471 3551 2604 3589 cum
2637 3533 2879 3605 plumbo
2908 3538 2966 3590 et
2993 3533 3212 3590 chorda
3241 3535 3301 3590 in
3335 3551 3710 3608 pergameno.

2182 3713 2234 3766 S.
2287 3713 2397 3784 Leo,
2444 3712 2510 3784 IX
2560 3711 2732 3784 diem
2762 3711 3020 3767 dedicatae
3077 3712 3323 3769 edclesiw
3379 3713 3433 3768 S.
3490 3714 3722 3783 Remigii
3774 3713 3832 3784 (1

2251 3783 2514 3858 Octobris)
2598 3782 2864 3858 celebrem
2918 3799 3034 3838 esse
3088 3787 3344 3858 praecipit
3400 3801 3500 3857 per
3549 3782 3840 3840 Bernensis

2248 3855 2510 3925 episcopii
2545 3854 2802 3924 conﬁnia.

2798 3943 3202 4017 (AnnolOiej

2181 4031 2420 4102 [MabilL
2455 4032 2585 4086 Acta
2615 4030 2708 4086 SS.
2741 4030 2858 4087 0rd.
2893 4031 2946 4088 S.
2984 4031 3180 4174 B7e27gid.
3237 4033 3378 4090 Smc.
3423 4033 3496 4089 VI
3549 4034 3715 4105 parte
3764 4049 3838 4101 ιιι

2849 4119 2979 4174 pag.
3135 4147 3147 4159 .

2849 4119 2979 4176 pag.
2999 4119 3147 4174 ἠομ

2251 4191 2362 4244 Lso
2387 4191 2718 4263 episcopus,
2779 4208 2983 4248 servus
3032 4208 3329 4248 servorum
3387 4194 3512 4260 Dei,
3544 4192 3834 4249 fratribus

2179 4283 2237 4334 et
2264 4278 2402 4333 ﬁliis
2433 4279 2734 4335 catholicis
2787 4296 2891 4351 per
2944 4281 3284 4337 universum
3343 4299 3589 4355 regnum
3648 4281 3835 4338 Fran-

2179 4384 2380 4423 corum
2411 4367 2764 4434 constitutis,
2787 4368 3036 4424 salutem
3067 4374 3123 4425 et
3143 4371 3524 4442 apostolicam
3583 4371 3835 4428 benedi-

2182 4456 2454 4512 ctionem.

2247 4545 2621 4616 Compertum
2653 4545 2924 4601 charitati
2956 4550 3158 4602 vestrae
3190 4548 3484 4605 credimus
3513 4547 3670 4620 quod
3694 4537 3840 4619 post

2179 4633 2677 4690 consecrationem
2711 4639 2995 4704 nostram,
3024 4634 3186 4691 illam
3217 4636 3489 4693 videlicet
3517 4651 3632 4709 qua
3660 4629 3841 4691 beni-

2179 4724 2375 4796 gnitas
2406 4723 2506 4778 Dei
2537 4722 2927 4780 humilitatem
2960 4729 3222 4780 nostram
3279 4730 3492 4780 sanctis
3550 4711 3841 4780 Romani

2180 4811 2446 4868 Ecclesiae
2504 4827 2750 4883 praeesse
2791 4813 2995 4876 voluit,
3039 4813 3413 4870 Germaniam
3458 4813 3843 4886 Galliamque

2177 4900 2564 4966 visitavimus,
2595 4917 2660 4955 ac
2693 4900 3006 4956 Remorum
3031 4903 3234 4957 urbem
3248 4900 3844 4970 adeuntes,'m‘aximo

2178 4993 2310 5044 voto
2331 4993 2388 5043 et
2417 5005 2651 5044 summa
2681 4989 2984 5044 devotione
3005 4989 3310 5046 ecclesiam
3347 4989 3502 5046 beati
3552 4980 3841 5060 Remigii,

2181 5081 2245 5131 ut
2288 5077 2462 5148 longe
2517 5081 2650 5130 ante
2694 5077 3177 5142 desideravimus,
3232 5078 3346 5134 Deo
3403 5080 3720 5142 annuente,
3777 5079 3845 5132 et

2179 5165 2445 5236 ejusdem
2477 5163 2838 5219 sanctissimi
2869 5164 2972 5220 viri
3023 5162 3524 5238 patrocinantibus
3573 5164 3842 5230 meritis,

2181 5269 2314 5308 cum
2348 5267 2563 5324 magna
2591 5251 2777 5324 gloria
2805 5254 3226 5326 dedieavimus,
3258 5260 3434 5327 atque
3461 5257 3596 5325 post
3622 5267 3841 5309 conse-

2181 5341 2500 5398 crationem
2530 5339 2784 5396 ecclesia:
2815 5341 2873 5394 in
2904 5341 3108 5398 eadem
3139 5344 3430 5412 synodum
3460 5341 3840 5398 celebrantes

2181 5428 2442 5505 plurima
2473 5429 2545 5486 ad
2577 5425 2890 5486 utilitatem
2920 5429 3267 5490 Christianae
3293 5428 3592 5505 religionis
3624 5441 3845 5486 neces-
