4088 6174
232 265 376 343 en

1223 270 1632 334 EPISTOL/E
1675 275 1775 335 ΕΤ
1820 272 2182 335 DECRETA
2228 277 2699 341 PONTIFICIA.

3526 287 3657 349 618

255 396 434 465 saria,
477 396 724 455 consilio
757 399 1231 474 coepiscoporum
1265 407 1619 473 nostrorum,
1654 422 1899 463 assensu
1929 404 1986 471 Α
2013 406 2136 461 sias
2163 407 2394 475 habeat,
2446 414 2734 481 quatenus
2792 411 2953 467 nulla
3010 414 3384 473 ecclesiastici
3436 419 3658 477 ordinis

254 484 431 545 etiam
466 489 525 541 et
554 486 731 544 laude
768 487 905 546 cleri
938 493 994 546 et
1025 491 1245 564 populi,
1295 510 1544 565 quorum
1596 493 1909 550 innumera

255 573 574 632 multitudo
606 577 676 632 ad
709 580 885 634 tantae
919 579 1241 639 devotionis
1273 581 1665 638 celebritatem
1690 584 1909 639 conﬂu-

251 669 437 734 xerat,
462 666 792 723 staduendo
822 667 1333 726 conﬁrmavimus:
1361 688 1489 743 quae
1521 673 1717 728 omnia
1749 672 1906 744 capi-

251 753 392 809 tulis
423 754 652 827 digesta
681 755 833 811 inter
863 772 1116 813 canones
1165 758 1364 814 haberi
1412 761 1816 833 praecepimus,
1850 767 1908 817 et

250 843 542 916 postea,in
564 844 840 900 omnibus
861 846 1100 918 synodis
1119 862 1267 919 quas
1288 846 1904 921 habuimus,idipsum

250 928 599 987 ccaﬁrmare
625 932 981 988 curavimus.
1043 934 1113 989 Et
1151 935 1429 1007 quoniam
1492 937 1903 993 beatissimum

252 1019 588 1093 Remigium
620 1021 813 1093 gentis
842 1022 1195 1079 Francorum
1224 1025 1658 1097 praedicatorem
1690 1030 1747 1083 et
1767 1044 1904 1099 apo-

248 1107 470 1166 stolum
500 1109 745 1178 scimus,
776 1113 1039 1168 venerari
1072 1118 1129 1168 et
1157 1112 1445 1170 honorare
1490 1114 1679 1184 illum,
1727 1133 1903 1188 quem

248 1197 534 1254 Cominus
564 1198 623 1252 in
654 1199 829 1255 terris
849 1203 907 1255 et
935 1201 994 1255 in
1027 1201 1173 1257 caelo
1205 1201 1740 1276 miriﬁcavit,prout
1771 1222 1904 1277 pos-

246 1303 481 1354 sumus,
504 1286 813 1354 debemus,
837 1290 1163 1360 praesertim
1195 1307 1329 1346 cum
1363 1309 1595 1364 semper
1615 1293 1670 1348 in
1706 1299 1905 1349 nostro

244 1379 479 1447 pectore
511 1376 645 1432 inde
676 1376 866 1448 ipsius
897 1394 1066 1434 amor
1098 1379 1416 1436 ferventius
1475 1382 1697 1448 ardeat,
1748 1383 1900 1454 quod

244 1463 742 1536 pretiosissimum
774 1482 990 1537 corpus
1026 1466 1214 1539 ipsius
1244 1469 1605 1526 sanctissimi
1639 1471 1740 1525 viri
1772 1487 1903 1543 pro-

243 1552 394 1625 priis
413 1553 690 1609 manibus
719 1555 1139 1612 transferentes
1172 1556 1230 1611 in
1254 1556 1457 1614 locum'
1481 1558 1590 1614 sibi
1614 1576 1902 1631 praepara-

246 1646 403 1710 tum,
432 1641 698 1713 miraque
728 1642 1167 1715 pulchritudine
1197 1645 1474 1717 exquisiti
1507 1648 1701 1720 operis
1731 1648 1901 1705 deco-

248 1736 449 1787 ratum
480 1731 870 1803 reposuimus.
914 1732 1075 1790 Unde
1104 1738 1356 1792 vestram
1392 1737 1703 1794 admonere
1735 1737 1897 1794 volu-
1930 1774 1977 1839 Β

242 1819 779 1878 musdilectiouem
812 1826 898 1887 ut,
931 1821 1085 1879 sicut
1145 1841 1252 1880 nos
1310 1825 1370 1881 in
1428 1826 1556 1897 ejus
1602 1827 1899 1900 obsequiis

239 1909 617 1983 perpenditis
663 1909 970 1984 gratulari,
995 1912 1075 1967 ita
1102 1916 1159 1969 et
1187 1930 1289 1969 vos
1308 1931 1489 1971 causa
1519 1917 1707 1972 nostri
1738 1934 1899 1973 amo-

238 2002 347 2064 ris,
388 1998 760 2071 maximeque
797 2015 866 2056 ex
896 2000 1091 2057 debito
1121 2002 1349 2072 paterni
1388 2002 1649 2072 honoris,
1680 2004 1900 2061 solem-

241 2088 493 2145 nitatem
526 2089 677 2160 ejus,
710 2104 839 2160 quae
867 2094 958 2146 est
987 2089 1274 2147 Kalendas
1295 2091 1581 2163 Octobris,
1612 2093 1900 2151 celebrem

238 2176 517 2234 habeatis
544 2195 558 2245 ;
588 2177 730 2249 quia
756 2178 865 2234 etsi
897 2178 1030 2234 aliis
1060 2196 1174 2235 non
1205 2185 1294 2236 est
1322 2182 1646 2253 apostolus,
1702 2187 1898 2239 tamen

238 2265 410 2322 vobis
441 2271 572 2323 est:
607 2283 744 2322 nam
770 2267 1043 2339 primitias
1074 2268 1442 2340 apostolatus
1471 2272 1598 2340 ejus
1628 2288 1731 2327 vos
1759 2272 1901 2327 estis

238 2354 296 2411 in
324 2355 601 2412 Domino.
622 2355 792 2412 Hunc
819 2356 1019 2428 itaque
1053 2356 1334 2413 honorem
1366 2359 1515 2430 patri
1547 2363 1604 2415 et
1639 2358 1900 2432 apostolo

238 2449 440 2502 vestro
472 2444 765 2513 exhibete,
795 2447 863 2499 ut
881 2445 1054 2517 juxta
1083 2446 1444 2517 promissum
1479 2447 1733 2515 Domini,
1769 2448 1900 2504 lon-

238 2534 383 2606 gevi
408 2550 598 2606 super
624 2538 841 2591 terram
871 2534 1084 2602 vivere,
1116 2539 1175 2591 et
1204 2537 1467 2607 ejusdem
1499 2537 1687 2594 Patris
1719 2538 1900 2610 preci-

241 2623 355 2680 bus
375 2626 617 2679 cternte
638 2622 1022 2681 beatitudinis
1044 2624 1382 2682 felicitatem
1405 2627 1744 2683 mereamini
1766 2644 1898 2699 pos-

241 2713 461 2769 sidere.
497 2710 717 2768 Valete.

969 2820 1163 2877 XVIII.

244 2910 300 2966 S.
330 2914 442 2967 Leo
473 2910 545 2965 IX
570 2910 634 2964 in
661 2908 866 2981 synodo
893 2910 1352 2965 monasteriumS.
1377 2912 1616 2980 Remigii
1644 2913 1901 2969 Remense

816 2982 1127 3050 privilegiis
1153 2990 1337 3037 ornat.

875 3073 1065 3140 (Anno
1094 3070 1276 3139 1049.)

2019 513 2231 567 magna
2263 497 2348 554 vel
2380 517 2561 571 parva
2594 518 2840 573 persona
2871 501 2929 557 in
2976 491 3085 558 hoc
3117 502 3285 560 altari
3317 509 3469 578 quod
3522 526 3658 566 con-

2018 586 2396 655 secravimus,
2431 588 2674 645 missam
2705 590 2996 647 celebrare
3028 598 3365 675 praesumat,
3397 596 3512 652 nisi
3553 598 3660 654 Re-

2018 690 2249 730 morum
2284 676 2777 749 archiepiscopus,
2811 684 2868 734 et
2896 679 3075 751 hujus
3106 681 3215 736 loci
3246 682 3451 753 abbas,
3475 688 3533 740 et
3562 685 3656 741 cui

2015 761 2314 819 licentiam
2364 767 2672 835 concedet;
2734 767 3020 840 permissa
3049 770 3252 825 eadem
3295 770 3530 828 licentia
3559 788 3659 828 ca-

2017 851 2245 908 nonicis
2276 852 2580 910 Rcmensis
2609 854 2861 911 ecclesiae
2905 856 2996 912 bis
3041 856 3100 912 in
3138 875 3288 913 anno
3339 860 3397 914 in
3431 860 3655 917 Pascha

2018 940 2238 997 scilicet
2269 946 2325 996 et
2355 941 2412 996 in
2447 943 2886 1015 Rogationibus,
2920 950 3140 1017 septem
3174 948 3529 1020 presbyteris
3575 949 3656 1006 le-

2013 1029 2239 1100 gitimis
2270 1031 2340 1085 ad
2375 1030 2481 1087 hoc
2506 1032 2764 1087 ofﬁcium
2797 1034 3111 1105 deputatis,
3145 1052 3291 1107 quos
3328 1040 3384 1092 et
3413 1038 3658 1095 scientia

2013 1122 2200 1186 ornet,
2261 1136 2490 1174 morum
2559 1122 2813 1194 gravitas
2888 1127 2944 1178 et
3000 1122 3125 1178 vitae
3181 1125 3441 1196 probitas
3497 1143 3655 1181 com-

2016 1206 2270 1261 mendet.
2305 1207 2602 1275 Praeterea,
2636 1210 2774 1280 quia
2831 1210 2951 1265 haec
3009 1211 3251 1267 ecclesia
3308 1213 3380 1268 ab
3434 1212 3656 1285 iniquis

2014 1295 2426 1364 pervasoribus
2455 1312 2657 1367 graves
2688 1302 2747 1352 et
2776 1298 3130 1370 multiplices
3168 1317 3411 1356 suarum
3458 1318 3656 1358 rerum

2014 1387 2101 1438 est
2134 1401 2310 1455 passa
2335 1384 2601 1455 injurias,
2638 1402 2709 1441 ne
2742 1386 3056 1458 quisquam
3080 1389 3289 1443 amodo
3319 1389 3473 1445 villis
3506 1390 3658 1446 beati

2016 1471 2290 1545 Remigii,
2324 1490 2471 1543 quas
2502 1474 2761 1546 possidet
2791 1473 2877 1530 vel
2925 1476 3269 1548 possidebit,
3321 1481 3423 1532 aut
3476 1477 3660 1533 homi-

2014 1560 2189 1617 nibus
2213 1561 2365 1617 intra
2393 1562 2479 1617 vel
2532 1568 2694 1619 extra
2742 1564 2900 1634 ipsas
2946 1564 3117 1621 villas
3176 1565 3401 1638 positis,
3455 1581 3660 1639 graves

2014 1649 2468 1706 consuetudines
2500 1650 2763 1723 imponat
2782 1656 2837 1707 et
2860 1652 3113 1725 iniquas,
3130 1655 3473 1712 auctoritate
3504 1654 3660 1713 beati

2012 1736 2165 1792 Petri
2198 1737 2593 1810 apostolorum
2648 1739 2928 1811 principis
2973 1740 3375 1811 prohibemus,
3427 1747 3484 1799 et
3530 1760 3661 1816 qua

2010 1825 2294 1880 hactenus
2328 1826 2546 1897 injuste
2579 1827 2795 1882 fuerint
2827 1827 3139 1900 impositas,
3200 1831 3404 1885 eadem
3456 1834 3661 1887 sancta

2009 1918 2066 1971 et
2094 1913 2413 1969 inviolabili
2448 1915 2808 1982 auctoritate,
2842 1932 2913 1971 ne
2947 1915 3192 1972 ulterius
3232 1918 3379 1973 fiant
3423 1917 3660 1975 interdi-

2009 2003 2220 2069 cimus,
2281 2006 2508 2058 servata
2566 2003 2671 2057 hac
2720 2004 2775 2058 in
2834 2004 3108 2060 omnibus
3181 2005 3546 2074 auctoritate,
3593 2010 3661 2063 ut

2010 2091 2466 2147 consuetudines
2497 2092 2800 2163 quaejuste
2832 2093 2883 2148 ei
2915 2092 3242 2166 antiquitus
3272 2098 3411 2150 sunt
3440 2093 3655 2150 consti-

2009 2182 2168 2250 tutze,
2202 2184 2337 2235 ratae
2382 2185 2762 2252 permaneant
2819 2186 2877 2237 et
2934 2180 3244 2239 inviolatae.
3305 2184 3423 2239 Hoc
3480 2183 3658 2240 etiam

2010 2274 2212 2325 nostra
2236 2270 2578 2325 auctoritate
2619 2270 3059 2337 confirmamus,
3110 2273 3268 2343 quod
3328 2273 3494 2331 Wido
3550 2273 3658 2329 Re-

2013 2374 2239 2414 morum
2277 2358 2752 2432 archiepiscopus
2786 2362 3011 2430 partem
3062 2377 3240 2432 quam
3289 2360 3348 2416 in
3406 2364 3660 2418 mercato

2012 2449 2283 2516 habebat,
2336 2449 2489 2521 quod
2536 2454 2660 2504 erat
2713 2466 2793 2503 x11
2856 2448 3092 2506 Kalend.
3151 2451 3431 2507 Novemb.
3492 2451 3660 2507 beato
3727 2487 3740 2505 .

2013 2538 2278 2610 Remigio
2310 2542 2510 2594 nostro
2540 2538 2779 2593 obtentu
2812 2538 3069 2609 donavit,
3103 2556 3171 2595 ea
3218 2538 3551 2596 conditione
3596 2542 3662 2595 ut

2011 2643 2181 2683 nemo
2204 2628 2261 2682 in
2290 2626 2418 2699 ipso
2442 2632 2694 2683 mercato
2717 2628 2978 2701 quinque
2999 2628 3372 2684 denariorum
3404 2627 3656 2699 pretium

2009 2733 2113 2787 per
2141 2714 2471 2771 violentiam
2504 2716 2748 2782 auferat,
2782 2716 3001 2783 nullus,
3035 2716 3148 2772 nisi
3182 2716 3359 2787 hujus
3406 2714 3515 2770 loci
3555 2714 3658 2770 ab-

2008 2805 2134 2874 bas,
2169 2809 2271 2860 aut
2298 2805 2390 2859 cui
2423 2805 2545 2876 ipse
2567 2805 2835 2875 jusserit,
2867 2804 2946 2859 ibi
3005 2804 3332 2876 quidquam
3389 2802 3654 2876 accipiat.

2007 2892 2217 2948 Nullus
2286 2893 2356 2947 ad
2415 2892 2568 2947 idem
2628 2896 2951 2948 mercatum
3010 2892 3441 2963 convenientes,
3500 2891 3656 2964 quod

2008 2999 2087 3037 xu
2120 2980 2359 3036 Kalend.
2384 2980 2661 3036 Novemb.
2695 2980 3013 3037 statuimus
3070 2985 3127 3037 et
3183 2980 3653 3055 promulgamus,

2008 3069 2293 3124 veniendo
2314 3072 2370 3124 et
2392 3067 2688 3123 redeundo
2721 3069 2920 3136 caedat,
2954 3069 3254 3141 impediat,
3287 3075 3388 3126 aut
3416 3086 3520 3142 per
3537 3069 3656 3125 vim

247 3158 501 3232 [MabilL
537 3159 668 3214 Acta
696 3157 792 3213 SS.
850 3136 966 3213 ard.
1018 3157 1074 3214 S.
1135 3136 1358 3228 Bened.,
1415 3159 1556 3215 Saec.
1606 3160 1677 3215 VI
1735 3163 1899 3232 parte
1929 3136 1971 3203 C
2011 3158 2095 3215 eis
2125 3156 2346 3229 aliquid
2380 3156 2621 3212 auferat.
2653 3160 2981 3213 Statuentes
3014 3136 3124 3215 sub
3172 3136 3351 3213 divini
3397 3136 3656 3214 obtesta-

871 3245 932 3298 II,
966 3245 1098 3301 pag.
1128 3231 1281 3301 726.]

323 3332 445 3391 1m
476 3335 803 3408 episcopus,
835 3351 1038 3391 servus
1070 3351 1375 3391 servorum
1429 3336 1551 3402 Dei,
1593 3336 1900 3392 Hemmao

260 3423 483 3491 abbati,
516 3428 571 3479 et
592 3424 748 3480 omni
781 3424 1214 3497 congregationi
1245 3425 1665 3481 monachorum
1702 3426 1901 3482 Sancti

259 3511 508 3585 Remigii
541 3517 881 3585 perpetuam
911 3513 1181 3569 salutem.

318 3602 548 3659 Divina:
578 3602 861 3657 bonitatis
890 3619 1006 3658 non
1036 3602 1351 3660 immemor
1380 3608 1438 3660 et
1470 3605 1756 3677 ingratus,
1776 3620 1902 3676 quas

245 3709 359 3748 sua
386 3690 586 3766 gratia
614 3690 1006 3748 humilitatem
1035 3708 1227 3748 meam
1285 3692 1344 3747 in
1400 3694 1536 3749 sede
1589 3692 1907 3766 apostolica

245 3787 470 3838 sancta
501 3780 779 3836 Romana
808 3780 1078 3837 Ecclesia
1108 3780 1467 3853 sublimavit,
1496 3799 1567 3838 ne
1626 3800 1752 3838 mea
1806 3798 1904 3838 ne-

242 3869 540 3945 gligentia
563 3869 706 3925 mihi
730 3868 1068 3937 discrimen,
1099 3869 1478 3927 ecclesiarum
1508 3877 1704 3927 autem
1737 3870 1910 3928 faciat

244 3958 803 4027 ruinam,ecclesias
832 3974 961 4031 quae
982 3962 1183 4015 nostro
1204 3958 1553 4031 apostolatui
1580 3961 1905 4032 subjacent,

243 4047 546 4106 catholica
577 4046 868 4114 ordinare,
901 4063 1099 4121 regere
1151 4052 1209 4103 et
1266 4048 1595 4117 emendare,
1629 4065 1734 4105 nec
1792 4065 1906 4104 non

241 4135 585 4211 apostolica
612 4135 955 4192 auctoritate
1002 4136 1300 4192 immunes
1337 4140 1397 4192 et
1449 4136 1665 4193 liberas
1722 4138 1910 4193 facere

240 4225 564 4300 proposui,
597 4224 648 4280 si
676 4224 865 4280 sancti
888 4223 1164 4297 ESpiritus
1209 4226 1496 4297 benignus
1552 4225 1710 4282 favor
1764 4225 1911 4281 mihi

243 4314 561 4372 annuerit.
596 4312 784 4380 Unde,
815 4328 884 4368 ex
912 4312 1110 4370 debito
1140 4312 1327 4370 nostri
1364 4312 1746 4386 apostolatus,
1781 4317 1914 4386 post

244 4404 491 4478 aliquas
524 4402 806 4459 ecclesias
859 4418 1009 4474 quas
1065 4401 1188 4459 zelo
1240 4418 1559 4458 succensus
1609 4401 1914 4458 charitatis

243 4492 519 4558 visitavi,
553 4494 631 4559 et,
663 4490 862 4547 divina
900 4490 1304 4548 misericordia
1360 4506 1452 4546 me
1509 4490 1917 4562 praeveniente,
1950 4501 1995 4566 ι)

245 4588 309 4638 ut
337 4580 544 4655 potui,
572 4579 900 4647 emendavi,
931 4580 1005 4636 ad
1036 4580 1188 4636 hanc
1244 4579 1396 4636 beati
1429 4579 1675 4651 Remigii
1733 4578 1918 4637 eccle-

246 4671 403 4727 siam
441 4668 862 4736 dedicandam,
916 4668 987 4724 de
1036 4667 1451 4725 ecclesiasticis
1503 4668 1679 4723 etiam
1728 4669 1923 4724 causis

246 4761 634 4816 tractaturus
664 4761 724 4813 et
752 4757 1128 4825 deﬁniturus,
1164 4756 1389 4824 adveni,
1424 4757 1724 4812 conﬁdens
1756 4773 1923 4813 sanc-

246 4847 520 4904 tissimis
576 4845 804 4902 meritis
835 4845 1024 4918 ipsius
1081 4846 1345 4915 adjuvari
1415 4846 1488 4901 ad
1546 4845 1924 4902 obtinendam

245 4935 352 4993 Dei
386 4934 893 5001 misericordiam,
935 4934 987 4991 si
1036 4934 1258 5006 aliquid
1307 4934 1552 5007 dignum
1600 4939 1659 4990 et
1704 4952 1925 4991 memo-

244 5025 449 5082 rabile
486 5022 708 5096 egerim
741 5024 815 5078 ad
842 5022 1031 5094 ipsius
1061 5023 1340 5079 honorem
1400 5028 1456 5079 et
1508 5022 1773 5095 gloriam.
1810 5024 1926 5080 Hac

248 5113 450 5186 igitur
495 5111 766 5167 dedicata
818 5109 1083 5179 ecclesia,
1139 5110 1360 5183 placuit
1412 5111 1550 5167 huic
1609 5112 1819 5169 idonea
1874 5117 1932 5167 et

248 5200 600 5259 laudabilia
629 5199 997 5257 auctoritatis
1026 5204 1085 5256 et
1108 5203 1320 5256 nostris
1349 5200 1701 5258 visitationis
1752 5200 1930 5256 relin-

252 5307 451 5364 quere
486 5291 892 5346 monumenta.
928 5288 1334 5346 Deliberamus
1366 5289 1585 5361 itaque,
1627 5295 1685 5345 et
1733 5306 1929 5347 coram

246 5380 369 5438 hac
423 5381 642 5436 sancta
697 5377 921 5452 synodo
977 5377 1446 5453 promulgamus,
1503 5377 1821 5434 statuimus
1873 5382 1931 5435 et

249 5469 724 5536 conﬁrmamus,
777 5471 845 5524 ut
901 5467 1026 5524 hac
1090 5466 1337 5525 ecclesia
1398 5466 1505 5524 hoc
1557 5466 1929 5541 privilegium

252 5562 492 5620 nostra
524 5555 892 5618 auctoritatis
921 5573 1102 5631 supra
1150 5561 1387 5616 caeteras
1444 5556 1698 5617 Franciea
1751 5555 1929 5618 eccle-

598 5685 867 5753 Pn'aon.
911 5682 1176 5765 CXLIII,

2008 3248 2165 3303 tione
2187 3244 2420 3317 judicii,
2452 3250 2518 3301 ut
2539 3245 2639 3318 qui
2672 3246 2777 3301 hoc
2808 3246 3177 3319 privilegium
3203 3251 3415 3304 sanctae
3436 3247 3649 3303 Roma-

2009 3355 2095 3393 nae
2125 3335 2279 3392 sedis
2305 3334 2519 3390 violare
2558 3336 3019 3408 praesumpserit,
3070 3340 3348 3392 aeternam
3405 3336 3651 3391 damna-

2009 3426 2228 3481 tionem
2262 3421 2541 3479 inburrat.
2576 3424 2695 3478 Sub
2748 3424 2952 3480 eadem
3005 3425 3416 3492 obtestatione,
3454 3428 3654 3481 nostro

2011 3518 2262 3580 praecata
2322 3516 2379 3567 et
2424 3514 2646 3584 praefati
2704 3513 3126 3586 archiepiscopi
3180 3513 3506 3570 voluntario
3563 3530 3656 3569 as-

2014 3621 2213 3669 sensu,
2253 3602 2538 3658 remissus
2585 3606 2673 3657 est
2712 3602 2969 3658 ecclesias
3027 3608 3305 3675 sumptus
3364 3619 3540 3675 quem
3596 3601 3658 3657 in

2018 3694 2164 3749 festo
2189 3691 2376 3749 sancti
2423 3690 2671 3763 Remigii
2730 3692 3055 3763 accipiebat
3115 3691 3420 3748 Remensis
3469 3689 3659 3746 archi-

2018 3783 2349 3855 episcopus.

2086 3871 2298 3927 Datum
2327 3886 2391 3923 111
2416 3869 2610 3923 Nonas
2631 3867 2896 3924 Octobris
2931 3882 3035 3938 per
3072 3882 3316 3922 manum
3347 3866 3499 3922 Petri
3533 3867 3659 3923 dia-

2017 3959 2168 4028 coni,
2194 3955 2617 4013 bibliothecarii
2640 3961 2695 4011 et
2724 3955 3053 4011 cancellarii
3083 3960 3294 4012 sanctae
3329 3953 3660 4028 apostolicae

2018 4048 2199 4114 sedis,
2230 4060 2380 4101 anno
2412 4043 2611 4100 domni
2648 4044 2855 4101 Leonis
2887 4061 3047 4118 papae
3080 4044 3153 4100 IX
3185 4062 3222 4114 1,
3256 4044 3460 4102 indict.
3496 4060 3580 4101 ιιι.

2775 4169 2915 4226 XIX.

2022 4262 2178 4318 Bulla
2200 4262 2394 4318 Leonis
2424 4260 2488 4315 IX
2511 4256 2735 4329 Gedulfo
2763 4260 3102 4316 Stabulensis
3150 4261 3410 4318 Ecclesia:
3454 4262 3668 4316 thesau-

2090 4335 2240 4389 rario
2269 4347 2535 4400 concessa,
2580 4348 2687 4401 qua
2733 4347 2918 4387 omnes
2966 4334 3323 4403 possessiones
3367 4331 3437 4386 ad
3492 4332 3665 4387 dotem

2091 4405 2286 4460 altaris
2336 4419 2609 4460 concessas
2662 4402 2882 4475 aliaque
2946 4402 3247 4474 privilegia
3326 4403 3667 4459 Stabulensis

2092 4477 2432 4533 thesaurariz'
2460 4478 2766 4547 confirmat.

2647 4567 2834 4632 (Anno
2866 4562 3048 4629 1049.)
3468 4614 3473 4615 ,

2318 4652 2619 4723 [Martene,
2650 4652 2877 4723 Amplis.
2913 4648 3133 4704 Cotlect.
3169 4649 3237 4704 ΙΙ.
3269 4648 3386 4718 69.]

2106 4762 2219 4815 Leo
2251 4759 2582 4831 episcOpus,
2617 4773 2821 4813 servus
2851 4771 3148 4812 servorum
3196 4754 3320 4823 Dei,
3381 4753 3673 4822 Genuam,

2034 4848 2402 4906 Stabulensis
2432 4845 2685 4902 ecclesiae
2718 4843 3103 4909 thesaurario,
3150 4843 3495 4917 cunctisque
3552 4842 3678 4900 suis

2033 4936 2470 4993 successoribus
2498 4933 2873 5006 apostolicam
2903 4933 3390 4989 benedictionem.

2108 5023 2421 5080 Pastoralis
2450 5038 2598 5077 cura:
2648 5021 2950 5094 vigilantia
3004 5021 3240 5095 propria
3297 5037 3405 5077 nos
3458 5018 3678 5077 sollici-

2036 5113 2239 5169 tudine
2268 5112 2534 5167 hortatur
2564 5116 2629 5166 ut
2653 5112 2813 5167 omni
2858 5112 3053 5169 studio
3110 5109 3437 5168 commodis
3492 5107 3675 5163 eccle-

2038 5202 2261 5256 siarum
2283 5200 2383 5255 Dei
2418 5200 2810 5269 intendamus,
2832 5206 2888 5257 et
2916 5201 3199 5273 quidquid
3226 5197 3406 5269 quieti
3430 5196 3677 5249 fratrum

2039 5294 2096 5344 et
2143 5290 2512 5344 ﬁrmamento
2572 5290 3011 5361 possessionum
3067 5283 3427 5352 conduxerit,
3504 5280 3679 5338 hilari

2039 5377 2233 5433 animo
2263 5381 2320 5433 et
2341 5378 2619 5434 munifico
2651 5379 2901 5451 praebere
2931 5378 3265 5433 debeamus.
3301 5373 3449 5438 Quia
3498 5371 3680 5446 igitur

2042 5467 2218 5522 frater
2261 5466 2619 5533 Gendulfus,
2666 5464 3027 5523 Stabulensis
3078 5460 3343 5519 Ecclesiae
3392 5462 3676 5528 aedituus,

2039 5554 2252 5616 notitia
2301 5555 2470 5618 nobis
2525 5560 2584 5616 et
2649 5552 3040 5616 familiaritate
3086 5556 3361 5628 acceptus
3391 5596 3410 5627 ,
3491 5552 3681 5627 provi-

3287 5682 3367 5750 20
