4088 6174
434 300 552 366 619

1500 303 1565 362 S.
1612 298 1891 361 LEONIS
1938 296 2016 361 IX
2067 298 2294 360 PAP/E
2339 296 2773 363 UPUSCULA.

3714 292 3830 359 620

435 436 694 492 dentiam
715 438 979 490 nostram
1012 432 1213 504 adivit,
1257 436 1461 506 petens
1494 438 1557 486 ut
1604 432 1795 487 officio
1854 432 1946 506 cui
1978 432 2077 486 de-
2107 437 2160 498 Α
2261 433 2469 487 Datum
2494 451 2550 486 ιιι
2585 434 2780 488 Nonas
2810 430 3078 488 Octobris
3122 447 3226 504 per
3255 445 3498 485 manum
3529 427 3681 484 Petri
3713 427 3834 483 dia-

434 524 621 581 dervit
649 529 861 580 nostris
879 522 1488 578 auctoritatisdecreto
1513 522 1949 576 firmamentum
1979 521 2081 574 ad-

437 615 736 670 deremus.
796 613 933 677 Nos,
966 615 1022 666 et
1050 612 1321 682 aequitate
1352 610 1596 680 jnstitize
1630 613 1686 664 et
1716 608 1920 665 sedula
1967 609 2079 663 fra-

433 703 542 760 tris
572 701 854 775 petitione
885 700 1247 766 commoniti,
1282 699 1586 771 prmeentis
1618 698 1805 753 edicto
1857 698 2079 770 pagina

437 808 642 849 omnes
672 789 1075 864 possessiones
1106 804 1231 860 quis
1263 788 1334 842 ad
1382 787 1577 843 dotem
1625 786 1824 842 altaris
1876 803 2082 858 supra-

438 881 604 937 dicta:
632 879 886 937 ecclesia:
923 877 1208 950 pertinere
1238 882 1582 942 noscuntur,
1615 874 1918 930 inviolatae
1953 891 2081 945 per-

334 969 349 979 ’
441 985 675 1026 manere
706 966 1142 1024 constituimus.
1174 965 1550 1036 Principimus
1580 964 1757 1019 etiam
1815 967 1897 1031 ut,
1932 962 2084 1019 sicut

440 1057 725 1114 hactenus
760 1055 916 1111 idem
975 1054 1177 1119 frater,
1220 1069 1353 1108 cum
1414 1052 1537 1107 suis
1591 1050 2081 1113 antecessoribus,

439 1145 745 1202 ratiocinia
772 1160 880 1200 sua
899 1143 960 1199 in
978 1142 1061 1199 eis
1077 1141 1178 1213 qui
1199 1141 1400 1196 vinum
1427 1145 1526 1196 aut
1566 1139 1763 1211 plures
1812 1139 2083 1194 denarios

439 1234 511 1290 ad
542 1232 723 1290 altare
768 1249 873 1305 pro
904 1248 1082 1287 sensu
1110 1228 1317 1301 capitis
1351 1228 1705 1300 persolvunt,
1768 1228 1893 1282 sine
1946 1243 2081 1281 con-

437 1322 785 1378 tradictione
814 1319 1055 1391 accepit,
1078 1317 1160 1373 ita
1187 1318 1463 1389 deinceps
1484 1333 1619 1371 cum
1640 1315 2084 1371 successoribus

438 1411 563 1466 suis
584 1407 872 1465 immobili
896 1407 1171 1462 firmitate
1191 1405 1477 1473 obtineat;
1505 1406 1560 1460 id
1578 1410 1750 1476 estqu
1764 1404 1962 1474 idquid
1981 1421 2083 1475 pro

436 1496 835 1554 interfectione
864 1496 974 1551 viri
1004 1494 1118 1564 sui,
1150 1494 1237 1551 vel
1268 1512 1372 1566 pro
1423 1494 1703 1549 effusione
1755 1493 2081 1563 sanguinis,

434 1586 521 1642 vel
554 1603 657 1659 pro
684 1585 1010 1659 imparibus
1042 1583 1264 1656 nuptiis
1307 1582 1571 1638 saeculari
1625 1583 1760 1653 jure
1805 1580 2084 1656 persolvi-

434 1680 553 1747 tur,
588 1676 660 1730 ad
694 1673 1129 1731 thesaurarium
1160 1671 1413 1728 ecclesim
1469 1671 1595 1726 sine
1652 1670 1770 1726 ulla
1828 1670 2083 1742 refraga-

435 1766 591 1820 tione
632 1763 947 1836 perveniat.
1009 1762 1125 1816 Nec
1182 1760 1349 1815 liceat
1396 1759 1708 1814 abbatibus
1763 1763 1863 1813 aut
1910 1758 2080 1813 alicui

437 1851 903 1924 praepositorum,
937 1848 1025 1905 vel
1056 1865 1298 1904 censum
1357 1847 1575 1919 ipsum,
1634 1846 1720 1901 vel
1783 1847 2085 1902 ratiocinia

438 1956 566 2011 qum
598 1955 666 1995 ex
692 1938 1044 2011 supradictis
1073 1941 1130 1993 et
1186 1935 1318 1993 aliis
1371 1937 1546 1992 rebus
1603 1936 1971 2008 proveniunt,
2024 1936 2083 1991 in

439 2028 675 2085 feodum
706 2027 866 2095 dare,
896 2025 985 2083 vel
1013 2025 1127 2082 alio
1159 2042 1510 2098 quocunque
1538 2026 1708 2081 modo
1761 2026 1905 2097 ipsis
1949 2026 2084 2079 mdi-

438 2116 558 2174 tuis
587 2115 770 2173 ullam
801 2114 1250 2172 diminutionem
1281 2115 1368 2170 vel
1397 2114 1805 2170 alienationem
1838 2115 1970 2169 inde
1997 2115 2086 2169 fa-

441 2222 589 2263 cere.
623 2205 786 2274 Quod
835 2204 1171 2276 quicunque
1224 2203 1684 2276 praesumpserit,
1734 2203 1883 2257 beati
1934 2203 2085 2257 Petri

441 2300 499 2352 et
527 2298 727 2351 nostra
756 2294 1096 2350 auctoritate
1126 2292 1517 2348 anathematis
1547 2290 1777 2347 vinculo
1803 2291 2085 2347 irrevoca-

440 2383 638 2441 biliter
680 2382 955 2457 illigetur.
980 2383 1114 2449 Hoc,
1146 2382 1301 2453 quod
1324 2398 1427 2453 pro
1457 2380 1843 2452 amplitudine
1864 2397 2088 2452 posses-

440 2474 675 2531 sionum
708 2489 950 2529 suorum
981 2471 1067 2527 illi
1125 2469 1381 2526 ecclesia:
1440 2470 1943 2541 pernecessarium
1975 2472 2082 2533 est,

440 2564 595 2619 beati
616 2561 767 2618 Petri
793 2561 1135 2618 auctoritate
1157 2557 1445 2614 immobili
1495 2559 1727 2613 decreto
1757 2560 2085 2624 firmamus,

443 2656 528 2721 ut,
561 2650 923 2724 quiabeatus
957 2648 1266 2705 Remaclus
1325 2647 1632 2719 utriusque
1691 2646 1801 2703 loci
1859 2646 2087 2718 primus

442 2741 735 2810 fundator,
769 2739 967 2795 relicto
999 2736 1328 2810 Tungrensi
1358 2736 1693 2809 episcopatu
1716 2753 1851 2790 cum
1886 2736 2088 2791 infulis

447 2828 905 2903 pontificalibus,
937 2828 1158 2884 eisdem
1188 2825 1332 2881 locis
1363 2824 1589 2898 primus
1624 2825 1804 2881 abbas
1836 2823 2088 2896 praefuit,

447 2918 723 2974 omnibus
752 2917 1089 2974 eorumdem
1120 2915 1382 2971 locorum
1429 2913 1743 2969 abbatibus
1806 2914 1976 2968 firma
2033 2917 2091 2968 et

447 3006 631 3062 libera
661 3005 879 3079 ligandi
910 3009 1084 3077 atque
1113 3004 1371 3060 solvendi
1420 3008 1676 3075 potestas
1732 3008 2090 3075 permaneat,

447 3101 506 3153 et
535 3111 732 3152 rerum
766 3111 1008 3151 suarum
1039 3095 1334 3150 invasores
1363 3110 1397 3148 a
1454 3092 1889 3147 Christianitate
1957 3109 2089 3147 sus-

452 3184 705 3258 pendere
752 3184 1085 3256 iterumque
1139 3186 1200 3237 et
1236 3180 1635 3237 communioni
1693 3188 1905 3235 sanctze
1966 3197 2083 3235 res-

452 3274 664 3330 tituere
695 3272 1063 3346 praevaleant.

522 3362 668 3418 Data
693 3362 891 3416 Remis
912 3376 974 3415 ιιι
994 3359 1188 3413 Nonas
1210 3358 1545 3413 Decembris
1567 3360 1734 3428 (125),
1755 3374 1856 3429 per
1880 3375 2092 3413 manus

452 3450 602 3506 Petri
633 3447 882 3513 diaconi,
913 3445 1338 3502 bibliothecarii
1387 3451 1444 3501 et
1493 3446 1819 3502 cancellarii
1879 3451 2090 3502 sanctae

448 3543 506 3596 et
530 3535 862 3610 apostolicae
902 3535 1079 3604 sedis,
1124 3552 1277 3591 anno
1316 3534 1628 3591 Dominicae
1674 3534 2090 3590 incarnationis

447 3627 605 3697 1049,
629 3642 783 3683 anno
804 3624 1005 3681 domni
1023 3624 1229 3681 Leonis
1265 3624 1400 3680 noni
1433 3642 1591 3696 papae
1631 3624 1907 3691 secundo,
1938 3623 2089 3678 indi-

446 3717 638 3773 ctione
670 3731 747 3771 ιν.

1226 3803 1340 3859 ΧΧ.

448 3896 502 3952 S.
513 3895 701 3952 Leonis
721 3896 789 3949 IX
798 3895 1156 3965 privilegium
1170 3893 1233 3965 de
1250 3893 1595 3965 immunitate
1608 3892 1885 3961 prioratus
1902 3890 2092 3965 Sancti

516 3963 914 4034 Marcutﬁ,_seu
941 3963 1183 4021 ecclesiae
1203 3964 1269 4019 de
1303 3964 1642 4029 Corbiniaco,
1691 3979 1726 4017 a
1753 3963 2086 4018 monasterio

515 4036 707 4091 Sancti
734 4036 972 4103 Remigii
996 4035 1364 4106 dependentis.

1065 4123 1257 4192 (Anno
1297 4123 1471 4193 1019.)

444 4208 1081 4282 [Marlot;Metropolis
1132 4210 1436 4265 Remensis
1484 4211 1758 4267 Historia.
1810 4213 1880 4278 Il,
1933 4211 2081 4282 108.]

513 4299 791 4372 Congruit
811 4295 1163 4369 apostolatui
1178 4301 1373 4352 nostro
1396 4314 1498 4369 pro
1514 4299 1798 4355 universis
1810 4299 2083 4356 Ecclesiis

442 4388 645 4456 Dei,ne
664 4388 881 4443 damna
901 4403 1095 4442 rerum
1114 4402 1356 4442 suarum
1404 4387 1864 4456 sustineant,sed
1892 4387 2080 4460 magis

442 4480 501 4535 in
532 4476 746 4535 melius
776 4482 1100 4549 augeantur
1155 4479 1214 4530 et
1270 4481 1554 4543 crescant,
1585 4493 1784 4532 curam
1843 4476 2075 4533 habere.

440 4568 646 4641 Igitur,
680 4566 820 4639 quia
842 4564 1222 4620 fraternitatis
1238 4567 1348 4620 tuae
1377 4564 1608 4620 dilectio
1633 4581 1738 4621 nos
1769 4564 2079 4637 postulavit

437 4662 729 4729 quatenus
751 4653 1172 4710 monasterium
1204 4654 1357 4725 quod
1383 4670 1619 4725 corpore
1641 4655 1791 4710 beati
1816 4653 2076 4709 Marculﬁ

437 4744 800 4809 nobilitatur,
824 4743 958 4799 etin
996 4743 1333 4815 episcopatu
1358 4743 1729 4799 Laudunensi
1760 4743 1940 4797 situm
1968 4747 2077 4809 est,

436 4828 736 4902 privilegio
767 4833 983 4885 sanctae
1015 4830 1171 4885 sedis
1201 4829 1527 4902 apostolicae
1560 4830 2076 4902 muniremus,quo

435 4918 508 4974 ad
537 4917 638 4973 Dei
669 4917 1086 4988 omnipotentis
1112 4910 1342 4973 laudem
1400 4922 1457 4973 et
1505 4919 1768 4989 ejusdem
1812 4918 2072 4974 Marculﬁ

433 5004 940 5063 honoriﬁcentiam
973 5004 1194 5061 nullius
1220 5005 1475 5061 hominis
1498 5006 1736 5062 avaritia
1755 5011 1812 5061 et
1838 5007 2074 5062 temeri-

431 5097 552 5153 tate
579 5094 768 5151 valeat
797 5094 854 5149 in
888 5110 1184 5166 quoquam
1218 5095 1415 5151 minus
1455 5094 1675 5164 violari,
1726 5096 1822 5151 sed
1878 5097 2072 5165 potius

430 5190 716 5260 augeatur
744 5188 801 5239 et
826 5187 1083 5238 crescat:
1119 5189 1352 5255 propter
1390 5184 1776 5239 interventum
1826 5189 1937 5238 tuae
1985 5185 2073 5240 di-

430 5274 697 5332 lectionis
725 5273 1146 5330 confirmamus
1177 5276 1233 5327 et
1258 5273 1704 5329 corroboramus
1730 5272 1838 5329 hoc
1873 5278 2070 5329 nostro

431 5364 796 5420 auctoritatis
852 5360 1151 5435 privilegio
1208 5360 1395 5417 eidem
1461 5362 1811 5418 monasterio
1866 5378 2069 5418 omnes

431 5452 851 5524 possessiones,
882 5455 991 5506 etc.

2191 520 2341 584 coni,
2363 521 2786 575 bibliothecarii
2817 526 2874 575 et
2897 519 3225 576 cancellarii
3256 523 3470 575 sanctae
3501 515 3831 589 apostolicae

2192 608 2370 675 sedis,
2405 625 2556 663 anno
2587 610 2788 664 domni
2818 625 2979 681 papae
3000 608 3207 663 Leonis
3247 607 3384 662 noni
3438 605 3648 679 primo,
3679 604 3831 659 indi-

2192 698 2381 751 ctione
2411 699 2599 752 tertia.

2192 885 2246 939 S.
2282 886 2382 939 Leo
2410 886 2478 939 IX
2502 884 2787 953 conﬁrmat
2835 795 3129 954 ρηύξιῖἑέα
3174 883 3415 939 αὺὸαιίέε
3441 885 3500 938 S.
3566 880 3834 953 Dionysii.

2813 990 2997 1061 (Anno
3031 989 3213 1060 1049.)

2191 1095 2482 1167 [Doublet,
2534 1097 2771 1151 Histoire
2843 1095 2907 1150 de
2963 1095 3216 1167 l'abbaye
3281 1095 3347 1152 de
3426 1094 3582 1150 Saint
3632 1094 3835 1167 Donys,

2849 1182 2981 1239 pag.
3016 1166 3139 1221 464.

2263 1284 2394 1349 Lso,
2428 1299 2629 1338 servus
2661 1298 2959 1338 servorum
2997 1281 3098 1337 Dei
3130 1285 3186 1337 et
3242 1279 3506 1337 Ecclesiae
3561 1280 3837 1335 Romanas

2194 1373 2527 1444 episropus,
2561 1372 2795 1443 regibus
2826 1375 2881 1425 et
2919 1371 3190 1437 ducibus,
3245 1369 3609 1442 principibus
3658 1374 3839 1441 atque

2195 1460 2681 1526 dominatoribus,
2715 1464 2769 1514 et
2800 1460 2884 1515 eis
2906 1460 3007 1531 qui
3033 1476 3187 1515 nunc
3206 1463 3417 1514 suntet
3445 1457 3673 1514 venturi
3697 1462 3841 1513 sunt

2196 1550 2410 1604 tuturis
2433 1548 2813 1621 temporibus.

2265 1637 2547 1702 Quoniam
2575 1637 2755 1707 justis
2787 1636 3169 1708 petitionibus
3207 1652 3515 1691 assensum
3567 1638 3842 1691 nostrum

2197 1726 2448 1797 praebere
2480 1728 2536 1778 et
2565 1724 2831 1780 Ecclesiae
2887 1729 3101 1779 sanctae
3147 1724 3456 1797 vigilanter
3483 1723 3844 1779 utilitatibus

2192 1820 2417 1885 oportet
2443 1813 2740 1881 inservire,
2774 1819 2882 1868 Deo
2916 1820 3113 1868 nostro
3144 1814 3269 1869 sine
3326 1812 3505 1868 dubio
3564 1828 3669 1884 per
3729 1812 3843 1867 hoc

2194 1919 2499 1975 speramus
2523 1919 2630 1957 nos
2652 1901 2955 1973 placere,si
2976 1920 3066 1958 res
3092 1906 3149 1957 et
3166 1900 3590 1957 ecclesiasticas
3623 1899 3842 1956 consti-

2194 1992 2467 2049 tutiones.
2501 2008 2534 2045 a
2566 1990 2783 2045 sanctis
2806 1991 3076 2046 Patribus
3106 1991 3188 2045 ita
3216 1994 3280 2043 ut
3310 1988 3644 2045 constitutae
3676 1991 3843 2053 sunt,

2194 2097 2473 2151 cogamus
2505 2095 2865 2151 permanere,
2890 2084 2964 2147 et,
2991 2096 3061 2134 ne
3083 2078 3356 2150 deinceps
3379 2078 3450 2133 ab
3480 2076 3699 2149 iniquis
3721 2076 3846 2132 im-

2195 2185 2348 2239 pune
2378 2172 2848 2239 corrumpantur,
2885 2173 3085 2223 nostra
3141 2167 3486 2222 auctoritate
3542 2167 3842 2220 roborare..

2194 2258 2556 2328 Quapropter
2586 2264 2789 2311 notum
2821 2257 3068 2311 facimus
3099 2254 3487 2327 praesentibus
3515 2259 3571 2309 et
3597 2252 3844 2323 futuris,

2195 2345 2470 2400 omnibus
2486 2345 2750 2400 videlicet
2774 2344 3008 2416 regibus
3029 2348 3087 2400 et
3117 2341 3762 2415 ducibus,principibus
3782 2345 3849 2397 et

2195 2432 2685 2499 dominatoribus,
2718 2449 2819 2488 seu
2850 2432 3078 2507 cunctis
3109 2430 3441 2504 apostolicae
3472 2430 3629 2487 sedis
3659 2428 3849 2485 ﬁdeli-

2196 2524 2327 2586 bus.
2361 2523 2511 2594 quod
2547 2521 2895 2578 venerabilis
2953 2521 3136 2576 abbas
3184 2522 3345 2592 [iugo
3403 2525 3460 2575 et
3513 2519 3847 2575 monachus

2196 2610 2535 2667 monasterii
2564 2611 2713 2666 beati
2732 2611 2986 2683 Dionysii
3010 2609 3305 2682 martyris,
3337 2608 3437 2663 ubi
3459 2608 3585 2680 ipse
3600 2614 3848 2664 sanctus

2199 2702 2255 2755 lu
2277 2716 2512 2771 ευτροιν
2533 2700 2862 2770 requiescit,
2889 2703 3150 2755 nostram
3182 2697 3641 2754 benevolentiam
3662 2698 3849 2769 preci-

2196 2790 2306 2843 bus
2330 2788 2737 2860 imploravere,
2769 2793 3059 2859 quatenus
3082 2787 3383 2861 privilegia
3412 2788 3598 2843 eidem
3632 2804 3845 2843 mona-

2197 2877 2374 2933 sterio
2396 2894 2429 2932 a
2445 2876 2681 2933 domino
2704 2878 3025 2950 Dagoberto
3049 2877 3403 2933 Francorum
3446 2892 3601 2949 rege,
3649 2876 3846 2948 ipsius

2196 2966 2307 3022 loci
2330 2966 3064 3034 fundatore,concessa,sed
3090 2970 3147 3021 et
3166 2965 3475 3022 Clodovius
3497 2964 3651 3020 filius
3685 2966 3843 3037 ejus,

2200 3071 2518 3129 regumque
2538 3054 2713 3109 simul
2730 3071 2932 3111 eorum
2955 3054 3220 3110 omnium
3242 3045 3683 3110 immunitatum
3707 3070 3847 3110 con-

2121 3171 2163 3237 ρ
2201 3144 2582 3208 firmationes,
2607 3144 2943 3216 quicunque
2973 3160 3143 3199 suam
3177 3142 3259 3197 illi
3290 3142 3646 3199 monasterio
3684 3143 3845 3199 beati

2203 3232 2460 3306 Dionysii
2494 3231 2765 3303 martyris
2793 3232 3196 3288 auctoritatem
3227 3231 3667 3304 promulgantes
3698 3249 3847 3304 pras-

2202 3322 2500 3387 stiterunt,
2521 3322 2621 3377 sed
2643 3326 2700 3377 et
2722 3320 3087 3394 privilegium
3129 3320 3285 3392 quod
3309 3320 3443 3375 fecit
3470 3318 3759 3375 Dominus
3790 3323 3850 3376 et

2201 3410 2546 3466 venerabilis
2568 3410 2942 3478 Landericus,
2968 3410 3265 3482 parisiacae
3297 3410 3461 3464 urbis
3504 3409 3847 3481 episcopus,

2200 3517 2317 3554 una
2339 3516 2471 3554 cum
2495 3516 2783 3555 consensu
2803 3515 3044 3555 suorum
3067 3497 3478 3555 canonicorum
3508 3497 3851 3570 pariterque

2200 3587 2453 3660 regionis
2468 3586 2626 3643 illius
2644 3588 3152 3659 episcoporum,de
3165 3587 3430 3643 libertate
3449 3590 3505 3643 et
3525 3586 3851 3643 emissione

2198 3677 2541 3732 clericorum
2558 3677 2617 3730 in
2637 3677 2762 3731 suis
2778 3675 3083 3732 ordinibus
3094 3675 3547 3747 omnibus,quod
3568 3672 3855 3731 videlicet

2198 3782 2421 3832 omnes,
2447 3764 2772 3821 secundum
2799 3768 2985 3822 metas
3007 3782 3042 3820 a
3069 3781 3132 3820 se
3161 3764 3464 3831 discretas,
3494 3762 3552 3817 in
3581 3761 3853 3819 circum-

2197 3854 2417 3925 scripto
2448 3852 2571 3909 loco
2601 3853 2860 3910 ecclesiis
2890 3855 3210 3910 servientes
3257 3870 3293 3908 a
3333 3869 3440 3908 sua
3485 3855 3543 3907 et
3571 3851 3852 3907 omnium

2195 3960 2437 3999 suorum
2466 3959 2870 3999 successorum
2903 3947 3186 4015 potestate
3224 3938 3493 4008 absolvit,
3540 3944 3600 3997 et
3642 3940 3850 3996 abbati

2195 4037 2251 4088 et
2282 4032 2561 4088 fratribus
2594 4032 2899 4088 monachis
2931 4031 3251 4104 supradicti
3273 4029 3607 4088 monasterii
3629 4044 3850 4103 regen-

2193 4121 2333 4176 dum
2348 4121 2848 4193 etdisponendum
2863 4120 3215 4176 contradidit
3230 4123 3687 4191 sanctorumque
3699 4135 3851 4191 prte-

2193 4211 2564 4266 decessorum
2598 4214 2952 4278 nostrorum,
3008 4210 3404 4265 Romanorum
3470 4207 3846 4279 pontificum,

2188 4297 2818 4370 Zachariaa,Stephani,
2853 4298 3079 4367 Leonis,
3114 4297 3374 4363 Adriani,
3408 4295 3628 4353 Nicolai
3662 4296 3847 4368 privi-

2187 4387 2472 4459 legiorum
2506 4387 2737 4443 decreta
2766 4391 2969 4443 sancta
3018 4393 3077 4443 et
3120 4385 3443 4460 apostolica
3491 4384 3848 4442 auctoritate

2188 4477 2552 4545 conﬁrmata,
2586 4493 2690 4531 nec
2720 4493 2835 4531 non
2868 4476 3234 4549 privilegium
3267 4475 3467 4532 domni
3512 4475 3702 4529 [Ensis
3732 4474 3848 4530 Pa-

2188 4564 2451 4620 risiensis
2467 4564 2631 4620 urbis
2649 4564 2905 4637 episcopi
2926 4568 2984 4620 et
3009 4565 3420 4637 episcoporum
3446 4562 3606 4618 illius
3637 4563 3849 4634 patrie

2189 4654 2260 4708 de
2292 4653 2551 4724 praedicti
2581 4652 2690 4709 loci
2723 4652 3216 4719 corroboratione,
3252 4652 3616 4724 temporibus
3644 4650 3850 4707 Caroli

2187 4742 2340 4813 regis
2373 4742 2614 4808 factum,
2675 4758 2780 4796 nos
2837 4742 3078 4796 demum
3136 4757 3379 4796 manum
3437 4741 3840 4813 imponentes,

2187 4834 2386 4886 noetra
2415 4830 2585 4886 etiam
2618 4829 2998 4903 dignaremur
3026 4830 3319 4886 roborare.

2256 4919 2632 4974 Providentes
2649 4935 2787 4990 ergo
2808 4919 2996 4974 eidem
3028 4918 3280 4975 ecclesiis
3302 4923 3359 4974 et
3380 4919 3451 4975 ad
3495 4916 3847 4973 munimen-

2185 5012 2311 5061 tum
2337 5006 2555 5079 praelati
2583 5006 2660 5061 ibi
2687 5008 2938 5074 abbatis,
2972 5018 3147 5079 atque
3181 5007 3424 5063 fratrum
3449 5006 3847 5079 praesentium

2182 5100 2238 5151 et
2268 5095 2620 5162 futurorum,
2645 5096 2741 5167 qui
2770 5096 2827 5150 in
2852 5096 2978 5167 ipso
2998 5094 3313 5151 venerabili
3339 5093 3699 5151 monasterio
3717 5093 3848 5150 Deo

2184 5184 2437 5239 militare
2458 5184 2936 5251 videantur,utile
2954 5185 3095 5257 fore,
3119 5182 3460 5240 auctoritate
3480 5182 3635 5240 beati
3677 5182 3848 5239 Petri

2180 5272 2426 5345 apostoli
2478 5273 2671 5343 (cujus
2728 5290 2834 5329 nos
2894 5274 3170 5330 immeriti
3228 5273 3430 5331 vicarii
3489 5272 3725 5341 sumus)
3783 5275 3851 5329 et

2180 5365 2391 5416 nostra:
2423 5360 2723 5433 privilegio
2754 5362 2977 5433 paginae
3029 5363 3439 5435 praedictorum
3472 5376 3680 5433 regum
3724 5377 3847 5417 seu

2178 5450 2672 5521 praedecessorum
2705 5454 3041 5506 nostrorum
3071 5458 3129 5509 et
3151 5454 3560 5526 episcoporum
3589 5465 3849 5507 venera-

495 5555 651 5643 (1.252
676 5556 783 5613 Pro
814 5573 897 5617 III.
930 5558 1068 5616 Non.
1099 5558 1403 5618 Decembris
1447 5555 1757 5643 legendum
1815 5573 1879 5615 ιιι
1928 5558 2065 5618 Non.
2125 5557 2403 5628 Octobris,-
2463 5572 2568 5617 neo
2624 5556 2851 5633 reliqua
2906 5559 3190 5634 temporis
3249 5559 3420 5635 signa
3463 5556 3624 5616 vitiis
3677 5572 3849 5633 pura

495 5555 651 5689 (125}
676 5556 783 5613 Pro

427 5632 586 5697 sunt.
653 5645 811 5689 arra.
