4088 6174
198 367 300 433 621

195 503 401 559 bilium
435 504 704 575 ejusdem
739 506 937 578 patriae
970 508 1199 563 decreta
1228 490 1596 575 roboramus,
1632 525 1832 581 regum
1864 521 1916 583 Α

193 592 454 648 omnium
487 596 815 666 potentiam
847 597 966 651 sive
996 614 1403 652 successorum
1446 604 1779 653 nostrorum
1810 615 1843 652 a

192 680 418 738 Christo
439 683 722 739 creditam
742 686 1147 741 auctoritatem
1192 686 1573 754 obtestantes,
1637 703 1708 741 ne
1764 686 1841 741 lo-

190 789 318 827 cum
340 772 532 828 sancti
554 773 836 851 Dionysii,
866 774 1081 830 Christi
1105 775 1539 848 martyris,suis
1589 776 1838 830 auctori-

189 862 407 917 tatibus
428 867 484 917 et
504 861 821 936 privilegiis
844 863 1298 935 roboratum,vel
1320 880 1422 935 per
1443 863 1616 931 se,vel
1641 881 1742 937 per
1759 864 1837 919 si-

187 949 238 1005 bi
267 949 542 1006 subditos
589 967 825 1024 quoquo
882 953 1056 1008 modo
1106 953 1374 1008 temerari
1429 952 1731 1025 patiantur
1774 951 1835 1008 in

187 1055 390 1093 aevum.
416 1038 758 1096 Sancientes
782 1040 962 1112 igitur
978 1041 1431 1114 promulgamus
1454 1059 1524 1097 ne
1547 1041 1703 1097 ullus
1724 1040 1837 1097 ali-

186 1128 420 1199 quando
446 1128 748 1184 Parisiacaa
774 1130 935 1186 urbis
958 1130 1291 1203 episcOpus,
1334 1148 1569 1202 quaqua
1614 1130 1835 1185 ratione

184 1215 261 1271 vel
284 1233 645 1288 quacunque
672 1234 868 1286 causa,
891 1218 1092 1274 abbati
1116 1221 1204 1274 vel
1258 1220 1535 1274 tratribus
1572 1220 1833 1292 praedicti

184 1305 286 1361 loci
309 1306 384 1362 de
405 1306 776 1378 parochianis
801 1308 1106 1374 suis,facto
1129 1309 1281 1380 apud
1306 1325 1440 1363 eum
1464 1308 1715 1364 clamore
1738 1325 1833 1364 su-

184 1413 276 1468 per
295 1395 394 1450 his
416 1412 547 1466 quas
572 1395 1304 1467 malefacerint,justitiam
1346 1398 1624 1468 deneget:
1673 1398 1829 1468 quod

185 1485 226 1541 si
243 1484 472 1549 fecerit,
493 1484 646 1539 sicut
662 1483 947 1556 singulari
970 1484 1268 1557 privilegio
1290 1486 1544 1541 domnus
1584 1485 1827 1556 Stepha-

183 1590 313 1640 nus,
336 1577 677 1628 antecessor
695 1577 914 1638 noster,
937 1574 1225 1629 concessit
1242 1573 1325 1629 eis
1347 1578 1689 1645 potestatem
1721 1572 1823 1629 eli-

180 1663 355 1735 gendi
376 1678 447 1717 ex
468 1677 527 1717 se
545 1666 603 1716 et
621 1660 873 1716 habendi
892 1662 1253 1734 episcopum,
1279 1662 1359 1718 ita
1379 1667 1435 1718 et
1452 1680 1557 1718 nos
1573 1679 1677 1735 per
1706 1663 1824 1718 sin-

177 1752 380 1824 gulare
393 1750 763 1823 privilegium
788 1757 1054 1806 nostrum
1075 1751 1159 1806 eis
1188 1753 1562 1808 concedimus
1592 1757 1673 1817 ut,
1697 1752 1820 1809 vice

181 1840 356 1896 nostri
381 1838 664 1906 nominis,
687 1839 939 1895 habeant
961 1842 1304 1912 potestatem
1336 1841 1697 1911 percutiendi
1719 1858 1818 1897 eos

180 1930 550 1985 anathemate
572 1934 631 1985 et
650 1928 944 1987 relaxandi
970 1933 1101 2000 post
1149 1928 1625 1993 satisfactionem,
1674 1930 1827 1986 sicut

177 2018 562 2074 constitutum
580 2017 834 2073 vidimus
850 2024 907 2073 et
919 2018 1355 2073 corroboratum
1371 2019 1823 2090 approbavimus

178 2107 226 2163 in
246 2106 561 2180 privilegio
571 2107 697 2177 jam
717 2106 855 2161 dicti
881 2107 1069 2163 Encas
1094 2106 1439 2162 Parisiensis
1460 2107 1825 2180 episcopi,fa-

178 2203 253 2253 cto
270 2213 575 2253 consensu
599 2195 1013 2251 canonicorum
1038 2196 1638 2261 suorum,Suessionis
1658 2196 1716 2253 in
1740 2214 1823 2252 re-

174 2286 276 2357 gali
290 2285 528 2358 synodo
551 2283 845 2340 residente
865 2300 999 2355 rege
1020 2286 1214 2339 Carols
1235 2288 1292 2339 et
1309 2287 1825 2357 concedente,praa-

174 2374 434 2428 sentibus
452 2376 512 2429 et
546 2372 739 2428 eidem
785 2373 1184 2428 annuentibus
1222 2389 1411 2444 super
1448 2373 1822 2445 parocliianis

175 2463 303 2530 suis,
326 2466 393 2518 et
414 2461 599 2531 hujus
617 2460 1052 2517 constitutionis
1075 2461 1382 2517 violatores
1430 2461 1822 2518 auathematis

172 2551 353 2623 gladio
381 2548 877 2623 percutientibus,
900 2554 1019 2604 tam
1036 2549 1500 2621 melropolitanis
1525 2549 1681 2606 illius
1720 2568 1818 2624 pa-

174 2642 302 2711 tria,
324 2639 562 2698 scilicet
574 2638 885 2694 Hincmaro
908 2639 1510 2703 Remensi,Wanilone
1525 2644 1819 2695 Senonem-

171 2731 234 2797 si,
253 2728 547 2786 Venilone
569 2727 1052 2800 Rothomagensi,
1067 2727 1312 2783 Rodulfo
1334 2727 1817 2795 Bituricensi,He-

170 2820 325 2875 rardo
347 2816 712 2884 Turonensi,
754 2815 1013 2872 Frotario
1059 2817 1486 2889 Burdigalensi,
1536 2834 1712 2890 quam
1762 2822 1819 2874 et

166 2910 555 2981 sutl'ragantes
571 2922 797 2973 eorum,
821 2905 921 2977 qui
945 2903 1177 2977 plenius
1208 2905 1265 2960 in
1290 2906 1490 2961 eodem
1514 2905 1816 2979 privilegio

166 2997 561 3053 inveniuntur.
584 2994 964 3067 Praecipimus
980 3011 1212 3067 quoque
1233 3012 1303 3051 ne
1324 2995 1456 3066 quis
1479 2996 1813 3067 eorumepi-

164 3102 501 3159 scoporum,
526 3102 561 3140 a
585 3084 805 3157 quibus
821 3084 935 3139 ista
952 3083 1246 3156 postulare
1264 3083 1571 3152 voluerint,
1596 3084 1680 3140 eis
1701 3084 1816 3140 ole-

166 3175 573 3243 um,cbrisma
592 3172 848 3240 tabulas,
896 3172 1352 3239 benedictiones,
1401 3173 1638 3229 ordines
1686 3174 1811 3229 suis

1152 374 1562 438 EPISTOLIE
1606 374 1708 437 ET
1750 373 2115 439 DECRETA
2158 374 2631 444 PONTIFlCIA.

1855 1889 1902 1954 Β

2580 518 2766 585 (Anno
2802 516 2982 590 1049.)

2027 599 2138 653 Leo
2179 600 2506 673 episcopus,
2543 622 2745 660 servus
2776 622 3075 662 servorum
3137 608 3257 675 Dei,
3316 612 3592 669 omnibus

1955 692 2165 742 sancta:
2186 688 2449 745 Ecclesia:
2471 691 2603 748 liliis
2623 699 2738 748 tam
2760 696 3143 765 praesentibus
3161 714 3338 769 quam
3358 699 3593 756 futuris.

2022 777 2248 832 Gratias
2281 785 2518 850 agentes
2548 781 2663 837 Deo
2695 789 2752 837 et
2774 784 3018 840 Domino
3048 785 3187 841 Jesu
3219 787 3468 859 Christo,
3493 789 3595 863 qui

1949 866 2411 921 mediocritatem
2443 875 2703 925 nostram
2744 872 2919 927 nullis
2978 875 3202 929 meritis
3258 876 3467 932 fultam
3519 880 3594 935 ad

1947 953 2275 1023 apostolica:
2311 961 2500 1011 tamen
2532 958 2689 1013 sedis
2715 959 2945 1015 culmen
2975 964 3181 1033 evexit,
3215 970 3272 1019 et
3303 967 3594 1037 synodali-

1952 1042 2065 1096 bus
2087 1043 2333 1098 decretis
2363 1045 2435 1099 de
2473 1062 2708 1117 corpore
2747 1065 2922 1104 sacrae
2954 1050 3436 1122 Christianitatis,
3498 1058 3590 1112 cui

1948 1130 2075 1201 ipse
2099 1138 2276 1203 caput
2295 1134 2609 1205 est,aliqua
2624 1136 3156 1195 inconvenientiaet
3175 1142 3348 1197 etiam
3375 1160 3589 1200 nocen-

1942 1219 2017 1272 tis
2045 1226 2351 1291 amputare
2373 1224 2680 1291 concessit,
2706 1242 2807 1296 per
2827 1226 2975 1282 hanc
2998 1234 3210 1285 nostra:
3257 1234 3591 1304 prazceptio-

1946 1307 2037 1361 uis
2059 1308 2332 1381 paginam
2352 1310 2771 1368 innotescimus
2796 1330 2996 1369 eorum
3019 1316 3216 1388 aliqua
3235 1336 3361 1391 quae
3395 1322 3587 1392 gessi-

1948 1412 2082 1449 mus
2106 1396 2164 1450 in
2187 1398 2406 1466 synodo
2452 1398 2811 1471 Moguntina,
2834 1401 2891 1455 in
2941 1419 3058 1473 qua
3108 1404 3274 1459 nobis
3327 1409 3592 1467 consedit

1942 1486 2408 1565 prudentissima
2424 1488 2527 1542 filii
2546 1490 2729 1544 nostri
2743 1490 2973 1546 Henrici
2988 1493 3034 1546 ll
3050 1492 3446 1551 Romanorum
3478 1496 3591 1553 im-

1940 1575 2229 1644 peratoris
2248 1577 2547 1645 majestas,
2565 1578 3006 1651 multorumque
3019 1582 3265 1638 fratrum
3278 1588 3335 1639 et
3363 1586 3588 1658 coepis-

1943 1678 2109 1734 c0p01
2127 1681 2223 1718 um
2243 1671 2574 1720 nostrorum
2590 1684 2695 1721 nec
2708 1680 2820 1722 non
2837 1669 3115 1724 abbatum
3131 1673 3443 1728 reverenda
3455 1691 3589 1731 san-

1926 1752 2499 1818 ctitas,honestorum
2515 1753 2856 1811 clericorum
2871 1761 3045 1827 atque
3057 1757 3340 1814 laicorum
3354 1761 3587 1834 religio-

1937 1857 2138 1895 sorum
2186 1848 2472 1912 praesente
2520 1860 2631 1897 non
2656 1860 2833 1914 parva
2864 1845 3264 1902 multitudine.
3299 1848 3590 1906 Damnata

1934 1930 2091 1983 enim
2125 1930 2445 1985 simoniaca
2488 1931 2694 1986 haeresi
2723 1948 2905 2003 eaque
2936 1933 3215 1989 radicitus
3245 1935 3582 2008 exstirpata,

1936 2036 2071 2073 cun.
2098 2018 2167 2074 de
2198 2018 2409 2073 divinis
2442 2020 2649 2073 officiis
2681 2024 2737 2073 et
2768 2021 2948 2076 sacris
2993 2021 3300 2079 ordinibus
3356 2024 3584 2082 diversa

1934 2111 2373 2178 emergerentur
2403 2108 2650 2179 negotia,
2684 2124 2815 2163 ecce
2847 2108 3086 2179 quidam
3147 2111 3452 2169 Bertaldus
3483 2130 3583 2170 no-

1933 2194 2089 2249 mine
2119 2212 2314 2250 coram
2346 2213 2407 2251 se
2437 2196 2677 2268 protulit
2705 2213 2884 2268 seque
2909 2198 3414 2272 archiepiscopum
3471 2203 3579 2259 Ve-

1933 2283 2172 2338 sonticaa
2203 2301 2332 2340 esse
2378 2284 2669 2353 clamavit,
2704 2302 2887 2357 eaque
2916 2287 2987 2342 de
3043 2304 3102 2342 rc
3149 2289 3579 2359 querimoniam

1933 2389 1996 2427 se
2029 2371 2172 2426 \elle
2196 2373 2400 2440 facere,
2434 2375 2573 2445 quia
2604 2373 2808 2430 multis
2830 2376 2956 2445 jam
2989 2375 3160 2433 annis
3190 2382 3345 2433 esset
3382 2394 3581 2436 conse-

1931 2468 2125 2516 cratus
2158 2478 2262 2516 nec
2294 2468 2581 2534 receptus,
2618 2463 2798 2518 inimo
2828 2463 2980 2519 alius
2998 2466 3197 2521 sedem
3225 2482 3395 2521 suam
3424 2467 3580 2524 inva-

1930 2548 2091 2604 sionc
2121 2550 2464 2620 possideret.
2500 2552 2620 2616 Quo
2647 2551 2799 2606 dicto
2830 2569 3043 2625 rogans
3073 2552 3186 2608 sibi
3218 2554 3368 2610 clam
3386 2557 3579 2612 causi-

1930 2636 2124 2692 dicum
2149 2639 2385 2692 fratrem
2421 2644 2687 2695 nostrum
2737 2640 3141 2697 Coloniensem
3189 2642 3576 2714 archiepisco-

1930 2743 2067 2797 pum
2087 2727 2517 2782 Lermoennum
2538 2727 2811 2783 laudante
2829 2729 3048 2800 synodo
3071 2729 3356 2801 nobisque
3382 2748 3575 2787 annu-

1927 2815 2161 2870 entibus
2174 2821 2482 2871 assecutus
2495 2816 2713 2881 est.Qui
2728 2833 2969 2872 sumens
2990 2833 3229 2873 causam
3242 2819 3369 2889 ejus
3382 2818 3577 2876 dicen-

1928 2906 2061 2959 dam
2085 2921 2116 2959 a
2138 2920 2271 2976 rege
2284 2905 2764 2976 Burgondionum
2796 2905 3046 2961 Rodulfo
3085 2922 3327 2964 exorsus
3343 2914 3456 2979 est,
3479 2909 3575 2965 cui

1923 2994 2075 3049 idem
2090 2992 2317 3048 Bertald
2329 3010 2395 3047 us
2412 2993 2802 3049 t'amulabatur
2814 2995 3577 3070 indebitamquesubjectio-

1922 3099 2055 3137 nem
2071 3080 2607 3153 impendebat,cum
2621 3082 2765 3138 forte
2777 3083 3019 3156 contigit
3035 3085 3337 3142 Hectorem
3350 3087 3572 3144 archie-

1920 3172 2224 3242 pisc0pum
2246 3169 2720 3226 Vesonticensem
2753 3190 2787 3227 a
2818 3174 3075 3245 corporis
3102 3175 3352 3231 vinculis
3382 3175 3571 3231 absol-

164 3264 556 3338 temporibus,
577 3262 888 3335 proutipse
907 3262 1091 3317 abbas
1111 3262 1198 3317 vel
1230 3262 1457 3328 fratres,
1479 3262 1566 3317 vel
1609 3278 1809 3318 suces-
1842 3253 1885 3318 (ἶ
1920 3260 1971 3315 vi
1997 3260 2240 3331 ejusque
2256 3258 2590 3315 cathedram
2627 3278 2924 3318 remanere
2963 3280 3226 3319 vacuam.
3260 3264 3568 3321 Bonefacio

161 3370 329 3409 sores
346 3368 557 3409 eorum
579 3351 937 3422 expetierint,
961 3356 1277 3423 praesumat
1300 3351 1612 3423 denegare:
1645 3357 1703 3407 et
1742 3352 1831 3408 ne'

161 3442 302 3514 quis
317 3440 723 3512 episcoporum
761 3440 1064 3497 Parisiacae
1094 3440 1253 3495 urbis
1283 3439 1403 3495 haec
1424 3440 1507 3496 eis
1547 3441 1811 3514 deneget,

161 3530 249 3586 vel
267 3529 457 3585 alium
479 3530 611 3601 quis
631 3530 714 3585 eis
728 3527 1419 3601 contuleritinterpellare
1432 3546 1535 3607 pro
1552 3529 1660 3585 hoc
1674 3547 1815 3602 quo-

169 3636 283 3693 quo
305 3626 578 3691 tempore
601 3622 802 3686 tentet,
827 3618 1067 3674 omnino
1090 3618 1503 3674 interdicentes
1549 3619 1816 3691 prohibe-

162 3726 308 3767 mus.
336 3709 468 3765 Hoc
489 3709 670 3764 etiam
684 3708 969 3780 jubemus
993 3711 1056 3763 ut
1077 3724 1180 3780 pro
1203 3707 1398 3764 causis
1421 3712 1477 3763 et
1524 3708 1822 3781 responsis

162 3798 419 3855 ecclesia
456 3815 577 3855 suae
600 3802 863 3853 nostram
890 3801 1068 3869 atque
1090 3801 1423 3852 nostrorum
1448 3814 1822 3853 sucessorum

161 3888 527 3945 audientiam
579 3886 825 3942 licenter
872 3884 1129 3941 habeant
1176 3884 1470 3957 appellare
1528 3890 1587 3941 et
1641 3886 1825 3952 adire,

164 3976 488 4051 nullusque
517 3992 619 4032 eos
643 3974 879 4030 interim
928 3975 1316 4031 condemnare
1372 3978 1428 4030 et
1483 3992 1575 4031 res
1625 3993 1828 4031 eorum

162 4064 439 4124 invadere
476 4069 740 4132 conetur,
776 4063 932 4136 quod
963 4080 997 4119 a
1026 4064 1243 4119 nostris
1274 4063 1478 4135 utique
1507 4067 1830 4136 praedeces-

162 4155 418 4225 soribus,
455 4155 545 4211 eis
577 4159 715 4209 ante
745 4153 1136 4208 constitutum
1170 4156 1282 4209 est.
1344 4155 1505 4219 Quod
1564 4153 1613 4209 si
1672 4155 1831 4226 quis-

159 4260 329 4315 quam
366 4244 793 4314 cujuscunque
824 4242 1138 4314 potientiae,
1196 4243 1280 4297 vel
1343 4259 1593 4314 persona
1636 4245 1834 4315 cujus-

159 4348 389 4406 cunque
423 4332 663 4390 ordinis
698 4330 787 4386 vel
819 4331 1008 4386 aatatis
1036 4330 1146 4386 hoc
1202 4336 1436 4399 nostra),
1471 4336 1830 4388 nostrorum-

154 4437 264 4493 que
297 4422 823 4496 praedecessorum
855 4418 1223 4487 auctoritatis
1272 4419 1641 4493 privilegium
1696 4437 1840 4492 quo-

156 4527 267 4581 quo
300 4513 498 4570 modo
530 4527 717 4567 ausus
748 4508 925 4567 fuerit.
954 4508 1573 4580 violare,"sempitcrno
1596 4510 1838 4566 damne-

1920 3366 2052 3405 vero
2068 3347 2218 3420 regis
2233 3348 2383 3402 idem
2404 3348 2988 3419 Bertaldus,dictante
3000 3353 3296 3410 causidico
3312 3371 3576 3427 suo,pro-

1927 3439 2119 3493 fessus
2132 3436 2635 3493 estinvestituram
2657 3456 2719 3495 se
2740 3440 3004 3511 ejusdem
3032 3442 3573 3516 archiepiscopatus

1927 3525 2240 3598 accepisse,
2274 3542 2459 3598 eoque
2510 3543 2644 3600 rege
2698 3530 3069 3602 pracipiente
3099 3549 3133 3587 a
3189 3530 3578 3605 sutfraganeis

1932 3614 2221 3686 episcopis
2239 3620 2575 3671 consecrato
2589 3633 2641 3671 m
2667 3618 2846 3674 fuisse
2867 3623 2923 3674 et
2944 3620 2999 3674 in
3017 3621 3151 3676 sede
3166 3621 3480 3692 episcopali
3496 3636 3584 3676 se-

1934 3704 2091 3759 disse
2114 3708 2169 3759 et
2199 3704 2374 3759 etiam
2406 3705 2806 3762 ordinationes
2837 3708 3040 3763 fecisse
3066 3726 3078 3763 :
3139 3709 3238 3764 sed
3290 3706 3582 3763 contradi-

1937 3797 2101 3848 cente
2130 3792 2242 3848 sibi
2275 3793 2675 3865 episcopatum
2709 3795 2962 3866 quodam
2992 3795 3205 3850 comite
3261 3794 3583 3864 Willelmo,

1935 3886 2137 3953 postea
2165 3882 2473 3953 expulsum
2510 3898 2542 3935 a
2573 3880 2847 3937 Walterio
2907 3888 3269 3939 antecessore
3326 3881 3589 3956 Hugonis

1940 3970 2208 4040 ejusdem
2239 3969 2394 4024 sedis
2426 3969 2868 4043 archiepiscopi,
2904 3972 3004 4043 qui
3036 3972 3211 4027 etiam
3244 3977 3457 4028 nostra:
3487 3989 3593 4045 ,εγ-

1944 4058 2095 4113 nodo
2121 4058 2416 4125 intererat,
2443 4064 2643 4113 contra
2662 4076 2836 4131 quem
2869 4060 2939 4115 de
2972 4078 3081 4116 sua
3111 4062 3247 4118 sede
3279 4061 3592 4119 clamabat.

1943 4147 2185 4203 Dicebat
2215 4147 2391 4202 etiam
2454 4148 2629 4219 qucd,
2690 4152 2823 4220 post
2879 4150 3279 4223 expulsionem
3337 4168 3599 4221 suam,a

1950 4237 2210 4291 Romano
2243 4235 2514 4308 pontifice
2544 4237 2787 4308 pallium
2820 4256 2952 4294 cum
2985 4241 3286 4314 privilegio
3312 4242 3599 4314 acceperit

1950 4342 2015 4381 ac
2045 4326 2303 4397 suscepti
2337 4325 2579 4381 honoris
2610 4328 3115 4386 confirmationem
3142 4349 3154 4399 ;
3184 4331 3274 4386 cui
3307 4330 3599 4403 querimo-

1954 4414 2060 4470 niae
2080 4414 2271 4485 ipsum
2287 4415 2588 4487 Hugonem
2608 4416 3109 4490 archiepiscopum
3134 4420 3429 4489 jussimus
3477 4434 3597 4473 res-

1956 4504 2234 4575 pondere,
2256 4504 2355 4574 qui
2384 4503 2555 4559 etiam
2574 4509 2774 4560 nostra
2814 4505 3179 4578 indulgentia
3226 4507 3598 4562 Bremensem

157 4604 249 4656 tur
289 4600 712 4667 anathemate,
751 4597 970 4672 ligatus
996 4598 1166 4655 beato
1226 4602 1417 4666 Petro,
1478 4599 1768 4671 nobisque
1811 4617 1845 4655 a
1878 4623 1923 4687 Β
1960 4591 2462 4687 archiepiscopum
2498 4592 2794 4687 Albertum
2823 4596 2883 4687 in
2908 4612 3088 4687 suum
3120 4594 3368 4687 sescepit
3415 4594 3604 4687 causi-

154 4688 267 4744 Deo
299 4706 608 4746 concessa
638 4692 936 4762 potestate
968 4705 981 4756 ;
1016 4691 1452 4744 conservatores
1502 4694 1697 4745 autem
1731 4689 1847 4745 fru-
1878 4682 1913 4687 ”
1959 4682 2315 4748 dicum.Quo
2337 4683 2592 4739 dictante
2616 4683 2807 4738 taliter
2826 4684 3053 4756 objecta
3083 4684 3256 4757 coepit
3284 4683 3600 4757 repellere:

154 4783 332 4835 antur
362 4778 815 4836 benedictione.
1954 4773 2109 4846 quod
2148 4772 2337 4827 eidem
2368 4772 2635 4827 Bertaldo
2692 4772 2889 4828 sedem
2921 4789 3098 4844 quam
3131 4773 3465 4846 requirebat
3493 4790 3601 4831 nec

222 4867 458 4924 Datum
500 4867 674 4923 tertio
706 4867 853 4922 Non.
888 4865 1117 4935 Octob.,
1148 4884 1250 4938 per
1280 4883 1493 4923 manus
1525 4866 1673 4923 Petri
1719 4868 1843 4923 dia-
1957 4864 2081 4936 ipse
2113 4861 2437 4929 abstulerit,
2471 4878 2574 4917 nec
2606 4867 3114 4930 autecessorsuus,
3140 4863 3597 4937 quianunquam

156 4956 309 5025 coni,
346 4955 800 5013 bibliothecarii
835 4960 893 5011 et
923 4954 1255 5011 cancellarii
1288 4960 1500 5011 sanctae
1533 4962 1589 5012 et
1615 4961 1845 5029 aposto-
1958 4953 2012 5007 in
2049 4953 2247 5007 sedem
2280 4951 2659 5019 ascendisset,
2694 4968 2998 5023 nunquam
3022 4953 3101 5007 ibi
3127 4953 3452 5027 quidquam
3481 4954 3603 5027 epi-

152 5040 277 5099 lica:
307 5046 515 5114 sedis,
547 5061 704 5100 anno
735 5043 937 5099 domni
966 5043 1176 5100 Leonis
1206 5061 1367 5116 papae
1397 5044 1459 5099 IX
1493 5046 1701 5118 primo,
1753 5047 1842 5101 in-
1959 5040 2267 5113 scopaliter
2297 5040 2530 5112 egisset,
2556 5057 2659 5112 pro
2681 5057 2746 5096 eo
2774 5042 2928 5113 quod
2949 5060 3053 5099 nec
3076 5042 3267 5100 clerus
3289 5061 3394 5100 nec
3424 5060 3611 5115 popu-

154 5130 294 5188 dict.
328 5151 429 5190 ιιι.
940 5203 1022 5205 HM
1068 5204 1076 5205 ί
1959 5129 2053 5185 lus
2083 5146 2215 5186 eum
2233 5129 2487 5202 elegerit,
2522 5147 2627 5185 nec
2658 5130 2731 5186 ab
2761 5131 2845 5187 cis
2872 5138 3139 5205 receptus
3171 5138 3279 5204 est,
3299 5134 3399 5189 sed
3442 5130 3603 5185 omni

1963 5218 2420 5274 contradictione
2448 5219 2739 5292 repulsus,
2765 5222 2903 5294 quia
2928 5239 3201 5294 magnam
3220 5218 3526 5292 pecuniam
3546 5221 3615 5274 ut

1961 5308 2273 5380 episcopus
2295 5308 2458 5364 ﬁeret
2478 5310 2596 5382 regi
2622 5312 2902 5379 dedisset,
2926 5317 2979 5366 et
3008 5311 3145 5382 quia
3174 5305 3615 5378 contrajusloci

1963 5398 2212 5467 fecisset,
2239 5397 2339 5470 qui
2370 5416 2604 5471 semper
2635 5400 2975 5456 electionem
3034 5400 3124 5454 sui
3182 5396 3438 5470 episcopi
3491 5396 3619 5470 ipse

1959 5488 2287 5543 habuisset.
2353 5488 2425 5544 Se
2449 5506 2583 5544 vero
2618 5489 2675 5544 in
2713 5490 2914 5545 eadem
2947 5487 3192 5544 ecclesia
3245 5504 3378 5542 cum
3431 5486 3623 5544 officio

1954 5578 2206 5634 cantoris
2246 5577 2609 5650 fungeretur,
2633 5584 2862 5634 mortuo
2905 5582 3273 5635 antecessore
3331 5594 3464 5646 suo,
3494 5593 3617 5633 me-

1956 5669 2203 5728 moravit
2232 5685 2265 5725 a
2296 5668 2449 5727 clero
2481 5674 2538 5726 et
2563 5669 2780 5747 populo
2811 5668 3058 5726 electum
3094 5674 3151 5728 et
3199 5669 3374 5731 etiam
3435 5666 3618 5731 invite

926 5203 1098 5260 XXII.

155 5290 209 5345 S.
240 5295 355 5350 Leo
390 5293 470 5349 IX
515 5294 576 5347 in
605 5292 813 5365 synodo
870 5292 1189 5368 Moguntina
1255 5294 1649 5368 quadringz’nrtu
1706 5299 1845 5368 epis-

219 5380 541 5437 coporum,
567 5369 844 5437 praesente
871 5366 1127 5421 Heinrico
1152 5368 1510 5437 imperatore,
1570 5366 1845 5423 Simohia—

218 5436 350 5493 eam
389 5437 675 5509 haeresim
699 5436 944 5499 damnat,
990 5436 1386 5509 repudiatoque
1438 5439 1711 5504 Bertaldo,
1761 5456 1843 5494 ec-

219 5511 421 5565 clesiae
458 5508 897 5583 Vesontionensis
926 5508 1510 5583 invasore,_llagonem
1546 5511 1845 5583 archiepis-

220 5597 447 5654 copum
484 5581 689 5646 sancit,
713 5581 868 5653 eique
898 5582 1079 5637 crucis
1098 5581 1371 5653 palliique
1395 5597 1557 5637 usum
1582 5581 1840 5639 concedit.

172 5655 181 5659 ’
220 5669 563 5739 [Theiner,
594 5667 1011 5743 Disquisitiones
1031 5670 1255 5743 criticaa,
1288 5685 1420 5747 pag.
1452 5671 1605 5749 203.]
