4088 6174
258 311 378 392 8!!!

1229 325 1635 397 EPISTOLE
1679 330 1779 395 ar
1822 328 2187 394 asceam
2227 302 2735 406 rommcu.‘

260 461 492 522 sideriis
518 463 811 541 pertinere
827 468 1171 538 noscuntur,
1194 469 1377 526 nostri
1398 469 1761 540 apostolatus
1781 482 1913 523 auc-
1939 466 1994 533 Α
2024 467 2247 533 datum,
2276 471 2333 523 et
2362 485 2494 524 cum
2527 472 2755 529 diabolo
2782 476 2841 531 et
2868 473 3143 531 omnibus
3177 470 3380 547 impiis
3409 488 3544 531 eum
3575 474 3666 533 in-

258 554 460 611 toritas
480 555 553 611 ad
579 555 968 613 roborandam
994 558 1149 631 piam
1174 559 1533 615 devotionem
1558 562 1762 613 sancta
1783 556 1911 613 loca

255 645 720 703 construentium
744 646 804 701 in
830 649 1175 719 prastandis
1208 648 1523 720 privilegiis
1545 648 1714 703 debet
1735 646 1908 701 mini-

252 750 345 789 me
366 734 671 805 abnegari.
693 736 895 807 Igitur,
920 737 1056 808 quia
1085 737 1425 794 excellentia
1456 735 1782 808 spiritualis
1805 733 1906 789 filii

251 823 433 878 nostri
454 823 677 879 domini
701 824 767 880 H.
784 825 1033 899 piissimi
1058 826 1427 898 imperatoris
1446 825 1694 898 Augusti
1714 828 1910 895 postu-

250 910 391 967 lavit
421 930 456 968 a
481 912 653 968 nobis
681 918 970 985 quatenus
1003 916 1424 971 monasterium
1459 916 1551 980 N.,
1584 914 1737 986 quod
1771 930 1907 968 con-

242 1005 537 1057 structum
564 1018 693 1058 esse
724 1007 953 1059 certum
977 1009 1065 1060 est
1086 1022 1118 1060 a
1141 1005 1424 1077 piissimis
1452 1002 1907 1075 imperatoribus

247 1089 459 1145 Carolo
490 1091 701 1162 Magno
732 1094 790 1147 et
821 1092 940 1149 tilio
971 1095 1100 1164 ejus
1131 1094 1418 1149 Ludovico
1448 1092 1907 1162 eorumdemque

250 1180 721 1246 successoribus,
748 1181 850 1236 ubi
876 1182 1049 1238 modo
1066 1181 1415 1238 venerabilis
1436 1183 1619 1237 abbas
1642 1180 1709 1237 N.
1734 1195 1906 1251 regu-

243 1265 357 1322 lari
399 1268 756 1324 institutioni
799 1285 1050 1341 praesse
1076 1271 1327 1337 videtur,
1362 1270 1648 1343 privilegii
1691 1274 1903 1325 sancta

245 1354 526 1412 Romana
556 1362 614 1414 et
634 1358 967 1431 apostolica
992 1360 1149 1415 sedis
1171 1360 1361 1415 modis
1384 1360 1659 1415 omnibus
1680 1360 1907 1413 decore-

239 1448 366 1510 tnr,
398 1445 624 1502 scilicet
654 1451 722 1502 ut
754 1446 975 1503 nullius
998 1448 1119 1519 juri
1153 1452 1210 1503 et
1238 1448 1440 1503 ditioni
1475 1448 1857 1503 submittatur
1888 1457 1900 1495 :

237 1532 379 1589 ideo
399 1534 510 1607 piis
522 1535 832 1592 desideriis
848 1535 1175 1608 spiritualis
1194 1535 1295 1591 filii
1316 1537 1497 1592 nostri
1513 1534 1904 1601 faventes,bac

236 1626 449 1678 nostra
476 1624 796 1697 apostolica
826 1625 1171 1681 auctoritate
1216 1625 1585 1681 decernimus
1616 1625 1673 1680 id
1707 1623 1902 1696 ipsum

234 1712 553 1784 praefatum
585 1714 1009 1770 monasterium
1041 1718 1097 1769 et
1117 1715 1289 1771 modo
1320 1718 1377 1770 et
1393 1727 1592 1788 'usque
1621 1714 1693 1769 ad
1727 1713 1902 1768 ﬁnem

235 1800 443 1856 seculi
474 1802 584 1857 sub
608 1803 930 1874 patrocinio
955 1807 1173 1860 sancta
1204 1803 1477 1860 Romana
1500 1807 1555 1859 et
1571 1801 1902 1875 apostolica

234 1890 457 1945 matris
488 1889 779 1961 Ecclesia,
800 1908 933 1947 cum
978 1891 1256 1947 omnibus
1290 1910 1414 1964 qua
1446 1893 1517 1948 ad
1551 1891 1695 1947 illud
1728 1889 1902 1963 perti-

231 1982 403 2043 nent,
423 1980 912 2051 permanendum.
939 1980 1319 2036 Decernimus
1366 1980 1565 2052 igitur,
1590 1981 1700 2036 sub
1724 1976 1901 2035 divini

222 2066 447 2138 judieii
476 2068 867 2124 obtestatione
888 2073 946 2124 et
966 2068 1121 2124 beati
1145 2069 1295 2124 Petri
1323 2068 1719 2140 apostolorum
1748 2070 1904 2141 prin'

235 2156 764 2229 cipis,nostraque
783 2156 1138 2213 humilitatis
1158 2157 1591 2223 interdictione,
1615 2161 1681 2213 ut
1706 2156 1906 2212 nullus

234 2248 290 2303 in
320 2246 532 2319 aliquo
553 2248 738 2319 gradu
765 2246 1247 2316 constitutus,vel
1266 2248 1323 2301 in
1349 2246 1610 2318 quolibet
1629 2246 1831 2301 ordine
1848 2250 1905 2301 et

229 2336 811 2399 ministerio,audeat
833 2336 1076 2392 moleste
1101 2336 1297 2392 causis
1319 2336 1588 2406 ejusdem
1607 2339 1902 2391 monaste-

235 2426 301 2481 rii
336 2426 708 2492 incumbere,
727 2429 830 2480 aut
851 2426 922 2481 de
949 2426 1122 2481 rebus
1146 2430 1247 2481 aut
1266 2423 1738 2497 possessionibus
1760 2441 1903 2496 quo-

236 2531 353 2587 quo
384 2515 565 2570 modo
590 2514 818 2570 auferre
847 2519 949 2569 aut
978 2513 1371 2579 alienare,seu
1397 2513 1557 2585 ipsos
1587 2513 1907 2569 monachos

228 2604 378 2659 inibi
397 2604 518 2659 Deo
543 2603 858 2659 servientes
882 2603 1211 2675 inquietare
1233 2608 1567 2674 prasumat,
1584 2619 1687 2657 nec
1705 2618 1906 2674 quam-

232 2691 379 2747 libet
400 2690 693 2747 malitiam
715 2697 775 2747 et
795 2693 1043 2763 jactura
1074 2690 1411 2747 molestiam
1442 2692 1656 2747 ibidem
1690 2691 1904 2746 inferre

235 2784 509 2847 conetur,
534 2781 676 2835 dum
699 2781 957 2852 profecto
979 2780 1221 2846 illud,ut
1243 2796 1396 2852 sape
1418 2782 1755 2853 pradictum
1790 2784 1897 2848 est,

234 2872 415 2926 ﬁrma
438 2866 761 2925 stabilitate
782 2874 838 2924 et
851 2869 1277 2940 jurisdictione,
1298 2870 1410 2924 sub
1432 2870 1749 2940 patrocinio
1772 2886 1900 2924 san-

2019 555 2209 612 cendii
2250 557 2617 613 atrocissime
2665 562 2949 634 supplicio
2996 564 3368 637 deputatum.
3402 567 3479 618 At
3526 581 3663 622 vero

2018 645 2116 716 qui
2152 644 2245 717 pio
2275 645 2485 701 intuitu
2520 651 2717 703 custos
2749 654 2805 703 et
2834 651 3169 708 observator
3196 658 3401 709 eorum
3432 654 3663 711 exstite-

2019 733 2111 793 rit.
2146 734 2495 791 omnimoda
2527 736 2945 793 benedictionis
2985 742 3253 809 gratiam,
3276 744 3661 817 omniamque

2018 827 2387 893 peccatorum
2414 842 2655 880 suorum
2681 824 3104 881 absolutionem
3132 833 3189 882 et
3211 828 3657 903 indulgentiam,

2016 916 2073 966 et
2101 911 2353 968 ccrlestis
2376 914 2504 968 vita
2535 914 2954 969 beatitudinem
2986 931 3117 969 cum
3145 918 3362 973 sanctis
3384 925 3441 974 et
3458 922 3659 980 electis

2016 1016 2049 1053 a
2082 1000 2629 1058 misericordissimo
2679 1002 2923 1058 Domino
2973 1002 3087 1058 Deo
3137 1006 3335 1058 nostro
3382 1010 3656 1080 consequi

2016 1096 2311 1145 mereatur
2338 1091 2395 1145 in
2430 1092 2641 1147 sacula
2670 1091 3037 1147 saculorum.
3072 1092 3277 1146 Amen.

2086 1178 2233 1233 Data
2280 1197 2335 1233 χι
2389 1180 2510 1234 Kal.
2564 1181 2871 1236 Novembr.
2924 1197 3028 1252 per
3075 1196 3288 1235 manus
3336 1178 3487 1235 Petri
3536 1181 3662 1236 dia-

2015 1268 2145 1321 coni
2194 1271 2251 1322 et
2287 1268 2711 1324 bibliothecarii
2758 1273 2816 1324 et
2863 1267 3193 1325 cancellarii
3252 1270 3467 1324 sancta
3523 1284 3662 1339 apo-

2014 1354 2231 1411 stolica
2282 1357 2459 1425 sedis,
2490 1374 2644 1413 anno
2687 1357 2911 1415 domini
2961 1358 3170 1414 Leonis
3217 1361 3281 1413 P.
3324 1354 3535 1429 primo.
3570 1355 3662 1412 In-

2015 1444 2153 1499 dict.
2188 1462 2270 1499 Ill.

2740 1555 2930 1611 XXIV.

2165 1641 2219 1697 S.
2257 1644 2354 1698 Leo
2380 1645 2444 1699 IX
2467 1646 2823 1716 parthenom's
2853 1646 2906 1700 S.
2941 1646 3118 1701 Mauri
3153 1644 3505 1701 Virdunensis

2282 1718 2641 1786 possessiones
2670 1722 2720 1771 et
2750 1717 3046 1787 privilegia
3074 1716 3378 1786 conﬁrmat.

2633 1805 2818 1877 (Anno
2851 1805 3035 1877 1049.)

2084 1891 2251 1962 [Dom
2284 1892 2525 1961 Calmet,
2558 1896 2796 1950 Histoire
2819 1893 2887 1949 de
2928 1894 3215 1961 Lorrainc,
3249 1892 3294 1960 1-,
3325 1894 3586 1960 Preuues,

2674 1982 2806 2038 pag.
2841 1966 2986 2033 424.]

2087 2070 2200 2124 Lso
2228 2070 2557 2142 episcopus,
2587 2088 2789 2127 servus
2820 2087 3119 2127 servorum
3148 2070 3272 2140 Dei,
3296 2070 3462 2127 fratri
3480 2072 3661 2130 Tuto-

2012 2173 2218 2213 nomco
2247 2159 2634 2216 Virdunensis
2663 2159 2929 2216 Ecclesia
2960 2159 3216 2232 prasuli,
3249 2160 3492 2234 suisque
3525 2174 3660 2219 suc-

2010 2247 2341 2303 cessoribus
2372 2249 2426 2303 in
2462 2252 2833 2321 perpetuum.

2082 2336 2140 2390 Si
2182 2337 2401 2393 devotis
2450 2338 2547 2393 Dei
2599 2338 2863 2394 fidelium
2912 2338 3295 2412 petitionibus
3342 2355 3657 2396 assensum

2011 2425 2648 2492 dederimus,videlicet
2678 2431 2743 2483 ut
2772 2444 2867 2485 res
2897 2433 3237 2485 sanctarum
3265 2427 3659 2486 Ecclesiarum

2010 2531 2213 2571 eorum
2265 2517 2657 2588 procurationi
2690 2519 3061 2585 commissas,
3096 2518 3252 2573 unde
3298 2515 3519 2588 duplici
3569 2526 3658 2573 re-

2012 2604 2278 2660 fectionis
2311 2611 2479 2677 pastu
2520 2608 2840 2663 sustentari
2872 2607 3080 2663 debeat
3124 2622 3264 2679 grex
3293 2604 3658 2673 Dominieus,

2010 2694 2194 2748 nostri
2226 2694 2527 2765 apostolici
2562 2694 2847 2768 privilegii
2880 2695 3223 2751 auctoritate
3254 2694 3487 2749 ﬁrmare
3510 2690 3657 2751 Veli-

2010 2799 2165 2847 mus,
2180 2782 2527 2838 universalis
2548 2787 2760 2838 sancta
2782 2783 3050 2838 Ecclesia
3080 2780 3257 2837 statui
3281 2780 3656 2853 profuturum

2009 2870 2252 2925 minime
2284 2872 2651 2937 dubitamus,
2682 2873 2801 2925 imo
2829 2870 2902 2926 ab
2933 2871 3060 2942 ipso
3091 2869 3295 2925 divina
3327 2868 3656 2927 misericor-

237 2964 338 3014 cta
364 2963 585 3014 nostra
610 2958 879 3013 Romana
908 2959 1118 3013 matris
1142 2957 1410 3014 Ecclesia
1434 2959 1896 3031 permanendum
2006 2958 2115 3013 dia
2133 2960 2290 3014 fonte
2312 2958 2471 3030 large
2492 2958 2853 3014 remunerari
2875 2958 3190 3015 credimus.
3207 2958 3369 3017 Un’de
3386 2957 3654 3017 omnium

235 3048 566 3103 sancimus.
595 3047 879 3102 Addimus
911 3050 1186 3118 praterea
1232 3051 1365 3117 post
1410 3047 1634 3102 obitum
1668 3045 1896 3101 abbatis
2005 3047 2425 3102 catholicorum
2450 3047 2682 3120 Deoque
2712 3046 3071 3120 placentium
3104 3046 3454 3104 universitas
3485 3062 3654 3105 nove-

233 3142 302 3192 ut
328 3152 509 3192 nemo
532 3136 747 3191 ibidem
774 3132 1044 3191 abbatem
1067 3135 1404 3201 constituat,
1427 3136 1537 3191 nisi
1571 3152 1742 3206 quem
1767 3151 1896 3189 con-
1943 3204 1969 3206 __
2004 3135 2082 3191 rit
2103 3136 2228 3206 jam
2262 3135 2397 3191 dicti
2427 3136 2765 3191 Theoderici
2796 3135 3166 3192 dilectissimi
3211 3134 3480 3206 prasulis
3511 3148 3651 3191 con-

240 3242 462 3281 sensus
493 3230 551 3280 et
580 3225 911 3280 communis
930 3224 1203 3280 voluntas
1225 3226 1471 3279 fratrum
1495 3204 1708 3279 ibidem
1734 3239 1900 3294 regu-
1926 3204 1971 3271 (ἶ
2010 3204 2210 3288 senisu,
2234 3229 2290 3279 et
2320 3226 2433 3280 Ave
2464 3224 2770 3281 abbatissa
2800 3224 2894 3296 pio
2924 3238 3160 3295 precum
3191 3204 3546 3290 interventu,
3568 3220 3653 3278 le-

234 3314 452 3369 lariter
498 3314 816 3369 viventium
848 3331 918 3370 ex
959 3314 1088 3386 ipsa
1146 3314 1595 3385 congregatione
1650 3312 1907 3383 elegerit,
2015 3329 2149 3367 cum
2173 3312 2229 3367 in
2258 3312 2539 3369 suburbio
2561 3312 2913 3368 Virdunensi
2936 3314 3107 3383 juxta
3129 3309 3380 3369 rivulum
3403 3308 3660 3369 Suanoia

247 3402 605 3473 nullumque
631 3403 939 3474 praemium
963 3403 1082 3458 sive
1102 3403 1321 3463 donum
1351 3419 1453 3473 pro
1476 3400 1912 3457 consecratione
2018 3401 2197 3457 situm
2220 3402 2349 3457 etin
2374 3402 2653 3457 honorem
2685 3402 2869 3458 sancti
2898 3399 3143 3457 Joannis
3162 3399 3435 3472 Baptista
3455 3402 3513 3455 et
3531 3412 3666 3455 san-

238 3491 407 3546 illius
429 3490 813 3561 abbatis,qui
835 3496 976 3547 tunc
996 3491 1278 3562 temporis
1312 3491 1506 3555 fuerit,
1529 3489 1739 3562 prasul
1770 3490 1914 3546 acci-
2019 3490 2095 3544 eti
2126 3490 2370 3545 Joannis
2409 3489 2778 3563 evangelista
2809 3490 3157 3559 confectum,
3181 3488 3282 3545 ubi
3328 3490 3667 3545 sanctorum

238 3595 375 3652 pere
406 3580 769 3646 contendat;
809 3583 867 3634 et
896 3578 944 3633 si
977 3595 1109 3635 eum
1138 3580 1320 3652 gratis
1347 3579 1613 3634 ordinare
1643 3578 1912 3643 noluerit,
2021 3579 2229 3643 Mauri,
2258 3578 2473 3635 Salvini
2515 3584 2689 3651 atque
2736 3578 2995 3636 Aratoris
3024 3592 3269 3650 corpora
3299 3576 3371 3634 a‘b
3403 3576 3670 3648 ejusdem

243 3667 333 3725 vel
368 3684 404 3723 a
433 3671 647 3723 nostra
680 3668 942 3723 Romana
963 3673 1149 3724 matre
1183 3667 1559 3731 Ecclesia,vel
1592 3685 1623 3723 a
1654 3667 1917 3739 quolibet
2023 3667 2188 3723 urbis
2216 3673 2567 3723 venerantur
2608 3667 2972 3739 incolis,qua
3009 3666 3214 3722 Heimo
3245 3665 3556 3736 episcopus
3585 3681 3675 3719 re-

238 3755 567 3813 venerabili
624 3755 897 3828 episcopo
944 3761 1150 3812 nostra
1200 3758 1549 3812 auctoritate
1595 3756 1913 3811 ordinetur.
2031 3756 2655 3823 novavit,etinstruxit
2675 3761 2913 3826 propter
2962 3770 3128 3825 aqua
3175 3750 3677 3815 commoditatem,

240 3846 706 3917 Promulgantes
736 3860 967 3916 nempe,
991 3850 1049 3900 et
1072 3846 1184 3901 hoc
1211 3847 1565 3901 auctoritate
1594 3838 1916 3901 beatissimi
2027 3850 2093 3899 ut
2123 3844 2406 3900 moniales
2430 3861 2577 3914 quas
2608 3843 2690 3897 ibi
2722 3842 2831 3897 sub
2864 3841 3190 3896 monastica
3218 3836 3422 3911 regula
3450 3834 3683 3895 ordina-

242 3935 397 3990 Petri
434 3932 843 4005 apostolorum
876 3933 1182 4005 principis,
1217 3949 1412 3989 coram
1446 3934 1561 3989 Deo
1590 3938 1648 3988 et
1676 3932 1917 3994 terribili
2026 3932 2125 3993 vit,
2161 3930 2389 3985 usualis
2419 3930 2620 3984 omnia
2640 3945 2747 3984 sua
2769 3928 2921 3981 intra
2943 3927 3091 3982 fines
3111 3924 3222 3981 loci
3247 3923 3437 3996 ipsius
3467 3921 3682 3979 habere

238 4026 370 4091 ejus
398 4024 611 4077 futuro
635 4021 922 4089 examine,
948 4038 1050 4094 per
1072 4021 1252 4093 hujus
1275 4022 1461 4076 nostri
1485 4022 1786 4092 apostolici
1811 4022 1922 4093 pri.
2029 4018 2278 4090 possint,
2311 4034 2403 4072 me
2433 4017 2763 4088 apostolica
2805 4014 3171 4071 auctoritatis
3219 4011 3552 4068 munimine
3584 4010 3682 4067 {ir-

242 4112 446 4186 vilegii
479 4111 963 4167 constitutionem
999 4110 1300 4166 sancimus
1323 4114 1388 4165 ut
1410 4109 1681 4164 universa
1702 4127 1826 4180 qua
1849 4110 1921 4165 ab
2029 4123 2211 4165 mare,
2245 4123 2315 4161 ne
2355 4105 2641 4177 quidquid
2684 4105 2839 4158 idem
2885 4103 3198 4175 episcopus
3223 4105 3684 4172 caterorumque

241 4200 737 4257 antecessoribus
785 4199 1347 4270 successoribusque
1399 4198 1617 4252 nostris
1660 4198 1714 4252 in
1750 4199 1923 4253 rebus
2031 4195 2133 4251 Dei
2170 4194 2431 4250 ﬁdelium
2464 4194 2558 4265 pia
2588 4193 2814 4249 devotio
2855 4192 3073 4249 ibidem
3104 4189 3452 4255 contulerat,
3476 4189 3548 4245 ab
3578 4186 3683 4245 ali-

243 4289 586 4347 mobilibus
608 4295 665 4343 et
684 4287 1089 4344 immobilibus
1111 4304 1393 4343 concessa
1421 4291 1582 4353 sunt,
1608 4303 1712 4341 nec
1733 4303 1848 4341 non
1869 4303 1928 4352 et
2035 4300 2149 4354 quo
2178 4288 2390 4340 sancta
2424 4281 2688 4338 Ecclesia
2721 4280 2959 4337 inimico
2990 4283 3123 4352 post
3164 4279 3285 4334 hac
3312 4277 3517 4335 violari
3548 4293 3685 4333 con-

246 4378 674 4451 possessiones
701 4393 833 4449 qua
861 4393 898 4431 a
927 4376 1165 4449 regibus
1187 4381 1244 4431 et
1278 4375 1644 4448 principibus
1670 4392 1771 4431 seu
1799 4375 1926 4446 qui-
2034 4375 2224 4444 tingat
2256 4389 2269 4427 :
2305 4387 2398 4427 res
2424 4376 2622 4426 autem
2655 4370 2912 4427 ecclesia
2944 4368 3131 4424 eidem
3156 4366 3516 4439 pertinentes
3537 4381 3685 4437 quas

244 4468 525 4523 buslibet
558 4465 771 4521 Christi
803 4464 1077 4521 fidelibus
1107 4465 1333 4521 collata
1364 4468 1524 4527 sunt,
1548 4465 1832 4520 fuerintve
1869 4464 1925 4517 in
2038 4464 2384 4516 conﬁrmare
2414 4461 2752 4521 statuimus.
2778 4458 3081 4530 prasentis
3106 4456 3321 4528 pagina
3349 4452 3690 4524 descriptio-

236 4554 950 4628 posterum,inconcussa
984 4552 1305 4608 stabilitate
1323 4554 1513 4623 adjus
1530 4552 1923 4607 etdominium
1958 4573 2005 4639 D
2038 4550 2133 4605 nis
2178 4550 2542 4639 demonstrat
2577 4567 2589 4604 :
2624 4548 2887 4603 videlicet
2908 4544 3120 4639 villam
3148 4544 3221 4597 ad
3252 4540 3687 4639 gilvum-Men:

240 4645 442 4701 sancti
477 4642 711 4699 Nazarii
746 4643 1021 4714 martyris
1064 4641 1360 4713 perpetuis
1392 4641 1758 4712 temporibus
1791 4658 1925 4712 per-

243 4737 552 4799 sererent,
569 4746 678 4787 nec
698 4729 934 4786 licentia
955 4731 1056 4795 sit,
1081 4734 1146 4784 ut
1170 4732 1393 4785 dictum
1426 4734 1536 4795 est,
1559 4746 1625 4785 ex
1651 4730 1924 4784 omnibus

244 4823 531 4892 ejusdem
560 4819 902 4876 monasterii
932 4819 1367 4891 pertinentibus
1389 4818 1663 4889 cuiquam
1685 4817 1774 4872 vel
1808 4834 1927 4872 ma-

244 4925 376 4981 gna
408 4909 507 4964 vel
540 4925 732 4981 parva
766 4924 1028 4980 persona
1051 4905 1314 4978 diripere
1345 4907 1669 4979 quidquam
1701 4906 1787 4961 vel
1820 4923 1910 4960 au-

246 5001 429 5063 ferre,
461 5004 529 5052 ut
562 4998 817 5069 profecto
849 4997 919 5051 ad
963 4997 1064 5052 Dei
1106 4996 1341 5051 laudem
1374 5012 1647 5051 securum
1678 5001 1734 5049 et
1763 5000 1927 5049 tran-

247 5087 517 5158 quillum
548 5086 706 5155 iuste
740 5086 793 5138 id
824 5086 976 5152 quod
1008 5086 1337 5155 subjectum
1364 5085 1486 5153 juri
1518 5089 1573 5139 ct
1606 5083 1926 5155 patrocinio

246 5168 363 5230 fuit
394 5174 971 5241 decrevimus,bene
1000 5174 1268 5227 dotatum
1303 5179 1359 5225 et
1391 5173 1447 5225 in
1485 5171 1692 5227 melius
1720 5172 1926 5227 dotau-

247 5263 399 5318 dum
435 5266 803 5335 permaneat.
827 5260 887 5316 Si
914 5260 1048 5333 quis
1067 5265 1290 5326 autem,
1314 5260 1466 5331 quod
1493 5278 1603 5315 non
1628 5266 1927 5331 optamus,

248 5345 491 5408 nefario
515 5366 667 5406 ausu
688 5350 1134 5422 prasumpserit
1154 5349 1277 5405 hac
1299 5366 1428 5421 qua
1450 5351 1519 5404 ad
1551 5349 1934 5405 honoriﬁcen-

246 5440 400 5494 tiam
438 5435 673 5494 Domini
707 5438 808 5494 Dei
830 5444 886 5494 et
908 5438 1227 5494 Salvatoris
1259 5438 1443 5493 nostri
1477 5455 1579 5510 pro
1612 5438 1934 5493 stabilitate

248 5527 458 5599 ipsius
499 5526 846 5582 monasterii
896 5531 959 5582 et
1007 5526 1201 5598 quiete
1250 5526 1669 5582 monachorum
1719 5529 1938 5582 statuta

252 5620 431 5690 sunt,
455 5616 822 5688 transgredi,
841 5616 991 5673 sciat
1010 5632 1073 5672 se
1094 5615 1486 5672 anathematis
1517 5614 1748 5670 vinculo
1779 5615 1941 5670 inno-

2035 4644 2177 4701 tem,
2209 4643 2267 4693 et
2298 4636 2349 4693 ei
2379 4637 2578 4692 omnia
2611 4633 2994 4707 pertinentia;
3025 4630 3225 4686 villam
3260 4626 3607 4695 Marseium,
3634 4630 3694 4682 et

2035 4727 2321 4799 quidquid
2354 4726 2424 4780 ad
2458 4741 2585 4779 eam
2617 4725 2907 4795 pertinere
2937 4721 3205 4786 videtur;
3238 4715 3509 4774 Hattonis
3539 4717 3693 4775 Mas-

2034 4816 2172 4881 nile,
2196 4812 2665 4878 Caslon-Villam,
2682 4811 2996 4882 Vilegium,
3016 4826 3154 4865 cum
3178 4807 3361 4864 vineis
3384 4810 3443 4862 et
3472 4804 3701 4863 familia

2034 4903 2347 4977 Amalgisi;
2379 4902 2575 4959 villam
2621 4901 2836 4965 Adase,
2875 4915 3011 4955 cum
3055 4898 3332 4954 omnibus
3361 4894 3474 4952 sibi
3522 4895 3700 4968 perti-

2035 4994 2343 5055 nentibus;
2377 4989 2921 5046 Gundrici-Gurtem
2971 4986 3277 5053 similiter;
3322 4985 3394 5040 ad
3428 4984 3699 5041 striam

2038 5100 2275 5136 manens
2306 5098 2429 5135 VIIII
2464 5097 2595 5131 rum
2646 5077 2895 5140 familia,
2929 5076 3405 5140 Berlei-Curtem,
3430 5072 3502 5128 ad
3536 5071 3701 5126 Brio-
3752 5086 3761 5089 ·

2039 5172 2244 5225 dorum
2280 5186 2517 5224 mansos
2538 5185 2639 5221 vm
2667 5184 2799 5221 cum
2832 5165 3169 5221 molendiuo
3192 5168 3248 5216 et
3268 5163 3398 5232 ejus
3426 5156 3701 5228 appendi-

2041 5259 2166 5314 ciis.
2196 5260 2253 5311 In
2288 5255 2808 5327 Molcngeia-(Jurte
2840 5269 3084 5310 mansos
3112 5267 3189 5304 vn
3212 5264 3344 5302 cum
3376 5243 3693 5312 farinario;

2043 5349 2252 5401 subtus
2284 5345 2584 5409 Leodium,
2622 5344 2677 5397 in
2734 5343 2859 5398 loco
2890 5341 2992 5412 qui
3040 5337 3257 5392 dicitur
3298 5333 3371 5389 ad
3422 5335 3696 5389 sanctum

2045 5433 2489 5502 Remigium,vn
2518 5448 2756 5487 mansos
2788 5446 2923 5483 eum
2954 5425 3216 5482 ecclesia.
3234 5425 3295 5477 In
3323 5422 3697 5496 Samongeia,

2046 5538 2282 5578 mansos
2316 5539 2390 5576 vn
2419 5527 2479 5575 et
2507 5521 2842 5574 dimidium.
2867 5516 2948 5571 Ad
2973 5511 3516 5569 Grimaldi-Curtem
3539 5528 3703 5570 man-

2049 5628 2146 5670 sos
2176 5629 2234 5666 x1
2286 5628 2420 5666 cum
2471 5607 2766 5666 farinario.
2803 5604 3024 5661 Subtus
3070 5601 3401 5659 Virdunum
3452 5601 3702 5660 Novam-
