4088 6174
408 318 562 385 ’62⁸1

1513 319 1578 380 ς.
1626 319 1906 381 LEONIS
1952 321 2029 382 lX
2080 312 2308 380 PAPE
2353 318 2787 384 OPUSCULA.

3723 318 3842 395 3.28

422 459 641 516 .villam
674 476 731 514 1x
755 473 992 515 mansos
1035 460 1092 513 et
1136 455 1467 513 dimidium.
1497 456 1582 511 Ad
1632 454 1925 510 Tullidam
1960 472 2084 510 vuu
2115 463 2167 521 Α
2198 453 2563 522 iunodatum,
2599 459 2659 510 ut
2691 472 2725 510 a
2757 471 2933 529 regno
2961 453 3063 512 Dei
3105 454 3207 512 fiat
3233 453 3483 523 alienus,
3502 456 3677 526 atque
3705 453 3843 511 inde

444 566 683 607 mansos
726 552 781 604 et
820 547 1151 603 dimidium.
1186 545 1578 603 Petri-Villam
1612 545 1669 599 in
1701 544 1994 611 Arduena,
2026 549 2085 600 et

442 638 641 694 villam
673 656 798 710 quae
829 638 1043 693 dicitur
1066 637 1291 703 Nervia,
1319 653 1553 691 mansos
1578 652 1648 689 xx
1671 652 1804 690 cum
1838 633 2080 690 familia.

441 728 524 784 Ad
556 728 887 801 Parperiam
918 728 1195 793 decimas,
1220 743 1352 780 cum
1387 725 1660 781 omnibus
1696 724 2084 781 indominica-

440 818 614 874 turis.
652 818 713 872 In
742 815 1172 872 Trancult‘ivilla
1190 816 1493 870 ecclesiam
1518 832 1715 871 unam.
1749 816 1831 871 Ad
1864 815 2086 888 Sampi-

441 907 676 961 niacum
708 921 907 960 unam.
931 905 1014 959 Ad
1037 904 1314 959 Sanctum
1334 903 1634 959 Julianum
1670 922 1869 959 unum.
1896 904 2082 961 Unam

438 996 499 1050 in
532 992 811 1049 Mandris.
833 993 917 1047 Ad
944 991 1157 1047 Villam
1180 1010 1379 1048 unam.
1400 995 1482 1048 Ad
1507 994 1715 1049 Caslon
1749 1012 1925 1050 unam
1949 1011 2081 1050 cum

435 1080 674 1151 capella.
717 1081 800 1135 Ad
860 1081 1137 1136 Imbeiam
1203 1099 1398 1137 unam.
1458 1084 1541 1137 Ad
1602 1082 1873 1155 Trogium
1925 1102 1962 1138 1.
1995 1084 2079 1139 Ad

434 1168 745 1224 Ranserias
789 1186 989 1225 unam.
1022 1170 1105 1226 Ad
1138 1169 1477 1227 Malamcias
1524 1189 1721 1227 unam.
1751 1173 1835 1227 Ad
1869 1172 2079 1228 Proda-

429 1258 566 1331 gion
598 1276 796 1314 unam.
821 1260 906 1314 Ad
935 1259 1408 1328 Arberti-villam,
1432 1278 1608 1317 unam
1632 1266 1689 1317 et
1718 1261 2079 1334 quartarium

430 1347 942 1429 cum‘piscariaAd
967 1351 1253 1405 Domuum
1278 1350 1510 1407 Petrum
1531 1352 1821 1407 unam.Ad
1837 1352 2081 1407 Lovum-

431 1437 689 1493 Montem
720 1455 927 1507 unam;
959 1439 1031 1494 ad
1063 1439 1299 1506 Ornam,
1327 1457 1535 1508 unam;
1567 1441 1640 1495 ad
1672 1441 1834 1508 Bras,
1861 1458 2075 1509 unam;

432 1526 504 1582 ad
535 1526 938 1593 Unfli-villam,
973 1546 1171 1583 unam.
1208 1530 1293 1583 Ad
1337 1530 1629 1586 Romanas
1662 1547 1699 1584 1.
1727 1531 1811 1585 Ad
1844 1530 2006 1585 Pilon
2038 1549 2074 1585 1.

431 1617 723 1689 Capellam
755 1618 813 1673 S.
850 1619 1143 1673 Lamberti
1175 1618 1231 1673 in
1269 1619 1520 1687 civitate,
1553 1625 1608 1674 et
1638 1621 1695 1675 S.
1732 1619 2074 1675 Medardum

386 1712 395 1723 ’
431 1707 620 1780 ipsius
651 1706 905 1763 ecclesias
930 1708 1174 1763 abbatiaz
1204 1708 1685 1778 adjacentem.Ad
1709 1709 1766 1764 S.
1789 1708 2072 1785 Hilarium

2194 542 2494 599 traditoris
2523 544 2753 599 Domini
2787 545 2965 601 nostri
2997 544 3137 602 Jesu
3169 543 3387 600 Christi
3435 542 3631 600 socius
3661 544 3721 599 in
3753 543 3841 599 in-

2197 631 2379 699 ferno,
2412 636 2469 688 et
2507 632 3094 688 excommunicationi
3127 632 3451 703 subjaceat,
3486 631 3669 687 donec
3700 631 3842 688 resi-

2194 721 2426 793 piscens
2456 721 2527 776 ad
2561 722 3017 777 satisfactionem
3049 725 3105 777 et
3134 737 3455 793 congruam
3484 720 3843 776 emendatio-

2194 827 2328 866 nem
2361 811 2598 866 venerit.
2622 810 2729 874 Qui
2760 828 2891 866 vero
2921 811 3014 883 pio
3047 810 3260 866 intuitu
3290 813 3527 866 curator
3554 813 3611 865 et
3640 809 3842 865 obser-

2194 904 2357 956 vator
2386 900 2565 971 hujus
2615 900 2797 957 nostri
2843 899 3145 972 apostolici
3194 898 3485 972 privilegii
3530 898 3843 965 exstiterit,

2192 989 2615 1047 benedictionis
2642 990 2890 1061 gratiam
2922 993 2978 1045 et
3006 986 3256 1044 ccelestis
3300 988 3462 1060 regni
3491 987 3773 1060 gaudium
3809 1005 3846 1043 a

2190 1078 2437 1135 Domino
2467 1079 2583 1135 Deo
2625 1082 2821 1135 nostro
2867 1078 3145 1149 consequi
3178 1084 3469 1133 mereatur
3515 1076 3574 1132 in
3625 1075 3846 1133 secula

2191 1167 2557 1224 saeculorum.
2600 1174 2807 1223 Amen.

2261 1257 2471 1313 Datum
2504 1274 2658 1314 nono
2691 1257 2976 1313 Kalendas
3005 1255 3346 1312 Novembris
3366 1271 3470 1327 per
3498 1270 3711 1311 manus
3740 1254 3844 1311 Pe-

2189 1347 2263 1402 tri
2295 1347 2548 1414 diaconi,
2571 1345 2994 1403 bibliothecarii
3020 1349 3075 1401 et
3097 1343 3427 1402 cancellarii
3460 1348 3678 1400 sanctae
3706 1359 3846 1415 apo-

2189 1433 2404 1489 stolica:
2438 1435 2614 1499 sertis,
2641 1451 2792 1490 anno
2823 1433 3045 1490 domini
3080 1433 3290 1489 Leonis
3315 1449 3476 1505 papae
3503 1432 3595 1499 IX,
3626 1432 3842 1504 primo,

2187 1522 2508 1580 indictione
2539 1542 2622 1580 111.

2927 1630 3094 1686 XXV.

2185 1742 2245 1795 S.
2304 1741 2501 1794 Leonis
2550 1741 2617 1795 IX
2666 1741 3025 1810 privilegium
3073 1751 3180 1809 quo
3237 1738 3517 1810 canonicis
3586 1736 3848 1810 Ecclesia

428 1794 742 1869 piscariam
773 1812 908 1851 cum
940 1813 1145 1852 manso
1174 1814 1209 1850 1.
1235 1799 1294 1852 In
1320 1798 1669 1869 Samongeia
1702 1797 2008 1868 piscariam
2030 1816 2069 1853 1.

2202 1794 2205 1795 ν
2261 1810 2614 1896 l’irduncnsis
2660 1794 3065 1869 omnesv‘eorum
3083 1794 3465 1881 possessiones
3508 1809 3849 1878 conﬁrman-

429 1884 749 1941 Teloneum
780 1885 840 1940 in
871 1884 1119 1941 civitate.
1143 1886 1297 1941 Intra
1328 1903 1528 1941 muros
1563 1904 1799 1942 mansos
1821 1888 2073 1942 duarum

426 1973 742 2041 librarum;
767 1974 1103 2030 molendina
1122 1976 1237 2031 duo
1260 1976 1471 2031 subtus
1495 1993 1709 2032 novum
1732 1980 1986 2047 pontem.
2008 1977 2073 2032 In

427 2062 661 2119 Floraco
693 2080 871 2136 super
896 2064 1137 2120 ﬂuvium
1156 2065 1375 2129 Airam,
1399 2082 1638 2121 mansos
1662 2084 1738 2120 1x.
1762 2066 2076 2122 Comitissa

410 2154 600 2208 AAuda
627 2153 816 2209 eidem
848 2152 1121 2216 ecclesiae,
1154 2154 1215 2209 in
1246 2171 1362 2224 qua
1389 2158 1445 2209 et
1474 2154 1706 2224 sepulta
1734 2160 1841 2223 est,
1871 2160 2073 2212 contu-

427 2241 514 2308 lit,
538 2245 594 2296 et
623 2242 694 2296 ad
721 2242 1002 2296 domuum
1024 2241 1352 2296 Johannem
1387 2260 1624 2300 mansos
1645 2262 1881 2301 x11cum
1905 2245 2076 2302 eccle-

428 2330 518 2385 sia
547 2346 727 2399 supra
753 2329 1106 2396 Cosantiam,
1143 2334 1200 2386 et
1243 2331 1523 2402 prandium
1555 2335 1709 2403 quod
1743 2336 2072 2407 acquisivit.

430 2419 494 2472 In
523 2418 960 2484 Lovomontcm,
984 2423 1042 2473 et
1073 2419 1344 2487 Brabant,
1369 2421 1675 2478 ecclesiam
1703 2422 1761 2477 in
1794 2423 2075 2480 honorem

429 2506 654 2562 Sanctae
684 2505 907 2571 Crucis,
932 2523 1112 2579 quam
1143 2508 1346 2565 IIeimo
1368 2511 1678 2583 episcopus
1700 2512 1875 2568 rebus
1901 2514 2077 2568 unde-

428 2610 661 2666 quaque
692 2595 995 2666 acquisitis
1037 2596 1320 2665 dilatavit,
1355 2599 1652 2655 canonicis
1685 2600 1827 2656 inibi
1860 2602 2074 2657 consti-

424 2679 592 2753 tutis,
616 2684 714 2756 qui
744 2684 1185 2742 hebdomadarii
1209 2687 1267 2742 in
1297 2688 1415 2758 jam
1441 2690 1594 2745 dicto
1619 2691 1969 2747 monasterio
1995 2691 2078 2746 di-

426 2773 581 2830 vinis
612 2774 933 2830 inserviant
960 2775 1189 2843 ofﬁciis,
1222 2794 1325 2833 nec
1355 2779 1696 2835 canonicam
1729 2780 1841 2835 nisi
1873 2781 1945 2836 ab
1976 2782 2077 2836 ab-

431 2862 655 2919 batissa
683 2863 988 2935 recipiant.
1039 2865 1253 2921 Earum
1284 2871 1479 2922 autem
1529 2885 1723 2924 rerum
1773 2869 1895 2925 haec
1942 2874 2081 2924 sunt

434 2951 694 3007 nomina.
744 2953 828 3007 Ad
878 2954 1173 3011 Romanas
1223 2972 1456 3012 mansos
1507 2975 1589 3013 1111
1637 2961 1693 3014 et
1742 2958 2079 3025 dimidium,

437 3056 571 3097 eum
616 3041 828 3098 banno.
861 3043 945 3098 Ad
993 3045 1244 3100 Asenam
1289 3046 1569 3115 bannum,
1598 3063 1733 3102 cum
1782 3046 1961 3119 sylva.
1995 3046 2080 3101 Ad

434 3129 633 3186 villam
666 3147 937 3187 mansum
972 3150 987 3186 1
1020 3150 1154 3188 cum
1187 3134 1540 3190 molendino.
1564 3136 1646 3190 Ad
1687 3136 1928 3191 Crucem
1959 3135 2079 3191 alo-

2255 1886 2369 1937 tur.

2803 1975 2992 2041 (Anno
3028 1974 3212 2045 1049.)

2254 2059 2523 2131 [Mabi|l.,
2560 2067 2635 2134 De
2664 2078 2722 2117 re
2754 2062 3005 2134 diplom.,
3037 2062 3366 2134 Supplem,
3400 2075 3537 2134 pag.
3571 2058 3660 2125 99,
3692 2074 3761 2113 ex

2475 2133 2786 2206 archetypo
2812 2132 3072 2191 ecclesia;
3106 2132 3539 2205 Virdunensis.]

2254 2238 2364 2293 Leo
2406 2238 2735 2311 episcopus,
2785 2257 2989 2297 servus
3036 2256 3338 2297 servorum
3388 2238 3512 2304 Dei,
3565 2237 3849 2293 Romam

2185 2326 2514 2398 primicerio
2545 2329 2835 2385 canonica
2874 2334 3087 2386 sanctas
3120 2330 3313 2386 Mariae
3356 2324 3698 2402 principalis
3724 2326 3845 2380 Ec-

2185 2416 2371 2471 clesia:
2408 2417 2817 2486 Virdunensis,
2868 2423 3041 2491 atque
3095 2419 3455 2475 Warmundo
3502 2417 3743 2478 decano,
3777 2419 3849 2469 et

2186 2522 2288 2577 per
2315 2522 2413 2562 eos
2444 2508 2667 2564 caeteris
2718 2508 3032 2575 canonicis,
3066 2513 3187 2564 tam
3235 2506 3624 2581 praesentibus
3653 2520 3846 2577 quam

2186 2594 2420 2661 futuris,
2458 2601 2796 2669 perpetuam
2836 2598 2893 2653 in
2927 2598 3174 2654 Domino
3204 2596 3479 2654 salutem.

2256 2684 2442 2740 Ofﬁcii
2479 2686 2657 2741 nostri
2691 2691 2780 2742 est
2824 2687 3079 2743 miseriis
3127 2691 3184 2743 et
3230 2684 3666 2742 calamitatibus
3696 2700 3848 2739 con-

2186 2773 2556 2840 descendere,
2580 2779 2637 2829 et
2667 2775 2951 2831 auxilium
2984 2776 3137 2847 quod
3170 2774 3433 2831 valemus
3464 2774 3845 2845 impendere;

2187 2863 2345 2934 quia,
2381 2862 2428 2919 si
2460 2863 2518 2918 in
2551 2865 2721 2921 nobis
2751 2867 2907 2920 unde
2947 2865 3257 2937 procedere
3286 2865 3457 2920 debet
3501 2861 3847 2935 exemplum

2188 2951 2441 3022 pietatis,
2476 2953 2660 3024 pietas
2691 2971 2804 3008 non
2855 2954 3168 3019 invenitur,
3201 2954 3259 3008 in
3291 2970 3404 3025 quo
3452 2950 3696 3007 inveniri
3729 2951 3850 3004 de-

2191 3039 2325 3095 beat
2352 3041 2627 3096 nescitur.
2654 3042 3054 3099 Redeuntibus
3082 3042 3263 3116 igitur
3292 3040 3460 3097 nobis
3489 3058 3524 3096 a
3549 3041 3848 3096 Remense

2192 3130 2433 3201 synodo,
2466 3130 2709 3202 contigit
2738 3131 2982 3187 Virduni
3028 3131 3310 3203 hospitari
3358 3134 3415 3186 et
3461 3147 3578 3186 non
3628 3128 3846 3196 laetari,

436 3219 570 3275 dem
602 3237 736 3275 cum
768 3220 947 3293 sylva.
970 3223 1055 3277 Ad
1088 3225 1560 3279 Caston-Curtcm
1608 3241 1881 3281 mansum
1915 3224 2085 3279 dimi-
2118 3200 2161 3265 (ἶ
2199 3200 2299 3273 sed
2350 3219 2544 3290 potius
2589 3200 2918 3293 lavcrymari.
2964 3200 3347 3293 Respeximus
3401 3219 3557 3274 enim
3606 3216 3850 3274 crudele

443 3307 631 3362 dium.
676 3309 759 3362 Ad
790 3310 1243 3366 Aldcm-Villam
1277 3312 1537 3379 alodem;
1582 3314 1754 3383 juxta
1796 3313 2086 3368 civitatem

442 3394 788 3450 Cumminas
818 3413 901 3451 111.
936 3399 1018 3451 Ad
1056 3398 1346 3454 Aldeberti
1387 3404 1612 3471 portam
1646 3418 1682 3455 1.
1712 3401 1797 3455 Ad
1832 3400 2088 3456 Dodam-

441 3478 665 3536 Vallem
696 3500 735 3536 1.
768 3485 850 3538 Ad
907 3486 1322 3541 Dormavallem
1372 3506 1409 3542 1.
1463 3490 1545 3543 Ad
1598 3488 1799 3543 Elnam
1849 3494 2084 3560 quarta-

439 3567 557 3624 rios
586 3586 684 3637 v11,
712 3570 867 3627 infra
915 3589 1115 3629 muros
1164 3592 1201 3628 11
1250 3575 1465 3630 vineas.
1501 3576 1581 3630 Ad
1630 3576 2082 3634 Ronnei-villam

437 3672 675 3715 mansos
709 3677 749 3714 11
779 3664 837 3716 et
865 3662 1192 3732 quartarios
1222 3669 1361 3719 tres.
1386 3664 1620 3721 Mansos
1650 3665 1709 3720 in
1730 3665 1958 3722 civitate
1978 3668 2080 3739 qui

432 3748 771 3818 persolvunt
817 3750 1036 3807 solidos
1074 3770 1218 3819 v1111,
1254 3752 1550 3809 clibanum
1600 3771 1802 3809 unum.
1844 3757 1928 3811 Ad
1960 3756 2075 3812 No-

427 3838 797 3895 vam-Villam
829 3857 1067 3897 mansos
1094 3860 1109 3896 1
1131 3846 1188 3897 et
1216 3842 1551 3899 dimidium.
1576 3844 1706 3898 Haec
1729 3846 1925 3899 omnia
1946 3862 2074 3917 quae

426 3927 788 3997 praescriptio
822 3935 1017 3985 nostra
1050 3931 1325 3998 continet,
1358 3936 1479 3987 tam
1512 3933 1737 3987 urbana
1766 3949 1943 4004 quam
1976 3952 2071 3990 ru-

426 4013 625 4079 ratica,
658 4014 718 4068 in
769 4016 1047 4081 aedificiis,
1092 4020 1296 4086 vineis,
1350 4021 1553 4091 pratis,
1600 4020 1797 4093 sylvis,
1847 4023 2071 4094 campis

422 4099 596 4154 cultis
627 4106 684 4156 et
715 4102 970 4170 incultis,
996 4106 1304 4178 utriusque
1333 4125 1508 4163 sexus
1540 4109 1871 4182 mancipiis,
1899 4113 2069 4183 aquis

421 4203 826 4260 aquarumque
847 4192 1873 4270 decursibus,molendinis,piscariis
1893 4200 2067 4256 eccle-

420 4274 545 4344 siis,
565 4277 822 4350 capellis,
842 4280 1010 4335 sicuti
1039 4283 1171 4351 jure
1203 4287 1258 4337 et
1288 4282 1554 4355 legaliter
1584 4290 1758 4356 atque
1788 4288 2063 4345 canonice

418 4366 490 4421 ad
521 4366 631 4423 hoc
662 4369 1084 4424 monasterium
1116 4370 1426 4441 pertinent,
1459 4372 1539 4427 ita
1567 4374 1729 4429 vobis
1760 4392 2061 4432 successo-

414 4454 698 4529 ribusque
717 4458 924 4514 vestris
949 4459 1325 4516 concedimus
1347 4461 1658 4533 episcopis,
1681 4466 1737 4518 et
1756 4464 2060 4520 confirma-

2200 3307 2362 3362 urbis
2392 3308 2701 3376 excidium,
2733 3308 2901 3381 quale
2931 3309 3130 3365 nullus
3157 3308 3343 3383 possit
3371 3323 3486 3365 non
3517 3307 3712 3363 dolere
3741 3306 3853 3362 bo-

2197 3396 2444 3452 minum.
2506 3398 2729 3453 Etenim
2778 3404 3169 3471 tyrannorum
3223 3398 3488 3470 ingressa
3543 3396 3849 3452 civitatem

2194 3486 2434 3553 saevitia,
2470 3492 2651 3542 totam
2684 3488 2866 3542 diruit
2912 3503 3016 3560 per
3051 3487 3178 3543 dira
3207 3486 3498 3552 incendia,
3530 3484 3630 3557 qui
3681 3485 3853 3556 ignis

2194 3590 2298 3629 nec
2327 3573 2437 3645 ipsi
2468 3575 2720 3631 ecclesia:
2769 3580 2980 3630 sanctae
3024 3575 3218 3631 Mariis
3260 3574 3534 3648 pepercit,
3567 3573 3668 3630 sed
3702 3591 3855 3646 pas-

2191 3662 2302 3718 sim
2359 3668 2416 3719 et
2471 3664 2689 3736 ubique
2746 3665 3059 3721 dominans
3115 3664 3491 3737 conﬂagravit
3531 3682 3544 3719 :
3589 3679 3660 3719 ex
3716 3680 3855 3735 qua

2187 3751 2669 3825 conﬂagratione,
2730 3754 3028 3827 in0pinato
3087 3754 3556 3826 superveniente,
3607 3750 3850 3808 instru-

2187 3844 2383 3896 menta
2411 3842 2588 3897 etiam
2630 3843 2966 3899 chartarum
3014 3847 3343 3899 vestrarum
3388 3840 3845 3915 praebendarum

2183 3936 2531 4001 consumpta
2572 3936 2733 3996 sunt,
2762 3932 2865 3988 illa
2912 3936 2977 3987 ut
3023 3931 3252 3988 nullum
3300 3933 3645 3987 remaneret.
3680 3932 3843 3997 Qua-

2180 4023 2417 4089 propter
2461 4018 2914 4092 lacrymabiliter
2959 4037 3163 4076 omnes
3211 4020 3283 4075 ad
3314 4018 3575 4091 -vestigia
3628 4024 3839 4075 nostra

2176 4108 2456 4178 prostrati
2480 4115 2688 4164 nostra:
2710 4108 3038 4180 apostolicis
3060 4109 3421 4165 auctoritatis
3452 4107 3834 4181 privilegium

2176 4194 2341 4267 vobis
2373 4197 2711 4268 postulastis
2743 4198 2865 4253 ﬁeri
2888 4199 2959 4254 de
2977 4198 3200 4255 eisdem
3232 4196 3580 4270 praebendis,
3614 4196 3834 4253 usibus

2173 4288 2229 4339 et
2258 4284 2489 4342 salariis
2519 4286 2745 4354 vestris,
2779 4287 2851 4342 ab
2883 4287 3143 4359 antiquis
3183 4285 3546 4359 temporibus
3575 4301 3832 4342 conces-

2171 4372 2275 4428 cis.
2310 4374 2491 4446 Igitur
2528 4374 2789 4430 inclinati
2822 4375 3093 4447 precibus
3139 4374 3368 4441 vestris,
3401 4390 3503 4446 per
3550 4372 3661 4430 hoc
3714 4392 3830 4432 no-

2168 4464 2301 4517 strue
2341 4462 2670 4533 apostolicae
2718 4464 3038 4520 sanctionis
3087 4462 3455 4535 privilegium
3503 4462 3829 4520 conﬁrma-

411 4560 545 4600 mus
578 4545 634 4601 in
661 4551 1038 4618 perpetuum;
1070 4549 1151 4603 ita
1170 4550 1323 4620 quod
1348 4550 1418 4604 ad
1442 4548 1651 4606 altaria
1678 4551 2056 4609 ecclesiarum
2087 4569 2135 4632 D
2169 4566 2300 4605 mus
2329 4554 2383 4606 et
2410 4552 2857 4608 corroboramus
2895 4552 3059 4607 vobis
3088 4551 3418 4622 vestrisque
3463 4553 3830 4608 successori-

406 4633 468 4689 in
500 4635 795 4707 episcopio
825 4641 1017 4693 vestru
1049 4638 1319 4704 sitarum,
1353 4639 1503 4695 sicut
1543 4641 1627 4696 eis
1657 4642 2053 4709 concessistis,

406 4722 553 4777 nulli
584 4723 754 4779 liceat
787 4725 960 4781 aliam
997 4727 1362 4783 introducere
1390 4745 1716 4799 personam,
1739 4729 1849 4784 nisi
1874 4747 2051 4801 quam

401 4824 472 4863 ex
501 4825 769 4865 sororum
801 4830 1042 4869 suarum
1082 4815 1325 4871 consilio
1358 4816 1658 4871 abbatissa
1688 4818 2047 4874 conduxerit.

401 4894 663 4968 Eligendi
710 4915 841 4955 vero
885 4903 1244 4959 abbatissam
1276 4905 1601 4959 secundum
1644 4904 1744 4961 Dei
1776 4906 2047 4962 timorem

398 4987 455 5041 et
482 5000 773 5041 canonum
823 4988 1052 5044 decreta
1102 4990 1347 5047 liberam
1380 4992 1525 5063 ipsis
1555 4993 1931 5050 concedimus
1965 4995 2046 5049 fa-

405 5072 830 5131 eultatem.Sed
856 5076 901 5130 si
931 5080 1324 5135 controversia
1346 5086 1472 5136 orta
1504 5081 1694 5145 fuerit,
1720 5082 1791 5136 ad
1823 5082 2044 5154 episco-

393 5180 534 5236 pum
562 5165 876 5237 pertinebit
905 5170 991 5234 ut,
1016 5166 1167 5222 sicut
1199 5171 1386 5225 bonus
1409 5174 1627 5241 pastor,
1653 5170 1922 5227 idoneam
1956 5189 2044 5228 ec-

393 5251 581 5309 clesia:
613 5253 697 5310 illi
728 5255 1029 5327 provideat
1060 5273 1393 5327 personam,
1416 5258 1503 5314 vel
1535 5259 1606 5313 de
1636 5275 1744 5315 sua
1765 5259 1849 5315 vel
1875 5260 1941 5316 de
1962 5260 2042 5317 al-

2165 4638 2275 4693 bus
2324 4639 2382 4694 in
2432 4644 2776 4711 perpetuum
2823 4640 3059 4696 easdem
3110 4639 3475 4712 praebendas,
3524 4638 3637 4694 sub
3679 4639 3831 4708 jure

2163 4725 2347 4798 ipsius
2380 4728 2729 4784 beatissima:
2759 4729 2858 4785 Dei
2889 4728 3198 4785 Genitricis
3229 4745 3263 4783 a
3293 4726 3563 4784 fidelibus
3594 4730 3828 4784 consti-

2161 4819 2321 4871 tutas
2351 4816 2425 4871 ad
2457 4817 2801 4889 quotidiana
2828 4816 3159 4873 divinorum
3194 4813 3523 4872 ofﬁciorum
3553 4813 3823 4872 servitia.

2160 4904 2374 4959 Rerum
2407 4921 2536 4960 vero
2569 4906 2909 4961 earumdem
2939 4904 3385 4977 praebendarum
3407 4903 3649 4960 nomina
3667 4905 3828 4976 peti-

2157 4993 2265 5048 stis
2294 4993 2468 5047 etiam
2499 4992 2638 5048 huic
2670 4993 2968 5066 privilegio
2990 4992 3191 5060 inseri,
3216 4981 3350 5048 cum
3374 4991 3606 5047 nullum
3640 4993 3825 5064 privi-

2153 5080 2372 5150 legium
2404 5086 2835 5137 antecessorum
2868 5087 3204 5138 nostrorum
3233 5081 3397 5136 vobis
3432 5082 3819 5151 remanserit,

2154 5170 2251 5226 ubi
2285 5171 2589 5226 videantur
2620 5170 2838 5226 haberi.
2864 5171 3012 5227 Sunt
3041 5175 3239 5227 autem
3280 5170 3395 5226 ista
3427 5185 3562 5225 cum
3592 5168 3821 5229 bannis

2150 5264 2207 5315 et
2235 5259 2495 5316 centanis
2530 5277 2542 5315 :
2577 5260 2816 5315 Lemnia
2865 5277 3000 5316 cum
3047 5260 3293 5317 ecclesia
3337 5260 3409 5316 ad
3458 5257 3723 5316 Oscbera
3754 5267 3823 5318 et

2150 5350 2378 5404 duobus
2428 5348 2650 5403 mansis
2697 5352 2755 5404 et
2799 5349 3075 5406 omnibus
3106 5347 3467 5422 appendioiis
3497 5347 3654 5416 suis;
3708 5366 3819 5406 ec-

2149 5436 2326 5492 clesia
2353 5437 2423 5491 ad
2457 5436 3086 5509 Domnum-Agericum
3129 5456 3265 5495 cum
3306 5437 3509 5505 terris;
3541 5435 3818 5495 Nuville-

2148 5525 2379 5580 niacum
2412 5539 2544 5578 cum
2589 5522 2852 5593 ecclesia,
2887 5526 3225 5585 molendino
3266 5532 3322 5584 et
3368 5526 3648 5584 omnibus
3697 5544 3814 5600 ap-

2146 5611 2457 5687 pendiciis;
2494 5611 2725 5671 Usionis
2775 5619 2998 5675 curtem
3050 5617 3120 5675 ad
3168 5617 3482 5677 Pusionem
3533 5615 3815 5689 quinque

392 5343 575 5397 terius
606 5343 860 5401 dimcesi.
889 5346 947 5401 Si
992 5345 1125 5417 quis
1171 5353 1388 5411 autem,
1413 5347 1567 5418 quod
1601 5364 1713 5402 non
1744 5353 2037 5419 optamus,

389 5432 698 5487 temerario
731 5452 877 5490 ausu
911 5442 1115 5491 contra
1136 5435 1244 5490 hoc
1269 5436 1531 5490 nostrum
1562 5436 1927 5508 privilegium
1959 5444 2039 5494 at-

390 5516 653 5585 tentarit,
676 5520 821 5576 sciat
852 5539 913 5577 se
946 5523 1287 5580 auctoritate
1313 5523 1412 5577 Dei
1448 5522 1866 5594 omnipotentis
1897 5544 2039 5598 apo-

393 5604 795 5679 stolorumque
841 5610 1117 5685 principis
1150 5611 1323 5681 Petri,
1353 5616 1410 5667 et
1441 5617 1640 5667 nostra
1669 5607 2039 5672 anathemate
