4088 6174
220 378 339 449 629

1182 381 1587 449 EPISTOLIE
1628 382 1729 447 ET
1772 380 2135 447 DECRETA
2188 383 2660 451 PONTIFICIA.

3502 390 3624 455 630

224 533 466 577 mansos
508 519 567 576 et
615 515 925 576 dimidium
972 532 1107 576 cum
1151 516 1344 575 hanno
1398 525 1455 574 et
1511 518 1691 585 silva;
1751 519 1862 575 Su-
1897 518 1942 584 A
1979 517 2309 575 conditione
2336 536 2469 576 cum
2519 519 2815 577 communi
2868 515 3112 577 consilio
3169 518 3399 580 comitis
3431 521 3622 599 Haga-

224 608 849 682 periacum-minorem
880 624 1012 665 cum
1044 606 1288 664 ecclesia
1333 610 1391 665 et
1434 607 1596 665 silvis
1644 612 1700 664 et
1747 623 1870 663 om-

226 698 403 754 nibus
431 697 822 770 appendiciis;
856 696 1171 753 Bella-villa
1202 715 1336 753 cum
1367 698 1581 759 hanno,
1607 701 1870 762 centana,

225 786 587 843 molendinis
634 792 692 843 et
738 787 1263 853 Malherti-monte;
1314 788 1383 841 ad
1438 787 1532 841 Ex.
1591 786 1873 841 dimidius

224 892 473 932 mansus
504 892 640 931 cum
674 876 1007 931 molendino
1037 881 1095 931 et
1123 880 1322 949 prato;
1358 876 1525 931 Mons
1554 892 1686 930 cum
1728 875 1874 929 han-

226 982 320 1030 no,
346 964 889 1033 centana,ecclesia,
908 963 1258 1020 molendinis
1280 969 1336 1020 et
1363 964 1637 1019 omnibus
1657 980 1874 1036 appen-

226 1054 428 1121 diciis;
472 1052 861 1126 Agerici-villa
906 1070 1040 1109 cum
1090 1055 1283 1109 hanno
1334 1057 1611 1119 centana;
1642 1051 1873 1107 Berthi-

226 1141 521 1207 nea-villa,
552 1142 809 1206 Porario,
838 1141 1163 1210 Pictavilla;
1195 1142 1643 1198 Profunda-rivo
1683 1145 1740 1197 et
1778 1158 1872 1196 ec-

224 1230 447 1295 clesiis,
493 1230 844 1288 molendinis
894 1232 1286 1304 omnibusque
1333 1231 1724 1304 appendiciis;
1756 1231 1875 1286 Mo-

223 1318 561 1376 naldi-villa
581 1335 715 1374 cum
734 1319 1471 1386 banno,centana.ecclesia
1487 1319 1877 1390 omnibusque

222 1407 627 1480 appendiciis;
688 1408 760 1464 ad
819 1408 1293 1464 Monaldi-villam
1356 1426 1598 1464 mansus
1644 1408 1878 1468 Linter

220 1497 657 1553 Baldi-curtem
711 1501 769 1551 et
821 1496 1041 1553 Villare
1099 1514 1342 1553 mansus
1394 1499 1453 1565 4;
1507 1498 1575 1551 ad
1618 1498 1873 1552 Maroam

223 1585 423 1641 mansi
446 1587 509 1651 2;
543 1584 611 1639 ad
635 1584 929 1656 Apletium
963 1586 1367 1642 molendinum
1394 1588 1453 1649 1;
1482 1587 1551 1641 ad
1575 1590 1878 1642 Grossum-

224 1674 480 1728 rubrum
512 1673 793 1729 medietas
840 1673 1017 1729 unius
1067 1674 1342 1730 ecclesiae.
1380 1677 1532 1731 Inter
1579 1676 1875 1748 Erpeiam-

225 1767 463 1818 curtem
493 1768 548 1817 et
578 1762 696 1817 Soli
723 1766 757 1816 7
788 1764 975 1819 mansi
1010 1781 1142 1819 cum
1175 1766 1367 1820 hanno
1398 1769 1455 1820 et
1493 1769 1772 1833 centana;
1806 1765 1876 1821 ad

224 1851 785 1954 Gis‘labardi-villam
799 1852 1007 1954 “mansi
1037 1857 1073 1908 2
1097 1870 1230 1908 cum
1280 1854 1494 1954 hanno,
1528 1858 1772 1910 centana
1823 1858 1880 1908 et
1909 1890 1957 1954 B

222 1940 598 2006 molendino;
661 1941 731 1995 ad
798 1942 1141 1997 Frasnidum
1199 1941 1443 1999 ecclesia
1489 1945 1547 2005 1:
1607 1944 1677 1998 ad
1726 1943 1882 1997 Alni-

220 2030 368 2085 dum
395 2030 457 2095 1;
491 2030 559 2083 ad
596 2029 1176 2103 Domnum-Eligium
1211 2033 1268 2098 1;
1312 2031 1671 2088 Udesvillare
1714 2049 1879 2086 man-

222 2136 325 2174 sus
364 2120 423 2183 1;
458 2134 590 2173 eum
615 2118 858 2174 dimidio
883 2118 1134 2176 molend.
1152 2122 1222 2175 ad
1246 2121 1695 2177 Ramisvacbum
1721 2137 1882 2175 man-

224 2224 322 2263 sus
364 2207 385 2260 1
411 2224 425 2273 ;
460 2222 597 2261 cum
627 2206 842 2273 hanno,
876 2213 1121 2263 centana
1149 2213 1205 2264 et
1234 2209 1366 2265 aliis
1398 2210 1589 2278 terris,
1620 2208 1806 2264 vineis
1827 2213 1884 2263 et

222 2295 391 2352 silvis
405 2296 855 2368 ;Laumerengie
874 2313 1006 2352 cum
1026 2296 1271 2353 ecclesia
1287 2303 1343 2353 et
1365 2299 1639 2354 omnibus
1670 2314 1883 2369 appen-

223 2385 430 2451 diciis;
463 2385 888 2456 Aquas-ductus
920 2402 1055 2441 cum
1082 2386 1348 2451 ecclesia,
1392 2387 1553 2443 silvis
1601 2392 1658 2443 et
1692 2386 1880 2443 omni-

222 2475 328 2531 bus
365 2473 765 2547 appendiciis;
797 2475 1070 2530 Stadonis
1092 2476 1446 2546 (Eslon)villa
1469 2493 1603 2534 cum
1635 2475 1797 2530 silvis
1828 2479 1883 2531 et

224 2563 512 2620 omnibus
563 2563 952 2634 appendiciis;
1002 2565 1371 2620 Miseriacum
1421 2582 1553 2620 cum
1616 2564 1881 2628 ecclesia,

224 2652 594 2719 molendino,
654 2651 1038 2708 Sumomonte
1095 2670 1161 2709 ac
1219 2655 1653 2721 Losoni-curte;
1707 2657 1883 2709 Aren-

226 2758 421 2796 ceium
484 2756 620 2795 cum
691 2739 837 2796 silva
897 2746 954 2797 et
1012 2747 1207 2813 prato;
1267 2742 1690 2798 Frumisiacum
1748 2758 1882 2797 cum

227 2829 440 2885 Warch
462 2833 523 2885 et
537 2827 780 2885 ecclesia
798 2830 1191 2901 omnibusque
1211 2832 1862 2904 appendiciis;Domnus

230 2919 437 2992 Lupus
489 2934 623 2973 cum
657 2918 903 2975 ecclesia
959 2924 1016 2975 et
1072 2919 1453 2988 molendinis;
1489 2921 1560 2976 ad
1594 2920 1884 2975 Sasleium

230 3024 426 3063 mans.
481 3009 544 3069 1;
589 3008 659 3062 ad
693 3008 1029 3063 Todennam
1079 3010 1108 3064 Δ
1161 3014 1353 3081 partes
1403 3009 1579 3064 unius
1630 3007 1884 3063 ecclesiae

228 3112 360 3152 cum
416 3095 615 3160 terris,
644 3095 787 3152 silva
816 3101 873 3151 et
900 3100 1099 3167 prato;
1133 3098 1203 3152 ad
1239 3101 1566 3153 Wammam
1617 3100 1883 3167 quartam

231 3191 462 3257 partem
499 3185 675 3238 unius
703 3185 956 3240 ecclesiae
988 3202 1121 3240 cum
1154 3187 1344 3242 tribus
1375 3184 1689 3258 quartariis
1720 3189 1884 3238 terra:

1984 608 2152 663 nonis
2184 607 2549 680 aliorumque
2595 626 2836 665 suorum
2888 608 3151 666 ﬁdelium
3200 609 3479 668 fratribus
3518 614 3622 671 ha-

1980 698 2173 753 benda
2205 698 2384 763 dedit,
2416 702 2481 753 ut
2528 698 2862 770 quicunque
2908 698 3082 754 homo
3129 698 3250 755 sive
3297 699 3509 757 mulier
3555 703 3626 758 de

1982 786 2141 841 omni
2171 786 2522 842 Virdunensi
2553 787 3330 861 episcopatu,cujuscunque
3358 789 3625 846 beneficii

1981 874 2067 931 vel
2120 876 2190 931 de
2236 892 2586 949 quacunque
2636 875 2763 947 lege
2810 881 2985 939 esset,
3018 877 3115 949 qui
3166 878 3225 933 in
3274 879 3475 935 eadem
3517 897 3625 952 po-

1982 967 2191 1019 testate
2238 980 2577 1035 permanere
2623 963 2813 1032 vellet,
2874 965 3154 1021 fratribus
3213 968 3629 1038 perpetualiter

1983 1056 2158 1119 esset,
2192 1056 2249 1106 et
2277 1053 2348 1107 de
2378 1069 2484 1107 suo
2516 1053 2706 1124 capite
2749 1070 2932 1109 unum
2966 1053 3225 1109 modium
3257 1054 3373 1109 vini
3403 1056 3625 1127 persol-

1982 1141 2181 1196 visset.
2216 1141 2273 1194 Si
2322 1157 2455 1196 vero
2503 1140 2606 1195 filii
2656 1146 2759 1197 aut
2808 1141 2936 1196 filiae
2983 1158 3052 1198 ex
3104 1142 3187 1198 eis
3236 1143 3518 1215 procreati
3551 1144 3624 1199 ad

1985 1229 2131 1287 alias
2160 1229 2348 1285 redire
2379 1229 2701 1286 voluissent
2730 1234 3113 1302 potestates,a
3139 1230 3331 1287 villico
3360 1233 3624 1304 ejusdem
3646 1286 3663 1301 ,

1984 1319 2288 1393 potestatis
2318 1319 2608 1391 prosecuti
2636 1335 2867 1392 semper
2896 1319 3308 1391 persolvissent
3330 1338 3626 1378 summam

1987 1425 2197 1464 census
2229 1408 2531 1480 praenotati
2569 1426 2581 1461 :
2613 1408 2768 1479 quod
2814 1411 2880 1463 ut
2927 1408 3159 1464 firmius
3189 1409 3249 1463 in
3280 1413 3626 1482 perpetuum

1986 1501 2141 1553 stare
2173 1496 2377 1569 possit,
2411 1496 2625 1569 precati
2658 1500 2800 1552 sunt
2822 1497 3025 1552 eadem
3057 1497 3183 1570 lege
3216 1497 3566 1553 conditionis
3596 1516 3632 1555 a

1987 1586 2156 1641 nobis
2187 1586 2298 1641 sibi
2346 1585 2645 1658 privilegio
2693 1586 2935 1651 firmari,
2969 1586 3123 1641 sicut
3172 1586 3485 1658 praedictus
3509 1586 3630 1658 epi-

1987 1692 2221 1747 scopus,
2242 1676 2475 1747 quando
2506 1676 2761 1741 dederat,
2796 1675 2984 1731 facere
3015 1674 3403 1737 studuit.0ua3
3434 1674 3632 1729 omnia

1987 1764 2259 1836 superius
2289 1764 2546 1819 seriatim
2581 1767 2780 1817 notata
2811 1780 2923 1817 non
2970 1761 3160 1816 solum
3208 1762 3373 1817 vobis
3422 1763 3630 1818 confir-

1989 1870 2222 1909 mamus
2252 1857 2308 1908 et
2336 1853 2815 1916 corrohoramus;
2850 1851 2946 1903 sci
2983 1850 3153 1903 etiam
3208 1866 3569 1922 quaecunque
3600 1867 3635 1905 a

1990 1942 2261 1999 ﬁdelibus
2292 1941 2640 1997 Christianis
2658 1939 2821 1995 vobis
2840 1938 3165 2010 vestrisque
3195 1938 3633 1994 successoribus

1990 2032 2200 2088 amodo
2249 2031 2464 2086 fuerint
2510 2030 2887 2085 contributa:
2935 2031 3259 2084 statuentes
3314 2026 3633 2098 apostolica

1991 2136 2258 2186 censura,
2310 2119 2419 2175 sub
2468 2117 2646 2173 divini
2685 2116 2898 2188 judicii
2942 2114 3347 2182 obtestatione,
3381 2114 3634 2171 utnulla

1989 2208 2294 2264 hominum
2329 2223 2596 2279 persona,
2631 2223 2845 2279 magna
2871 2206 2961 2261 vel
2992 2222 3187 2277 parva,
3228 2206 3633 2277 cujuscunque

1990 2298 2068 2353 sit
2098 2297 2398 2368 dignitatis
2427 2295 2512 2352 vel
2546 2295 2790 2362 ordinis,
2814 2294 3218 2365 cujuscunque
3247 2294 3326 2348 sit
3355 2310 3529 2348 sexus
3576 2297 3636 2349 et

1990 2385 2198 2449 aetatis,
2244 2390 2448 2441 contra
2503 2385 2613 2440 hoc
2671 2383 2854 2440 nostri
2911 2382 3213 2456 apostolici
3268 2380 3634 2455 privilegium

1989 2475 2185 2530 venire
2231 2478 2536 2546 pertentet.
2598 2474 2759 2539 Quod
2810 2472 2911 2545 qui
2972 2488 3153 2527 ausus
3202 2470 3396 2535 fuerit,
3449 2470 3634 2527 nostri

1992 2562 2383 2619 anathematis
2414 2561 2605 2633 gladio
2627 2560 2894 2632 usquead
2914 2560 3152 2632 digﬁiam
3176 2558 3636 2616 satisfactionem

1992 2653 2069 2708 sit
2098 2668 2444 2722 percussus;
2480 2649 2579 2720 qui
2610 2666 2742 2703 vero
2783 2647 2927 2703 illud
2976 2645 3386 2715 observaverit,
3419 2645 3638 2701 illesus

1992 2745 2049 2798 et
2081 2742 2135 2795 in
2166 2741 2322 2796 omni
2356 2742 2517 2812 parte
2542 2738 2950 2800 inconcussus,
2974 2734 3182 2789 divinas
3216 2733 3638 2790 benedictionis

1992 2830 2239 2903 gratiam
2273 2832 2566 2883 mereatur
2594 2830 2649 2881 et
2678 2830 2902 2879 aeternas
2942 2822 3069 2878 vitae
3111 2820 3399 2894 particeps
3429 2820 3640 2878 efﬁcia-

1992 2921 2107 2972 tur.

2068 3005 2176 3059 Leo
2224 3020 2392 3074 papa.
2423 3001 2616 3057 Gloria
2642 2998 2871 3055 Domini
2904 2997 3074 3071 plena
3124 3000 3213 3053 est
3257 3000 3428 3053 terra.
3481 2997 3636 3054 Bene

1992 3091 2196 3147 valete.

2067 3180 2276 3246 +Data
2304 3196 2383 3233 vn
2428 3176 2552 3232 Kal.
2604 3178 2743 3232 Nov.
2797 3194 2899 3249 per
2945 3192 3159 3231 manus
3203 3174 3355 3230 Petri
3406 3174 3635 3229 diaconi

227 3251 285 3329 et
340 3279 547 3345 prato;
603 3274 671 3327 ad
723 3273 1005 3329 Milleium
1056 3279 1275 3345 septem
1333 3251 1661 3345 quartarios
1717 3277 1883 3327 terrae
1915 3251 1958 3317 C
1994 3266 2419 3324 bibliothecarii
2454 3270 2509 3321 et
2540 3264 3082 3321 cancellarisanctaa
3106 3261 3434 3335 apostolicae
3457 3260 3635 3331 sedis,

234 3378 379 3416 cum
414 3360 567 3416 silva
607 3365 659 3415 et
703 3368 907 3432 prato;
958 3364 1030 3418 ad
1081 3363 1468 3419 Salmoreium
1519 3361 1885 3417 medietatem

234 3449 419 3504 unius
450 3447 731 3518 ecclesiae;
768 3450 1036 3507 Lineium
1089 3469 1224 3508 cum
1273 3451 1517 3507 ecclesia
1550 3455 1606 3505 et
1647 3448 1890 3504 dimidio

232 3537 608 3604 molendino;
643 3538 900 3594 Fontane
956 3556 1090 3595 cum
1149 3540 1395 3596 ecclesia
1422 3544 1478 3595 et
1516 3538 1888 3604 molendino;

223 3625 680 3683 Heraldi-mons
701 3643 834 3682 cum
852 3627 1101 3685 ecclesia
1118 3634 1175 3685 et
1191 3628 1466 3684 omnibus
1495 3625 1852 3699 appendiciis
1876 3644 1889 3691 ;

222 3714 674 3772 Wandersaltis
705 3733 839 3771 eum
872 3716 1116 3773 ecclesia
1130 3722 1188 3773 et
1204 3718 1481 3772 omnibus
1502 3715 1891 3788 appendiciis;

224 3803 406 3860 Merla
438 3820 583 3859 cum
619 3803 882 3869 ecclesia,
917 3804 1252 3861 molendino
1279 3810 1336 3861 et
1365 3805 1639 3860 omnibus
1673 3819 1891 3875 appen-

222 3892 429 3960 diciis;
470 3891 1096 3964 Superiacum-majus
1146 3898 1203 3948 et
1251 3891 1715 3949 Subterior-villa
1761 3906 1893 3945 cum

223 3981 501 4049 ecclesia,
542 3979 901 4036 molendinis
931 3985 989 4036 et
1018 3982 1294 4037 omnibus
1324 3981 1718 4054 appendiciis;
1749 3981 1895 4036 Con-

220 4072 565 4126 sauradum
619 4086 754 4123 cum
803 4069 1073 4140 ecclesia,
1114 4070 1470 4125 molendinis
1521 4074 1576 4125 et
1623 4069 1899 4124 omnibus

223 4157 648 4232 appendiciis;
710 4158 781 4212 ad
836 4158 1232 4214 Braihannum
1298 4163 1521 4230 septem
1573 4156 1899 4231 quartarios

221 4252 390 4304 terra:
426 4265 580 4303 cum
613 4247 783 4301 vinea
817 4251 874 4301 et
904 4246 1078 4315 silva;
1112 4247 1434 4304 Moslavilla
1464 4264 1596 4303 cum
1636 4244 1900 4309 ecclesia,

224 4336 591 4392 molendino
671 4341 729 4389 et
787 4335 1065 4391 omnibus
1104 4336 1497 4409 appendiciis;
1568 4334 1901 4391 Flabasium

1998 3355 2385 3414 annodomni
2416 3354 2622 3410 Leonis
2649 3353 2785 3409 noni
2818 3370 2978 3425 papae
3011 3354 3054 3419 Ι,
3085 3351 3287 3407 indict.
3322 3368 3406 3406 ιιι.

2071 3448 2320 3517 Appensa
2375 3448 2455 3499 est
2483 3444 2737 3516 plumbea
2771 3441 2928 3498 bulla
2956 3458 3093 3511 cum
3106 3442 3207 3496 hac
3237 3441 3594 3511 inscriptione
3624 3454 3643 3493 :

2003 3536 2215 3591 Lsoms
2247 3550 2424 3589 ΡΑρΑιτ.

2722 3636 2917 3692 XXVI.

2002 3731 2057 3785 S.
2094 3732 2196 3784 Leo
2230 3730 2298 3783 IX
2327 3728 2525 3782 Veteris
2555 3727 2863 3781 Monasterii
2892 3724 2945 3778 S.
2982 3723 3172 3778 Mariae
3215 3720 3584 3785 Virdunensis,
3614 3735 3647 3773 a

2243 3815 2358 3854 sese
2386 3799 2706 3863 consecrati,
2737 3796 3096 3866 possessiones
3126 3792 3433 3862 can-ﬁrmat.

2626 3886 2813 3951 (Anno
2843 3881 3027 3951 1049.)

2091 3978 2259 4048 [Dom
2289 3973 2534 4040 Calmet,
2570 3973 2812 4026 Histoire
2839 3969 3213 4048 deformius,
3248 3968 3291 4036 Ι,
3320 3968 3578 4033 Prouves,

2677 4059 2807 4114 pag.
2842 4041 2991 4111 423.]

2082 4155 2192 4208 Lso
2222 4152 2553 4222 episcopus,
2580 4166 2782 4205 servus
2813 4163 3116 4203 servorum
3145 4144 3270 4215 Dei,
3283 4143 3447 4201 fratri
3476 4144 3656 4199 THEO-

2012 4260 2221 4299 nomco
2250 4238 2604 4295 Virdunensi
2637 4238 2891 4310 praesuli,
2934 4241 2993 4293 et
3043 4235 3167 4292 suis
3214 4232 3655 4291 successoribus

2012 4334 2070 4387 in
2095 4333 2441 4402 perpetuum
2457 4371 2469 4384 .

226 4440 359 4480 cum
417 4422 717 4485 ecclesia;
772 4424 1138 4481 Haudimons
1194 4440 1326 4480 cum
1390 4424 1578 4489 silvis;
1630 4424 1699 4477 ad
1758 4426 1902 4476 Jun-
2084 4420 2143 4475 Si
2193 4417 2417 4473 devotis
2470 4417 2561 4472 Dei
2615 4415 2874 4471 ﬁdelium
2921 4413 3301 4487 petitionibus
3346 4424 3654 4465 assensum

225 4512 545 4568 chereium
586 4512 840 4578 mansJ,
874 4529 1007 4567 cum
1042 4514 1235 4569 hanno
1267 4517 1324 4568 et
1354 4518 1629 4575 contana;
1663 4510 1907 4566 Anselli-
2016 4508 2370 4571 dederimus,
2405 4506 2672 4561 videlicet
2702 4510 2765 4559 ut
2798 4521 2888 4559 res
2915 4505 3249 4558 sanctarum
3280 4496 3657 4553 ecclesiarum

224 4607 461 4656 sartum
502 4617 652 4655 cum
688 4600 932 4655 ecclesia
964 4605 1021 4657 et
1053 4603 1329 4658 omnibus
1351 4600 1907 4673 appendiciis;Post—-
1930 4614 1988 4678 Ῑ)
2018 4614 2219 4653 eorum
2266 4593 2659 4667 procurationi
2704 4591 3073 4654 commissas,
3106 4587 3260 4643 unde
3304 4582 3525 4678 duplici
3571 4598 3658 4637 re-

223 4689 435 4745 villare
494 4704 645 4744 cum
692 4688 958 4755 ecclesia,
995 4689 1249 4745 molend.
1283 4695 1342 4744 et
1372 4670 1646 4744 omnibus
1694 4703 1906 4760 appen-
1944 4670 1981 4678 ”
2024 4685 2287 4741 fectionis
2316 4687 2485 4756 pastu
2519 4680 2835 4737 sustentari
2877 4679 3083 4734 debeat
3119 4692 3257 4749 grex
3298 4670 3660 4760 Dominicus,

225 4777 439 4847 diciis;
510 4775 812 4833 Marcium
875 4794 1007 4833 cum
1075 4778 1322 4834 ecclesia
1373 4782 1429 4832 et
1481 4759 1913 4847 omnibusap-
2024 4766 3186 4844 nostriapostoliciprivilegiiauctoritate
3210 4759 3663 4825 ﬁrmaverimus,

223 4866 580 4937 pendiciis;
635 4865 706 4919 ad
761 4866 997 4921 Areium
1060 4872 1352 4938 quantum
1410 4865 1488 4919 ibi
1549 4865 1723 4920 habet
1781 4880 1914 4919 cum
2026 4861 2371 4919 universalis
2403 4859 2663 4915 Ecclesia:
2695 4856 2870 4913 statui
2905 4855 3279 4927 profuturum
3301 4850 3545 4908 minime
3566 4850 3670 4906 du-

225 4962 402 5027 portu
439 4959 507 5010 et
545 4952 853 5026 piscaria;
888 4953 1141 5009 Beslaric
1173 4971 1307 5009 cum
1358 4953 1589 5009 duabus
1620 4952 1914 5021 ccclesiis;
2026 4951 2304 5015 bitamus,
2336 4949 2454 5003 imo
2504 4948 2574 5002 ah
2623 4947 2750 5017 ipso
2803 4944 3010 4999 divina:
3061 4940 3474 4999 misericordiae
3514 4940 3671 4995 fonte

228 5047 298 5098 ad
334 5043 790 5099 Ilaudicurtem
824 5043 1016 5098 mansi
1047 5047 1113 5109 3;
1157 5043 1228 5097 ad
1284 5042 1575 5097 Balareias
1623 5060 1811 5098 mans.
1859 5044 1915 5108 1;
2028 5038 2382 5095 remunerari
2418 5036 2732 5091 credimus.
2759 5034 2923 5090 Unde
2954 5034 3219 5089 omnium
3250 5029 3668 5087 catholicorum

233 5132 544 5187 medietas
571 5129 732 5184 silvae
756 5132 941 5185 sancti
968 5131 1203 5186 Martini
1228 5136 1285 5185 et
1305 5132 1624 5201 prmhendae
1650 5133 1917 5194 fratrum,
2028 5130 2260 5198 Deoque
2291 5126 2646 5194 placentium
2695 5123 3048 5178 universitas
3096 5120 3341 5182 noverit,
3364 5119 3494 5189 jam
3532 5111 3671 5169 dicti

232 5220 679 5277 advocationes
730 5223 786 5273 ct
835 5219 1042 5274 altaria
1084 5221 1156 5274 de
1206 5217 1467 5273 ecclesiis
1516 5218 1761 5284 nostris;
1795 5234 1916 5273 mo-
2026 5203 3674 5283 Theodoricidilectissimipraesulisconsensu,etErmen-

231 5308 569 5364 lendinum
633 5324 813 5379 super
871 5308 1213 5364 Braceolum
1275 5307 1333 5362 in
1399 5306 1592 5362 media
1651 5306 1917 5371 civitate;
2030 5304 2172 5360 frcdi
2207 5301 2594 5357 Virdunensis
2634 5298 3029 5355 archidiaconi
3074 5295 3421 5355 interventu,
3453 5288 3669 5379 locum,

231 5378 858 5455 Juncherciumante
888 5396 1198 5453 castellum
1248 5395 1631 5461 Ramerudis;
1687 5396 1757 5450 ad
1808 5402 1921 5452 Ars
2029 5393 2211 5447 Vetus
2266 5388 2686 5445 Mnnastcrium
2746 5385 3069 5457 antiquitus
3121 5382 3365 5441 dictum,
3415 5378 3488 5434 ab
3546 5378 3674 5451 ipso

230 5503 369 5543 vero
440 5485 679 5540 mansi.
738 5486 770 5539 4
820 5502 954 5541 cum
1014 5485 1038 5540 4
1107 5485 1420 5556 quartario,
1482 5483 1649 5551 silva,
1712 5486 1922 5548 hanno,
2033 5479 2407 5536 Ermenfredo
2440 5477 2708 5531 tunditus
2731 5468 3431 5536 renovatum;imoame
3458 5466 3586 5539 ipso
3615 5465 3676 5521 in

236 5583 533 5641 centana,
571 5573 761 5630 vineis
806 5580 861 5630 et
911 5573 1250 5630 molendino
1304 5590 1316 5627 :
1366 5590 1492 5644 qua:
1525 5573 1721 5629 omnia
1767 5573 1926 5629 llado
2034 5570 2252 5627 honore
2282 5572 2462 5623 santse
2496 5566 2688 5620 Marias
2718 5559 3071 5633 Magdalenen
3118 5557 3320 5612 devote
3345 5556 3676 5644 dedicatum

238 5665 351 5738 piae
399 5661 722 5721 memoriae
781 5663 1088 5735 episcopus
1136 5642 1523 5717 Virdunensis
1569 5660 1831 5717 Ecclesia:
1862 5677 1929 5715 ea
2037 5663 2094 5716 et
2123 5660 2549 5721 consecratum,
2582 5668 2674 5709 me
2704 5648 3032 5723 apostolicae
3082 5644 3444 5704 auctoritatis
3480 5642 3680 5700 muni-
