4088 6174
245 322 377 392 633'

1220 328 1626 395 EPISTOLIE
1667 330 1769 394 ET
1812 323 2176 393 DECRETA
2217 322 2688 395 PONTIFICI'A.

3536 338 3656 404 634

244 460 371 519 Deo
404 460 640 535 proprio
690 458 888 521 labore
931 454 1143 522 addere
1189 463 1503 538 potuerint,
1552 464 1763 522 amodo
1794 479 1894 520 eas
1922 463 1978 531 Α
2077 456 2375 522 Ριεεθοιαιιίἐ
2441 464 2592 522 votis
2653 465 2852 524 divina
2919 466 3296 528 miseratione
3347 463 3665 546 praestatur.

246 549 573 608 oblationes
623 552 829 610 fratres
854 554 915 609 in
946 546 1255 611 commune
1284 554 1556 611 habeant.
1590 555 1676 622 Et,
1712 570 1896 627 quan-

242 640 561 712 docunque
604 641 882 713 praelatus
912 644 1178 714 ejusdem
1211 641 1477 700 Ecclesia)
1510 661 1544 699 a
1577 638 1693 699 Deo
1727 642 1900 699 fuerit

241 733 513 796 vocatus,
546 746 722 802 quem
755 730 855 788 illa
884 732 1253 805 congregatio
1278 749 1345 787 ex
1374 747 1502 787 sese
1542 731 1900 788 unanimiter

240 817 508 891 elegerit,
532 818 879 892 praepositus
911 821 1282 893 subrogatur,
1314 825 1371 877 et
1390 822 1461 877 ad
1494 821 1702 877 altaria
1730 822 1901 877 bene-

239 906 519 975 dicenda,
569 908 659 965 vel
704 925 901 965 sacros
944 910 1178 966 ordines
1236 910 1671 983 principicndos
1721 926 1897 983 quem

237 995 538 1052 voluerint
587 997 928 1071 episcopum
973 1003 1263 1071 expetant,
1311 999 1589 1071 nullaque
1639 999 1899 1056 Ecclesia

238 1085 578 1158 quidquam
608 1103 879 1160 separare
908 1087 995 1144 vel
1017 1088 1242 1144 auferre
1274 1089 1347 1144 ab
1366 1088 1450 1145 eis
1472 1092 1811 1161 praesumat,
1841 1093 1900 1144 et

239 1174 498 1242 nemini,
532 1175 645 1231 nisi
669 1176 1008 1232 invitatione
1030 1179 1132 1232 aut
1149 1177 1536 1250 permissione
1557 1178 1742 1233 totius
1768 1194 1899 1233 con-

237 1263 632 1338 gregationis,
661 1264 834 1321 liceat
872 1266 1212 1322 monasterii
1241 1264 1430 1339 ipsius
1468 1272 1633 1338 septa
1659 1267 1897 1323 intrare.

237 1353 412 1419 Quod
461 1353 514 1407 si
565 1353 809 1425 quilibet
854 1354 1224 1427 pontificum,
1270 1356 1342 1411 ab
1385 1355 1470 1412 eis
1509 1356 1902 1411 communiter

236 1439 605 1514 postulatus,
652 1459 757 1515 pro
788 1442 1051 1516 ipsorum
1082 1444 1336 1501 utilitate
1378 1445 1709 1513 accesserit,
1742 1461 1897 1513 mox,

234 1532 578 1589 secundum
624 1532 980 1590 voluntatem
1021 1534 1491 1608 congregationis
1538 1535 1763 1607 expleto
1793 1550 1900 1590 suo

239 1620 606 1691 ministerio,
617 1623 800 1693 prand
810 1621 902 1695 ioq
912 1639 981 1679 ue
992 1614 1228 1696 sumpto
1242 1624 1412 1679 abeat
1426 1624 1648 1695 absque
1662 1623 1904 1695 requisi-

234 1709 413 1765 tione
443 1708 620 1766 ullius
651 1711 936 1778 muneris,
964 1716 1257 1784 quatenus
1288 1712 1497 1768 fratres
1529 1713 1602 1769 de
1630 1715 1904 1785 percepta

234 1797 469 1871 quiete,
494 1799 736 1901 juzan‘te
764 1801 1035 1901 Dominoz
1068 1818 1170 1872 per
1197 1806 1461 1874 tempora
1501 1801 1815 1871 exsultent,
1847 1804 1906 1858 et
1934 1835 1981 1901 Β

233 1904 341 1961 pro
361 1890 538 1945 statu
561 1886 828 1944 Ecclesiae
850 1888 1139 1945 catholica:
1164 1890 1418 1960 quietius
1439 1890 1624 1946 Deum
1639 1893 1897 1947 exorent.

234 1976 295 2034 Si
326 1980 543 2033 autem
575 1977 835 2050 aliquam
866 1978 1394 2050 transgressionem
1425 1996 1543 2036 suae
1573 1979 1786 2052 regulis
1820 1980 1900 2035 fe-

235 2064 457 2133 cerint,
486 2070 548 2122 et
576 2083 610 2122 a
630 2067 864 2140 proprio
885 2072 1118 2139 pastore
1136 2067 1433 2140 objurgari
1457 2066 1769 2135 noluerint,
1794 2084 1900 2124 nec

236 2172 350 2212 non
376 2154 692 2228 praelatus,
712 2154 815 2228 qui
834 2161 889 2211 et
914 2157 1068 2213 idem
1087 2174 1288 2213 eorum
1310 2157 1641 2230 episcOpus,
1667 2152 1901 2214 seditio-

237 2251 371 2302 nem
413 2244 893 2318 congregationis
923 2246 1125 2301 sedare
1156 2263 1257 2317 per
1290 2263 1353 2303 se
1383 2246 1729 2319 nequiverit,
1760 2249 1902 2302 tunc

238 2334 388 2391 alios
428 2326 551 2389 sub
579 2334 783 2390 eadem
817 2334 1018 2406 regula
1034 2335 1352 2392 servientes
1375 2337 1445 2391 ad
1478 2335 1672 2407 ipsum
1700 2352 1901 2391 mona-

238 2423 505 2481 sterium
537 2427 834 2489 convocet,
852 2423 953 2495 qui
973 2425 1264 2480 sententia
1286 2424 1537 2497 regulari
1557 2416 1901 2480 scandalum

236 2513 584 2586 deprimere
594 2516 821 2580 curent,
834 2513 1005 2584 cujus
1020 2512 1097 2568 rei
1117 2513 1553 2569 concessionem
1575 2514 1668 2569 his
1686 2514 1906 2570 nostris

238 2602 525 2675 apicibus
573 2601 1021 2657 corroboramns
1068 2605 1128 2658 et
1167 2602 1608 2670 confirmamus,
1638 2607 1697 2658 et
1727 2602 1901 2658 etiam

239 2695 452 2747 caetera
481 2693 666 2756 bona,
688 2694 810 2745 tam
836 2688 1075 2747 mobilia
1092 2698 1271 2763 quam
1289 2690 1637 2760 immobilia,
1660 2692 1907 2748 ubicun-

239 2796 353 2852 que
375 2779 710 2847 manentia,
736 2794 862 2851 quae
885 2780 1058 2835 modo
1079 2779 1257 2835 habet
1276 2783 1332 2835 et
1352 2770 1614 2852 possidet
1633 2779 1762 2852 ipsa
1782 2784 1902 2848 tua,

238 2873 294 2925 8.
327 2869 625 2935 Deodate,
658 2868 920 2936 ecclesia,
944 2872 1002 2925 et
1022 2856 1213 2942 usque
1232 2869 1292 2924 in
1316 2860 1664 2941 perpetuum
1692 2869 1906 2926 habere

239 2958 486 3032 poterit,
520 2957 614 3013 vel
637 2973 742 3029 per
759 2973 1141 3030 quoscunque
1160 2957 1373 3014 Christi
1398 2957 1620 3025 ﬁdeles,
1648 2960 1905 3029 majores

238 3046 326 3103 vel
356 3045 630 3125 minores
658 3046 963 3119 utriusque
978 3063 1154 3103 sexus
1184 3047 1812 3120 cujuscunq’ueaetatis,
1844 3052 1908 3102 ut

244 3134 475 3192 nemini
510 3133 681 3191 liceat
711 3124 937 3192 auferre
959 3137 1285 3209 quidquam
1304 3137 1393 3193 vel
1413 3136 1740 3193 diminuerc
1761 3152 1904 3207 quo-

2008 554 2269 611 eflectus.
2304 556 2444 612 Inde
2474 559 2564 612 est
2593 559 2746 629 quod
2770 558 2961 627 nobis,
2993 577 3027 616 a
3059 561 3278 634 synodo
3311 578 3489 635 quam
3532 566 3651 622 Ma-

2008 645 2223 717 guntiaa
2244 644 2564 701 habuimus
2588 647 2987 718 redeuntibus,
3009 651 3250 723 contigit
3266 666 3368 724 per
3393 657 3650 711 vestrum

2009 734 2431 789 monasterium
2475 735 2688 797 venire.
2740 741 2796 791 et
2829 737 3132 794 ecclesiam
3192 741 3530 798 benedicere
3589 761 3656 800 ac

2010 821 2275 878 dedicare
2304 822 2501 879 divino
2523 825 2749 879 numini
2783 843 2959 898 quam
2991 828 3215 883 noviter
3253 834 3655 888 construxera-

2008 910 2103 981 tis,
2138 912 2237 967 sed
2273 913 2552 967 mendum
2582 914 2951 985 perfeceratis
2985 917 3056 972 ad
3089 917 3350 990 plenum,
3383 924 3440 976 et
3477 922 3656 978 etiam

2006 1000 2215 1055 vestris
2263 1000 2533 1072 precibus
2563 1001 2699 1057 illuc
2750 1005 3060 1061 transferre
3101 1022 3314 1079 corpus
3342 1008 3521 1065 beatae
3552 1011 3655 1065 Ri—

2008 1087 2233 1143 chardaa
2281 1090 2482 1161 prima;
2522 1092 2965 1149 constructricis
3010 1096 3273 1167 ejusdem
3305 1097 3655 1155 venerabilis

2005 1176 2139 1243 loci,
2159 1193 2335 1249 quem
2358 1194 2460 1250 per
2480 1178 2810 1236 donationis
2828 1182 3103 1254 paginam
3124 1202 3240 1240 una
3257 1202 3391 1241 cum
3406 1187 3655 1259 conjuge

2008 1282 2115 1321 suo
2134 1265 2334 1322 Carolo
2368 1267 2715 1339 imperatore
2745 1275 2993 1341 augusto
3024 1273 3396 1330 contradidit.
3433 1277 3653 1347 itaque,

2006 1354 2271 1410 inclinati
2323 1357 2533 1413 vestris
2594 1357 3135 1428 intercessionibus,
3194 1363 3263 1417 ad
3325 1365 3655 1436 exemplum

2010 1445 2499 1516 praedecessorum
2525 1451 2881 1513 nostrorum,
2905 1466 3008 1521 pro
3028 1450 3206 1506 futuri
3223 1452 3507 1525 temporis
3530 1469 3659 1509 cau-

2010 1532 2127 1590 tela
2158 1550 2261 1590 nec
2291 1551 2407 1590 non
2437 1535 2755 1592 stabilitate
2784 1538 3051 1607 ejusdem
3095 1539 3226 1609 loci,
3279 1542 3658 1598 concedimus

2009 1628 2067 1678 et
2096 1623 2514 1679 conﬁrmamus
2534 1624 2697 1680 vobis
2721 1625 2875 1681 idem
2908 1628 3352 1695 monasterium,
3375 1630 3531 1701 quod
3560 1647 3663 1703 per

2011 1709 2120 1767 hoc
2142 1714 2350 1766 nostra:
2373 1711 2700 1781 apostolica
2726 1712 3093 1769 auctoritatis
3115 1714 3505 1788 privilegium,
3525 1732 3662 1773 cum

2014 1799 2288 1856 omnibus
2314 1799 2487 1856 rebus
2511 1802 2569 1854 et
2601 1800 2975 1856 facultatibus
2997 1803 3142 1868 suis,
3177 1820 3327 1874 quas
3357 1806 3530 1861 modo
3561 1806 3662 1862 ba-

2012 1890 2147 1945 bere
2175 1888 2424 1956 videtur,
2446 1893 2504 1945 et
2538 1888 2833 1961 deinceps,
2858 1890 3175 1946 auxiliante
3196 1893 3460 1959 Domino,
3487 1893 3606 1951 sive
3627 1912 3663 1951 a

2010 1975 2267 2050 regibus,
2309 1977 2429 2032 sive
2460 1994 2494 2033 a
2542 1978 2948 2051 cujuscunque
2987 1979 3286 2050 dignitatis
3323 1983 3382 2036 et
3436 1981 3662 2038 ordinis

2009 2065 2376 2132 hominibus,
2406 2083 2643 2139 quoquo
2674 2070 2842 2139 pacto
2874 2068 3172 2140 acquirere
3193 2068 3439 2142 poterit;
3472 2071 3574 2127 sed
3604 2075 3663 2126 et

2012 2154 2071 2210 in
2101 2156 2228 2227 ipso
2262 2156 2483 2226 majore
2512 2154 2695 2210 altare
2727 2172 2884 2211 novae
2913 2156 3170 2214 ecclesia
3203 2175 3237 2214 a
3267 2159 3436 2215 nobis
3456 2176 3659 2217 conse-

2013 2247 2190 2312 crato,
2207 2242 2587 2316 prohibemus
2600 2243 2651 2298 al
2662 2244 2673 2298 i
2684 2244 2772 2299 cui
2793 2246 3077 2301 sacerdoti
3091 2247 3335 2304 missam
3347 2248 3659 2318 celebrare,

2013 2330 2125 2388 nisi
2185 2348 2361 2404 quem
2417 2350 2519 2389 vos
2567 2333 2866 2406 vestrique
2924 2351 3293 2392 successores
3348 2329 3658 2395 voluerint.

2011 2423 2209 2493 Ipsum
2239 2438 2373 2477 vero
2406 2422 2827 2479 monasterium
2852 2423 3169 2497 integrum,
3191 2425 3342 2482 sicut
3358 2428 3484 2500 jam
3516 2445 3660 2501 prm-

2012 2510 2682 2578 diximus,concedimus
2712 2513 2874 2569 vobis
2906 2517 2963 2569 et
2991 2516 3448 2585 confirmamus;
3482 2533 3549 2572 ea
3579 2534 3664 2574 ra-

2012 2599 2170 2656 tione
2214 2604 2279 2655 ut
2327 2600 2601 2657 omnibus
2649 2600 2857 2657 diebus
2905 2603 3032 2657 vitae
3081 2609 3287 2660 vestras
3329 2606 3440 2660 sub
3471 2610 3663 2662 vestra

2013 2688 2232 2746 ditione
2261 2690 2353 2746 vel
2384 2690 2689 2763 regimine,
2724 2690 2896 2746 sicuti
2917 2691 3084 2747 vobis
3116 2692 3439 2747 secundum
3474 2693 3657 2750 Deum

2011 2779 2204 2834 Visum
2221 2779 2415 2846 fuerit,
2437 2779 2747 2850 disponere
2763 2778 3000 2834 omnino
3015 2784 3373 2850 permaneat.
3393 2781 3537 2837 Cum
3563 2799 3663 2838 au-

2013 2871 2131 2922 tem
2164 2867 2364 2922 divina
2409 2866 2707 2922 vocatione
2742 2867 2810 2922 de
2840 2867 3109 2939 praesenti
3142 2868 3251 2923 hac
3281 2868 3411 2925 luce
3441 2871 3512 2926 ad
3546 2870 3662 2926 Do-

2016 2955 2243 3011 minum
2275 2956 2686 3027 migraveritis,
2712 2956 3029 3013 statuimus
3060 2958 3129 3013 de
3153 2959 3389 3030 propria
3419 2975 3659 3033 congre-

2014 3044 2264 3118 gatione,
2301 3060 2479 3116 quam
2522 3044 2632 3100 sibi
2668 3043 3030 3101 unanimitas
3065 3047 3287 3118 praefati
3320 3050 3661 3105 monasterii

2015 3131 2367 3189 ancillarum
2401 3133 2495 3189 Dei
2526 3134 2891 3189 concorditer
2915 3133 3181 3208 elegerit,
3207 3136 3433 3210 absque
3460 3138 3659 3209 cujus-

243 3223 397 3279 libet,
426 3223 606 3279 modo
634 3240 701 3278 ex
730 3223 900 3281 bonis
931 3200 1095 3297 ipsis,
1123 3200 1249 3281 iam
1289 3225 1677 3298 praesentibus
1726 3200 1904 3298 qﬁam
1936 3200 1979 3271 C
2017 3226 2248 3293 cunque
2294 3220 2553 3277 hominis
2590 3200 3119 3292 contrarietate'vel
3165 3200 3487 3293 obstaculo,
3528 3200 3659 3283 iisri

250 3312 518 3379 futuris;
551 3314 863 3370 statuentes
902 3313 1223 3387 apostolica
1264 3330 1531 3383 censura,
1582 3314 1692 3370 sub
1724 3313 1906 3369 divini

249 3398 469 3472 judicii
486 3399 885 3468 obtestatione,
909 3407 973 3457 ut
992 3402 1473 3458 nullahominum
1491 3392 1758 3475 persona,
1782 3419 1906 3458 ma-

249 3503 371 3561 gna
398 3487 490 3545 vel
536 3496 731 3561 parva,
776 3494 981 3547 contra
1018 3490 1170 3547 hanc
1211 3495 1473 3548 nostram
1525 3490 1904 3564 apostolicam

244 3578 698 3634 concessionem
731 3582 789 3635 et
816 3580 1319 3636 confirmationem
1341 3579 1574 3637 obviare
1595 3584 1902 3653 pertentet.

240 3666 406 3743 Quod
423 3665 773 3740 quicunque
785 3684 965 3724 ausus
981 3667 1347 3741 fueritusque
1360 3670 1429 3724 ad
1451 3669 1795 3740 condignam
1817 3686 1907 3725 sa-

236 3754 649 3812 tisfactionem
674 3757 855 3812 nostri
879 3756 1273 3813 anathematis
1295 3758 1592 3829 subjaceat
1602 3757 1899 3830 periculis.

236 3845 341 3909 Qui
371 3860 522 3901 vero
546 3847 746 3901 custos
775 3849 831 3900 et
855 3846 1194 3902 observator
1213 3845 1391 3918 hujus
1420 3850 1631 3902 nostris
1663 3863 1903 3903 conces-

233 3932 430 3990 sionis
476 3936 541 3988 et
579 3933 1069 3990 corroborationis
1105 3934 1301 4003 fuerit,
1336 3952 1368 3990 a
1399 3935 1747 3991 retributore
1777 3951 1899 3991 om-

231 4022 398 4078 nium
441 4022 736 4079 bonorum
757 4024 1158 4094 benedicatur,
1180 4027 1237 4079 et
1255 4027 1533 4080 aeternam
1564 4023 1742 4080 vitam
1764 4041 1898 4081 con-

229 4112 400 4185 sequi
446 4115 766 4167 mereatur.

295 4201 537 4257 Datum
568 4218 661 4256 xv:
691 4200 820 4257 Kal.
854 4202 1186 4258 Decembris
1216 4217 1319 4274 per
1348 4216 1560 4257 manus
1590 4198 1740 4256 Petri
1770 4201 1899 4257 dia-

229 4291 360 4346 coni
395 4288 842 4347 biblictbecarii
874 4295 929 4346 et
950 4289 1281 4347 cancellarii
1312 4294 1525 4347 sanctas
1566 4286 1896 4363 apostolica:

228 4379 413 4447 sedis,
462 4394 621 4434 anno
653 4378 876 4435 domini
925 4379 1132 4436 Leonis
1162 4380 1235 4435 IX
1263 4396 1425 4454 papae
1455 4378 1669 4453 primo,
1708 4379 1897 4437 indic-

223 4467 382 4524 tione
414 4467 630 4524 tertia.

976 4539 1168 4596 XXIX.

222 4628 387 4683 Bulla
420 4628 495 4684 S.
518 4628 732 4699 Leoni:
769 4629 854 4699 IX,
884 4628 956 4684 ad
983 4628 1299 4685 Mathilclem
1326 4629 1661 4685 abbatissam
1697 4644 1889 4685 mona-

286 4699 473 4763 sterii
499 4697 560 4753 S.
590 4699 825 4755 Fabiani
840 4697 905 4756 et
944 4700 1274 4769 Felicitatis,
1313 4716 1422 4771 qua
1453 4700 1744 4769 conﬁrmat
1774 4716 1894 4755 mo-

290 4771 553 4827 nasterii
584 4771 756 4844 ipsius
780 4772 1104 4844 privilegia,
1135 4774 1289 4844 cujus
1306 4773 1592 4844 ecclesiam
1618 4786 1897 4844 consecra-

288 4848 489 4909 uerat,
519 4841 791 4898 translato
816 4844 876 4898 in
904 4842 1046 4898 illud
1064 4841 1284 4921 carpere
1312 4842 1369 4899 S.
1402 4841 1713 4900 Richardis.

870 4932 1063 5003 (Anno
1095 4932 1277 5003 1049.)

219 5018 551 5092 [Martene,
576 5020 834 5077 Thesaur.
891 5012 1090 5076 Anecd.
1126 5021 1169 5088 Ι,
1197 5019 1321 5088 470,
1355 5036 1424 5075 ea:
1454 5020 1667 5078 schedis
1706 5021 1895 5076 Stiua-

767 5093 973 5161 giensz’s
998 5092 1325 5147 monasterii
1350 5096 1367 5158 ]

292 5179 420 5236 Leo
478 5178 809 5252 episcopus,
859 5197 1065 5237 servus
1096 5196 1393 5237 servorum
1426 5179 1545 5247 Dei,
1577 5179 1799 5236 dilectae
1830 5179 1890 5235 in

222 5267 471 5326 Christo
495 5266 628 5324 filiae
656 5268 945 5325 MATHILDI
966 5269 1276 5327 abbatissae
1306 5267 1654 5331 venerabilis
1686 5284 1890 5325 mona-

222 5358 396 5413 sterii
451 5357 653 5415 Sancti
692 5357 932 5415 Fabiani
971 5361 1308 5431 sanctaque
1352 5357 1686 5426 Felicitatis,
1733 5357 1889 5430 quod

222 5445 567 5518 appellatur
592 5444 876 5517 Helionis,
911 5447 1091 5505 situm
1124 5449 1184 5503 in
1213 5463 1364 5521 pago
1394 5446 1707 5515 Helisatize,
1740 5446 1888 5502 tuis-

222 5550 341 5605 que
374 5536 829 5594 successoribus
850 5536 1168 5595 abbatissis
1197 5542 1538 5610 perpetuam
1561 5536 1619 5591 in
1641 5536 1888 5593 Domino

224 5622 491 5680 salutem
502 5667 513 5679 .

2020 3309 2400 3376 abbatissam,
2432 3315 2745 3382 prastante
2775 3310 3041 3388 videlicet
3074 3313 3242 3369 nobis
3273 3318 3329 3369 et
3358 3331 3658 3372 successo-

2017 3397 2180 3454 ribus
2212 3398 2427 3455 nostris
2457 3399 2790 3456 aunualiter
2816 3404 2935 3456 tres
2966 3417 3191 3474 pannos
3213 3401 3398 3460 lineOs
3427 3406 3659 3477 pontiﬁ-

2015 3486 2126 3543 cali
2154 3489 2287 3543 usui
2318 3492 2507 3561 aptos.
2541 3490 2705 3555 Quod
2737 3488 2785 3545 si
2814 3489 2872 3545 in
2914 3490 3152 3547 biennio
3184 3496 3285 3548 aut
3321 3490 3379 3548 in
3412 3494 3662 3552 triennio

2014 3576 2378 3649 persolutum
2402 3594 2517 3634 non
2541 3578 2733 3645 fuerit,
2747 3576 3119 3635 solummodo
3139 3581 3532 3653 persolvatur;
3558 3601 3663 3642 nec

2013 3683 2047 3721 a
2075 3667 2515 3723 successoribus
2546 3666 2764 3723 nostris
2792 3666 3015 3739 aliquid
3040 3669 3294 3741 amplius
3312 3672 3484 3726 modo
3516 3690 3660 3744 quo-

2011 3753 2153 3809 libet
2182 3753 2532 3827 requiratur.
2566 3756 2930 3826 Quapropter
2952 3756 3224 3827 praesenti
3246 3757 3659 3829 decretojube-

2012 3859 2145 3898 mus
2176 3847 2242 3898 ut
2273 3842 2924 3915 nullusimperatorum,
2956 3842 3043 3896 vel
3074 3858 3299 3915 regum,
3333 3849 3434 3899 aut
3461 3848 3658 3918 cujus-

2010 3948 2239 4004 cunque
2266 3930 2567 4003 dignitatis
2586 3930 2670 3985 vel
2693 3929 2916 3985 ordinis
2938 3928 3114 3986 bomo
3137 3932 3367 4003 audeat,
3391 3934 3503 3990 sub
3520 3950 3660 4008 quo-

2009 4020 2151 4094 libet
2167 4020 2410 4076 obtentu
2425 4018 2512 4075 vel
2538 4018 2863 4085 occasione,
2884 4036 2999 4092 prae
3009 4020 3190 4076 fatum
3213 4023 3655 4093 monasterium,

2010 4109 2162 4181 quod
2190 4125 2294 4180 pro
2311 4123 2509 4163 amore
2525 4108 2829 4162 beatorum
2843 4107 3242 4179 apostolorum
3259 4111 3408 4167 Petri
3424 4116 3481 4168 et
3494 4113 3657 4170 Pauli

2009 4213 2075 4253 ac
2112 4196 2469 4270 sempiterna
2514 4195 2736 4255 scilicet
2782 4197 2992 4252 animae
3026 4214 3145 4253 suae
3188 4203 3658 4260 remuneratione

2007 4285 2307 4358 praelibata
2356 4284 2783 4358 gloriosissima
2824 4286 3164 4359 imperatrix
3194 4288 3504 4359 Ricliarda,
3540 4309 3658 4348 una

2007 4391 2142 4432 cum
2183 4375 2531 4431 charissimo
2580 4378 2829 4449 conjuge
2870 4393 2977 4432 suo
3026 4376 3229 4433 Carolo
3278 4379 3656 4437 serenissimo

2007 4465 2355 4538 imperatore
2382 4468 2670 4537 Augusto,
2702 4469 2759 4520 et
2788 4465 2944 4536 quod
2975 4464 3143 4518 beato
3190 4469 3358 4521 Petro
3407 4466 3655 4539 principi

1926 4576 1976 4642 Β
2006 4554 2399 4628 apostolorum
2451 4552 2931 4642 perﬂdonationis
2971 4552 3247 4642 paginam
3291 4552 3650 4627 obtulerunt,

2003 4644 2333 4716 inquietare
2377 4642 2466 4699 vel
2516 4641 2890 4714 aliquatenus
2942 4639 3273 4712 molestare,
3324 4646 3426 4698 aut
3454 4644 3524 4700 ad
3551 4646 3653 4717 jus

2005 4749 2181 4789 suum
2211 4732 2300 4788 vel
2322 4732 2577 4788 alienum
2601 4729 2937 4798 transferre,
2960 4729 3060 4785 sed
3095 4745 3284 4803 neque
3313 4730 3374 4787 in
3404 4731 3656 4791 homini-

2005 4822 2116 4877 bus
2155 4836 2220 4876 ac
2254 4820 2628 4876 facultatibus
2661 4820 2791 4890 ejus
2823 4818 3022 4891 aliqua
3052 4820 3516 4880 contradictione
3554 4830 3657 4881 aut

2004 4909 2303 4966 invasione
2334 4925 2568 4982 quoquo
2589 4914 2855 4982 tempore
2881 4908 3067 4965 facere
3084 4915 3430 4982 praesumat,
3453 4914 3554 4970 sed
3585 4913 3654 4970 li:

2003 5003 2127 5055 ceat
2140 5001 2268 5071 jam
2290 4998 2462 5054 dictis
2484 4996 2709 5055 ancillis
2736 4997 2832 5055 Dei
2858 5014 2990 5054 cum
3017 4998 3315 5058 abbatissa
3336 5001 3573 5075 propria
3593 5002 3652 5057 in

2005 5088 2103 5144 Dei
2134 5087 2554 5160 omnipotentis
2585 5089 2818 5147 servitio
2849 5089 3044 5163 quiete
3082 5090 3271 5145 vivere
3302 5107 3368 5145 ac
3409 5090 3519 5145 sub
3549 5089 3653 5142 de-

2003 5178 2265 5233 fensione
2296 5181 2509 5233 sanctae
2542 5178 2873 5250 apostolicae
2897 5177 3183 5246 Ecclesiae,
3209 5177 3301 5232 cui
3326 5183 3437 5231 Deo
3459 5180 3652 5231 aucto-

2001 5283 2061 5322 re
2110 5265 2495 5333 deservimus,
2532 5266 2739 5339 degere
2770 5268 3166 5340 securiterque
3196 5279 3554 5337 permanere.
3586 5264 3649 5320 Si

2001 5361 2197 5413 autem
2229 5356 2384 5428 quod
2427 5354 2602 5411 absit!
2644 5361 2703 5411 et
2751 5355 2874 5410 fieri
2914 5372 3027 5409 non
3073 5353 3389 5421 credimus,
3436 5352 3651 5427 aliquis

2000 5448 2201 5500 contra
2220 5444 2329 5499 hoc
2352 5448 2618 5499 nostrum
2640 5440 3022 5514 apostolicum
3038 5440 3407 5513 privilegium
3432 5443 3646 5513 venire,

2000 5536 2209 5602 facere,
2239 5532 2329 5588 vel
2365 5550 2511 5589 ausu
2536 5530 2843 5587 temerario
2868 5529 3190 5600 tentaverit,
3216 5532 3479 5604 perpetui
3510 5550 3647 5588 ana-

1999 5621 2277 5679 thematis
2309 5620 2543 5678 vinculo
2560 5620 2894 5687 innodatus,
2911 5634 2977 5674 ac
2990 5621 3271 5692 perpetua
3284 5620 3505 5678 ultione
3516 5636 3650 5678 cum
