4088 6174
419 331 536 401 635

1483 335 1546 402 8.
1592 331 1876 400 LEONIS
1919 335 2002 401 IX
2046 337 2274 402 PAPIE
2314 336 2748 409 OPUSCULA.

3695 344 3814 411 636

418 467 880 537 Judatraditore,
896 470 1008 529 nisi
1025 470 1354 545 resipuerit,
1373 469 2060 527 maneatcondemnatus.
2091 471 2146 541 Α
2176 478 2386 530 nostra
2408 473 2716 548 parentela
2739 478 3059 545 recurrant,
3081 472 3336 551 indeque
3358 474 3466 534 sibi
3494 491 3813 550 quemcun-

419 562 526 627 Qui
556 567 751 618 autem
780 580 953 619 verus
982 568 1180 619 custos
1211 579 1275 617 ac
1296 562 1630 617 observator
1656 559 2065 628 exstiterit,be-

420 651 767 708 nedictionis
790 653 1038 723 gratiam
1057 669 1123 706 ac
1138 649 1599 705 misericordiam
1627 665 1660 703 a
1682 649 1929 704 Domino
1956 654 2064 705 Deo

418 746 618 799 nostro
648 742 924 814 consequi
956 744 1266 797 mereatur.

1154 865 1319 920 XXX.

419 956 473 1012 S.
508 958 609 1011 Leo
652 959 718 1011 IX
740 955 1137 1027 parthenonem
1179 955 1234 1011 S.
1290 954 1478 1010 Crucz’s
1528 953 2065 1027 Woffenhez’mensem

488 1028 555 1080 ab
594 1026 834 1097 Hugoue,
874 1043 972 1081 suo
1011 1031 1187 1089 patre,
1240 1026 1639 1096 Helizuz'gdiquc
1675 1035 1847 1080 matre
1874 1026 2063 1081 condi-

487 1101 625 1162 tum,
657 1097 775 1152 sedi
802 1099 1106 1168 apostolica
1125 1099 1342 1165 subiicit
1370 1100 1783 1169 privilegiisque
1808 1104 1988 1151 ornat.

1032 1196 1222 1264 (Anno
1256 1195 1435 1266 HOD.)

491 1282 656 1353 [Dom
691 1282 930 1349 Calmet,
964 1285 1200 1338 Histoire
1227 1283 1291 1337 de
1334 1285 1615 1348 Lorraine,
1652 1284 1694 1353 Ι,
1753 1286 1982 1337 Prcuves

1085 1364 1216 1425 pag.
1251 1355 1397 1422 425.]

490 1460 605 1513 Lsx
635 1458 967 1529 episcopus,
993 1476 1195 1515 servus
1226 1477 1524 1517 servorum
1555 1461 1674 1517 Dei.

487 1546 531 1601 Ο
562 1550 762 1601 sancta
784 1550 841 1599 et
862 1546 1224 1603 admirabilis
1255 1566 1413 1613 crux,
1438 1554 1463 1614 i
1489 1550 1546 1605 in
1573 1566 1687 1621 qua
1712 1551 1885 1609 Jesus
1906 1553 2064 1610 Chri-

414 1638 542 1691 stus
562 1634 848 1691 Dominus
866 1640 1064 1692 noster
1079 1637 1385 1708 pependit!
1416 1638 1684 1694 Devictus
1705 1657 1921 1706 amore,
1945 1643 2060 1699 imo

415 1722 764 1780 constrictus
788 1725 1004 1788 debito,
1031 1725 1333 1782 ecclesiam
1353 1729 1537 1800 patris
1562 1729 1671 1785 mei
1697 1729 1978 1799 Hugonis,
2004 1737 2062 1787 et

2174 578 2288 635 que
2319 566 2795 639 propinquiorem
2814 565 2995 624 velint
3013 567 3082 623 ad
3094 571 3356 623 vocatum
3383 567 3729 641 suscipiant,
3750 572 3817 623 ut

2174 671 2405 726 semper
2446 653 2576 728 ipsa
2623 656 2922 712 advocatis
2968 662 3202 713 maneat
3241 656 3302 712 in
3337 661 3533 712 nostro
3581 672 3812 729 genere.

2174 748 2458 800 Praterea
2488 744 2608 801 sive
2628 745 2738 801 sub
2766 745 2875 801 hoc
2900 746 3145 802 Henrico
3167 750 3376 818 nepote
3398 762 3549 810 meo,
3582 745 3666 801 vel
3698 748 3812 801 sub

2174 833 2435 905 quolibet
2480 834 2889 890 advocatorum
2922 836 3276 899 futurorum,
3318 834 3514 906 ipsum
3549 836 3607 890 in
3639 835 3817 891 rebus

2172 939 2264 977 am
2275 922 2429 994 plius
2442 923 2685 979 creverit
2700 922 3141 993 monasterium,
3157 923 3489 995 quicunque
3500 924 3818 980 advocatus

2172 1011 2363 1079 fuerit,
2416 1016 2651 1085 excepto
2693 1010 3067 1069 villicatiouis
3123 1011 3284 1068 lucro
3313 1011 3461 1066 villa
3504 1012 3817 1085 pradicta,

2170 1117 2287 1156 non
2317 1100 2451 1174 plus
2481 1100 2857 1157 emolumenti
2889 1117 2957 1156 ex
2990 1101 3119 1173 ipso
3147 1100 3503 1156 incremento
3533 1100 3644 1155 sibi
3676 1117 3817 1155 ven-

2171 1189 2366 1246 dicare
2395 1190 2607 1246 audeat
2631 1205 2808 1261 quam
2831 1190 3235 1246 duodecimam
3270 1194 3491 1261 partem
3516 1206 3529 1255 ;
3551 1188 3633 1244 ita
3652 1194 3738 1257 ut,
3763 1189 3818 1245 si

2171 1279 2369 1335 minus
2401 1294 2579 1350 quam
2610 1277 2917 1334 duodecim
2948 1278 3137 1333 mansi
3163 1279 3302 1347 sint,
3335 1283 3454 1333 tam
3486 1278 3585 1333 diu
3634 1279 3818 1333 susti-

2172 1373 2305 1424 neat
2342 1369 2657 1423 advocatus
2703 1368 2886 1423 donec
2932 1366 3247 1439 impleatur
3277 1382 3562 1422 numerus
3592 1367 3816 1423 duode-

2170 1456 2382 1522 cimus,
2414 1460 2471 1512 et
2488 1460 2628 1512 tunc
2652 1456 2830 1511 talem
2863 1472 3135 1512 mansum
3167 1456 3415 1527 accipiat
3443 1456 3678 1527 qualem
3710 1456 3815 1512 ab-

2172 1545 2399 1601 batissa
2445 1545 2495 1601 ei
2537 1545 2784 1615 dederit,
2828 1544 2949 1600 sive
2996 1545 3056 1600 in
3104 1545 3233 1617 ipso
3265 1544 3390 1600 loco
3423 1545 3544 1601 sive
3580 1545 3638 1600 in
3669 1545 3813 1613 alio,

2169 1635 2432 1706 ejusdem
2480 1634 2772 1690 utilitatis.
2812 1637 2933 1689 Hoc
2982 1633 3158 1690 etiam
3209 1634 3287 1690 sit
3329 1652 3342 1690 :
3379 1633 3425 1688 si
3460 1632 3593 1707 plus
3632 1650 3815 1707 quam

2169 1724 2474 1781 duodecim
2500 1723 2712 1779 fuerint
2736 1722 2795 1778 in
2820 1722 2893 1780 iis
2914 1740 3041 1796 qua
3070 1727 3389 1795 supersunt
3408 1724 3479 1779 ad
3502 1723 3817 1780 duodecim

414 1811 622 1868 matris
691 1830 832 1869 mea
892 1813 1265 1886 llﬁlwilgdis,
1322 1817 1746 1888 amborumque
1812 1808 2138 1911 fratrum.B
2169 1829 2412 1884 quaeque
2457 1828 2550 1867 1‘93
2589 1812 2726 1878 είηῐν
2775 1810 2893 1868 Sive
2940 1812 2998 1866 ίη
3046 1811 3222 1879 Villis.
3271 1813 3389 1867 είνϐ
3436 1812 3492 1867 in
3543 1812 3714 1867 terris
3748 1830 3819 1869 διο

414 1916 680 1958 meorum
701 1902 938 1957 Gerardi
977 1906 1033 1957 et
1052 1903 1316 1975 Hugonis
1336 1904 1736 1975 videlicetjam
1761 1907 2057 1963 defuncto-

414 2006 568 2057 rum,
619 1989 851 2061 meique
882 2007 1108 2046 memor
1139 1992 1329 2048 adhuc
1359 1993 1623 2060 viventis,
1658 1998 1715 2049 et
1743 1996 2061 2067 apostolica

414 2079 573 2144 sede,
606 2079 743 2135 licet
761 2079 1193 2152 indignissime,
1218 2085 1413 2136 tamen
1441 2084 1717 2149 sedentis,
1745 2084 1818 2139 ab
1836 2084 2059 2141 eisdem

413 2167 562 2224 meis
585 2168 926 2240 parentibus
942 2170 1265 2231 fundatam.
1290 2175 1347 2226 et
1364 2189 1470 2227 suo
1492 2173 1685 2228 studio
1707 2174 2060 2244 dedicatam,

413 2256 815 2329 mihiquejure
828 2257 1193 2313 hareditario
1207 2258 1841 2333 delegatam,praditus
1857 2263 2062 2333 legalis

413 2345 805 2401 successionis
828 2347 982 2416 jure,
1005 2351 1217 2402 nostra
1248 2348 1575 2419 apostolica
1607 2350 1730 2405 sedi
1764 2352 2060 2408 substituo

411 2436 472 2490 et
491 2434 960 2489 substituendam
984 2436 1316 2505 perenniter
1330 2437 1399 2492 ad
1416 2438 1840 2495 defendendam
1860 2446 2063 2497 contra

412 2538 619 2578 omnes
652 2522 920 2578 homines
942 2523 991 2578 ei
1024 2524 1435 2581 adversaturos
1459 2526 1547 2581 vel
1569 2528 1864 2585 adversari
1897 2546 2063 2585 cona-

413 2613 597 2680 turos,
623 2616 687 2666 ut
715 2610 937 2667 scilicet
965 2611 1127 2667 nulla
1161 2613 1562 2684 quorumlibet
1590 2614 1897 2673 hominum
1930 2634 2060 2689 per—

413 2716 560 2755 sona
589 2701 910 2772 quidquam
942 2701 1029 2755 vel
1062 2704 1395 2757 exercenda
1427 2704 1737 2774 potestatis
1767 2706 1823 2760 in
1858 2708 2057 2762 eodem

413 2787 539 2845 loco
581 2790 752 2861 eique
801 2790 1269 2861 appendentibus
1318 2790 1460 2847 locis
1509 2792 1618 2847 sibi
1656 2800 1921 2866 usurpet,
1955 2796 2057 2850 sed

413 2878 608 2950 quiete
636 2883 693 2933 et
712 2878 893 2934 libere
915 2884 1032 2934 tam
1066 2879 1137 2934 ab
1161 2879 1318 2935 omni
1338 2881 1474 2951 jure
1503 2882 1761 2938 humano
1787 2901 1961 2955 quam
1986 2886 2058 2939 ab

413 2967 571 3023 omni
595 2966 966 3023 infestatione
988 2985 1220 3040 semper
1235 2973 1466 3025 maneat
1493 2987 1610 3025 sua
1634 2972 1869 3043 integra
1890 2973 2059 3029 liber-

412 3056 515 3111 tati
548 3057 823 3121 donatus,
855 3056 1117 3129 nullique
1148 3058 1258 3114 nisi
1296 3063 1507 3115 nostra
1561 3060 1888 3132 apostolica
1932 3063 2059 3118 sedi

414 3145 753 3235 subjectus-
771 3146 829 3201 Si
859 3150 1055 3202 autem
1074 3147 1403 3219 episcOpus,
1427 3147 1483 3203 in
1505 3150 1675 3220 cujus
1696 3150 1927 3207 dicecesi
1946 3155 2053 3218 est,

412 3222 880 3291 consecrationes
904 3235 1174 3290 altarium
1194 3253 1296 3291 seu
1329 3238 1842 3293 sanctimonalium
1874 3240 2056 3312 gratis
2088 3212 2131 3277 (ἶ

412 3321 600 3377 facere
644 3323 909 3383 voluerit.
947 3324 1157 3383 faciat:
1191 3323 1449 3395 alioquin
1492 3343 1525 3379 a
1556 3343 1908 3399 quocunque
1936 3329 2057 3401 epi-

409 3424 586 3480 scopo
614 3409 751 3465 velit
781 3410 1098 3479 abbatissa,
1130 3411 1429 3475 ecclesias,
1473 3417 1530 3467 et
1580 3415 2058 3473 sanctimoniales

412 3509 554 3550 suas
582 3496 843 3551 benedici
876 3497 1068 3562 faciat,
1094 3515 1159 3552 eo
1182 3504 1377 3553 tamen
1404 3501 1614 3556 fcrdere
1635 3507 1718 3569 ut,
1742 3520 1847 3558 nec
1877 3503 2057 3576 hujus

407 3580 695 3638 libertatis
727 3600 832 3638 nec
864 3582 1117 3651 alicujus
1140 3585 1384 3642 alterius
1416 3588 1495 3642 rei
1530 3590 1858 3658 occasione,
1886 3590 2058 3647 liceat

411 3669 554 3742 regi,
585 3670 672 3727 vel
722 3671 1080 3743 imperatori,
1134 3673 1427 3747 episcopo,
1472 3676 1560 3732 vel
1597 3677 2055 3751 archiepiscOpo,

413 3764 514 3815 aut
533 3759 781 3831 alicujus
812 3761 964 3818 alius
986 3762 1292 3835 dignitatis
1321 3762 1406 3818 vel
1425 3764 1777 3821 conditionis
1803 3765 2058 3836 homini,

412 3848 633 3921 aliquid
678 3851 922 3907 dominii
975 3852 1032 3906 in
1082 3853 1284 3908 eodem
1326 3853 1471 3918 loco,
1518 3854 1694 3927 inque
1727 3855 1899 3912 rebus
1928 3857 2059 3927 ejus

411 3931 692 4002 exercere,
733 3955 835 3994 seu
887 3940 1322 3997 advocationem
1373 3941 1629 4014 aliquam
1679 3943 1919 4010 habere;
1954 3946 2055 4001 sed

408 4024 538 4097 ipsa
568 4026 887 4093 advocatia,
907 4028 1061 4084 sicut
1082 4046 1237 4085 nunc
1259 4047 1387 4085 eam
1414 4030 1681 4088 commisi
1707 4033 1902 4104 nepoti
1928 4050 2057 4089 meo

406 4114 654 4170 Henrico
685 4120 945 4171 castrum
990 4118 1376 4189 Hegensbeim
1409 4119 1666 4184 habenti.
1712 4120 1795 4177 ita
1826 4138 2061 4194 semper

411 4203 551 4259 dum
574 4203 778 4260 vixerit
800 4205 856 4259 in
874 4222 939 4260 eo
962 4205 1267 4268 consistat.
1292 4223 1395 4262 nec
1410 4224 1512 4278 pro
1537 4208 1663 4279 ipsa
1686 4210 2060 4267 advocatione

410 4290 547 4364 plus
577 4291 690 4348 nisi
738 4293 893 4363 quod
925 4293 996 4349 de
1036 4292 1386 4349 villicatione
1415 4311 1540 4365 qua
1571 4296 1786 4353 dicitur
1831 4298 2055 4368 Orbeis,

400 4381 566 4453 juste
597 4381 909 4453 suscipiat:
940 4381 1025 4437 ita
1054 4386 1246 4437 tamen
1280 4386 1343 4436 ut
1374 4400 1528 4439 unus
1547 4384 1799 4442 villanus
1828 4404 2060 4460 semper

409 4474 708 4526 remaneat
748 4471 997 4527 idoneus
1027 4488 1158 4527 cum
1193 4472 1474 4527 beneficio
1507 4490 1633 4541 suo,
1669 4474 1769 4547 qui
1801 4475 2059 4532 decimas

2168 1901 2374 1968 vineis,
2392 1900 2625 1957 interim
2647 1903 2937 1971 exspectet
2957 1916 3143 1972 usque
3164 1901 3307 1955 dum
3329 1900 3693 1973 compleatur
3710 1918 3820 1956 nu-

2169 2006 2385 2046 merus.
2411 1988 2471 2044 Si
2492 1992 2687 2044 autem
2711 1988 2782 2043 de
2804 1988 3082 2044 omnibus
3099 1989 3436 2045 monasterii
3461 1989 3656 2055 rebus,
3691 1989 3818 2046 sive

2168 2079 2488 2135 mobilibus
2500 2078 2620 2133 sive
2642 2076 3066 2145 immobilibus,
3082 2077 3403 2151 plusquam
3426 2078 3815 2135 constitutum

2170 2172 2260 2224 est
2287 2167 2400 2223 sibi
2442 2184 2725 2238 usurpare
2746 2166 3206 2239 prasumpserit,
3239 2171 3296 2222 et
3324 2166 3477 2222 infra
3501 2167 3817 2223 duodecim

2168 2255 2569 2312 hebdomadas
2599 2260 2689 2311 est
2718 2254 3074 2323 admonitus,
3106 2259 3209 2312 aut
3247 2256 3511 2312 eamdem
3556 2273 3677 2313 rem
3719 2256 3820 2312 vel

2170 2344 2369 2411 aliam,
2397 2344 2847 2400 existimationis
2875 2344 3141 2415 ejusdem
3172 2345 3287 2417 ipsi
3316 2343 3631 2401 venerabili
3659 2343 3820 2410 loco,

2169 2431 2572 2488 sacratissima
2618 2449 2758 2487 crux
2810 2438 2865 2499 i,
2913 2449 3029 2489 non
3086 2433 3423 2499 reddiderit,
3471 2437 3611 2488 tunc
3639 2432 3823 2489 liceat

2170 2521 2480 2577 abbatissa
2504 2525 2764 2577 nostram
2791 2521 2985 2577 sedem
3010 2521 3322 2594 appellare,
3346 2526 3402 2577 et
3421 2523 3574 2594 apud
3603 2522 3823 2577 Roma-

2169 2626 2311 2666 num
2326 2627 2536 2683 papam
2560 2611 2849 2683 deponere
2861 2610 3289 2682 querimoniam
3314 2610 3822 2683 superinjustitiis

2169 2699 2523 2755 monasterio
2554 2716 2661 2755 suo
2692 2700 2763 2755 ab
2794 2699 3070 2756 advocato
3107 2698 3306 2755 illatis.
3355 2700 3515 2764 Quod
3550 2699 3600 2756 si
3632 2699 3821 2755 advo-

2167 2791 2335 2845 catus
2382 2805 2544 2860 papa
2574 2787 2800 2859 judicio
2839 2789 3000 2859 juste
3042 2805 3162 2844 rem
3205 2787 3544 2844 inclinantis
3573 2787 3817 2860 culpam

2167 2877 2499 2942 correxerit,
2530 2876 2832 2932 advocatis
2860 2875 2918 2931 in
2951 2893 3017 2933 eo
3049 2880 3375 2944 remaneat;
3410 2876 3459 2931 si
3493 2893 3630 2932 vero
3660 2877 3824 2931 refu-

2165 2964 2392 3030 taverit,
2418 2964 2604 3036 {liceat
2643 2964 2953 3021 abbatissa
2992 2966 3239 3038 ejusque
3276 2964 3710 3039 congregationi
3745 2965 3822 3021 de

2168 3058 2368 3110 nostro
2413 3070 2626 3127 genere
2656 3052 3157 3126 propinquiorem,
3193 3053 3293 3126 qui
3325 3055 3517 3127 magis
3560 3054 3816 3111 idoneus

2168 3142 2352 3215 possit
2372 3142 2641 3212 inveniri,
2665 3143 3006 3198 advocatum
3028 3142 3329 3215 acquirere
3350 3141 3532 3198 alium
3563 3142 3703 3198 sibi.
3739 3148 3821 3199 De

2167 3232 2447 3288 electione
2458 3248 2592 3288 vero
2604 3232 2913 3288 abbatissa
2927 3236 3059 3304 post
3072 3237 3318 3288 mortem
3335 3232 3525 3304 ipsius
3540 3236 3820 3288 Kuentza

2167 3337 2345 3392 quam
2378 3336 2478 3391 per
2509 3338 2616 3376 nos
2639 3320 2751 3392 ipsi
2771 3320 3200 3390 benediximus,
3227 3321 3340 3376 ista
3368 3320 3822 3390 constituimus,

2166 3413 2232 3464 ut
2260 3410 2337 3466 sit
2367 3409 2426 3464 in
2463 3410 2726 3482 ipsarum
2756 3426 3022 3466 sororum
3066 3408 3306 3466 arbitrio
3338 3426 3514 3481 quam
3545 3408 3707 3464 inter
3756 3427 3823 3466 se

2166 3497 2398 3570 eligere,
2430 3498 2662 3570 sibique
2687 3498 3010 3555 secundum
3031 3498 3213 3555 Deum
3246 3514 3577 3571 praponere
3604 3497 3821 3567 velint,

2167 3586 2215 3641 si
2248 3586 2401 3641 inter
2419 3603 2518 3641 eas
2538 3585 2747 3642 idonea
2766 3586 2952 3658 possit
2974 3586 3257 3655 inveniri;
3290 3586 3548 3658 alioquin
3570 3584 3823 3642 aliunde

2166 3674 2278 3729 sibi
2308 3678 2579 3746 expetant
2607 3691 3022 3748 quamcunque
3071 3675 3371 3731 meliorem
3419 3675 3673 3731 invenire
3706 3693 3823 3730 va-

2166 3761 2342 3818 leant.
2367 3763 2834 3819 Benedictionem
2850 3781 2984 3820 vero
3009 3764 3319 3821 abbatissa
3333 3770 3391 3821 et
3410 3764 3625 3820 donum
3657 3764 3821 3820 nulli

2166 3849 2265 3907 alii
2297 3851 2410 3907 nisi
2439 3851 2769 3924 apostolica
2800 3857 3009 3909 nostra
3040 3853 3165 3909 sedi
3212 3853 3618 3921 concedimus;
3661 3857 3726 3908 et
3757 3853 3822 3909 in

2167 3940 2602 3997 consecratione
2630 3940 2962 4009 abbatissa,
3012 3941 3061 3995 si
3105 3940 3302 4013 aliqua
3334 3940 3695 4013 negligentia
3745 3942 3824 3998 de

2166 4044 2349 4101 penso
2381 4029 2591 4085 subtus
2621 4029 2921 4086 nominato
2951 4029 3145 4096 fuerit,
3176 4029 3437 4086 districts
3461 4030 3824 4087 determine-

2166 4122 2282 4173 tur.
2343 4118 2452 4174 Pro
2510 4117 2821 4174 donatione
2888 4118 3070 4191 igitur
3142 4118 3430 4174 libertatis
3505 4118 3707 4189 istius,
3792 4136 3829 4175 ο

2167 4211 2370 4272 crumL
2416 4207 2544 4278 ipso
2587 4205 2706 4262 sole
2752 4206 3010 4275 nitidior,
3060 4206 3405 4277 cunctisque
3447 4207 3660 4263 creatis
3691 4224 3830 4280 pre—

2166 4294 2388 4363 tiosior,
2441 4300 2607 4351 Petro
2654 4294 2914 4368 apostolo
2957 4294 3085 4367 ipso
3133 4300 3235 4351 tuo
3280 4296 3635 4353 monasterio
3676 4313 3828 4353 con-

2166 4400 2330 4440 cesso
2361 4401 2465 4455 pro
2505 4385 2693 4440 salute
2724 4383 2931 4438 anima
2965 4400 3126 4451 mea,
3172 4400 3558 4456 meorumque
3601 4401 3829 4457 paren-

2165 4475 2313 4539 tum,
2362 4471 2581 4527 ibidem
2629 4471 2687 4527 in
2736 4471 2968 4527 Christo
3019 4477 3117 4528 tuo
3162 4473 3406 4528 Domino
3446 4477 3648 4529 nostro
3680 4474 3831 4529 dor-

409 4558 664 4615 ecclesia
693 4559 842 4615 villa
873 4560 1062 4632 ipsius
1090 4560 1400 4634 ipsamque
1416 4560 1722 4618 ecclesiam
1746 4564 2056 4632 custodiat,
2087 4577 2135 4641 D
2170 4560 2498 4629 mientium,
2558 4577 2739 4632 penso
2795 4561 3098 4616 annuatim
3172 4562 3487 4617 constituto
3551 4564 3833 4633 tempore

407 4648 521 4719 ipsi
572 4652 674 4705 tuo
720 4648 1039 4705 venerabili
1083 4648 1209 4705 loco
1243 4654 1446 4705 sancta
1475 4667 1539 4705 ac
1573 4651 1795 4707 vivifica
1831 4669 1971 4707 crux
2003 4658 2059 4722 ῒ,

407 4735 511 4806 qui
539 4736 729 4791 etiam
760 4738 833 4793 ab
864 4738 1023 4793 omni
1058 4738 1319 4793 advocati
1351 4739 1573 4795 ditione
1612 4740 1689 4796 sit
1730 4740 2058 4809 absolutus,

407 4824 473 4875 ut
505 4837 681 4876 suum
724 4840 926 4879 secure
956 4825 1248 4896 persolvat
1269 4826 1548 4882 ofﬁcium.
1580 4832 1894 4899 Postquam
1927 4845 2059 4886 vero

411 4907 696 4963 Henricus
713 4926 893 4981 nepos
916 4930 1083 4968 meus
1108 4914 1259 4968 diem
1279 4914 1554 4970 clauserit
1578 4919 1922 4976 extremum.
1945 4916 2059 4989 ipsi

409 4995 509 5068 qui
525 4997 714 5068 major
723 5002 812 5054 est
825 5004 964 5055 natu
980 4999 1130 5055 inter
1144 5018 1509 5073 possessores
1526 5004 1701 5059 castri
1715 5006 2031 5077 supradicti
2045 5051 2059 5074 ,

406 5085 457 5142 si
481 5084 677 5157 plures
702 5088 1365 5155 exstiterint,advocatia
1394 5092 1694 5163 debeatur,
1726 5097 1783 5149 et
1810 5098 1949 5149 tunc
1981 5094 2059 5150 sit

407 5174 468 5229 in
499 5174 779 5231 electione
816 5175 1125 5232 abbatissa
1158 5177 1346 5250 ipsius
1386 5180 1468 5234 tui
1505 5179 1610 5234 loci
1653 5199 1802 5252 sape
1833 5199 2053 5237 memo-

406 5264 590 5320 randa
618 5264 1044 5337 gloriosissima
1063 5283 1203 5322 crux
1238 5273 1291 5335 1,
1323 5272 1553 5341 tuaque
1584 5271 2053 5342 congregationis

407 5366 580 5421 quem
615 5353 726 5409 sibi
759 5370 960 5409 eorum
982 5352 1289 5411 instituere
1309 5355 1506 5412 velint.
1539 5356 1640 5412 Cui
1664 5375 1778 5413 non
1810 5357 1944 5429 plus
1973 5363 2054 5415 at-

402 5437 586 5494 tineat
607 5457 709 5511 pro
727 5444 1034 5499 advocatia
1058 5445 1342 5509 mercede,
1363 5461 1540 5516 quam
1560 5446 1713 5516 quod
1747 5447 2049 5516 prafatum

403 5530 493 5582 est
535 5531 591 5582 et
628 5532 1013 5587 constitutum
1048 5536 1132 5587 est
1164 5549 1267 5602 pro
1300 5532 1563 5587 Henrico.
1598 5534 1760 5599 Quod
1794 5535 1840 5590 si
1876 5551 2048 5592 nemo

405 5619 701 5688 superstes
731 5617 903 5674 fuerit
932 5619 1135 5689 hares,
1159 5625 1295 5676 tunc
1329 5635 1442 5675 non
1467 5618 1602 5689 alio,
1637 5622 1737 5678 sed
1771 5623 1838 5679 ad
1863 5640 2049 5696 genus

2168 4653 2380 4705 nostra
2410 4648 2743 4721 apostolica
2773 4649 2896 4706 sedi
2919 4649 2992 4705 ab
3023 4649 3326 4705 abbatissa
3346 4649 3534 4721 ipsius
3562 4648 3677 4705 loci
3706 4652 3836 4707 sol-

2164 4738 2435 4802 vendam,
2468 4737 2682 4792 Rosam
2711 4736 2983 4793 videlicet
3024 4752 3286 4803 auream,
3330 4754 3511 4810 penso
3556 4738 3834 4795 duarum

2167 4826 2561 4883 Romanarum
2585 4826 2914 4897 unciarum,
2937 4830 3039 4881 aut
3067 4826 3282 4881 factam
3310 4827 3462 4882 sicut
3490 4825 3615 4881 fieri
3643 4826 3833 4884 solet.

2168 4920 2270 4970 aut
2306 4914 2673 4970 tantumdem
2706 4915 2778 4969 ad
2828 4913 3153 4969 faciendam
3184 4918 3445 4985 tempore
3474 4913 3836 4989 Quadrage-

2168 5004 2352 5070 sima,
2383 5003 2730 5059 mittendam
2772 5007 2973 5059 octavo
3004 5002 3096 5057 die
3126 5006 3445 5074 antequam
3491 5019 3526 5057 a
3555 5002 3738 5059 nobis
3773 5010 3839 5061 et

2168 5092 2608 5148 successoribus
2656 5090 2871 5147 nostris
2912 5095 3190 5146 consuete
3237 5091 3453 5162 portari
3500 5090 3562 5145 in
3602 5097 3841 5162 quarta

2162 5180 2465 5237 Dominica
2491 5181 2868 5253 pracedente,
2898 5177 3163 5234 videlicet
3194 5179 3285 5234 die
3318 5178 3645 5249 Dominico,
3678 5195 3836 5237 cum

2163 5275 2432 5326 cantatur
2459 5270 2743 5325 Introitus
2768 5287 2781 5338 ;
2817 5269 2972 5326 Oculi
2999 5269 3110 5323 mei
3138 5283 3348 5339 semper
3385 5266 3456 5322 ad
3485 5268 3835 5325 Dominum.

2160 5358 2279 5415 Hoc
2333 5363 2527 5415 autem
2586 5348 2819 5429 semper
2886 5356 3227 5412 memoriale
3281 5356 3572 5412 libertatis
3633 5356 3840 5415 istius

2159 5448 2406 5503 existere
2461 5445 2706 5513 decrevi,
2771 5450 2856 5513 ut,
2935 5446 3073 5517 quia
3128 5462 3195 5501 eo
3250 5449 3512 5516 tempore
3566 5443 3843 5504 victoria

2159 5539 2494 5591 recensetur
2540 5533 2769 5589 Domini
2819 5534 3007 5590 nostri
3054 5533 3193 5591 Jesu
3225 5532 3463 5600 Christi,
3496 5531 3598 5603 qui
3648 5532 3710 5589 in
3774 5540 3840 5594 te

2158 5639 2370 5697 passus
2412 5626 2521 5691 est,
2566 5638 2598 5679 ο
2637 5638 2780 5679 crux
2818 5626 2850 5690 +
2904 5622 3322 5692 sacratissima,
3346 5625 3485 5679 tunc
3524 5621 3838 5697 timenda,
