4088 6174
253 333 371 400 637

1232 337 1632 404 EPISTOLIE
1673 338 1775 401 ΕΤ
1818 335 2182 401 DEGRETA
2227 339 2708 405 PONTIFICIA.

3550 349 3675 417 638

255 487 415 527 nunc
440 469 769 544 appelenda
796 478 852 530 et
880 472 1143 531 colenda.
1176 474 1282 530 Tui
1314 493 1547 549 quoque
1570 474 1903 533 monasterii
1934 473 1993 539 Α
2021 488 2162 530 nera
2185 496 2205 527 ι
2237 490 2250 529 :
2284 490 2390 531 nos
2424 492 2457 532 a
2475 475 2820 552 Maguntina
2840 476 3061 552 synodo
3091 477 3314 539 Roman
3354 499 3557 542 versus
3578 502 3667 544 re-

254 562 315 617 in
336 577 468 617 meo
490 562 842 635 patrimonio
865 563 984 632 siti,
1006 568 1063 622 et
1085 582 1119 621 a
1140 582 1233 622 me
1252 566 1595 623 omnimoda
1616 566 1901 636 libertate,

254 654 319 706 ut
337 650 615 723 superius
634 651 858 709 dictum
879 659 987 721 est,
1021 654 1242 723 donati,
1266 655 1463 712 Romae
1508 673 1622 712 non
1644 657 1745 712 ﬁat
1764 656 1905 713 obli-

251 738 362 805 vio,
396 738 500 795 ubi
528 744 708 813 caput
754 741 867 799 sibi
912 744 1169 800 vindicat
1216 745 1409 802 omnis
1461 745 1683 818 religio,
1716 750 1774 802 et
1807 745 1905 801 ubi

251 828 589 886 immeritus
618 829 800 887 vicem
834 833 1061 905 sumpsi
1108 832 1489 906 apostolatus.
1540 835 1614 891 Ut
1642 851 1774 891 vero
1808 837 1904 891 (ἱνα

251 935 418 975 mum
449 922 509 975 et
526 918 945 988 inconcussum
968 927 1178 979 nostra:
1196 924 1580 981 ordinationis
1603 926 1904 982 decretum

249 1012 604 1081 perseveret,
636 1014 849 1066 nostras
895 1011 1221 1082 apostolica:
1264 1013 1628 1070 auctoritatis
1656 1031 1905 1072 censura

248 1096 573 1153 statuimus
591 1114 662 1154 ne
683 1099 818 1169 quis
840 1117 1106 1173 unquam
1128 1103 1342 1159 audeat
1368 1104 1725 1176 pretergredi
1750 1104 1905 1160 ultra

247 1203 433 1257 quam
462 1185 559 1242 hic
587 1187 876 1259 scriptum
906 1188 1173 1256 habetur,
1197 1196 1255 1247 et
1275 1207 1347 1247 ne
1370 1209 1631 1264 unquam
1644 1209 1777 1264 quis
1798 1193 1905 1248 im-

249 1275 386 1349 pius
416 1279 733 1332 temerator
766 1280 1071 1350 tyrannico
1119 1297 1267 1337 ausu
1325 1281 1652 1354 quidquam
1702 1298 1904 1354 rapere

248 1365 482 1437 sibique
514 1382 801 1438 usurpare
830 1367 901 1424 de
932 1369 1110 1425 rebus
1138 1370 1405 1442 ejusdem
1447 1370 1723 1439 ecclesiae,
1756 1388 1903 1443 quas

250 1454 299 1510 ei
330 1454 420 1511 vel
452 1454 568 1510 mei
597 1460 871 1527 parentes
919 1457 1315 1530 contulerunt,
1365 1460 1453 1517 vel
1498 1460 1627 1533 ipse
1657 1460 1900 1527 contuli,

250 1547 352 1600 aut
382 1543 629 1616 quilibet
658 1544 1128 1603 Christianorum
1155 1548 1237 1604 ibi
1267 1548 1587 1606 collaturus
1613 1554 1720 1618 est,
1757 1568 1901 1623 prm-

254 1636 472 1691 sumat.
486 1633 645 1700 Quod
660 1633 1019 1708 quicumque
1057 1638 1460 1707 tentaverit,ad
1473 1639 1901 1713 usquedignam

253 1721 733 1787 satisfactionem,
751 1725 935 1780 nostri
953 1726 1257 1798 apostolici
1274 1728 1627 1785 anathemati
1635 1746 1662 1785 s
1679 1727 1899 1801 obliga-

249 1810 469 1868 tionem
490 1811 772 1879 incurrat,
805 1816 863 1868 et
894 1831 927 1870 a
955 1818 1030 1879 te,
1063 1834 1094 1871 o
1128 1833 1268 1872 crux
1298 1822 1325 1884 λγ
1352 1818 1687 1885 metuenda,
1722 1818 1898 1876 male-
1933 1844 1978 1909 Β

246 1901 563 1958 dictionem
590 1918 603 1956 :
639 1902 740 1975 qui
767 1918 902 1960 vero
931 1906 1003 1961 ab
1035 1905 1143 1961 hac
1176 1907 1501 1963 temeritate
1526 1906 1771 1964 consilio
1802 1925 1901 1964 sa-

245 1991 396 2047 niori
426 2007 493 2047 se
523 1992 858 2060 servaverit,
892 1993 985 2049 hic
1017 1999 1226 2050 nostrae
1262 1995 1682 2053 benedictionis
1712 1998 1898 2053 abun-

243 2080 450 2137 dantia
478 2081 696 2155 dignus
725 2081 854 2151 erit,
878 2088 936 2139 et
972 2084 1389 2156 omnipotentis
1436 2085 1536 2142 Dei
1565 2085 1752 2159 gratia
1782 2104 1899 2143 non

242 2170 487 2226 carebit.

312 2259 533 2317 Datum
565 2260 791 2317 decimo
821 2265 1028 2333 quarto
1073 2261 1365 2318 Kalendas
1410 2264 1766 2329 Decembris,
1799 2281 1901 2336 per

241 2367 461 2406 manus
488 2348 644 2407 Petri
692 2349 940 2417 diaconi,
989 2351 1413 2409 bibliothecarii
1461 2358 1518 2410 et
1567 2353 1898 2410 caneellarii

240 2443 463 2496 sancta:
491 2438 822 2510 apostolica:
860 2439 1038 2509 sedis,
1076 2458 1228 2497 anno
1261 2441 1483 2499 domini
1508 2442 1712 2500 Leonis
1734 2460 1895 2516 papae

240 2528 459 2601 primo,
491 2527 811 2591 indictione
842 2530 1033 2585 tertia.

997 2637 1184 2692 XXXI.

240 2725 295 2782 S.
328 2725 434 2779 Leo
458 2725 525 2799 IX
550 2727 874 2799 monasterii
901 2726 1236 2799 Altorﬁensis
1268 2728 1330 2781 in
1358 2728 1571 2783 Alsatia
1618 2730 1895 2799 in/eriori,

311 2813 355 2870 αῖ
377 2797 496 2870 suis
520 2797 1104 2870 pqwntilguaconrditi,
1130 2798 1269 2854 bona
1287 2799 1531 2870 juraque
1558 2797 1894 2867 corrOborat,

312 2868 507 2936 ibique
532 2868 717 2923 altare
747 2868 801 2924 S.
835 2868 1099 2941 Stephani
1140 2868 1402 2926 memerat
1434 2868 1477 2926 Ia
1526 2888 1638 2927 sese
1677 2870 1896 2927 dedica-

313 2947 433 2995 tum
460 2954 596 2994 esse.

885 3011 1072 3083 (Anno
1104 3012 1285 3081 1059.)

246 3098 639 3171 [Grandidier.
680 3100 913 3156 Histozre
942 3100 1202 3157 d’Alsace.
1237 3101 1279 3165 Ι,
1310 3103 1435 3157 255.
1468 3106 1525 3157 et
1566 3101 1897 3171 Schaepﬂin,

316 3170 529 3225 Auctio
557 3170 911 3242 diplomatica
941 3173 984 3227 Ι.
1018 3172 1142 3237 164,
1177 3177 1325 3229 teste
1351 3173 1519 3229 Jall'e.
1552 3204 1619 3213 —-
1651 3196 1680 3224 (ί
1710 3170 1901 3230 Sacrae

314 3240 658 3297 devotionis.
696 3243 748 3313 η]

972 3330 1188 3388 XXXII.

256 3417 313 3473 S.
347 3417 452 3474 Leo
479 3418 545 3473 IX
566 3419 847 3489 conﬁrmat
868 3420 1249 3490 fundalionem
1270 3424 1320 3477 et
1340 3421 1679 3479 advacatiam
1705 3439 1900 3480 mona-

660 3493 817 3547 sterii
847 3491 900 3546 S.
940 3491 1129 3548 Crucis
1159 3494 1219 3547 in
1252 3492 1490 3549 Wcrdea.

879 3581 1063 3652 (Anno
1096 3582 1275 3654 1049.)

347 3666 777 3740 [Cocquelines,
810 3671 1025 3739 Bullar,
1056 3670 1225 3742 ampl.
1260 3670 1498 3740 Cellach,
1532 3671 1575 3739 Ι,
1606 3672 1757 3743 366.]

311 3757 434 3813 Leo
449 3757 787 3831 episcopus,
810 3775 1013 3814 servus
1030 3776 1332 3815 servorum
1350 3760 1472 3825 Dei,
1489 3760 1901 3818 Cenomanos:

236 3846 472 3905 dilectae
503 3847 563 3903 in
597 3847 827 3904 Christo
858 3847 989 3903 ﬁliae
1020 3866 1054 3904 a
1083 3848 1253 3909 nobis
1296 3848 1575 3905 ordinatae
1606 3853 1664 3905 et
1691 3867 1899 3907 conse-

234 3943 414 3993 crates
438 3936 686 4004 noviter,
711 3938 860 3994 facto
882 3955 916 3993 a
939 3941 1102 4011 patre
1121 3941 1223 3994 tuo
1245 3938 1587 4010 Manegoldo
1614 3940 1671 3996 S.
1697 3940 1898 3998 Crucis

233 4026 625 4095 monasterio,
646 4025 869 4099 tibique
894 4026 1255 4084 successuris
1275 4029 1606 4100 perenniter
1634 4030 1895 4087 abbatis-

224 4115 328 4184 sis,
363 4119 722 4189 perpetuam
753 4114 813 4171 in
867 4116 1115 4173 Domino
1146 4115 1418 4173 salutem.

290 4204 497 4261 Sacrae
529 4203 854 4261 devotionis
876 4203 1060 4273 labor,
1085 4204 1226 4277 quia
1242 4220 1475 4279 semper
1489 4205 1685 4262 divino
1704 4206 1897 4265 favore

211 4293 492 4363 juvatur,
528 4308 762 4366 semper
786 4297 985 4367 Optata
1012 4293 1125 4350 ﬁne
1154 4294 1527 4351 terminatur.
1566 4295 1721 4366 Ideo,
1752 4294 1890 4364 filia,

216 4382 298 4437 tui
323 4381 531 4456 patris
552 4381 752 4454 ampla
773 4382 832 4437 in
854 4383 971 4439 Deo
990 4383 1215 4439 devotio
1243 4383 1597 4440 laudabilem
1635 4385 1892 4441 fructum

214 4471 535 4543 produxit;
564 4487 698 4526 cum
716 4471 1090 4544 proportione
1113 4476 1328 4528 sancta:
1348 4476 1404 4530 et
1425 4473 1888 4543 vivificaecrucis,

2015 562 2280 632 deuntes,
2316 563 2385 619 ad
2423 564 2617 638 ipsum
2664 566 2757 622 Dei
2808 567 3094 642 templum
3142 570 3335 627 venire
3380 572 3666 642 invitavit,

2015 652 2170 724 quod
2203 669 2236 708 a
2269 652 2437 709 nobis
2469 672 2529 709 ιιι
2557 654 2702 711 Non.
2728 655 2998 714 Decemb.
3025 659 3231 715 merito
3255 659 3476 717 honore
3497 663 3664 719 dedi-

2014 744 2231 808 catum,
2273 741 2319 796 si
2355 743 2587 799 tandem
2629 743 2757 799 Juri
2802 744 3001 802 S.R.E.
3046 751 3102 803 et
3134 748 3475 805 beatissimo
3497 755 3667 807 Petro

2014 829 2274 903 apostolo
2305 837 2575 904 prompto
2620 833 2856 889 donavit
2903 839 2960 891 et
2990 836 3201 892 obtulit
3248 839 3464 910 animo,
3497 844 3668 912 teque

2014 920 2195 975 filiam
2218 937 2407 988 suam,
2436 939 2612 995 quam
2628 923 2756 995 jam
2783 929 2894 980 Deo
2924 926 2980 980 in
3006 927 3330 983 monastica
3351 945 3664 987 conversa-

2010 1008 2168 1064 tione
2197 1017 2253 1064 et
2274 1009 2478 1065 habitu
2512 1017 2860 1082 sacraverat,
2886 1015 3149 1087 ejusdem
3194 1018 3416 1090 rogavit
3441 1036 3475 1073 a
3497 1020 3667 1077 nobis

2011 1096 2136 1152 ﬁeri
2212 1098 2569 1155 abbatissam
2633 1099 2762 1156 loci.
2816 1102 2876 1157 Id
2928 1103 3165 1175 auspice
3212 1104 3350 1173 Deo,
3395 1106 3660 1177 fecimus,

2011 1186 2375 1243 attendentes
2408 1187 2463 1242 in
2498 1192 2573 1255 te,
2611 1194 2899 1261 quantum
2948 1191 3172 1247 homini
3225 1198 3311 1249 est
3363 1195 3664 1267 possibile,

2010 1276 2281 1330 timorem
2308 1275 2429 1341 Dei,
2462 1277 2653 1332 cordis
2676 1280 3209 1350 compunctionem,
3233 1284 3447 1339 mentis
3469 1284 3662 1341 humi-

2009 1362 2255 1431 litatem,
2282 1380 2512 1420 morum
2529 1365 2898 1436 gravitatem,
2917 1367 2975 1422 in
3000 1368 3664 1429 adolesrentibusmem-

2011 1452 2133 1508 bris
2146 1454 2735 1525 pretendentemjam
2751 1460 3132 1512 senectutem.
3151 1458 3220 1512 Et
3243 1460 3667 1517 constituentes

2011 1543 2286 1599 eumdem
2317 1542 2511 1598 locum
2543 1560 2670 1600 esse
2704 1544 2756 1598 in
2796 1550 3142 1617 perpetuum
3192 1547 3537 1605 ancillarum
3572 1552 3667 1606 Dei

2012 1633 2458 1698 monasterium,
2494 1632 2591 1688 ubi
2623 1637 2682 1688 tu
2716 1633 2787 1689 de
2817 1638 2873 1689 te
2903 1638 2957 1689 et
2978 1636 3279 1693 sororibus
3302 1636 3419 1693 tuis
3440 1638 3662 1711 primas

2010 1721 2126 1776 Deo
2156 1720 2446 1793 primitias
2491 1721 2698 1777 otl‘eras
2739 1722 3060 1795 religionis,
3112 1726 3320 1782 merita
3353 1728 3664 1798 castitatis,

2012 1809 2326 1880 omnisque
2359 1809 2663 1866 bonitatis.

2081 1899 2115 1953 3
2129 1898 2245 1953 Hoc
2260 1901 2454 1953 tamen
2471 1898 2707 1953 nomine
2724 1902 2934 1953 nostris
2951 1900 3285 1972 apostolica:
3302 1902 3426 1958 sedi
3457 1920 3668 1975 parens

2009 1991 2150 2043 tuus
2179 1988 2445 2043 eamdem
2470 1986 2603 2042 fecit
2628 1986 3007 2058 oblationem,
3049 1994 3134 2057 ut,
3166 1990 3306 2044 dum
3350 1991 3475 2064 ipse
3506 1992 3664 2062 vivit,

2010 2076 2197 2149 ipsius
2228 2075 2338 2132 loci
2381 2076 2742 2133 advccatiam
2787 2076 3042 2147 habeat;
3096 2077 3370 2134 similiter
3418 2084 3496 2149 et,
3530 2085 3666 2154 post

2012 2169 2258 2221 mortem
2289 2165 2500 2237 ipsius,
2533 2182 2705 2237 quem
2739 2182 2895 2221 nunc
2926 2166 3104 2221 habet
3128 2166 3309 2223 filius.
3362 2169 3471 2233 Qui
3503 2170 3662 2227 filius

2008 2254 2059 2310 si
2089 2254 2375 2310 haeredem
2407 2254 2698 2318 habuerit,
2726 2254 2849 2328 ipse
2872 2271 3104 2328 quoque
3141 2256 3457 2314 advocatus
3478 2259 3576 2314 sit.
3603 2260 3662 2315 Si

2005 2360 2140 2400 vero
2168 2342 2254 2399 vel
2288 2343 2402 2415 ipsi
2433 2342 2797 2415 Manegoldo,
2824 2343 2913 2399 vel
2946 2344 3074 2415 ejus
3106 2344 3283 2401 ﬁliolo
3307 2362 3478 2403 nemo
3502 2347 3660 2404 filius

2008 2437 2306 2504 superstes
2338 2432 2644 2500 exstiterit,
2685 2436 2826 2487 tunc
2870 2432 3043 2489 liceat
3085 2434 3396 2490 abbatissae
3430 2435 3661 2508 ipsique

2007 2521 2442 2594 congregationi
2475 2522 2820 2577 advocatum
2852 2521 2962 2577 sibi
2996 2524 3323 2579 secundum
3346 2524 3529 2580 Deum
3563 2525 3664 2582 eli-

2006 2627 2160 2684 gere,
2196 2610 2512 2683 petendum
2542 2614 2738 2666 tamen
2770 2611 2843 2666 ab
2876 2611 3194 2683 apostolica
3222 2613 3377 2668 sede.

2080 2701 2130 2754 4.
2168 2701 2282 2756 Lex
2310 2717 2443 2756 vero
2476 2717 2567 2756 om
2585 2699 2747 2755 nium
2781 2700 3197 2755 advocatorum
3222 2703 3354 2771 post
3373 2700 3664 2775 Manegol-

2014 2789 2155 2845 dum
2179 2788 2312 2845 talis
2331 2790 2475 2845 erit:
2504 2792 2568 2844 ut
2588 2788 2863 2861 quisquis
2885 2804 3087 2843 eorum
3102 2788 3277 2859 digne
3290 2805 3401 2843 non
3418 2789 3668 2846 admini-

2008 2877 2276 2934 straverit
2292 2877 2689 2934 advocationis
2708 2876 2900 2932 ot‘ticiu
2912 2893 2987 2944 m,
3012 2875 3183 2933 liccat
3196 2876 3506 2933 abbatissa:
3530 2879 3668 2951 ipsi-

2010 2982 2124 3037 que
2145 2964 2575 3039 congregationi
2605 2964 2675 3019 de
2694 2980 2761 3019 eo
2775 2964 2927 3036 apud
2953 2980 3161 3035 papam
3178 2964 3476 3036 conqueri.
3493 2966 3601 3030 Qui
3616 2966 3667 3021 si

2008 3058 2247 3110 vocatus
2270 3054 2342 3109 ab
2364 3070 2429 3109 eo
2453 3053 2625 3109 fuerit
2645 3057 2701 3108 et
2726 3052 3078 3108 monasterio
3098 3053 3465 3123 satisfecerit,
3489 3055 3666 3111 advo-

2012 3141 2299 3199 cationem
2328 3154 2499 3197 suam
2531 3141 2795 3197 retineat.
2830 3141 2991 3205 Quod
3028 3140 3076 3195 si
3123 3140 3319 3196 venire
3348 3142 3664 3211 distulerit,

1934 3211 1978 3279 C
2022 3234 2125 3288 aut
2155 3230 2202 3287 si
2236 3230 2455 3287 venerit
2484 3235 2542 3287 et
2573 3247 2684 3286 non
2719 3229 3087 3298 satisfecerit,
3118 3232 3259 3285 tunc
3296 3229 3468 3286 liceat
3497 3231 3671 3287 abba-

2008 3321 2167 3377 tisse:
2191 3320 2419 3393 ipsique
2448 3319 2881 3393 congregationi
2904 3335 2972 3374 ex
2991 3335 3284 3375 consensu
3306 3335 3467 3391 papae
3492 3318 3667 3376 talem

2012 3410 2124 3466 sibi
2173 3410 2519 3465 advocatum
2570 3408 2784 3481 eligere
2833 3408 2932 3480 qui
2980 3408 3306 3464 secundum
3355 3407 3537 3464 Deum
3569 3407 3665 3464 sit.

2012 3502 2150 3555 Post
2178 3497 2402 3555 obitum
2424 3514 2557 3553 vero
2578 3501 2771 3564 tuum,
2794 3498 2866 3553 de
2887 3496 3018 3569 ipsa
3038 3496 3512 3570 congregatione,
3539 3513 3667 3569 qua:

2011 3587 2220 3644 melior
2249 3587 2344 3655 sit,
2377 3586 2648 3660 eligatur,
2681 3586 2731 3642 si
2762 3586 2972 3642 idonea
3002 3586 3237 3641 inventa
3261 3585 3456 3649 fuerit,
3480 3601 3667 3659 eoque

2008 3677 2231 3732 donum
2260 3680 2318 3731 et
2346 3675 2841 3732 consecrationem
2874 3674 3119 3730 abbatize
3141 3691 3174 3728 a
3206 3690 3354 3744 pape
3380 3671 3622 3744 recipiat
3646 3692 3659 3729 :

2008 3764 2239 3838 alioque
2257 3765 2326 3820 de
2345 3764 2456 3819 alia
2473 3764 2919 3837 congregatione
2935 3763 3142 3817 idonea
3162 3760 3431 3832 eligatur,
3457 3776 3490 3814 a
3508 3777 3658 3833 papa

2008 3854 2279 3909 similiter
2307 3853 2579 3909 donanda
2610 3856 2667 3907 et
2695 3850 3115 3907 consecranda.

2075 3944 2112 3998 5
2156 3941 2557 4007 Decernimus,
2618 3943 2915 4013 praeterea,
2981 3942 3046 3993 ut
3096 3938 3153 3992 in
3207 3936 3377 3992 altari
3426 3938 3658 4010 majori,

2007 4032 2162 4102 quod
2181 4047 2287 4085 nos
2309 4029 2414 4102 ipsi
2434 4028 2763 4085 consecravi
2774 4044 2927 4095 mus,
2956 4025 3151 4082 nullus
3176 4026 3391 4081 audeat
3412 4025 3656 4084 missam

2004 4118 2316 4188 celebrare,
2369 4117 2480 4173 nisi
2534 4117 2610 4172 sit
2657 4117 2967 4190 episcopus
3023 4114 3110 4171 vel
3161 4116 3364 4184 abbas,
3421 4119 3657 4189 tresque

2005 4208 2334 4264 sacerdotes
2367 4205 2811 4262 hebdomadarii
2848 4206 2917 4262 ad
2952 4205 3059 4262 hoc
3091 4204 3350 4261 officium
3376 4205 3661 4278 deputati,

2003 4313 2324 4368 eorumque
2355 4311 2747 4369 successores.
2784 4295 3107 4368 Episcopus
3132 4311 3384 4367 quoque,
3409 4294 3466 4349 in
3491 4296 3663 4365 cujus

2003 4384 2279 4459 parochia
2308 4384 2471 4440 locus
2500 4389 2608 4453 est,
2636 4383 2779 4439 nihil
2803 4383 2911 4440 sibi
2941 4383 3000 4438 in
3021 4400 3087 4439 eo
3110 4383 3402 4438 vindicare
3428 4382 3659 4447 audeat,

2002 4481 2206 4547 prazler
2217 4473 2644 4530 ordinationem
2663 4473 2848 4529 facere
2862 4471 3206 4529 clericorum
3227 4467 3656 4536 etmonialium,

214 4558 271 4615 in
302 4578 430 4634 qua
457 4560 750 4617 Dominus
780 4564 977 4618 noster
1004 4562 1179 4619 Jesus
1207 4561 1476 4619 Christus
1507 4562 1668 4621 salus
1691 4567 1892 4620 nostra
1922 4582 1968 4647 Ι)
2002 4563 2051 4619 si
2094 4567 2292 4618 tamen
2337 4562 2521 4635 gratis
2565 4560 2785 4617 fecerit.
2836 4560 2937 4616 Sin
2988 4562 3205 4647 autem,
3227 4645 3235 4647 ᾗ
3259 4555 3656 4611 ordinationes

211 4650 526 4722 pependit,
564 4649 838 4706 decenter
865 4667 1008 4707 auro
1038 4654 1096 4706 et
1122 4650 1373 4724 gemmis
1404 4655 1629 4721 ornata,
1652 4654 1794 4708 tunc
1816 4652 1890 4708 ab
1922 4645 1956 4647 _
2001 4655 2269 4724 expetent
2299 4651 2371 4707 ab
2402 4650 2516 4707 alio
2547 4665 2897 4722 quocunque
2929 4646 3107 4703 velint
3147 4645 3438 4717 episcopo.

210 4742 631 4795 auctocratore
678 4738 1260 4811 Constantinopoleos
1317 4739 1554 4796 nomine
1621 4739 1881 4797 Romano

2059 4740 2192 4795 6.Ut
2216 4738 2524 4795 verolocus
2546 4738 2739 4810 ipsein
2765 4736 2915 4809 quad
2926 4732 3254 4809 ragesimali
3271 4736 3531 4806 tempore
3546 4731 3660 4789 sol-

208 4825 363 4884 dono
381 4828 555 4883 data.
578 4827 724 4883 Cum
748 4827 819 4883 ad
844 4843 980 4883 eum
999 4826 1247 4885 missum
1265 4829 1511 4885 essetab
1533 4828 1881 4902 imperatore
1990 4832 2088 4887 vat
2108 4846 2269 4902 pape
2294 4845 2364 4884 an
2376 4844 2552 4883 nuam
2574 4825 2943 4900 pensionem,
2966 4822 3171 4880 statuit
3191 4823 3346 4879 idem
3365 4821 3662 4896 Manegol-

208 4912 581 4972 Chuonrado
610 4919 678 4970 ut
721 4914 901 4971 ﬁliam
954 4932 1121 4972 suam
1174 4920 1424 4989 nuptum
1471 4917 1727 4973 traderet
1755 4919 1881 4991 ejus

206 5001 353 5073 ﬁlio,
374 5004 659 5061 fundavit
673 5003 980 5060 ecclesiam
1002 5005 1061 5060 in
1081 5009 1264 5079 petra,
1289 5005 1426 5078 quia
1441 5023 1557 5062 non
1576 5007 1887 5064 aediﬁcavit

207 5108 655 5165 superarenam
671 5110 685 5147 :
703 5093 1258 5151 utincumbentibus
1280 5094 1487 5162 ventis,
1516 5096 1883 5153 venientibus

208 5179 427 5253 fluviis,
476 5182 977 5239 descendentibus
1018 5182 1256 5256 pluviis,
1314 5184 1467 5256 quod
1520 5184 1883 5253 aedificasset,

207 5269 371 5344 [non]
406 5275 638 5342 rueret,
674 5272 775 5328 sed
801 5272 1045 5329 ﬁrmiret
1066 5272 1375 5329 fundatum
1404 5273 1737 5346 perenniter
1755 5292 1883 5348 per-

207 5365 513 5418 maneret.

270 5453 326 5505 2.
364 5450 444 5507 Ut
475 5465 617 5506 vero
650 5454 850 5507 votum
883 5467 1000 5506 sure
1028 5449 1478 5507 constructionis
1501 5451 1615 5507 Deo
1640 5452 1886 5509 solveret

206 5539 741 5597 secundumillum
757 5540 856 5613 qui
873 5540 1067 5597 dixitsa
1085 5541 1318 5613 Vovete,
1334 5544 1390 5597 et
1404 5541 1624 5598 reddite
1638 5542 1883 5600 Domino

205 5627 319 5686 Deo
353 5632 569 5686 vestro
603 5645 831 5700 omnes,
864 5631 965 5701 qui
997 5630 1056 5687 in
1088 5629 1313 5687 circuiti
1344 5631 1473 5703 ejus
1497 5631 1717 5689 aﬂ‘ertis
1751 5650 1879 5689 mu-

1992 4919 2105 4974 dus
2122 4917 2459 4991 pensionem
2478 4916 2665 4989 ipsam
2688 4931 2816 4971 esse
2834 4913 3272 4988 anaholagium,
3298 4912 3353 4968 id
3375 4917 3465 4970 est
3505 4914 3664 4969 fano-

1993 5024 2150 5074 nem,
2171 5007 2383 5063 stolam
2408 5022 2538 5061 eum
2563 5004 3107 5078 auro,manipulum
3129 5009 3187 5060 et
3216 5001 3658 5077 cingulum.Nos

1994 5095 2303 5168 vero,quia
2328 5094 2492 5151 locus
2520 5094 2645 5167 ipse
2681 5095 2955 5151 conditus
2989 5098 3075 5152 est
3099 5097 3336 5167 propter
3356 5108 3508 5158 eam,
3531 5107 3658 5161 quae

1997 5202 2176 5257 supra
2197 5184 2351 5239 dicta
2375 5188 2482 5251 est,
2501 5188 2716 5240 sancto:
2740 5184 3047 5239 etviviiicaa
3065 5182 3268 5241 Crucis
3294 5179 3656 5252 portionem;

1995 5273 2259 5331 eamdem
2296 5271 2443 5327 inibi
2468 5289 2702 5345 semper
2727 5289 2967 5329 manere
2990 5273 3282 5333 volumus,
3310 5264 3580 5338 cupimus
3602 5268 3659 5319 et

1995 5367 2291 5436 optamus,
2316 5364 2374 5417 et
2402 5378 2434 5417 a
2460 5362 2691 5418 nemine
2716 5361 2931 5418 auferri
2960 5378 2971 5415 :
2999 5360 3319 5415 statuentes
3342 5352 3659 5427 apostolica

1993 5468 2244 5507 censura
2264 5451 2374 5506 sub
2398 5450 2578 5506 divini
2595 5450 2806 5523 judicii
2824 5446 3236 5510 obtestatione,
3256 5447 3319 5499 ut
3338 5442 3655 5499 nullusim-

1992 5543 2245 5615 perator,
2260 5538 2461 5596 nullus
2483 5556 2598 5606 rex,
2617 5539 2816 5595 nullus
2834 5537 3166 5610 episcopus,
3195 5531 3358 5589 nulla
3374 5537 3654 5606 potestas,

1993 5628 2156 5687 nulla
2186 5632 2464 5702 praeterea
2512 5646 2725 5701 magna
2773 5641 3067 5700 parvaque
3119 5639 3370 5698 persona
3399 5622 3642 5680 eandem
