4088 6174
473 326 593 413 ess

1562 333 1631 400 S.
1677 334 1959 401 LEONIS
2001 335 2083 400 IX
2126 335 2355 402 PAPE
2396 333 2826 408 OPUSCULA.

3756 340 3876 409 640

470 484 678 543 viviﬁci
709 481 852 558 ligni
886 478 1208 554 portionem
1240 474 1312 533 ab
1342 474 1470 548 ipso
1501 471 1854 530 monasterio
1903 473 2115 530 audeat
2141 479 2197 549 Α
2225 475 2539 531 concedere
2566 478 2626 532 et
2643 475 2964 548 petentium
2981 475 3289 535 desideriis
3312 491 3640 552 congruum
3665 476 3881 552 imper-

479 576 707 634 auferre
738 571 997 645 quolibet
1038 569 1234 635 modo,
1274 566 1361 621 vel
1414 564 1635 639 aliquid
1693 565 1878 619 facere
1918 567 2121 619 contra

473 666 673 722 omnia
697 682 823 736 ques
855 661 1125 733 superius
1163 657 1382 728 scripta
1411 658 1589 721 sunt;
1636 653 1735 710 sed
1787 670 1891 708 nec
1944 652 2120 709 etiam

473 754 691 828 aliquid
711 752 1036 808 diminuere
1062 746 1314 802 debonis
1334 745 1596 816 ejusdem
1618 742 1975 805 monasterii.
1993 759 2120 813 quae

475 846 646 901 modo
676 843 872 902 habet.
895 844 951 894 et
978 852 1162 908 usque
1186 837 1242 890 in
1266 838 1550 889 aeternum
1575 831 1833 898 habebit,
1859 830 2121 903 quolibet

474 936 649 1001 furto,
682 929 942 1003 quolibet
990 930 1180 996 raptu,
1232 924 1490 995 quolibet
1523 920 1889 977 alienationis
1922 922 2114 976 modo.

474 1022 533 1077 Id
567 1020 666 1093 qui
697 1013 1356 1090 praesumpseritﬁonec
1388 1011 1560 1081 digne
1594 1010 1961 1074 satisfecerit,
1981 1027 2119 1065 ana-

470 1109 670 1165 thema
699 1108 793 1163 sit.
828 1105 937 1170 Qui
970 1121 1102 1159 vero
1126 1104 1219 1176 pio
1244 1100 1459 1156 intuitu
1482 1104 1680 1155 custos
1707 1103 1764 1154 et
1783 1100 2119 1155 observator

469 1200 651 1273 hujus
701 1196 883 1254 nostri
935 1192 1218 1269 privilegii
1283 1190 1585 1253 exstiterit,
1630 1206 1662 1243 a
1708 1189 1955 1243 Domino
2006 1192 2117 1243 Deo

468 1289 655 1345 Bened
666 1287 940 1342 ictionem
954 1297 1205 1352 consequ
1216 1284 1423 1346 atur,et
1442 1282 1669 1333 aeternae
1683 1277 1810 1332 vitae
1827 1276 2116 1348 particeps

466 1378 771 1436 efficiatur.
804 1381 885 1445 μικ.

537 1471 679 1522 Data
710 1484 770 1519 ῐτι
803 1464 926 1519 Non
959 1460 1264 1517 Decembr.
1298 1474 1400 1529 per
1431 1473 1643 1511 manus
1676 1454 1828 1509 Petri
1861 1452 2111 1520 diaconi,

468 1552 891 1612 bibliothecarii
926 1555 982 1606 et
1002 1547 1330 1605 cancellarii
1354 1563 1454 1601 san
1466 1549 1565 1600 ciae
1585 1543 1912 1616 apostolicae
1935 1542 2109 1600 sedis.

466 1649 636 1701 Anno
668 1641 887 1699 domini
922 1638 1129 1696 Leonis
1155 1638 1242 1703 IX,
1276 1652 1438 1709 papae
1473 1653 1488 1690 ι
1520 1636 1689 1706 (126).

1172 1743 1407 1799 XXXIII.

462 1840 522 1898 S.
554 1840 749 1896 Leonis
780 1838 843 1893 IX
870 1836 1100 1908 cpistola
1130 1834 1209 1915 ad.
1230 1830 1555 1915 Edwardum
1592 1827 1893 1915 Anglorum
1923 1846 2104 1899 regem
2136 1849 2183 1915 Β

885 1903 986 1980 ῥνο
1001 1905 1328 1962 monasterio
1360 1903 1675 1961 Exom'ensi.

1088 2015 1277 2085 (Anno
1309 2011 1489 2083 1049.)

567 2124 913 2199 [Μοηαιςιὶεοη
943 2122 1309 2191 Anglicanam
1343 2164 1358 2188 ,
1400 2124 1544 2174 tom.
1581 2119 1625 2185 Ι,
1671 2134 1802 2191 pag.
1853 2117 2003 2186 221.]

533 2236 644 2289 Lzo
671 2231 1002 2304 episcopus,
1036 2244 1239 2285 servus
1288 2243 1584 2283 servorum
1637 2226 1761 2294 Dei,
1813 2226 2110 2281 Eowaano

460 2322 781 2393 Anglorum
835 2318 977 2391 regi,
1028 2316 1276 2373 salutem
1324 2314 1712 2372 charissimon
1764 2331 1898 2370 cum
1933 2315 2109 2371 bene-

458 2411 715 2469 dictione
746 2405 1082 2481 apostolica.

529 2500 589 2557 Si
619 2500 767 2556 bene
798 2496 979 2553 habes
1009 2500 1067 2551 et
1096 2495 1243 2550 bene
1270 2492 1452 2557 vales,
1501 2493 1636 2548 inde
1682 2508 1797 2547 non
1849 2492 2108 2548 modicas

457 2588 704 2645 Domino
733 2586 869 2642 Jesu
896 2583 1125 2641 Christo
1147 2582 1454 2638 referimus
1475 2581 1715 2654 gratias,
1738 2580 1922 2636 ethoc
1938 2585 2108 2653 opta-

456 2694 592 2733 mus
620 2681 685 2732 ut
716 2677 797 2731 ita
829 2673 1157 2730 luculenter
1183 2672 1485 2744 possideas
1516 2670 1679 2743 regni
1710 2670 2109 2741 gubernacula

456 2771 523 2822 ut
549 2766 608 2821 in
641 2770 856 2820 aiterna
889 2777 1128 2818 maneas
1158 2758 1558 2815 tabernacula.
1592 2759 1678 2828 Et,
1713 2759 1851 2829 quia
1881 2757 2106 2814 audivi-

456 2870 592 2911 mus
624 2858 679 2909 te
717 2853 872 2909 circa
901 2852 1000 2908 Dei
1045 2849 1334 2906 Ecclesias
1382 2852 1440 2903 et
1487 2847 1913 2904 ecclesiasticos
1951 2846 2106 2903 viros

456 2942 789 2999 studiosum
820 2945 878 2996 et
906 2939 1244 3012 religiosum
1277 2954 1427 3003 esse,
1451 2937 1587 2993 inde
1606 2935 1857 2992 multum
1887 2936 2105 3008 gaude-

462 3048 617 3097 mus,
650 3035 707 3087 et
733 3030 844 3086 hoc
866 3029 1255 3085 admonemus
1275 3031 1451 3099 atque
1472 3025 1722 3099 benigne
1742 3042 2020 3097 rogamus
2044 3028 2107 3080 ut

456 3122 540 3177 ita
568 3121 626 3176 in
660 3119 757 3176 Dei
783 3135 954 3191 opere
977 3133 1343 3190 perseverare
1365 3116 1621 3181 studeas,
1646 3120 1935 3186 quatenus
1962 3114 2102 3185 Regi

457 3226 661 3283 regum
684 3208 799 3264 Deo
832 3207 1061 3280 placere
1089 3205 1305 3269 valeas,
1327 3209 1501 3277 atque
1525 3220 1659 3259 cum
1683 3203 1781 3259 illo
1804 3202 1863 3257 in
1885 3200 2105 3258 ccelesti
2132 3217 2177 3283 ρ

454 3313 633 3371 regno
664 3311 1028 3370 permaneas.
1062 3295 1276 3350 Notum
1306 3293 1505 3364 itaque
1534 3296 1623 3348 est
1660 3295 1870 3348 nostra:
1906 3290 2103 3364 pietati

456 3387 709 3461 qualiter
754 3382 1051 3441 Leofricus
1098 3383 1410 3455 episcOpus
1459 3381 1587 3436 sine
1636 3380 1865 3436 civitate
1904 3381 2102 3436 sedem

456 3474 850 3549 pontiﬁcalem
881 3477 1058 3539 tenet,
1092 3472 1249 3526 unde
1277 3469 1535 3525 multum
1566 3468 1871 3534 miramur,
1895 3485 2011 3524 non
2032 3468 2104 3524 de

456 3566 558 3622 illo
588 3564 737 3631 solo,
768 3563 870 3618 sed
901 3567 958 3617 et
988 3562 1058 3616 de
1088 3558 1364 3616 omnibus
1385 3557 1502 3614 illis
1531 3556 1818 3628 episcopis
1844 3556 1943 3627 qui
1965 3555 2105 3612 talia

458 3659 659 3727 agunt.
676 3659 816 3707 Cum
830 3668 964 3707 vero
977 3651 1047 3705 ad
1068 3666 1169 3706 vos
1187 3654 1453 3703 nostrum
1468 3645 1807 3723 miserimus
1820 3644 2100 3718 legatum,

457 3745 529 3799 de
562 3742 692 3799 aliis
721 3742 943 3805 dicens,
976 3756 1132 3795 nunc
1174 3742 1373 3793 autem
1418 3737 1488 3791 de
1534 3737 1732 3790 nostro
1776 3734 1953 3789 fratre
1974 3735 2101 3805 jam

455 3832 610 3887 dicto
642 3831 899 3887 Leofrico
928 3827 1299 3901 praecipimus
1330 3828 1505 3896 atque
1551 3837 1826 3894 rogamus
1857 3825 1942 3887 ut,
1974 3839 2104 3894 pro-

458 3926 587 3992 pter
619 3919 845 3976 Domini
876 3923 933 3973 et
962 3916 1145 3971 nostri
1178 3914 1396 3971 amoris
1443 3928 1706 3978 causam,
1741 3911 2100 3981 adjutorium

456 4009 735 4082 praebeas,
767 4012 832 4061 ut
861 4022 893 4059 a
922 4003 1288 4060 Cridionensi
1317 4000 1517 4057 villula
1547 4000 1619 4056 ad
1643 3999 1937 4055 civitatem
1966 4003 2103 4055 Exo-

455 4099 615 4154 niam
638 4097 835 4152 sedem
857 4091 1246 4163 episcopalem
1271 4089 1457 4162 possit
1477 4093 1727 4144 mutare.
1751 4093 1883 4145 Haec
1905 4092 1961 4144 et
1985 4087 2104 4145 alia

457 4189 611 4243 bona
637 4198 811 4254 opera
839 4181 923 4234 ita
950 4194 1122 4249 agere
1152 4180 1411 4244 studeas,
1447 4181 1512 4232 ut
1540 4194 1575 4232 a
1604 4176 1833 4233 Christo
1855 4178 2103 4234 Domino

458 4283 737 4331 aeternum
755 4282 1001 4337 regnum
1016 4266 1317 4337 acquirere
1328 4263 1543 4321 valeas.
1563 4264 1721 4332 Vale,
1737 4265 2103 4333 charissima,

456 4375 690 4431 semper
718 4357 776 4411 in
811 4354 1075 4410 Domino.

650 4550 813 4608 Bulla
845 4550 898 4605 S.
932 4550 1124 4605 Leonis
1153 4459 1588 4620 I§xp§¢£vabbatis
1620 4548 1905 4603 Electensi.

842 4632 847 4639 ”
1076 4639 1266 4708 (Anno
1306 4636 1491 4708 i050.)

742 4729 909 4802 [GalL
947 4728 1169 4796 Christ.,
1201 4727 1297 4793 VI,
1344 4728 1644 4795 Instrum.,
1672 4726 1820 4797 406.]

532 4838 645 4893 Leo
670 4836 999 4908 episcopus,
1027 4851 1228 4891 servus
1255 4849 1553 4889 servorum
1580 4831 1696 4899 Dei,
1721 4832 2105 4888 dilectissimo

460 4923 580 4981 ﬁlio
611 4925 677 4981 G.
711 4922 1024 4987 venerabili
1068 4923 1264 4978 abbati
1315 4920 1655 4977 monasterii
1699 4921 1880 4975 beata:
1912 4920 2106 4976 Mariae

457 5013 724 5087 virginis,
756 5012 909 5083 quod
943 5009 1444 5075 vocaturEtelsus,
1473 5015 1530 5065 et
1545 5026 1644 5080 per
1661 5008 1955 5064 tecunctis
1974 5026 2105 5065 suc-

457 5101 791 5160 cessoribus
821 5097 1132 5153 abbatibus
1164 5097 1222 5151 in
1257 5103 1625 5169 perpetuum.

530 5193 767 5257 Quoties
799 5187 898 5244 illa
915 5205 948 5243 a
968 5187 1136 5242 nobis
1156 5186 1335 5241 tribui
1354 5185 1727 5258 postulantur
1748 5203 1878 5258 quae
1897 5186 2103 5242 incun-

458 5286 684 5337 ctanter
714 5276 922 5333 rationi
954 5274 1327 5345 conveniunt,
1358 5274 1553 5330 animo
1576 5291 1683 5329 nos
1710 5275 1874 5329 decet
1902 5274 2108 5331 libenti

530 5421 678 5489 (126)
712 5420 1038 5480 Gretserus.
1070 5416 1129 5472 in
1161 5418 1277 5473 ﬁne
1307 5420 1577 5489 notarum
1601 5415 1661 5471 in
1684 5415 1837 5473 hanc
1858 5416 2103 5487 bullam,

457 5485 852 5558 etaubjectum
870 5490 1071 5545 asseri.
1092 5505 1321 5544 crucem
1338 5485 1625 5559 inclusam
1641 5489 1876 5559 gemino
1889 5485 2106 5548 circulo

458 5556 1007 5644 cujus'peripherize
1051 5560 1401 5644 inscriptum
1446 5556 1669 5630 legitur
1690 5575 1701 5613 :
1729 5560 2108 5644 μίδθζίεονιέία

459 5629 684 5690 Domini
711 5629 881 5704 plena
924 5641 1003 5689 est
1044 5635 1211 5689 terra.
1236 5629 1337 5686 “In
1385 5629 1525 5702 ipso
1565 5630 1820 5688 circulo:
1867 5634 1969 5690 Leo
2012 5640 2105 5703 P.,-

2232 563 2327 618 tiri
2351 565 2717 637 suﬂ‘ragium.
2743 567 2810 623 Et
2831 566 2958 624 ideo
2983 567 3326 640 postulastis
3349 585 3383 623 a
3400 568 3571 624 nobis
3597 571 3664 624 ut
3683 568 3879 640 praefa-

2230 657 2356 708 tum
2387 655 2809 711 monasterium
2832 656 3160 728 apostolicae
3183 658 3555 713 auctoritatis
3577 658 3727 713 serie
3749 674 3879 713 mu-

2229 742 2513 807 niremus,
2547 748 2605 799 et
2654 746 2852 801 omnia
2902 746 3030 815 ejus
3080 745 3429 817 pertinentia
3477 747 3710 817 perenni
3749 748 3881 817 jure

2230 830 2445 887 ibidem
2461 832 2875 890 inviolabiliter
2885 835 3279 907 permanendo
3296 835 3804 903 confirmaremus,
3824 840 3881 890 et

2228 923 2296 974 ut
2324 921 2545 993 absque
2575 923 2732 977 omni
2759 924 2902 996 jugo
2932 939 3033 980 seu
3068 924 3290 979 ditione
3322 925 3727 996 cujuscunque
3748 940 3875 996 per-

2229 1024 2384 1063 sona
2415 1010 2790 1067 constabilire
2804 1012 2985 1068 nostri
3001 1010 3281 1083 privilegii
3303 1013 3514 1083 pagina
3537 1014 3878 1068 corrobora-

2228 1113 2446 1153 remus.
2479 1100 2812 1171 Propterea,
2858 1100 2979 1157 tuis
3025 1100 3154 1157 ﬂexi
3203 1100 3512 1172 precibus,
3563 1116 3667 1173 per
3695 1100 3877 1171 hujus

2226 1191 2439 1242 nostrae
2455 1189 2819 1244 auctoritatis
2850 1189 3221 1261 privilegium
3259 1189 3877 1255 statuentes,decerni-

2225 1292 2359 1332 mus
2392 1281 2456 1331 ut
2485 1282 2689 1332 cuncta
2721 1277 2847 1333 loca
2880 1279 3107 1334 urbana
3135 1278 3220 1333 vel
3255 1278 3495 1344 rustica,
3520 1278 3578 1333 id
3598 1281 3706 1345 est,
3742 1294 3875 1333 cur-

2222 1368 2331 1431 tes,
2368 1383 2627 1434 mansos,
2659 1366 2837 1435 salas,
2871 1367 3129 1431 castella,
3161 1367 3400 1433 casales,
3432 1367 3657 1431 vineas,
3688 1369 3877 1423 terras

2222 1453 2568 1527 diversaque
2586 1450 2830 1528 pradia,’
2838 1456 2997 1512 culta
3015 1454 3101 1512 vel
3125 1456 3366 1520 inculta,
3387 1470 3519 1511 cum
3542 1455 3766 1511 colonis
3787 1454 3874 1511 vel

2221 1542 2564 1613 colonabus,
2588 1545 2767 1601 servis
2781 1550 2840 1601 et
2864 1544 3117 1615 ancillis,
3141 1563 3271 1619 quae
3296 1546 3369 1602 ab
3391 1545 3692 1617 aliquibus
3713 1542 3875 1600 Chri-

2219 1631 2429 1689 stianis
2458 1634 2649 1690 eidem
2673 1634 3027 1691 monasterio
3048 1650 3326 1690 concessa
3357 1638 3520 1700 sunt,
3556 1633 3644 1691 vel
3665 1650 3795 1706 quas
3820 1637 3874 1690 et

2218 1735 2321 1790 per
2342 1721 2539 1793 aliqua
2568 1712 2900 1778 munimina
2928 1723 3000 1779 ad
3030 1724 3302 1779 eumdem
3334 1721 3708 1795 piumloeum
3743 1738 3875 1795 per--

2214 1807 2395 1865 tinere
2409 1810 2837 1875 videntur.cum
2850 1827 3063 1883 magna
3075 1812 3387 1867 securitate
3397 1812 3591 1883 quiete
3616 1810 3873 1868 debeatis

2224 1899 2542 1971 possidere,
2574 1905 2631 1955 et
2652 1917 2754 1973 per
2772 1905 2827 1956 te
2850 1899 3107 1956 universi
3130 1916 3498 1957 successores
3518 1901 3605 1957 tui
3628 1894 3871 1958 abbates

2219 1988 2279 2043 in
2313 1993 2684 2060 perpetuum,
2727 1988 2947 2045 scilicet
2996 1990 3416 2045 monasterium
3470 1992 3653 2046 sancti
3706 1989 3869 2046 Pau’li

2219 2076 2606 2144 Vallonensis,
2637 2082 2695 2133 et
2725 2078 2783 2133 S.
2820 2076 3015 2133 Mariae
3045 2077 3320 2135 Urbionis
3339 2083 3397 2134 et
3424 2082 3593 2146 terra,
3628 2079 3873 2151 Coplata

2216 2167 2486 2233 vocitata,
2520 2172 2578 2223 et
2596 2167 2935 2239 ubicunque
2989 2166 3227 2239 reperiri
3253 2170 3655 2239 poterantque:
3669 2168 3869 2224 eidem

2218 2259 2420 2312 sancto
2436 2254 2699 2327 locojure
2716 2256 3020 2322 debentur,
3036 2256 3256 2328 absque
3271 2255 3389 2312 ulla
3399 2256 3866 2313 contradictione

2217 2345 2524 2402 hominum
2544 2362 2644 2401 seu
2670 2346 3043 2414 feminarum,
3074 2344 3392 2417 apostolica
3411 2346 3758 2402 auctoritate
3779 2346 3868 2402 in-

2216 2434 2561 2490 terdicimus
2592 2438 2658 2490 ut
2686 2448 2918 2507 semper
2948 2438 3141 2490 teneat
3170 2433 3268 2490 ille
3318 2434 3483 2491 locus
3513 2434 3869 2507 gloriosissi-

2217 2539 2350 2579 mus
2380 2522 2459 2578 ita
2492 2526 2555 2578 ut
2584 2522 2783 2579 nullus
2824 2522 3318 2595 archiepiscopus,
3360 2523 3695 2595 episcopus,
3728 2524 3868 2592 dux,

2216 2612 2499 2679 marchio,
2552 2629 2768 2679 comes,
2820 2611 3129 2678 viccomes,
3180 2628 3281 2667 seu
3330 2611 3602 2684 quaelibet
3648 2630 3866 2686 magna

2215 2717 2504 2773 parvaque
2536 2716 2785 2773 persona
2814 2700 3029 2757 abhinc
3059 2704 3117 2757 et
3144 2700 3202 2756 in
3234 2706 3403 2756 antea
3444 2700 3657 2757 habeat
3686 2701 3867 2759 licen-

2213 2790 2356 2844 tiam
2388 2788 2810 2846 monasterium
2838 2789 2984 2845 illud
3033 2789 3299 2855 vendere,
3354 2805 3459 2845 nec
3510 2790 3865 2862 adpreciari,

2215 2879 2316 2934 sed
2350 2896 2536 2950 neque
2565 2894 2633 2935 ex
2676 2878 2936 2951 praefaris
2987 2878 3262 2934 omnibus
3311 2879 3506 2945 rebus,
3559 2896 3686 2951 qua:
3720 2880 3866 2937 inibi

2213 2967 2502 3039 pertinere
2541 2967 2831 3035 videntur,
2883 2968 3097 3023 audeat
3139 2966 3431 3033 invadere,
3483 2966 3864 3024 molestare...

2214 3056 2712 3113 consecrationem
2735 3055 3310 3127 libenterimpertiat.
3332 3056 3588 3113 Abbates
3607 3074 3865 3131 quoque,

2215 3147 2316 3219 qui
2338 3146 2396 3201 in
2418 3147 2622 3203 eodem
2642 3146 2767 3203 loco
2792 3145 3172 3202 consecrandi
3201 3150 3359 3215 sunt,
3382 3146 3455 3202 de
3478 3147 3607 3219 ipsa
3626 3163 3870 3221 congreo

2215 3235 2447 3308 gatione
2467 3235 2764 3291 communi
2783 3234 3025 3291 consilio
3041 3233 3356 3306 eligantur,
3380 3238 3437 3289 et
3458 3228 3577 3290 non
3601 3235 3866 3305 aliunde,

2214 3323 2325 3379 nisi
2348 3327 2585 3396 propter
2609 3323 2995 3397 indigentiam
3023 3322 3311 3378 bonarum
3342 3339 3731 3394 personarum
3769 3342 3869 3398 pe-

2211 3417 2379 3469 tantu
2390 3431 2436 3468 r.

2282 3503 2372 3567 Et,
2397 3502 2447 3557 si
2469 3500 2760 3557 discordia
2779 3499 3027 3573 eligendi
3051 3498 3203 3556 inter
3217 3517 3316 3557 eos
3337 3501 3661 3572 emerserit,
3684 3518 3871 3574 quem

2213 3592 2401 3661 major
2420 3607 2554 3663 pars
2574 3606 2817 3645 numero
2835 3605 2900 3644 ac
2921 3589 3229 3645 sanctitate
3252 3589 3491 3663 elegerit
3530 3590 3631 3646 ﬁat
3653 3591 3871 3648 abbas.

2211 3679 2373 3744 Quod
2406 3679 2453 3734 si
2482 3678 2790 3750 episc0pus
2820 3676 3033 3749 aliquis
3064 3678 3440 3734 donationem
3469 3694 3536 3733 ex
3555 3694 3878 3737 consecra-

2209 3766 2367 3824 tione
2415 3766 2770 3839 requisierit,
2835 3782 2901 3822 ac
2948 3782 3138 3839 neque
3198 3784 3531 3823 consecrare
3585 3765 3872 3836 voluerit,

2209 3854 2382 3911 liceat
2401 3854 2581 3911 electo
2604 3855 2796 3910 abbati
2823 3855 2983 3910 adire
3004 3856 3077 3910 ad
3102 3872 3285 3911 unum
3299 3856 3639 3930 episcopum
3654 3873 3868 3928 quem-

2211 3959 2461 4016 cumque
2488 3942 2738 3999 voluerit
2767 3943 3045 4010 vicinum,
3080 3948 3136 4001 et
3157 3945 3651 4000 consecrationem
3673 3945 3867 4017 gratis

2209 4033 2490 4105 accipere.
2527 4033 2770 4105 Insuper
2799 4031 3140 4089 auctoritate
3170 4031 3488 4103 apostolica
3524 4033 3876 4101 judicamus

2212 4124 2280 4179 ut
2309 4121 2454 4177 nulli
2479 4121 2975 4193 archiepiscorum
3008 4120 3095 4176 vel
3126 4122 3534 4193 episcoporum
3567 4127 3874 4178 monaste-

2214 4211 2367 4266 rium
2400 4210 2618 4281 ipsum,
2645 4210 2733 4266 vel
2765 4208 3035 4266 abbatem
3067 4209 3169 4281 qui
3214 4210 3433 4266 ibidem
3484 4211 3615 4277 fuit,
3650 4211 3878 4267 abhinc

2213 4297 2468 4365 inantea,
2502 4315 2605 4355 seu
2637 4298 2892 4370 aliquem
2914 4315 2982 4353 ex
3003 4297 3469 4371 congregatione,
3492 4298 3579 4354 vel
3606 4298 3876 4371 aliquem

2217 4386 2599 4459 pertinentem
2620 4388 2692 4443 ad
2706 4387 2900 4459 ipsum
2920 4388 3347 4443 monasterium
3358 4389 3883 4444 excommunicare

2214 4475 2302 4531 vel
2324 4473 2714 4531 anathematis
2735 4473 2966 4530 vinculo
2984 4473 3287 4542 innodare,
3326 4492 3451 4544 seu,
3470 4476 3710 4549 aliquod
3729 4477 3885 4534 alta-

2135 4585 2184 4650 D
2216 4566 2370 4621 rium
2400 4564 2665 4637 ejusdem
2695 4562 2806 4619 loci
2836 4562 2923 4619 vel
2976 4563 3235 4636 aliquam
3266 4565 3571 4622 ecclesiam
3602 4567 3883 4623 exconci-

2217 4653 2360 4709 liare
2397 4652 2586 4708 liceat.
2642 4650 2805 4714 Quod
2854 4651 2903 4707 si
2958 4651 3174 4724 aliquis
3231 4654 3689 4728 praesumpserit,
3747 4656 3885 4728 ipse

2213 4739 2811 4799 excommunicatione
2839 4748 3037 4796 nostra
3066 4743 3488 4816 contringatur,
3538 4747 3595 4799 et
3640 4743 3885 4799 dictum

2213 4830 2633 4886 monasterium
2667 4845 2800 4884 cum
2834 4829 3043 4886 abbate
3072 4835 3130 4886 et
3160 4832 3439 4889 omnibus
3468 4831 3593 4887 suis
3626 4832 3889 4888 absolu-

2213 4924 2339 4975 tum
2373 4920 2445 4975 ab
2472 4916 2751 4991 imposita
2772 4917 2882 4974 sibi
2906 4919 3509 4975 excommunicatione
3546 4920 3890 4991 apostolica

2215 5008 2559 5063 auctoritate
2590 5011 2842 5063 maneat.
2875 5008 3231 5075 Statuentes,
3263 5007 3580 5079 apostolica
3617 5025 3893 5079 censura

2216 5098 2327 5153 sub
2358 5096 2537 5151 divini
2560 5095 2772 5167 judicii
2794 5096 3179 5152 obtestatione
3200 5102 3255 5153 et
3276 5078 3672 5153 anathematis
3690 5078 3891 5154 i’ntero

2213 5184 2487 5251 dictione,
2503 5189 2568 5239 ut
2582 5183 2728 5240 nulli
2747 5200 3010 5259 unquam
3029 5201 3397 5241 summorum
3412 5185 3772 5259 pontiﬁcum
3791 5186 3893 5244 vel

2216 5275 2343 5331 aliae
2374 5273 2615 5330 cuilibet
2653 5289 2880 5346 magna;
2902 5290 3207 5346 parvaeque
3229 5292 3487 5347 personae
3523 5280 3736 5331 contra
3771 5277 3894 5332 hoc

2216 5421 2421 5475 caetera
2448 5431 2578 5489 vero
2611 5414 2955 5489 antiquitate
2986 5421 3336 5489 consumpta
3383 5434 3530 5474 reor.
3581 5416 3679 5473 Sic
3711 5418 3897 5474 enim

2215 5486 2638 5557 restituendam
2660 5490 2801 5557 puto
2833 5485 3297 5557 inscriptionem,
3329 5491 3432 5545 Leo
3460 5490 3570 5555 PP,
3601 5489 3696 5555 IX,
3728 5491 3896 5547 utin

2217 5558 2350 5617 aliis
2382 5555 2597 5631 sigillis
2627 5555 2893 5615 notatum
2925 5555 3064 5615 vidi.
