4088 6174
395 324 514 387 643

1396 322 1406 333 ’
1466 322 1530 384 s.
1579 316 1859 384 LEOle
1905 321 1985 384 ιχ
2029 313 2259 383 PAPJE
2301 316 2738 385 crescam.
2794 294 2799 301 ’

3685 291 3802 383 su

393 458 518 515 lices
540 454 902 514 auctoritatis
923 453 1151 513 decreto
1171 455 1561 530 indulgentes,
1585 456 1749 511 vobis
1771 455 2032 511 concodi-
2065 458 2117 524 Α
2148 460 2243 511 tur
2256 460 2434 511 utnec
2446 454 2755 539 pluralitas
2768 454 3203 528 penuriam,nec
3217 451 3805 528 paucitasinbabian-

396 564 550 615 mus,
584 547 1031 611 confirmamus,
1062 546 1536 613 corroboramus,
1566 542 1789 599 utnulli
1816 561 2041 616 regum,

396 635 544 692 nulli
575 633 927 701 antistitum,
965 631 1109 687 nulli
1141 651 1503 706 quaecunque
1553 632 1792 705 praadito
1854 632 2047 706 digni-

391 731 531 795 tate,
562 724 734 781 liceat
762 723 960 795 ipsum
1000 724 1429 778 monasterium
1459 723 1819 795 perturbare,
1851 721 1937 776 vel
1978 738 2046 778 ea

395 832 522 887 qua:
556 813 636 870 ibi
660 830 695 868 a
715 813 840 884 jam
876 811 1047 867 dictis
1079 811 1515 877 fundatoribus,
1545 810 1631 866 vel
1659 811 1731 866 ab
1754 808 1885 865 aliis
1911 810 2047 866 tide-

394 903 549 959 libus
572 902 766 958 oblata
789 906 949 969 sunt,
984 900 1071 955 vel
1098 900 1153 955 in
1192 902 1457 955 l'uturum
1488 900 1683 956 offerri
1715 899 2041 971 contigerit,

395 992 505 1049 sub
527 989 843 1062 cujuslibet
872 1006 1085 1057 causae,
1116 988 1514 1046 occasionisve
1544 989 1755 1061 specie,
1780 988 2045 1043 minuere

392 1082 480 1136 vel
512 1082 739 1135 auferre
774 1078 895 1133 sive
925 1077 1050 1134 suis
1081 1078 1289 1133 usibus
1322 1077 1635 1150 applicare,
1671 1076 1772 1132 sed
1806 1076 1931 1133 sine
1951 1076 2040 1131 in-

394 1167 739 1241 quietudine
770 1166 827 1220 in
862 1167 1290 1223 sustentatioue
1319 1167 1584 1238 ejusdem
1620 1166 2045 1232 monasterii,et

394 1256 599 1313 usibus
617 1255 897 1311 abbatum
931 1259 990 1310 et
1019 1254 1449 1310 monachorum
1482 1255 1592 1310 sub
1625 1252 1826 1328 regula
1854 1254 2044 1310 sancti

395 1346 582 1402 Patris
612 1344 911 1399 Benedicti
946 1343 1022 1398 ibi
1056 1344 1171 1400 Dco
1204 1343 1583 1398 militantium
1612 1342 1883 1399 volumus
1900 1359 1968 1399 ea
1986 1348 2045 1399 et

393 1433 768 1505 praecipimus
802 1431 1128 1503 possidcii:
1157 1449 1225 1487 ea
1279 1431 1550 1488 videlicet
1602 1432 1932 1488 conditione
1978 1435 2043 1487 ut

392 1520 592 1577 nullus
633 1537 1041 1576 successorum
1076 1524 1409 1575 nostrorum
1440 1521 1783 1593 pontiﬁcum
1814 1520 1869 1576 in
1929 1520 2040 1577 hac

391 1614 596 1666 sancta
626 1609 782 1676 sede,
817 1607 911 1663 cui
941 1613 1172 1664 auctore
1193 1608 1310 1664 Deo
1328 1609 1636 1675 servimus,
1657 1626 1920 1682 unquam
1949 1608 2038 1665 vel

394 1714 645 1769 usquam
677 1697 954 1773 quiddam
987 1713 1057 1751 ex
1085 1696 1305 1752 eisdem
1328 1697 1503 1753 rebus
1524 1698 1798 1769 cuiquam
1821 1698 2037 1753 beneﬁ-

390 1787 952 1851 ciare,commutare,
975 1789 1077 1840 aut
1106 1786 1220 1840 sub
1233 1802 1411 1841 censu
1444 1785 1705 1857 quolibet
1726 1788 2038 1843 concedere

389 1892 491 1946 per
520 1873 717 1928 futura
749 1878 1013 1944 tempora
1043 1874 1317 1945 patiatur,
1352 1875 1452 1930 sed
1486 1891 1728 1931 censum
1772 1880 2031 1931 tantum-

386 1961 559 2017 modo
573 1961 631 2017 in
646 1965 992 2018 testamento
1014 1962 1348 2018 traditionis
1365 1978 1400 2017 a
1422 1962 1833 2019 fundatoribus
1856 1963 2036 2036 quiex

384 2051 589 2106 eodem
622 2040 976 2106 monasterio
1007 2051 1157 2105 hanc
1188 2055 1455 2107 sanctam
1491 2052 1772 2108 haeredem
1820 2053 2033 2107 Roma-

386 2156 524 2195 nam
555 2141 816 2196 fecerunt
846 2138 1184 2206 Ecclesiam,
1208 2139 1383 2196 etiam
1443 2140 1802 2213 delegatum,
1855 2158 2034 2198 unam

385 2228 664 2285 videlicet
691 2227 903 2283 libram
934 2230 1158 2300 argenti
1190 2229 1362 2284 annis
1394 2228 1645 2301 singulis
1667 2247 2034 2287 successores

386 2317 568 2373 nostri
601 2316 1081 2389 accipientes,per
1093 2318 1459 2389 paterni‘tatis
1473 2319 1818 2391 suﬂ'ragium
1842 2318 2032 2374 eidem

386 2405 742 2462 monasterio
764 2405 1155 2461 sollicitudine
1187 2406 1463 2478 pastorali
1495 2406 1803 2479 vigilanter
1831 2413 2034 2463 contra

336 2496 347 2501 “
385 2512 589 2551 omnes
612 2494 955 2550 infestantes
975 2494 1310 2566 impendere
1332 2495 1628 2551 studeant.
1655 2498 1795 2551 Item
1820 2497 2033 2552 consti-

384 2584 611 2639 tuimus
644 2589 725 2650 ut,
759 2583 1009 2639 obeunte
1031 2583 1238 2639 abbate
1258 2583 1895 2655 przedictimonasterii,
1915 2602 2029 2641 non

385 2671 539 2728 alius
570 2671 653 2727 ibi
685 2688 1037 2744 quacunquc
1069 2673 1427 2745 obreptionis
1458 2673 1677 2728 astutia
1706 2666 2028 2740 ordinetur,

387 2761 497 2818 nisi
530 2778 706 2833 quem
725 2778 1047 2818 consensus
1070 2760 1490 2816 monachorum
1515 2762 1836 2817 secundum
1861 2762 2027 2817 timo-

387 2866 510 2905 rem
542 2849 643 2905 Dei
673 2853 729 2904 et
758 2848 1187 2905 institutionem
1212 2848 1445 2923 Regulus
1494 2850 1678 2906 sancti
1733 2850 2030 2905 Benedicti

386 2938 708 3009 elegerit,et
736 2937 915 3006 hujus
947 2937 1275 3009 apostolicae
1302 2940 1458 2995 sedis
1479 2939 1735 3011 pontifex
1752 2940 2028 3012 praevide-

385 3025 461 3080 rit
492 3024 908 3095 ordinandum,
935 3030 1035 3082 aut
1056 3027 1431 3101 suggestione
1449 3028 1868 3084 monachorum
1893 3045 2028 3084 con-

390 3113 647 3169 senserit
674 3113 1029 3171 ordinatum.

2155 545 2303 600 tium
2318 544 2757 601 destitutionem
2770 544 2879 601 loci
2893 545 3168 602 inducere
3179 543 3521 602 valeant.Pri
3530 543 3804 617 vilegium

2155 648 2388 705 quoque
2410 648 2443 687 a
2481 633 2901 703 praedecessore
2933 636 3132 689 nostro
3162 632 3271 705 pie
3303 631 3597 689 memoriis
3652 648 3807 705 papa

2150 718 2384 775 Nicolao
2405 721 2595 776 eidem
2626 722 2978 777 monasterio
3007 720 3289 777 collatum
3321 726 3522 778 nostra
3551 721 3804 777 auctori-

2150 814 2269 865 tate
2298 810 2979 881 contirmamus,excepto
3004 809 3288 865 duntaxat
3321 810 3474 882 quod
3527 809 3651 884 ipse
3689 810 3803 868 sub

2155 896 2390 953 nomine
2420 896 2765 953 ancillarum
2792 897 2891 953 Dei
2948 914 3075 970 quas
3133 897 3348 954 ibidem
3419 915 3521 971 pro
3579 899 3805 957 crebris

2152 984 2633 1041 infestationibus
2653 984 2847 1041 saeculi
2869 986 3434 1043 nuncordinabiliter
3449 1004 3804 1046 maneretm-

2154 1080 2405 1147 queunt,
2428 1074 2572 1130 illud
2590 1072 2915 1146 delegavit:
2941 1091 3046 1130 nos
3075 1090 3228 1143 vero,
3260 1076 3497 1147 aptioris
3518 1075 3795 1133 utilitatis

2151 1164 2360 1237 gratia,
2395 1164 2506 1219 sub
2535 1163 2740 1218 habitu
2772 1164 3194 1219 monachorum
3227 1180 3356 1219 esse
3411 1169 3802 1237 congruentrr

2152 1253 2543 1309 decernimus.
2597 1252 2654 1307 Si
2713 1252 2847 1325 quis
2893 1268 3028 1308 vero
3080 1268 3304 1325 regum,
3361 1253 3796 1326 episcoporum,

2148 1342 2544 1409 sacerdotum,
2601 1341 2901 1409 abbatum,
2958 1341 3251 1413 judicum,
3306 1342 3611 1410 comitum,
3690 1348 3801 1399 aut

2149 1430 2517 1487 sazcularium
2549 1447 2954 1504 personarum,
2988 1435 3191 1487 contra
3219 1430 3369 1486 hanc
3393 1437 3602 1487 nostrai
3632 1431 3804 1489 insti-

2148 1519 2392 1576 tutionis
2414 1520 2689 1592 paginam
2720 1520 2915 1574 venire
2945 1519 3270 1585 tentaverit,
3296 1535 3612 1590 percussus
3649 1536 3793 1592 apo-

2147 1608 2353 1665 stolico
2367 1624 2437 1662 an
2446 1607 3071 1680 athemate,potestatis
3086 1607 3393 1664 honorisve
3404 1608 3495 1664 sui
3511 1607 3800 1681 dignitate

2147 1701 2360 1767 careat,
2392 1713 2675 1768 reumque
2693 1713 2753 1752 se
2773 1712 2965 1753 coram
2991 1698 3186 1752 divino
3206 1697 3429 1768 judicio
3459 1702 3798 1770 cognoscat,

2146 1791 2202 1842 et
2233 1786 2345 1842 nisi
2377 1802 2445 1841 ea
2470 1802 2595 1858 quae
2626 1802 2661 1841 a
2690 1801 2751 1841 se
2800 1785 2953 1841 male
3004 1790 3134 1841 acta
3188 1790 3327 1841 sunt
3383 1786 3699 1855 defleverit,
3757 1804 3798 1843 a

2144 1875 2542 1931 sacratissimo
2571 1890 2810 1946 corpore
2858 1874 3091 1930 Domini
3151 1875 3335 1930 nostri
3379 1874 3523 1930 Jesu
3571 1875 3795 1932 Christi

2143 1964 2368 2020 alienus
2400 1964 2699 2035 fiat,atque
2721 1967 2937 2018 aeterno
2958 1961 3215 2018 examini
3243 1961 3520 2018 districta
3547 1962 3796 2020 ultionis

2142 2055 2461 2125 subjaceat.
2496 2052 2735 2108 Cunctis
2765 2055 2961 2107 autem
2992 2052 3182 2107 eidem
3215 2050 3340 2107 loco
3366 2051 3528 2122 justa
3551 2068 3794 2108 servan-

2142 2144 2299 2199 tibus
2331 2142 2407 2197 sit
2437 2158 2546 2214 pax
2575 2140 2805 2197 Domini
2838 2140 3021 2196 nostri
3050 2139 3190 2196 Jesu
3211 2140 3445 2207 Christi,
3492 2144 3786 2213 quatenus

2142 2238 2199 2288 et
2227 2232 2323 2288 hic
2372 2232 2626 2286 fructum
2674 2230 2840 2285 bonae
2888 2228 3132 2285 actionis
3183 2228 3486 2301 recipiant,
3519 2233 3576 2285 et
3625 2229 3790 2302 apud

2142 2322 2477 2378 districtum
2490 2320 2521 2375 J
2529 2319 2758 2375 udicem
2774 2319 3009 2390 praemia
3032 2322 3259 2374 aeternas
3281 2318 3439 2390 pacis
3461 2319 3786 2374 inveniant.

2212 2410 2359 2467 Data
2386 2426 2421 2464 v
2441 2408 2729 2464 Kalendas
2760 2408 2892 2469 Maii
2927 2424 3025 2479 per
3056 2424 3266 2463 manus
3298 2406 3441 2463 Petri
3467 2407 3697 2462 diaconi
3728 2410 3794 2462 et

2141 2496 2566 2554 bibliothecarii
2597 2503 2811 2551 sanctae
2840 2496 2997 2551 sedis
3027 2495 3376 2568 apostolicis,
3406 2513 3561 2563 anno
3594 2513 3635 2550 11
3684 2496 3794 2551 do-

2142 2588 2285 2644 mini
2308 2586 2518 2642 Leonis
2548 2586 2617 2641 IX
2648 2601 2833 2658 papae,
2863 2584 3067 2640 indict.
3103 2602 3185 2639 111.

2822 2690 3098 2746 XXXVII.

2144 2784 2198 2841 S.
2229 2785 2333 2839 Leo
2362 2782 2433 2838 IX
2487 2782 2756 2836 Willelmo
2808 2782 2998 2836 comiti
3052 2779 3373 2836 Nivernensi
3416 2779 3516 2834 sub
3562 2795 3786 2835 excom-

2206 2848 2601 2910 municationi;
2632 2867 2793 2922 piem;
2822 2852 3075 2922 praecipit
3102 2855 3164 2907 ut
3206 2852 3536 2908 monasterio
3560 2850 3617 2908 S.
3652 2852 3787 2907 Ber-

2211 2929 2352 2981 cariz'
2381 2926 2640 2979 Dervensi
2666 2925 2850 2979 ablata
2876 2925 3148 2979 restituat.

2766 3011 2952 3081 (Anno
2976 3008 3158 3076 1050.)

2310 3097 2576 3172 [Mabill.,
2609 3098 2809 3153 Annal.
2841 3098 2957 3154 0rd.
2991 3098 3046 3154 S.
3070 3096 3293 3166 Bened.,
3329 3097 3424 3167 IV,
3455 3097 3611 3168 357.]

455 3202 573 3258 Hoc
605 3218 840 3275 quoque
871 3204 1126 3275 capitulo
1157 3205 1430 3276 praesenti
1463 3205 1901 3278 snbjungimus,
1962 3211 2027 3261 ut
2056 3195 2099 3261 C
2214 3208 2326 3263 Leo
2356 3207 2685 3280 cpiscopus,
2720 3222 2923 3262 servus
2948 3220 3249 3260 servorum
3279 3203 3402 3270 Dei,
3453 3203 3783 3260 W1L1.1i:1.no

380 3290 574 3347 locum
602 3292 852 3347 avaritiae
870 3291 1505 3359 secludamus,nullum
1529 3295 1599 3349 de
1626 3294 2025 3366 regibus,nul-

380 3380 503 3435 lum
536 3379 606 3433 dc
637 3378 927 3450 episcopis
957 3379 1043 3435 vel
1077 3381 1502 3447 sacerdotibus,
1535 3382 1621 3438 vel
1655 3386 1725 3439 de
1783 3384 2025 3454 quibus-

379 3482 633 3536 cumque
664 3463 957 3532 tidelibus,
993 3482 1095 3538 per
1123 3485 1207 3536 se,
1232 3470 1666 3539 suppositamve
1691 3488 2024 3542 personam,

379 3555 450 3609 de
480 3552 848 3609 ordinatione
867 3555 1133 3624 ejusdem
1169 3555 1511 3622 abbatis,vel
1543 3556 2027 3620 clericorum.aut

379 3636 874 3716 presbyterorum,
908 3642 995 3698 vel
1027 3642 1099 3699 de
1147 3642 1455 3716 largitione
1513 3645 1868 3707 chrismatis,
1928 3652 2029 3701 aut

380 3730 817 3788 consecratione
850 3730 1128 3798 basilicae,
1149 3732 1236 3788 vel
1271 3733 1343 3788 de
1371 3731 1817 3805 quibuscunque
1835 3738 2027 3790 causis

386 3821 458 3876 ad
480 3820 635 3876 idem
660 3821 1083 3876 monasterium
1108 3821 1558 3893 pertinentibus,
1576 3823 1787 3878 audere
1813 3826 1867 3878 in
1884 3841 2026 3896 qua-

380 3908 523 3965 libet
553 3909 745 3980 specie
776 3909 929 3965 xenii
957 3908 1082 3966 loco
1113 3910 1439 3982 quidquam
1499 3911 1779 3983 accipere,
1843 3929 2030 3985 neque

381 3996 655 4052 eumdem
688 3996 958 4052 abbatem
992 4015 1095 4069 pro
1128 3999 1492 4056 ordinatione
1513 4017 1621 4056 sua
1650 4000 1868 4073 aliquid
1892 4002 2031 4057 dare

388 4100 761 4153 praesumere,
795 4101 889 4151 ne,
922 4086 1030 4140 hac
1060 4088 1379 4155 occasione,
1412 4105 1481 4144 ea
1537 4106 1664 4161 quae
1694 4108 1729 4144 a
1758 4088 2032 4145 ﬁdelibus

387 4171 483 4243 pio
515 4169 639 4226 loco
662 4171 986 4227 offeruntur
1016 4182 1460 4230 consumantur.
1493 4176 1691 4248 Neque
1721 4177 2031 4248 episcopus

383 4259 637 4317 civitatis
667 4260 854 4332 ipsius
886 4261 1193 4333 parochias,
1227 4264 1339 4319 nisi
1375 4264 1445 4318 ab
1465 4265 1673 4321 abbate
1704 4265 1890 4337 ipsius
1909 4284 2031 4322 mo-

382 4348 626 4405 nasterii
663 4348 962 4417 invitatus,
1025 4350 1239 4407 ibidem
1299 4352 1565 4423 publicas
1614 4355 1829 4412 missas
1877 4360 2031 4427 agat,

383 4455 577 4511 neque
608 4439 891 4495 stationes
916 4439 968 4494 in
1003 4440 1207 4495 eodem
1239 4442 1501 4496 cmnobio
1534 4441 1771 4509 indicat,
1808 4460 1880 4499 ne
1905 4460 2032 4499 ser-

382 4543 594 4583 vorum
657 4529 754 4584 Dei
813 4528 981 4600 quies
1053 4530 1345 4601 quomodo
1406 4532 1670 4602 pOpuiari
1748 4535 2110 4623 conventuD

383 4618 712 4693 perturbari
741 4618 1148 4691 valeat,neque
1180 4622 1545 4691 paratas,aut
1578 4620 2032 4677 mansionaticos

381 4704 589 4761 exinde
612 4711 927 4778 praesumat
950 4706 1646 4781 exigere.Susceptionem
1669 4714 1866 4765 autem
1892 4710 2028 4765 tide-

383 4792 527 4848 lium
559 4798 617 4849 et
646 4794 1054 4866 religiosorum
1078 4796 1334 4852 virorum
1369 4803 1545 4869 atque
1560 4798 2026 4869 beneﬁcentiam,

382 4881 749 4953 quamjubet
763 4884 1079 4953 Apostolus
1104 4885 1330 4941 cunctis
1352 4885 1873 4957 exhibendam,pro
1896 4904 2028 4959 pos-

384 4967 663 5025 sibilitate
693 4967 800 5024 loci
834 4974 891 5025 et
923 4971 1287 5041 facultatum,
1320 4992 1432 5029 non
1469 4974 1871 5029 modoibidem
1908 4975 2031 5030 fieri

385 5058 549 5131 [non]
568 5058 951 5132 denegamus,
975 5077 1174 5117 verum
1194 5064 1367 5118 etiam
1384 5063 1699 5118 suademus
1726 5082 1738 5118 :
1758 5068 1819 5118 ut
1840 5068 2033 5120 tamen

383 5152 439 5205 et
458 5148 669 5205 modus
695 5148 753 5204 in
776 5165 1022 5205 numero
1043 5150 1510 5223 congregationis
1545 5152 1689 5207 adeo
1736 5167 2032 5209 conserve-

455 5310 603 5387 (129)
637 5312 970 5387 Brunonem
993 5314 1443 5387 anteavocatum
1482 5311 1663 5387 fuisse
1685 5312 2031 5387 Wandelge-

382 5396 513 5456 rum
528 5382 910 5456 discimusex
949 5383 1133 5455 ipsius
1162 5382 1617 5456 litteris,quibus
1634 5382 2031 5456 concordiam

386 5453 571 5528 initc_u
583 5470 637 5507 m
654 5453 899 5528 Rodulfo
917 5453 1126 5511 comite
1139 5472 1206 5510 su
1216 5472 1315 5528 per
1330 5453 1579 5527 quadam
1595 5454 1921 5528 silva,apud
1935 5458 2035 5512 vil-

385 5523 504 5600 l_am
530 5523 737 5600 Losam
761 5525 967 5600 sit_1_1,cu
969 5544 1071 5600 Jus
1093 5523 1526 5600 partem_,quam
1547 5526 1782 5600 tenebat
1807 5523 2031 5598 comes,

382 5595 777 5660 Dsrvenstbus
807 5594 1068 5672 dimittit,
1093 5594 1187 5657 ἰιίὶ
1218 5594 1276 5659 et
1305 5594 1410 5657 ﬁlii
1457 5596 1586 5673 ejus
1628 5594 1921 5660 Walterus
1979 5594 2035 5661 et

2137 3295 2477 3352 Nivernensi
2511 3294 2709 3349 comiti
2741 3291 3119 3366 apostolicam
3147 3291 3631 3349 benedictionem.

2208 3385 2557 3441 Mandamus
2603 3386 2660 3439 et
2707 3381 3080 3455 praecipimus
3098 3381 3203 3437 tibi
3254 3384 3318 3436 ut
3345 3385 3570 3437 rectum
3593 3380 3785 3438 facias

2136 3474 2274 3541 Deo,
2298 3478 2353 3529 et
2383 3472 2601 3528 sanctis
2632 3470 2913 3544 apostolis
2941 3470 3109 3526 Petro
3137 3474 3195 3526 et
3237 3468 3435 3537 Paulo,
3466 3473 3522 3525 et
3569 3472 3782 3526 sancto

2138 3562 2469 3628 Bcrchario,
2505 3563 2561 3617 et
2581 3559 2885 3616 monachis
2906 3560 3053 3615 inibi
3074 3558 3615 3625 considentibus,de
3637 3575 3787 3631 pras-

2138 3652 2249 3705 diis
2274 3650 2528 3720 illorum,
2553 3649 2840 3720 sicutjam
2861 3648 2966 3703 tibi
2990 3648 3465 3722 praecepimus,et
3493 3651 3554 3702 tu
3574 3646 3785 3702 abbati

2140 3740 2373 3795 illorum
2406 3738 2746 3794 convenisti.
2780 3737 2942 3803 Quod
2974 3737 3090 3793 nisi
3121 3737 3346 3805 feceris,
3404 3737 3474 3807 si,
3522 3739 3793 3807 quatuor

2138 3826 2695 3901 proclamationibus
2726 3825 2911 3895 factis,
2936 3827 3009 3882 ad
3042 3843 3135 3883 me
3184 3829 3255 3882 de
3311 3826 3421 3882 hac
3478 3841 3537 3881 re
3574 3823 3794 3897 quinta

2141 3919 2293 3973 facta
2324 3916 2519 3982 fuerit,
2553 3915 2808 3988 profecto
2838 3914 3461 3972 excommunicaberis.
3492 3911 3654 3969 Vale.

2210 4005 2355 4060 Data
2385 4003 2623 4060 Kalend.
2658 4004 2791 4059 Maii
2822 4020 2926 4077 per
2946 4020 3156 4060 manus
3175 4003 3325 4059 Petri
3350 4000 3797 4058 bibliothecarii
3830 4026 3848 4042 ο

2139 4098 2354 4149 sanctae
2385 4093 2542 4148 sedis
2572 4091 2922 4165 apostolicis,
2955 4110 3109 4149 anno
3140 4091 3342 4149 domui
3378 4090 3587 4147 Leonis
3635 4091 3783 4147 noni

2143 4199 2303 4255 papa:
2335 4181 2612 4249 secundo,
2647 4181 2965 4237 indictione
2983 4181 3174 4250 tertia,
3206 4178 3403 4236 abbati
3431 4178 3621 4235 sancti
3652 4178 3803 4234 Ber-

2142 4268 2347 4339 charii,
2382 4285 2557 4343 quem
2589 4270 2792 4325 eodem
2823 4269 2918 4326 die
2949 4269 3022 4325 ad
3053 4269 3325 4325 abbatem
3349 4269 3410 4324 in
3440 4266 3665 4341 capella
3684 4284 3807 4324 sua

2150 4357 2529 4414 Lateranensi
2559 4357 2951 4425 benedixerat,
2985 4361 3042 4413 et
3069 4357 3121 4413 ei
3153 4374 3364 4414 nomen
3396 4373 3595 4425 suum,
3628 4356 3801 4428 quod

2146 4446 2259 4502 fuit
2289 4447 2504 4513 Bruno,
2534 4445 2895 4519 imposuerat
2924 4445 3095 4517 (129).

2806 4569 3107 4625 XXXVIII.

2141 4661 2197 4716 S.
2233 4664 2334 4716 Leo
2367 4661 2450 4723 IX.
2486 4662 2548 4715 in
2572 4658 2775 4731 synodo
2800 4660 3201 4783 quinjauaginta
3229 4660 3470 4731 quinque

2211 4748 2359 4783 rum.
2393 4730 2715 4783 Gerardum.
2775 4745 2920 4783 auon
2993 4747 3047 4783 m
3091 4747 3409 4783 emsconum
3464 4730 3536 4783 Tu
3584 4744 3806 4783 ensem.

2211 4748 2359 4799 rum,
2393 4730 2715 4796 Gerardiim,
2775 4730 3047 4801 quondam
3091 4730 3409 4801 episcopum
3464 4730 3806 4801 Tullensem,

2210 4802 2537 4929 aubmtinibus
2565 4799 2816 4869 ascribit,
2844 4800 3035 4873 dieque
3062 4799 3134 4857 23
3164 4799 3365 4857 mensis
3432 4799 3641 4873 Aprilis
3686 4800 3817 4857 coli

2202 4892 2271 4946 Ju
2310 4891 2338 4928 e
2366 4918 2378 4928 .

2769 4960 2953 5031 (Anno
2987 4961 3169 5032 1050.)

2336 5050 2555 5123 [MabiL
2580 5055 2710 5107 Acta
2738 5050 2831 5106 SS.
2863 5050 2977 5107 ord.
3004 5049 3059 5105 S.
3093 5049 3317 5118 Bcned.,
3349 5049 3419 5118 V,
3449 5048 3599 5121 891.]

2142 5159 2253 5214 Leo
2308 5157 2642 5230 cpiscopus,
2703 5173 2907 5213 servus
2964 5173 3265 5213 servorum
3342 5155 3474 5223 “Dei,
3556 5152 3801 5211 cunctis

2140 5320 2365 5386 Simon,
2400 5318 2704 5386 czeterique
2733 5315 3013 5381 baeredes,
3044 5333 3113 5372 ea
3137 5314 3470 5372 conditione
3527 5317 3595 5386 ut
3636 5328 3804 5384 qua-

2145 5392 2284 5447 libet
2312 5384 2573 5446 secunda
2602 5384 2746 5461 feria
2766 5387 3081 5461 cuiusbilet
3101 5388 3440 5461 septimanis
3463 5384 3809 5441 celebretur

2143 5463 2325 5518 missa
2345 5476 2450 5532 pro
2477 5475 2586 5532 sua
2612 5458 3026 5532 hmredumque
3043 5457 3287 5532 suorum
3314 5457 3520 5523 salute,
3534 5461 3603 5532 et
3628 5472 3801 5532 unus

2142 5527 2364 5667 Enipei
2382 5531 2454 5660 1in
2483 5527 3067 5660 eodentlumgnasterio
3098 5531 3316 5593 victum
3339 5534 3395 5586 et
3410 5527 3801 5604 praebendam

2259 5620 2327 5665 ea
2406 5618 2446 5662 ιι
2476 5616 2653 5667 perpc
2723 5616 2762 5659 u
2833 5642 2847 5661 .

2186 5600 2355 5666 abeat
2382 5600 2446 5662 in
2476 5603 2847 5681 perpetuum.
