4074 6180
218 318 330 381 645

1180 314 1590 383 EPISTOLE
1636 320 1733 381 ΕΤ
1779 280 2654 387 DECRETA’roNTIFICIA.

3495 340 3616 407 646

219 448 506 506 catholica
536 450 804 507 Ecclesiae
835 442 972 507 ﬁliis
1000 450 1061 506 in
1091 450 1319 508 Christo
1346 452 1595 508 salutem
1630 456 1685 507 ct
1716 470 1853 524 apo-
1889 456 1937 519 Α
1972 453 2287 517 miraculis,
2320 458 2375 509 et
2406 455 2530 526 ipse
2564 457 2619 511 in
2653 475 2897 514 numero
2928 468 3262 521 sanctorum
3312 470 3506 528 divino
3535 475 3618 533 sit

217 538 474 595 stolicam
505 539 992 596 benedictionem.

279 628 700 684 Virtusdivinae
714 629 1072 700 operationis
1086 629 1139 683 in
1156 630 1430 684 omnibus
1448 634 1537 686 est
1550 630 1858 698 mirabilis,

216 716 464 772 maxime
509 721 707 773 tamen
759 718 817 772 in
849 720 1072 774 sanctis
1104 718 1249 783 suis,
1283 735 1429 790 quos
1477 718 1765 791 praescivit
1802 724 1861 775 et

212 805 645 876 praedestinavit
668 805 997 862 conformes
1020 806 1143 862 ﬁeri
1164 805 1407 878 imagini
1425 806 1551 863 Filii
1574 807 1686 875 sui,
1711 824 1859 879 quos

211 894 380 950 etiam
423 896 650 951 vocavit
696 900 754 951 et
794 895 1182 952 sanctiﬁcavit
1226 896 1405 967 (Rom.
1452 914 1576 964 vm,
1627 898 1717 967 29,
1764 897 1858 968 30)

211 987 523 1056 antequam
558 983 770 1040 saecula
799 985 1021 1050 ﬁerent,
1056 989 1366 1057 antequam
1399 984 1509 1058 ipsi
1542 989 1854 1041 exstarent.

209 1074 272 1129 Et
317 1072 461 1145 quia
503 1072 629 1145 ipse
667 1073 948 1131 Dominus
988 1074 1048 1129 in
1089 1073 1400 1145 Evangelio
1446 1074 1591 1129 dicit
1642 1091 1655 1129 :
1694 1075 1860 1131 Pater

207 1179 354 1218 meus
386 1179 560 1234 usque
589 1163 745 1218 modo
776 1172 1062 1235 operatur,
1114 1168 1164 1219 et
1200 1181 1294 1234 ego
1332 1178 1526 1235 operor
1572 1163 1747 1234 (Joan.
1799 1181 1854 1229 ν,

212 1252 329 1321 17;)
386 1268 595 1307 verum
652 1252 853 1324 procul
911 1253 1091 1309 dubio
1146 1268 1275 1309 esse
1321 1251 1579 1324 quotidie
1608 1251 1862 1308 ostendit

210 1340 441 1413 quando
473 1340 613 1395 dicit
643 1339 866 1398 scilicet
890 1357 990 1397 eos
1026 1340 1478 1397 sanctiﬁcandos
1510 1356 1656 1412 quos
1687 1356 1859 1396 voca—

208 1430 301 1496 vit,
333 1446 435 1485 eos
466 1430 759 1487 vocandos
793 1447 944 1503 quos
979 1429 1416 1503 praedestinavit
1444 1428 1567 1485 sola
1595 1429 1859 1502 gratuita

208 1517 600 1574 miserationis
631 1518 915 1585 bonitate,
954 1535 1059 1575 nec
1090 1518 1332 1574 humani
1366 1518 1597 1591 generis
1631 1519 1857 1586 merito,

209 1607 352 1678 quia
379 1606 719 1663 naturaliter
765 1623 972 1664 omnes
1016 1624 1224 1663 sumus
1257 1606 1361 1661 ﬁlii
1402 1607 1497 1661 irae
1529 1611 1586 1663 et
1626 1606 1729 1661 lilii
1760 1623 1856 1679 ge-

212 1694 445 1749 hennae.
480 1694 588 1750 Cur
606 1700 803 1751 autem
828 1695 949 1751 haec
978 1695 1170 1751 dicere
1187 1697 1557 1767 cceperimus,
1582 1696 1858 1751 conlinno

206 1783 647 1855 patefaciamus,
665 1783 806 1856 quia
846 1783 1002 1841 sicut
1037 1800 1195 1840 nemo
1222 1786 1465 1840 accendit
1495 1786 1779 1840 lucernam
1806 1788 1859 1840 et

205 1873 361 1942 ponit
387 1888 508 1927 eam
536 1873 638 1926 sub
668 1872 870 1936 modio,
902 1872 995 1928 sed
1021 1888 1183 1945 super
1208 1873 1599 1929 candelabrum
1628 1873 1853 1940 statuit,

206 1968 259 2014 ut
285 1961 474 2016 luceat
501 1961 755 2016 omnibus
793 1964 893 2034 qui
922 1963 981 2017 in
1012 1961 1169 2019 domo
1198 1967 1328 2018 sunt
1366 1962 1572 2033 (Matth.
1622 1981 1678 2029 v,
1726 1963 1852 2031 l5);

206 2048 280 2104 sic
330 2053 391 2105 et
435 2049 727 2106 Dominus
770 2054 970 2106 noster
1016 2050 1491 2107 Jesus-Christus
1547 2051 1686 2124 agit,
1727 2051 1855 2107 illos

202 2137 575 2194 clariﬁcando
608 2138 914 2194 miraculis
935 2139 996 2194 in
1019 2140 1239 2195 mundo
1271 2156 1419 2212 quos
1445 2156 1646 2195 secum
1670 2140 1857 2195 vivere

204 2232 253 2281 et
277 2226 525 2299 gloriari
574 2228 711 2284 facit
751 2227 810 2283 in
850 2228 1016 2296 ccelo,
1049 2232 1136 2295 ut,
1169 2228 1309 2300 quia
1340 2244 1442 2300 per
1479 2229 1852 2300 adoptionem

202 2314 332 2369 facti
379 2319 523 2371 sunt
552 2314 661 2370 ﬁlii
693 2316 816 2382 Dei,
850 2317 1234 2388 praeveniente
1279 2316 1468 2389 gratia
1514 2322 1712 2389 pateat
1757 2334 1856 2373 eos

200 2403 460 2459 heredes
481 2420 615 2460 esse
641 2406 804 2477 regni
828 2407 981 2477 quod
1010 2403 1278 2477 promisit
1299 2404 1454 2460 Deus
1476 2404 1855 2477 diligentibus

202 2510 275 2548 se.
321 2492 512 2549 Paulo
562 2493 746 2566 igitur
793 2498 927 2550 ante
975 2511 1083 2550 nos
1111 2492 1173 2548 in
1203 2493 1541 2565 episcopatu
1591 2493 1853 2549 Tullensi

202 2582 381 2651 (unde
413 2586 561 2637 nutu
585 2581 1012 2654 Omnipotentis
1036 2586 1093 2638 et
1121 2581 1316 2638 omnia
1337 2598 1443 2637 suo
1469 2581 1709 2637 arbitrio
1741 2582 1855 2638 dis-

200 2670 608 2741 ponentis,nec
622 2670 758 2727 ullis
772 2674 1105 2727 nostrorum
1119 2669 1462 2727 meritorum
1476 2670 1852 2743 profectibus,

204 2759 269 2813 ad
300 2758 692 2831 apostolicam
717 2760 914 2815 sedem
933 2758 1203 2815 translati
1230 2759 1459 2830 sumus)
1492 2760 1601 2815 luit
1631 2759 1853 2831 episco-

204 2864 329 2919 pus,
358 2848 602 2904 nomine
618 2848 1071 2921 Gerardus,qui,
1090 2849 1206 2904 duo
1222 2847 1458 2915 talenta,
1494 2846 1851 2904 intellectum

203 2941 255 2991 et
298 2936 728 3009 operationem,
762 2955 795 2993 a
824 2937 1045 2994 ccclesti
1076 2936 1501 2993 Patrefamilias
1540 2938 1852 3009 accipiens,

202 3025 687 3098 divinamlegem,
711 3044 888 3098 quam
910 3025 1250 3082 medullitus
1266 3025 1566 3092 intellexit,
1584 3025 1666 3082 sic
1684 3044 1855 3098 Opere

205 3114 524 3185 adimplere
575 3115 805 3171 studuit
850 3119 915 3170 ut
953 3114 1117 3171 ﬁeret
1154 3114 1369 3188 dignus
1400 3115 1662 3187 accipere
1691 3115 1848 3170 illam

1970 542 2514 613 deputatusjudicio
2530 562 2543 610 ;
2561 546 2817 601 nondum
2837 550 3105 605 tamenin
3120 554 3378 628 catalogo
3392 565 3617 620 sancto-

1971 646 2098 683 rum
2134 631 2377 686 sortitus
2412 637 2500 687 est
2538 632 2857 691 humanam
2882 641 3433 710 corroborationem,
3456 654 3612 719 quod

1970 717 2067 771 Dei
2103 718 2430 774 miseratrix
2453 720 2760 778 clementia
2800 726 2969 780 nobis
3013 729 3196 784 servis
3227 731 3350 787 suis
3381 717 3618 809 reliquit

1968 807 2283 878 agendum,
2297 808 2397 862 ubi
2411 809 2480 863 ad
2496 809 2723 866 culmen
2741 807 3613 892 conscendimusApostolicum.

1970 894 2382 951 Residentibus
2403 912 2538 969 ergo
2562 900 2729 953 nobis
2750 900 2944 955 Romae
2966 903 3022 957 in
3049 907 3268 976 synodo
3294 909 3350 964 in
3371 911 3617 970 ecclesia

1967 982 2284 1039 Salvatoris
2333 1001 2465 1039 cum
2520 986 2725 1041 multis
2774 990 3132 1061 coepiscopis
3173 997 3410 1062 nostris,
3461 1000 3616 1060 circa

1969 1076 2127 1125 sexto
2160 1089 2345 1126 nonas
2376 1072 2578 1138 Maias,
2622 1075 2867 1131 relatum
2902 1084 2991 1133 est
3020 1083 3263 1139 auribus
3296 1088 3511 1143 nostris
3541 1090 3616 1146 ab

1968 1159 2167 1249 Udone
2206 1160 2465 1217 Tullensi
2518 1166 2846 1235 praeposito,
2908 1169 3111 1226 eadem
3166 1177 3352 1242 nocte,
3416 1175 3615 1249 ipsum

1969 1248 2252 1303 domuum
2285 1249 2607 1306 Gerardum
2644 1251 2700 1306 in
2735 1252 2957 1309 visione
3002 1261 3347 1330 apparuisse
3382 1248 3615 1322 cuidam

1968 1337 2281 1391 venerabili
2316 1339 2620 1407 monacho,
2657 1342 2894 1396 nomine
2928 1343 3214 1413 Albiznni,
3256 1351 3353 1421 qui
3386 1355 3617 1425 Synodo

1969 1426 2263 1493 intererat,
2296 1443 2469 1498 quem
2492 1427 2616 1500 ipse
2646 1428 2766 1483 Udo
2799 1430 3001 1487 nimiis
3023 1436 3295 1504 precibus
3324 1442 3616 1497 constrin-

1968 1520 2124 1568 xerat
2147 1532 2382 1571 exorare
2414 1517 3063 1582 Douiiuum,ostendere
3085 1522 3196 1578 sibi
3228 1526 3400 1597 cujus
3424 1529 3619 1587 meriti

1967 1608 2121 1657 esset
2151 1604 2304 1673 apud
2342 1604 2518 1658 Deum
2563 1607 2685 1676 ipse
2718 1607 2971 1664 domnus
3012 1608 3331 1682 Gerardus,
3383 1617 3484 1689 qui
3534 1620 3621 1674 tot

1970 1690 2384 1745 miraculorum
2418 1693 2597 1747 radiis
2630 1697 2990 1752 coruscabat.
3025 1698 3346 1758 Videbatur
3375 1721 3511 1778 ergo
3533 1704 3618 1762 illi

1968 1779 2164 1849 ipsum
2213 1780 2486 1835 assistere
2524 1781 2658 1847 sibi,
2692 1800 2865 1853 quem
2899 1802 3203 1857 nunquam
3244 1794 3621 1865 corporaliter

1966 1868 2207 1934 viderat,
2242 1884 2349 1922 nec
2378 1868 2554 1923 etiam
2600 1887 2814 1925 nomen
2846 1875 2975 1942 ejus
3010 1875 3295 1947 audierat,
3329 1884 3387 1934 et
3427 1881 3619 1939 dicere

1964 1954 2224 2027 seipsum
2249 1956 2568 2012 Gerardum
2603 1976 2750 2025 esse,
2785 1978 2888 2032 pro
2923 1963 3256 2033 qucuDeum
3287 1967 3620 2028 decreverat

1964 2060 2224 2100 exorare.
2267 2046 2348 2101 Ad
2383 2046 2536 2116 quod
2571 2046 2668 2102 ille
2699 2048 2935 2120 gavisus
2968 2051 3171 2109 sedulo
3195 2052 3479 2113 sciscitari
3510 2075 3618 2115 cis-

1965 2135 2050 2204 pit
2078 2151 2152 2189 an
2184 2139 2340 2190 esset
2359 2136 2514 2206 apud
2548 2136 2732 2190 Deum
2765 2137 2823 2191 in
2849 2155 3094 2196 numero
3116 2148 3478 2202 sanctorum.
3511 2148 3617 2203 Cui

1964 2220 2093 2276 lmto
2123 2222 2285 2277 vultu
2319 2223 2620 2296 respondit
2650 2226 3050 2296 proculdubio
3077 2246 3138 2285 se
3162 2247 3291 2288 esse
3312 2228 3614 2305 cum'Deo,

1963 2310 2331 2383 dignumque
2363 2315 2674 2384 acjustum
2694 2315 2815 2370 fore
2839 2333 2939 2372 eos
2964 2316 3234 2375 honorari
3258 2320 3319 2377 in
3342 2324 3514 2381 terris
3543 2326 3617 2382 ab

1966 2399 2304 2456 hominibus
2351 2401 2449 2472 qui
2483 2402 2846 2458 honorantur
2876 2406 2934 2459 in
2974 2406 3133 2462 cmlis
3164 2412 3297 2465 ante
3328 2410 3514 2468 Deum
3545 2415 3618 2470 ab

1963 2488 2304 2560 angelorum
2329 2490 2691 2562 agminibus.
2717 2492 2901 2556 Quam
2924 2494 3205 2552 visionem
3230 2498 3342 2570 ipsi
3361 2517 3458 2557 ore
3479 2519 3615 2574 pro-

1964 2576 2088 2647 prio
2131 2578 2563 2651 divulgavimus
2606 2580 2666 2636 in
2724 2585 2968 2655 synodo,
3024 2593 3377 2657 exponentes
3429 2590 3616 2661 ipsius

1963 2665 2163 2720 domui
2195 2666 2435 2722 Gerardi
2468 2668 2650 2724 vitam
2671 2671 3086 2738 venerabilem,
3112 2676 3612 2734 conversationem

1967 2755 2320 2823 mirabilem,
2353 2756 2773 2813 miraculorum
2797 2758 3261 2829 multitudinem,
3292 2752 3614 2821 efﬁcaciam

1963 2842 2171 2898 divinae
2202 2842 2431 2900 virtutis
2463 2846 2534 2900 ad
2568 2863 2781 2918 corpus
2812 2848 2941 2917 ejus
2966 2849 3377 2906 exuberantem
3404 2869 3418 2919 ;
3452 2857 3510 2908 et
3529 2869 3616 2910 se-

1964 2947 2117 3001 quen
2128 2937 2213 2987 ter
2227 2939 2488 2988 sanctam
2509 2936 2691 3006 synod
2703 2952 2797 2990 um
2817 2936 3304 3009 interrogavimus
3320 2941 3365 2996 si
3381 2941 3615 2999 deberet

1968 3027 2030 3073 ut
2062 3026 2300 3076 sanctus
2323 3023 2603 3091 venerari,
2637 3029 2695 3079 et
2724 3029 2963 3080 sanctus
2995 3026 3269 3100 deinceps
3300 3031 3611 3087 nominari.

1962 3108 2045 3162 Ad
2098 3112 2275 3180 quod,
2320 3116 2439 3164 tam
2481 3112 2904 3184 archiepiscopi
2948 3132 3123 3185 quam
3167 3117 3445 3189 episcOpi,
3492 3130 3612 3175 tam

204 3201 644 3259 desiderabilem
678 3221 711 3258 a
732 3203 846 3260 Deo
868 3186 1281 3260 salutationem
1308 3220 1321 3258 :
1356 3204 1505 3272 Euge
1529 3186 1680 3258 Serve
1711 3203 1846 3259 bone
1876 3186 1919 3253 C
1957 3195 2198 3252 abbaies
2227 3214 2404 3269 quam
2436 3198 2633 3254 clerici
2665 3216 2729 3255 ac
2761 3199 2911 3269 laici,
2945 3186 3613 3279 quorumiutrorumque

209 3298 259 3343 et
288 3291 483 3360 ﬁdelis,
512 3294 638 3363 quia
665 3308 831 3363 super
846 3309 1023 3365 pauca
1050 3294 1213 3363 fuisti
1233 3291 1436 3363 ﬁdelis,
1478 3309 1641 3364 super
1676 3293 1852 3349 multa

207 3382 262 3432 te
296 3380 631 3447 constituam,
674 3383 825 3436 intra
874 3383 935 3436 in
973 3381 1241 3450 gaudium
1285 3382 1505 3436 Domini
1527 3383 1612 3436 tui
1641 3382 1847 3452 (Matth.

202 3482 329 3533 xxv,
364 3467 480 3539 21).
520 3469 610 3524 Sic
641 3471 798 3526 enim
837 3470 1061 3525 Domini
1095 3471 1184 3525 sui
1208 3469 1427 3525 talenta
1454 3471 1735 3542 erogavit,
1769 3470 1852 3526 sic

202 3556 428 3613 animas
457 3556 721 3614 lucratus
752 3564 861 3621 est,
902 3559 1077 3614 verba
1106 3558 1313 3616 salutis
1346 3559 1736 3631 praedicando,
1787 3566 1853 3615 ut

199 3647 558 3716 geminatam
582 3646 828 3703 Domino
851 3665 957 3704 suo
981 3648 1289 3720 pecuniam
1314 3652 1771 3720 reprmsentaret,
1794 3653 1851 3704 et

199 3733 303 3788 sibi
333 3740 557 3792 aeterna
588 3736 873 3792 beneﬁcia
892 3736 1240 3811 cumularet.
1273 3737 1531 3792 Lumbos
1563 3736 1673 3793 sibi
1705 3754 1849 3808 pra:-

199 3822 398 3892 cinxit,
444 3826 773 3881 castitatem
806 3826 1127 3894 servando;
1173 3824 1445 3881 lucernas
1486 3825 1543 3880 in
1576 3826 1850 3882 manibus

200 3913 469 3979 portavit,
493 3913 759 3986 exempla
789 3914 956 3971 bona:
976 3913 1332 3987 operationis
1364 3913 1493 3970 aliis
1508 3915 1846 3986 praebendo;

199 4002 557 4075 exspectavit
593 4002 905 4058 Dominum
951 4021 985 4059 a
1033 4002 1256 4076 nuptiis
1305 4007 1517 4059 sanctas
1560 4003 1845 4073 Ecclesiae,

201 4103 303 4144 non
331 4090 712 4157 dormiendo,
746 4092 845 4147 sed
877 4091 1169 4165 vigilando
1201 4092 1413 4165 prima,
1437 4093 1715 4160 secunda,
1741 4097 1851 4148 ter-

195 4175 517 4251 tiafvigilia,
538 4180 746 4235 anxius
767 4181 837 4235 ad
858 4180 986 4252 ejus
1003 4185 1329 4253 aspectum,
1354 4180 1675 4237 secundum
1703 4180 1846 4237 illud

196 4267 341 4336 quod
386 4266 650 4339 quotidie
681 4267 966 4340 psallebat
996 4287 1009 4325 :
1046 4268 1195 4325 Sicut
1231 4285 1421 4325 cervus
1462 4269 1732 4326 desiderat
1777 4270 1847 4326 ad

193 4354 367 4421 fontes
398 4372 694 4428 aquarum,
725 4358 806 4413 ita
834 4357 1105 4413 desiderat
1124 4359 1313 4412 anima
1342 4374 1471 4414 mea
1499 4358 1569 4413 ad
1596 4361 1649 4413 te
1674 4359 1841 4429 (Psal.

194 4459 299 4510 xu,
328 4446 421 4515 2);
458 4443 600 4499 item
647 4462 659 4500 :
703 4444 885 4500 Sitivit
915 4448 1103 4502 anima
1131 4461 1253 4501 mea
1282 4446 1353 4501 ad
1381 4451 1462 4515 te;
1503 4464 1666 4519 quam
1704 4448 1845 4503 mul-

194 4533 464 4603 tipliciter
494 4534 601 4589 tibi
628 4550 763 4590 caro
790 4539 945 4589 mea!
985 4535 1154 4607 (Psal.
1188 4552 1323 4604 Lxu,
1356 4535 1437 4606 2.)
1467 4539 1560 4598 At,
1594 4535 1729 4607 quia
1760 4536 1844 4592 sic
1877 4555 1924 4620 Ι)

193 4637 425 4694 semper
451 4622 655 4677 animo
685 4622 1021 4695 suspirabat
1041 4624 1113 4679 ad
1142 4623 1347 4691 Deum,
1372 4625 1500 4695 ejus
1519 4623 1730 4679 virtute
1750 4641 1843 4681 co-

195 4707 438 4766 mitatus
456 4710 783 4783 angelicam
808 4712 1030 4767 ducens
1048 4711 1250 4779 vitam,
1270 4712 1527 4785 quotidie
1548 4710 1845 4769 Christum

191 4795 245 4851 in
268 4800 636 4873 pauperibus
667 4800 738 4855 ad
773 4816 1039 4855 mensam
1071 4800 1423 4873 suscipiens,
1453 4800 1713 4873 quotidie
1731 4802 1847 4874 piis

191 4887 420 4943 actibus
462 4888 771 4955 insistens,
819 4905 925 4944 nec
974 4890 1231 4945 docendo
1290 4906 1396 4945 nec
1454 4890 1677 4961 agendo
1731 4891 1845 4947 nisi

191 4977 343 5046 quod
378 4983 652 5033 sanctum
686 4982 743 5033 et
772 4978 888 5033 Deo
920 4981 1151 5049 gratum
1184 4984 1360 5048 esset,
1396 4978 1598 5035 multis
1628 4977 1846 5035 ell‘ulsit

192 5064 617 5121 miraculorum
665 5066 970 5139 prodigiis,
1024 5066 1212 5122 sancti
1260 5067 1390 5139 ejus
1440 5067 1845 5124 testimonium

190 5152 678 5222 perhibentibus;
714 5156 866 5210 unde
898 5154 1091 5210 adhuc
1122 5154 1322 5227 plures
1349 5159 1527 5212 testes
1561 5155 1838 5212 existunt.

189 5238 347 5301 Quod
394 5246 451 5297 et
499 5243 676 5311 idem,
727 5247 862 5316 post
901 5248 1149 5300 mortem
1190 5244 1403 5313 carnis,
1437 5262 1570 5301 cum
1612 5244 1843 5301 Christo

189 5334 395 5384 nostro
426 5330 633 5403 spiritu
666 5331 885 5399 vivens,
907 5332 1166 5405 glorians
1198 5348 1350 5405 saepe
1371 5338 1645 5405 operatus
1670 5337 1762 5389 est
1789 5337 1846 5389 et

190 5430 341 5488 saepe
372 5418 566 5475 adhuc
589 5423 887 5493 operatur,
905 5437 1119 5477 curans
1141 5421 1402 5478 diversos
1423 5421 1734 5495 languores
1758 5422 1844 5477 di-

186 5520 505 5581 versasque
548 5509 943 5568 inﬁrmitates.
976 5510 1252 5576 Quamvis
1291 5515 1487 5568 autem
1516 5510 1845 5569 venerabile

187 5607 408 5676 corpus
419 5599 544 5675 ejus
557 5598 780 5673 multis,
805 5603 870 5661 ut
890 5600 1190 5676 duximus,
1219 5600 1502 5663 hactenus
1524 5601 1846 5663 coruscat-it

1964 3300 2178 3356 magna
2198 3285 2827 3355 intereratmultitudo,
2860 3291 3026 3362 quasi
3060 3309 3177 3347 uno
3200 3310 3296 3349 ore
3326 3294 3612 3351 clamave-

1961 3373 2301 3446 runtipsum
2323 3375 2603 3432 domuum
2623 3378 2945 3434 Gerardum
2964 3381 3154 3435 virum
3176 3398 3303 3436 esse
3316 3393 3609 3450 sanctum,
3692 3366 3701 3374 ’

1961 3479 1994 3518 a
2024 3463 2139 3518 Deo
2170 3463 2322 3519 inter
2358 3470 2591 3521 sanctos
2637 3472 3034 3534 numeratum,
3066 3475 3125 3524 et
3155 3471 3227 3525 ab
3268 3472 3610 3529 hominibus

1959 3550 2112 3606 inter
2141 3557 2375 3609 sanctos
2415 3556 2847 3611 numerandum
2877 3562 2936 3612 et
2962 3560 3385 3631 venerandum,
3416 3577 3521 3631 pro
3543 3578 3611 3618 eo

1962 3642 2139 3712 quod,
2172 3641 2370 3698 vivens
2400 3643 2460 3698 in
2491 3660 2683 3713 carne,
2716 3646 3067 3701 testantibus
3100 3646 3416 3715 miraculis,
3441 3653 3507 3703 ut
3524 3650 3612 3704 vir

1960 3735 2199 3786 sanctus
2228 3732 2469 3797 exstitit,
2503 3739 2558 3787 et
2588 3750 2761 3789 carne
2791 3740 3023 3800 exutus,
3066 3735 3259 3805 qualis
3294 3736 3351 3789 in
3387 3737 3608 3792 mundo

1964 3819 2158 3890 fuerit,
2180 3820 2235 3874 in
2261 3820 2478 3875 ccelesti
2500 3821 2858 3876 beatitudine
2870 3823 3095 3893 positus
3114 3822 3332 3877 mundo
3347 3823 3608 3892 quotidie

1960 3907 2174 3963 eisdem
2210 3908 2508 3963 miraculis
2540 3909 2886 3964 innotescat.
2904 3909 3277 3966 Decrevimus
3306 3910 3607 3983 igitur,sic

1960 4000 2161 4052 sancta
2208 4001 2500 4052 annuente
2549 4014 2618 4052 ac
2667 3996 2945 4052 laudante
2985 3999 3228 4070 synodo,
3275 4004 3340 4055 ut
3387 4015 3456 4055 ex
3499 4000 3608 4057 hoc

1958 4091 2198 4140 sanctus
2220 4085 2523 4153 habeatur,
2548 4090 2604 4140 et
2634 4091 2874 4142 sanctus
2893 4086 3118 4143 colatur
3140 4105 3291 4144 nono
3313 4088 3609 4147 Kalendas

1959 4174 2163 4240 Maias,
2193 4178 2312 4229 tam
2344 4173 2607 4244 Leuchze,
2659 4174 2814 4230 sicut
2848 4180 3100 4232 sanctus
3149 4178 3495 4234 Mansuetus
3551 4182 3610 4234 et

1957 4267 2198 4319 sanctus
2227 4265 2397 4336 Aper,
2430 4280 2606 4334 quam
2641 4264 2858 4335 ubique
2881 4270 3191 4332 terrarum,
3224 4266 3379 4323 sicut
3407 4267 3604 4323 caeteri

1956 4352 2142 4407 sancti
2164 4370 2177 4420 ;
2203 4354 2374 4424 cujus
2394 4352 2580 4408 sancti
2604 4353 2934 4409 venerabile
2956 4370 3167 4426 corpus
3189 4372 3295 4427 per
3314 4372 3421 4411 nos
3442 4356 3605 4428 ipsos

1954 4442 2227 4512 cupimus
2260 4443 2594 4510 transferre,
2630 4448 2687 4498 et
2708 4442 2885 4514 digno
2914 4442 3152 4511 honore,
3176 4444 3355 4515 digno
3387 4443 3513 4501 loco
3543 4443 3606 4501 in

1954 4529 2135 4585 altare
2168 4532 2401 4601 proprio
2433 4530 2714 4586 collocare
2745 4531 2815 4585 ad
2848 4530 3081 4587 laudem
3116 4536 3172 4586 et
3197 4531 3444 4602 gloriam
3496 4537 3605 4589 Do-

1958 4618 2101 4672 mini
2133 4619 2313 4674 nostri
2336 4619 2851 4691 Jesu-Christi,qui
2886 4619 3014 4674 ideo
3046 4622 3233 4675 factus
3256 4623 3346 4675 est
3366 4636 3469 4692 pro
3501 4636 3607 4675 no-

1957 4707 2047 4762 bis
2080 4706 2254 4763 homo
2286 4711 2351 4762 ut
2380 4724 2492 4762 non
2519 4706 2707 4763 solum
2736 4706 2987 4763 solveret
3017 4724 3173 4763 nosa
3192 4708 3467 4780 peccatis,
3501 4709 3605 4766 sed

1954 4795 2131 4851 etiam
2164 4797 2449 4851 conferret
2479 4796 2650 4851 nobis
2683 4796 2989 4868 praemium
3026 4800 3249 4852 internas
3289 4798 3605 4855 beatitudi-

1956 4884 2069 4951 nis,
2098 4891 2156 4939 et
2186 4886 2553 4939 mansionem
2586 4886 2642 4939 in
2674 4884 2858 4953 ccelis,
2892 4886 2994 4940 ubi
3020 4886 3145 4959 ipse
3177 4903 3312 4943 cum
3354 4892 3522 4947 Patre
3549 4893 3608 4947 et

1954 4973 2175 5044 Spiritu
2209 4978 2408 5029 sancto
2435 4973 2568 5029 vivit
2591 4980 2648 5030 et
2671 4978 2875 5047 regnat
2906 4991 3010 5046 per
3035 4976 3233 5032 omnia
3263 4978 3474 5034 saecula
3503 4996 3607 5035 sw-

1953 5061 2243 5117 culorum.
2269 5069 2475 5117 Amen.
3326 5064 3333 5069 ’

2021 5150 2273 5206 Nomina
2290 5151 2697 5223 episcoporum
2714 5157 2888 5225 atque
2903 5154 3182 5209 abbatum
3204 5154 3303 5224 qui
3326 5154 3598 5207 interfue-

1952 5244 2090 5294 runt
2110 5240 2333 5311 synodo
2366 5240 2558 5296 Romae
2579 5259 2592 5297 :
2617 5242 2958 5298 Dominicus
2981 5241 3309 5313 patriarcha
3341 5241 3597 5295 Graden-

1953 5328 2055 5395 sis,
2083 5328 2398 5385 Alinardus
2432 5330 2903 5403 archiepiscopus
2934 5327 3361 5402 Lugdunensis,
3390 5327 3600 5385 Leode—

1953 5417 2151 5490 garius
2163 5417 2512 5475 Viennensis
2535 5419 3080 5492 archiepiscopus,H
3091 5436 3122 5472 u
3130 5434 3202 5489 go
3216 5416 3385 5473 Bison
3396 5418 3599 5476 tiensis

1953 5507 2449 5581 archiepiscopus,
2480 5508 2837 5565 Humbertus
2867 5506 3188 5564 Siciliensis
3209 5506 3597 5583 archiepisco-

1953 5615 2085 5677 pus,
2100 5599 2534 5660 Hildebrandus
2546 5597 2864 5679 Capuensis
2878 5597 3373 5676 archiepiscopus,
3392 5604 3597 5665 Petrus
