4088 6174
452 267 594 369 sn

482 472 1958 560 chiepisc0pus,JoannesSenensis,episcopus,Vido
1974 471 2135 560 Vola-

478 559 777 643 terrensis,
792 574 1121 647 episc0pus,
1142 560 1998 626 Crescentius-Silvze-candida:
2012 559 2134 632 epi-

481 681 718 739 scopus,
747 663 1004 721 Joannes
1022 658 1379 715 Veletrensis
1401 654 1730 726 episcopus,
1754 649 2009 706 Joannes
2030 647 2133 703 Os-

478 737 708 822 tiensis,
741 750 1075 821 episcopus,
1118 746 1375 801 Joannes
1412 738 1754 798 Sabiuensis
1801 737 2133 811 episcopus,

479 838 736 900 Joannes
749 836 1096 895 Tiburtinus
1114 831 1446 905 episcopus,
1465 829 1810 885 Benedictus
1827 824 2135 883 Salernita-

480 947 593 986 nus
610 927 943 1000 episcopus,
965 923 1076 977 Leo
1101 919 1541 994 Gageranus[/.,
1559 915 1897 986 Gaietanus]
1913 912 2133 986 episco-

478 1033 613 1089 pus,
630 1019 752 1068 atto
766 1011 1105 1067 Camerinan
1115 1009 1196 1065 sis
1209 1006 1800 1081 episc0pus,Joannes
1812 1003 2136 1060 Siscionen-

481 1103 562 1160 sis
576 1102 957 1174 episcopus,A
969 1097 1205 1154 dalbero
1225 1095 1500 1153 Metensis
1514 1094 1843 1166 episcopus,
1858 1090 2034 1146 Obiso
2048 1089 2135 1144 Pi-

481 1190 674 1248 sensis
687 1188 1019 1263 episcopus,
1037 1185 1319 1241 Henricus
1333 1181 1637 1255 Populonii
1652 1181 1983 1254 episcopus,
2003 1179 2133 1233 Ate-

485 1297 518 1335 n
530 1279 687 1335 ulf‘us
700 1276 1014 1336 Caesenatis
1028 1274 1358 1345 episcopus,
1375 1271 1616 1327 Crcsccn
1626 1271 1742 1325 tius
1760 1266 2026 1324 Cerensis
2056 1266 2136 1338 [id

483 1372 580 1438 est,
606 1365 946 1433 Cerctauus]
965 1363 1295 1434 cpiscopus,
1322 1368 1438 1414 Azo
1460 1355 1980 1414 Centumcellensis
2011 1355 2133 1427 epi-

481 1468 714 1526 scopus,
737 1451 1037 1507 Grrardns
1064 1448 1434 1504 Reatinensis
1457 1447 1789 1520 episcopus,
1824 1444 2135 1500 Bonizotus

479 1539 847 1597 Cariellensis
864 1536 1452 1610 episcopus,Joannes
1465 1533 2130 1606 Suanensisepiscopus,

478 1622 771 1686 Gerardus
788 1626 1135 1683 Rosellanus
1150 1621 1886 1699 cpiscopus,Theodericus
1901 1620 2137 1677 Orhien-

1546 257 1612 317 S.
1659 251 1938 314 LEONIS
1982 249 2061 312 ῙΧ
2108 246 2332 309 PAPIE
2376 244 2815 312 OPUSCULA.

480 393 893 457 Comsanensis
911 391 1406 467 archiepiscopus,
1418 389 1676 445 Joannes
1689 381 2025 440 Portueusis
2039 397 2126 436 ar-
2154 381 2206 448 Α

3762 240 3879 345 6s

2943 377 3187 438 XXXIX.

2364 469 2726 538 Privilegium
2753 469 2948 525 Leonis
2976 470 3052 525 IX
3072 483 3173 541 pro
3200 464 3427 524 ecclesia
3457 462 3773 541 Carrofensi

2862 556 3049 628 (Anno
3082 556 3268 628 1050.)

2499 644 2740 716 [Labbe,
2771 646 3032 701 Biblioih.
3065 662 3190 702 nov.
3216 660 3347 701 mss.
3380 641 3451 710 II,
3482 640 3638 714 757.]

2241 733 2462 801 Πασθηί
2504 731 2758 805 religioso
2794 733 2987 793 abbati
3026 748 3095 788 ex
3121 732 3450 805 monasterio
3493 730 3550 786 S.
3590 729 3884 805 Saluatoris

2312 802 2673 876 Karro/fensis
2718 805 2966 868 camabii,
3014 804 3307 874 conﬁrmat
3365 804 3506 876 bona
3567 802 3886 876 monasterii

2349 891 2434 932 uae
2462 871 2768 931 enumerat.
2790 878 2925 931 Item
2952 876 3056 931 illa
3074 871 3199 942 quae
3216 876 3278 930 in
3303 889 3444 945 pago
3471 874 3764 945 Arvas-nico
3786 871 3882 926 iia-

2349 892 2434 932 uaz
2462 892 2768 931 enumerat.
2790 892 2925 931 uem
2952 892 3056 931 sua
3074 892 3199 942 quae
3216 892 3278 930 in
3303 892 3444 945 pago
3471 892 3764 929 arueran
3786 892 3882 926 na-

2314 892 2532 1021 anlur,
2582 947 2667 1021 uel
2697 949 3019 1021 in_circuilu
3048 947 3184 1021 eius,
3215 961 3335 1017 quae
3364 944 3639 1018 quondam

2313 1018 2497 1073 ablata
2544 1016 2717 1073 eidem
2742 1018 2891 1089 loco,
2924 1022 2977 1073 el
3003 1016 3261 1074 moderns
3290 1016 3527 1089 tempore
3571 1019 3701 1071 sunt
3728 1016 3884 1073 resti-

2316 1092 2434 1143 tuta
2463 1090 2572 1160 ipsi
2593 1105 2695 1160 per
2725 1087 3078 1145 Guilletmum
3098 1087 3413 1214 principem
3440 1088 3812 1143 Arvernorum
3838 1093 3884 1141 el

2316 1176 2411 1214 uer
2439 1162 2580 1214 ﬁlios
2609 1161 2744 1214 eius.
2776 1160 2835 1214 id
2854 1164 2935 1214 est
2953 1168 3096 1214 caste
3121 1161 3235 1214 lum
3255 1160 3310 1214 8.
3341 1161 3529 1214 Yvom'i
3546 1162 3599 1214 et
3622 1156 3884 1214 auidouid

2309 1176 2411 1231 per
2437 1156 2580 1229 ﬁlios
2593 1156 2744 1231 'ejus.
2776 1160 2835 1215 id
2854 1164 2935 1215 est
2953 1156 3235 1215 castellum
3255 1156 3310 1216 8'.
3341 1161 3529 1215 Yvouii
3546 1162 3599 1214 et
3622 1156 3886 1231 quidquid

2314 1228 2385 1285 ad
2413 1228 2596 1303 ipsum
2624 1228 2912 1302 pertinuit,
2942 1237 2997 1287 et
3034 1233 3317 1288 ecclesiam
3347 1228 3885 1303 mammatae-

2313 1299 2454 1357 siam
2476 1299 2776 1372 Moluhgia,
2798 1307 2851 1358 ct
2870 1304 3157 1359 ecclesiam
3174 1303 3513 1367 Nobiliacus,
3534 1305 3586 1357 et
3603 1299 3886 1372 ecclesiam

2317 1369 2735 1445 Chrosogilo,'et
2761 1374 2955 1429 villam
2992 1375 3297 1445 Perusiam.
3336 1377 3389 1427 et
3422 1374 3705 1429 ecclesiam
3743 1369 3884 1429 Gau-

2314 1443 2587 1513 (Iiniaras,
2621 1448 2671 1500 et
2701 1446 2885 1501 omnia
2910 1459 3034 1517 qum
3064 1443 3149 1501 his
3179 1445 3419 1499 ccclesiis
3441 1444 3738 1515 pertinent.

2318 1533 2458 1588 Data
2480 1550 2516 1587 v
2546 1537 2742 1590 Nonas
2779 1532 2914 1589 Maii
2945 1545 3048 1606 per
3081 1547 3295 1589 manus
3326 1530 3477 1587 Petri
3510 1530 3761 1597 diaconi,
3788 1528 3883 1614 Ei-

2243 1620 2601 1677 bliothccarii
2636 1625 2694 1687 et
2718 1620 3069 1690 cancellarii,
3091 1624 3147 1676 S.
3180 1625 3248 1676 Α.
3284 1621 3460 1687 sedis,
3484 1636 3637 1678 anno
3666 1618 3884 1684 domini

478 1718 560 1775 sis
578 1716 911 1790 episcopus,
935 1715 1193 1770 Atdedns
1214 1713 1644 1785 Wilgradensis
1665 1711 1998 1810 episcopus,
2022 1710 2133 1765 Leo
2162 1746 2210 1810 B
2244 1710 2451 1765 Leonis
2480 1711 2551 1766 IX
2576 1727 2737 1784 papae
2770 1727 2828 1777 η,
2848 1710 3164 1767 indictione
3196 1727 3280 1767 ιιι.

480 1804 771 1863 Murensis
785 1803 1117 1878 episcopus,
1143 1802 1326 1858 Mazio
1342 1800 1781 1857 Montis-viridis
1797 1798 2129 1871 episcopus,

478 1895 674 1951 Bonus
692 1897 1002 1952 Petroraus
1021 1891 1109 1964 [[2,
1137 1890 1475 1961 Perusinus]
1499 1889 1830 1962 episcopus,
1849 1886 2133 1942 Henricus

481 1970 829 2057 Spoletanus
860 1982 1190 2056 episcopus.
1225 1979 1558 2035 Bernardus
1587 1976 1946 2033 Pataviensis
1976 1975 2134 2048 epis-

481 2088 683 2146 copus.
731 2069 1029 2126 Walterus
1060 2067 1414 2124 Veronensis
1446 2067 1774 2139 episcopus,
1819 2064 2132 2119 Ysembar-

482 2163 593 2218 dus
622 2158 941 2217 Teanensis
975 2157 1307 2231 episcopus,
1346 2155 1551 2211 Petrus
1582 2153 1963 2211 Bituricensis
1994 2151 2133 2223 [Bit-

479 2249 784 2319 tcrrensis]
828 2247 1159 2320 episcopus,
1212 2249 1351 2300 Arto
1393 2243 1757 2299 Marsicanus
1801 2242 2132 2315 episcopus,

484 2339 595 2394 Leo
625 2338 882 2393 Soranus
902 2335 1239 2407 episcopus,
1266 2332 1616 2406 Benedictus
1649 2330 1982 2387 Berulensis
2012 2331 2134 2402 epi-

482 2441 713 2499 scopus,
744 2428 857 2481 Aso
888 2423 1213 2479 Solinensis
1256 2422 1591 2494 episcopus,
1622 2420 1952 2493 Attigrinus
1983 2421 2133 2475 Imo-

482 2514 662 2571 lensis
702 2513 1029 2587 episcopus,
1068 2510 1359 2566 Gerardus
1401 2509 1771 2566 Florentiuus
1798 2507 2132 2581 episcopus,

484 2603 811 2660 Fridericus
833 2600 1158 2656 Genuensis
1182 2599 1513 2671 episcopus,
1535 2597 1840 2654 Gosfridus
1852 2597 2134 2653 Constan-

481 2691 694 2747 tiensis
740 2690 1072 2762 episcopus,
1118 2687 1348 2743 Mannis
1392 2686 1754 2744 Redonensis
1802 2686 2131 2759 episcopus,

482 2779 569 2836 Hu
578 2795 649 2854 go
662 2777 1037 2841 vaernensis
1050 2772 2135 2848 episcopus,lsembaldusPictaviensis

484 2868 817 2941 episcopus,
849 2866 1124 2922 Arnolfus
1145 2864 1530 2921 Santonensis
1561 2863 1890 2936 episcopus,
1924 2862 2134 2918 Ardui-

486 2972 600 3010 nus
612 2955 957 3010 Tuderanus
980 2954 1481 3027 episcopus,Hugo
1494 2952 1938 3009 archidiaconus
1952 2951 2136 3008 Eccle-

488 3043 587 3098 sia:
618 3043 913 3109 Romanis,
960 3043 1165 3098 Petrus
1205 3043 1470 3114 ejusdem
1512 3041 1779 3098 Ecclesiae
1829 3041 2131 3107 diaconus,

486 3131 662 3187 etiam
689 3129 1069 3187 cancellarius
1100 3136 1157 3186 et
1186 3113 1827 3199 bibliothecarius,Sico
1860 3130 2130 3202 primice-
2161 3113 2203 3180 C

484 3219 602 3276 rias
622 3218 810 3292 ipsius
829 3219 1151 3289 Eccclesiaa,
1177 3219 1503 3277 Richardus
1532 3220 1713 3276 abbas
1734 3219 1929 3275 Sancti
1951 3218 2130 3274 Bene-

368 3346 373 3351 -
484 3308 645 3373 dicti,
696 3308 860 3379 Hugo
910 3308 1091 3363 abbas
1138 3307 1555 3375 Cluniacensis,
1602 3310 1904 3375 Airardus,
1951 3308 2132 3363 abbas

484 3395 683 3450 Sancti
712 3394 898 3459 Pauli,
918 3395 1175 3450 Joannes
1196 3395 1378 3451 abbas
1410 3397 1607 3452 Sancti
1632 3397 1813 3463 Sabas,
1849 3397 2133 3452 Reinerus

484 3484 666 3540 abbas
698 3483 898 3539 Sancti
918 3483 1374 3553 Cosmaa,Petrus
1405 3485 1587 3540 abbas
1607 3485 1801 3540 Sancti
1830 3484 2131 3546 Bonifacii.

482 3571 738 3628 Joannes
768 3570 952 3626 abbas
973 3569 1170 3626 Sancti
1190 3569 1697 3638 Vitalis,Joannes
1727 3573 1907 3627 abbas
1937 3570 2134 3627 Sancti

485 3658 805 3731 Laurentii,
829 3658 1118 3715 Bonactus
1142 3658 1322 3713 abbas
1344 3658 1537 3714 Sancti
1559 3658 1826 3730 Joannis,
1850 3659 2133 3715 Richerus

485 3749 667 3806 abbas
699 3748 892 3804 Sancti
923 3747 1166 3813 Juliani,
1197 3747 1495 3802 Liut‘ridus
1542 3749 1725 3804 abbas
1768 3748 1963 3803 Sancti
1994 3748 2131 3803 Viu-

483 3838 681 3904 centii,
714 3836 1020 3895 Gosi‘ridus
1052 3837 1234 3891 abbas
1271 3835 1342 3890 dc
1370 3835 1739 3910 Reigelliaco,
1771 3836 2137 3892 Valerandus

488 3928 687 3983 Abbas
716 3925 916 3982 Sancti
940 3925 998 3981 S.
1033 3925 1249 3995 Vitoni,
1274 3924 1560 3983 Cervinus
1590 3924 1769 3981 abbas
1800 3925 1998 3981 Sancti
2035 3924 2136 3981 Ri-

485 4013 690 4078 charii,
715 4013 1057 4069 Vincentius
1079 4015 1262 4070 abbas
1289 4015 1484 4070 Sancti
1506 4015 1794 4081 Januarii,
1820 4015 1931 4070 Leo
1954 4015 2137 4069 abbas

486 4102 685 4158 Sancti
715 4101 989 4168 Cornelii,
1013 4103 1302 4158 Martinus
1326 4104 1507 4159 abbas
1528 4103 1722 4159 Sancti
1755 4103 1946 4170 Blasii,
1982 4102 2139 4159 Felix

488 4190 671 4245 abbas
700 4188 900 4246 Sancti
945 4192 1206 4258 Andreas,
1239 4190 1565 4247 Richardus
1596 4192 1777 4248 abbas
1807 4192 1993 4248 sancti
2026 4192 2139 4246 Ra-

488 4278 772 4351 gneberti,
819 4279 978 4333 Dudo
1026 4279 1207 4334 abbas
1268 4280 1492 4335 Sanctae
1540 4281 1759 4347 Mariae,
1797 4280 2139 4337 Peneresius

489 4368 671 4423 abbas
703 4367 900 4423 Sancti
920 4365 1261 4437 Salvatoris,
1281 4368 1463 4440 Agino
1495 4368 1676 4424 abbas
1699 4369 1897 4425 Sancti
1922 4369 2138 4424 Silves-

488 4455 587 4521 tri,
618 4456 803 4512 Adam
836 4456 1018 4512 abbas
1044 4455 1240 4511 Sancti
1265 4457 1447 4521 Isaac,
1473 4457 1704 4512 Theuso
1735 4458 1916 4513 abbas
1945 4457 2139 4513 Sancti

376 4602 382 4610 ,
494 4545 671 4614 Petri,
702 4545 912 4601 Bonizo
943 4545 1125 4601 abbas
1157 4545 1353 4601 Sancti
1383 4545 1557 4613 Petri,
1590 4546 1932 4601 Vinrrntius
1963 4547 2145 4602 abbas

492 4636 692 4690 Sancti
722 4633 1008 4701 Januarii,
1042 4630 1282 4689 Urlinus
1312 4633 1494 4691 abbas
1542 4637 1735 4691 Sancti
1767 4638 1835 4707 A1.
1855 4635 2139 4701 ollinaris,

493 4722 668 4778 Wido
700 4724 883 4779 abbas
905 4723 1102 4779 Sancti
1124 4723 1339 4789 Severi,
1363 4724 1549 4778 Leuzo
1569 4724 1747 4779 abbas
1776 4725 1998 4779 Sancte
2022 4723 2141 4778 Ma-

496 4810 617 4874 rias,
650 4809 922 4867 Albricus
952 4812 1135 4867 abbas
1155 4811 1353 4868 Sancti
1377 4812 1641 4878 Zenonis,
1673 4812 1929 4867 Joannes
1962 4813 2143 4869 abbas

495 4892 694 4951 Sancti
719 4896 1055 4966 Salvatoris,
1089 4905 1380 4955 Bonactus
1404 4901 1585 4956 abbas
1605 4900 1799 4955 Sancti
1831 4900 2145 4957 Salvatoris

498 4987 690 5039 Laetus
721 4983 916 5039 Sancti
945 4985 1171 5057 Angeli,
1205 4988 1536 5059 Stephanus
1568 4988 1745 5042 abbas
1767 4990 1959 5044 Sancti
1991 4989 2143 5044 Tho-

499 5089 630 5145 mas,
663 5071 950 5129 Rodulfus
997 5075 1180 5131 abbas
1212 5076 1403 5131 Sancti
1440 5076 1609 5132 Petri.

572 5381 720 5467 (1331)
751 5381 1086 5468 Legendum
1103 5382 1331 5468 videtur
1348 5385 1543 5454 Alano,
1577 5383 1695 5468 ἕξις»
1718 5383 1940 5468 scilicet
1962 5386 2148 5468 Hoelli

502 5454 1027 5534 ducis,qui_:e_ti_am
1059 5461 1263 5534 postea
1291 5458 1409 5514 dux
1437 5455 1621 5517 evasit
1649 5456 1963 5517 Britannias
1992 5458 2148 5518 scili-

502 5529 593 5584 cet
621 5541 774 5583 anno
804 5526 963 5588 1084.

2243 1916 2298 1972 S.
2332 1918 2544 1987 Leonis
2592 1916 2658 1970 IX
2701 1916 2936 1987 epistola
2993 1827 3389 1987 atLpri-nczpes
3436 1916 3764 1987 Britannias.
3822 1944 3886 1956 -—

2308 1986 2649 2042 Sententiam
2679 1986 2775 2043 vro
2807 1986 3121 2041 Turonensi
3136 1986 3377 2042 Ecclesia
3413 1987 3667 2043 adversus
3696 1986 3885 2042 Dolen-

2312 2074 2424 2113 sem
2450 2058 2796 2131 pronuntiat,
2837 2059 3140 2114 resistentes
3168 2066 3220 2113 et
3246 2058 3582 2114 Simoniacos
3618 2061 3788 2131 atque
3818 2058 3887 2123 ab

2312 2131 2389 2185 cis
2418 2130 2695 2185 ordinatos
2723 2131 3178 2185 excommunicat.

2858 2217 3051 2289 (Anno
3080 2217 3268 2289 4059.)

2502 2307 2769 2378 [Martem
2803 2306 3103 2363 Thesaurus
3135 2306 3327 2363 Anecd.
3362 2307 3458 2376 III,
3482 2306 3634 2378 869.]

2315 2424 2429 2479 Lso
2479 2425 2691 2480 sanctae
2732 2422 2888 2479 sedis
2930 2420 3257 2495 apostolicae
3290 2423 3479 2495 gratia
3510 2421 3608 2478 Dei
3643 2438 3798 2495 papa
3826 2422 3883 2478 Ε.

2242 2511 2389 2583 (130)
2419 2511 2722 2567 Britonum
2754 2511 3001 2586 principi
3050 2515 3239 2567 Arum
3272 2511 3419 2583 (131)
3460 2511 3658 2568 comiti
3703 2515 3763 2567 et
3793 2528 3889 2568 ca-

2241 2599 2381 2656 teris
2408 2599 2774 2674 principibus
2804 2598 3114 2656 Britannias
3138 2599 3463 2656 secundum
3485 2599 3669 2656 Deum
3699 2600 3887 2669 vivere

2240 2688 2572 2745 volentibus
2601 2688 2719 2745 vita
2749 2691 2806 2745 et
2837 2687 3017 2746 salus.
3574 2692 3579 2701 ’

2310 2777 2372 2832 In
2407 2777 2641 2850 scriptis
2671 2781 2928 2832 veterum
2980 2776 3306 2851 reperimus
3334 2792 3537 2833 omnes
3582 2775 3886 2850 episcopos

2239 2870 2353 2921 tuas
2386 2866 2585 2939 patriae
2617 2864 3054 2939 archiepiscopo
3102 2865 3391 2922 Turonico
3433 2865 3732 2938 subiectos
3764 2881 3887 2922 esse

2242 2955 2469 3011 debere.
2519 2955 2600 3011 De
2647 2973 2763 3027 qua
2810 2974 2870 3010 re
2910 2954 3130 3011 Nicolai
3188 2972 3351 3027 papa
3395 2953 3790 3027 temporibus,
3836 2956 3890 3010 et

2240 3043 2503 3112 Joannis,
2536 3042 2885 3115 Leonisque,
2917 3048 2974 3099 et
3004 3046 3344 3099 caeterorum
3375 3059 3629 3117 quorum
3648 3043 3891 3103 nomina

2242 3131 2498 3187 inserere
2527 3131 2765 3203 longum
2805 3136 2912 3198 est,
2946 3130 3167 3189 clamor
3197 3131 3384 3188 factus
3416 3135 3524 3188 est.
3546 3131 3635 3188 Ex
3670 3132 3887 3204 quibus

2240 3219 2510 3275 Nicotaus
2544 3235 2696 3292 papa
2716 3218 2941 3276 litteras
2972 3218 3271 3275 Salomoni
3302 3219 3424 3292 regi
3457 3219 3770 3277 Britonum
3801 3218 3889 3283 di-

2243 3326 2268 3363 r
2290 3308 2406 3373 ‘xit,
2433 3309 2489 3363 in
2516 3308 2732 3380 quibus
2754 3307 3036 3382 praecipit,
3067 3312 3133 3364 ut
3160 3324 3362 3365 omnes
3393 3324 3511 3363 suae
3534 3306 3739 3381 patriae
3772 3307 3889 3381 epi-

2242 3396 2403 3469 scopi
2443 3397 2745 3452 Turonicae
2791 3395 3061 3453 Ecclesiae
3112 3395 3360 3467 subjecti
3399 3395 3535 3452 sint.
3592 3394 3707 3454 Alii
3762 3411 3890 3467 vero

2243 3484 2544 3557 apostolici
2562 3485 2796 3542 eosdem
2815 3484 3134 3558 apostolica
3149 3483 3493 3541 auctoritate
3504 3483 3576 3540 ob
3590 3484 3647 3540 id
3660 3499 3897 3542 excom-

2244 3573 2705 3628 municaverunt.
2740 3574 2827 3628 Ad
2860 3590 2968 3630 nos
2998 3590 3230 3647 quoque
3252 3573 3311 3629 in
3341 3569 3609 3631 Remensi
3641 3572 3896 3630 concilio

2244 3661 2463 3717 clamor
2483 3662 2558 3716 hu
2561 3662 2825 3733 jusmodi
2848 3662 3124 3736 delapsus
3154 3666 3241 3719 est
3265 3679 3278 3718 :
3304 3679 3411 3718 nos
3442 3662 3659 3730 statim,
3683 3661 3903 3734 utipsa

2245 3754 2431 3802 voster
2479 3750 2952 3823 archiepiscopus
2991 3767 3125 3806 cum
3158 3750 3281 3807 suis
3314 3748 3590 3822 subjectis
3621 3749 3900 3807 Romano

2245 3836 2490 3893 concilio
2523 3853 2813 3911 praesens
2844 3839 3093 3907 adesset,
3130 3855 3244 3895 non
3270 3839 3461 3896 solum
3484 3840 3556 3895 de
3575 3838 3685 3895 hac
3718 3855 3902 3909 causa

2247 3925 2586 3982 redditurus
2615 3928 2923 3993 rationem,
2957 3928 3057 3984 sed
3087 3927 3263 3984 etiam
3295 3928 3366 3987 de
3394 3928 3504 3984 hoc
3528 3927 3683 4001 quod
3718 3929 3898 4001 simo-

2248 4015 2452 4071 niacus
2501 4033 2636 4072 cum
2668 4015 2787 4072 suis
2818 4016 3204 4090 suﬂ‘raganeis
3235 4032 3365 4072 esse
3394 4016 3816 4089 comprobatur
3843 4019 3904 4083 et

2247 4104 2431 4176 exlex,
2485 4120 2751 4178 quaerens
2801 4120 2928 4178 quae
2978 4110 3119 4162 sunt
3157 4104 3387 4173 mundi,
3420 4121 3537 4161 non
3569 4121 3696 4178 quae
3721 4106 3901 4163 Jesu-

2248 4194 2461 4250 Christi
2482 4212 2495 4262 ;
2521 4193 2744 4267 legatos
2755 4194 2930 4249 etiam
2945 4193 3219 4251 Turonici
3237 4192 3671 4266 archipresulis
3692 4188 3904 4266 adesse

2249 4281 2645 4355 praecipimus.
2676 4281 2871 4355 Legati
2922 4281 3195 4339 Turonici
3246 4282 3582 4347 adfuerunt,
3613 4285 3904 4350 vestr’ates

2250 4371 2554 4444 pontifices
2593 4386 2727 4427 cum
2766 4386 2873 4426 suo
2925 4370 3112 4445 capite
3151 4387 3213 4427 se
3259 4371 3696 4428 subtraxerunt.
3731 4368 3905 4449 Nullo

2174 4480 2219 4546 Ι)
2255 4460 2453 4532 itaque
2477 4459 2649 4516 modo
2673 4459 2919 4531 probare
2935 4459 3235 4533 potuimus
3264 4459 3434 4516 illum
3466 4460 3731 4523 vestrum
3759 4466 3904 4533 pm-

2255 4548 2445 4604 sulem
2477 4547 2983 4622 archiepiscopum
3013 4564 3141 4605 esse
3159 4548 3390 4618 debere,
3415 4549 3747 4622 praesertim
3771 4562 3906 4619 cum

2253 4637 2728 4710 archiepiscopus
2744 4637 2869 4693 sine
2889 4637 3024 4694 sede
3053 4637 3329 4706 civitatis,
3356 4638 3483 4694 sine
3504 4636 3679 4711 pallio
3712 4636 3909 4694 archi-

2252 4725 2566 4800 episcopali
2584 4742 2696 4781 non
2714 4726 2900 4798 possit
2921 4725 3141 4782 haberi.
3165 4725 3765 4783 Excommuniramus
3783 4742 3911 4784 om-

2254 4830 2358 4870 nes
2400 4816 2508 4870 hos
2556 4816 2626 4871 de
2680 4814 2899 4887 quibus
2939 4830 3131 4871 sermo
3175 4819 3266 4871 est
3304 4833 3372 4871 ex
3403 4815 3756 4873 auctoritate
3810 4813 3913 4871 Dei

2252 4903 2463 4972 Patris,
2501 4907 2557 4958 et
2588 4903 2736 4974 Filii,
2767 4905 2824 4957 et
2854 4902 3107 4976 Spiritus
3153 4903 3361 4974 sancti,
3410 4903 3715 4975 sanctique
3757 4901 3914 4959 Petri

2255 4998 2310 5048 et
2334 4997 2553 5056 nostra,
2589 5009 2702 5047 non
2730 4991 2920 5048 solum
2946 4997 3182 5065 propter
3202 4993 3351 5049 hanc
3382 4993 3914 5066 praesumptionem

2258 5097 2375 5154 qua
2415 5080 2624 5153 subjici
2670 5081 2971 5137 Turonica:
3020 5080 3285 5138 Ecclesiae
3336 5080 3756 5154 dedignantur,
3812 5079 3915 5137 scd

2331 5384 2478 5514 (13Οέ
2521 5385 2669 5469 Lege
2709 5383 2794 5451 C.,
2845 5384 3067 5443 scilicet
3112 5390 3367 5469 Conano,
3412 5383 3620 5469 hujus.
3646 5381 3922 5441 nominis

2331 5475 2437 5514 cun
2483 5474 2537 5514 ο.
2562 5473 2663 5514 σαι
2679 5460 2943 5514 tempore
2958 5457 3169 5514 Leonis
3186 5475 3349 5514 name
3360 5458 3673 5514 Britannia
3689 5455 3922 5514 ducatu

2258 5455 2663 5588 εθῗῗθιὶεέίῖἶιὲᾖὶ
2679 5460 2943 5531 tempore
2958 5457 3169 5517 Leonis
3185 5475 3349 5533 papas
3360 5455 3673 5514 Britannia
3689 5455 3923 5515 ducatu

2258 5547 2333 5608 po
2598 5569 2611 5586 .
