4088 6174
194 274 294 336 653

1142 273 1543 337 EPISTOLJE
1585 276 1687 339 ET
1729 277 2092 340 DECRETA
2133 280 2602 345 PONTIFICIA.

3451 293 3588 362 ΒΜ

189 403 366 473 tionis,
413 403 739 476 quidquam
784 403 1072 461 violentiae
1123 411 1223 462 aut
1269 409 1480 480 rapinae
1530 410 1589 465 in
1641 411 1816 466 rebus
1847 413 1900 477 Α
1928 412 2231 484 multoque
2290 420 2574 488 tempore
2607 430 2806 473 secum
2856 417 3123 484 retinuit;
3173 419 3231 474 in
3285 395 3400 492 quo
3445 421 3571 479 loco

184 494 428 567 ejusdem
461 493 803 550 monasterii
838 495 1094 550 et'etiam
1130 496 1292 553 cellis
1344 499 1688 555 nominatim
1722 517 1814 555 sa-

183 584 378 656 crilega
395 599 575 640 manu
593 583 963 640 committere
993 586 1613 644 audeat.Conredimus
1639 589 1815 645 etiam

182 674 276 746 ipsi
304 677 494 728 vestro
527 672 881 728 monasterio
903 673 1261 730 abbatiolam
1286 678 1604 748 quamdam
1631 679 1816 734 sancti

179 761 411 818 Victoris
441 761 681 817 nomine
710 762 865 834 apud
896 762 1266 820 Valentinam
1291 765 1585 822 civitatem
1617 768 1814 836 sitam,

182 867 338 922 quam
371 850 541 906 nobis
558 849 618 907 in
637 850 768 922 ipsa
787 852 1009 924 synodo
1025 851 1213 924 ipsius
1235 853 1486 910 civitatis
1509 855 1818 927 episcopus

180 939 403 995 Pontius
435 939 711 994 manibus
743 940 960 994 nostris
991 941 1247 996 reddidit
1275 947 1331 996 et
1361 959 1463 1013 per
1491 944 1690 998 omnia
1728 961 1815 999 re-

180 1027 387 1095 iutavit,
420 1032 679 1100 tuncque
709 1044 898 1100 usque
933 1030 1152 1100 injuste
1182 1031 1472 1086 detentam
1505 1033 1576 1086 ab
1608 1034 1817 1088 abbate

175 1118 224 1174 S.
256 1116 636 1173 Theodofredi
666 1134 734 1173 ex
756 1121 1022 1190 tempore
1053 1119 1436 1175 desolationis
1473 1123 1815 1178 monasterii

173 1207 223 1262 S.
256 1206 518 1261 Victoris.
551 1206 886 1262 Statuentes
916 1207 1237 1279 apostolica
1285 1226 1533 1265 censura
1577 1228 1646 1266 ne
1699 1212 1817 1266 ulla

173 1311 422 1366 unquam
453 1294 761 1351 hominum
793 1298 1484 1370 persona,cujuscunque
1509 1301 1815 1371 potestatis

168 1384 244 1440 vel
273 1383 1061 1457 conditionis,cujuscunque
1091 1403 1266 1442 sexus
1298 1392 1355 1442 et
1387 1388 1817 1456 aetatis,contra

168 1473 302 1530 hanc
324 1477 540 1529 nostrae
600 1474 932 1546 apostolicae
992 1475 1362 1532 auctoritatis
1413 1477 1812 1535 defensionem

164 1563 344 1619 venire
405 1566 727 1635 praetentet.
771 1563 934 1627 Quod
987 1565 1038 1618 si
1083 1581 1266 1620 ausus
1318 1565 1512 1637 fuerit,
1571 1567 1812 1639 cuspide

166 1650 548 1706 anathematis
574 1652 1073 1707 transverberatus
1104 1652 1216 1708 erit
1246 1670 1435 1726 usque
1464 1656 1537 1710 ad
1569 1656 1811 1728 dignam

163 1740 636 1796 satisfactionem.
673 1740 778 1806 Qui
812 1758 944 1796 vero
974 1758 1037 1797 se
1069 1743 1142 1797 ab
1191 1741 1300 1798 hac
1353 1744 1812 1816 praesumptione

164 1828 516 1896 custodierit,
552 1828 1017 1886 benedictionem
1065 1848 1098 1885 ο.
1141 1830 1386 1887 Domino
1434 1833 1549 1888 Deo
1599 1851 1809 1891 conse-

164 1923 363 1990 quatur
394 1921 458 1972 et
486 1922 712 1974 aeternas
740 1918 872 1974 vitae
905 1920 1196 1992 particeps
1231 1921 1537 1976 efﬁciatur.

222 2008 356 2064 Data
378 2025 464 2064 vn
499 2007 635 2063 Idus
678 2007 1043 2079 Septembris
1071 2026 1176 2080 per
1219 2026 1430 2066 manus
1477 2011 1627 2067 Petri
1681 2012 1809 2067 dia-

164 2095 748 2164 coni,bibliothecarii
779 2099 837 2152 et
873 2096 1201 2152 cancellarii
1234 2103 1446 2153 sanctae
1480 2099 1808 2170 apostolicae

160 2185 315 2251 sedis,
346 2202 512 2241 anno
545 2184 778 2241 Domini
811 2185 968 2260 1050,
1007 2186 1223 2242 Leonis
1257 2187 1392 2242 noni
1428 2205 1588 2260 papae
1624 2205 1682 2255 II,
1718 2189 1806 2243 in-

157 2273 391 2331 dictione
428 2291 514 2331 1v.

882 2380 1072 2435 XLIV.

159 2469 452 2540 [Heinr-ica]
488 2470 815 2540 imperatori
841 2471 1208 2542 Romanorum
1237 2477 1287 2524 et
1318 2471 1437 2538 regi
1463 2471 1807 2542 Burgundio-

214 2559 356 2613 num,
388 2542 670 2613 episcOpis
701 2548 754 2596 et
774 2541 1123 2613 principibas
1155 2543 1394 2612 regionis
1424 2541 1587 2597 illius
1616 2544 1808 2600 Roma-

214 2611 349 2668 num'
369 2611 779 2668 monasterium
808 2611 1175 2674 commendat.

779 2702 961 2772 (Anno
992 2701 1176 2771 1050.)

157 2791 440 2860 [Mernoires
471 2799 526 2847 et
554 2791 890 2846 Documents
919 2789 987 2844 de
1018 2789 1074 2844 ια
1101 2790 1312 2846 Societe
1337 2791 1618 2848 d’histoire
1659 2793 1722 2848 de
1753 2794 1807 2848 la

738 2861 941 2929 Suisse,
975 2877 1036 2932 p.
1070 2861 1220 2930 1119.]

217 2987 324 3043 Leo
352 2989 698 3060 episcopus,
730 3002 933 3042 servus
967 3001 1266 3041 servorum
1307 2986 1556 3056 Domini,
1609 2988 1676 3042 H.
1711 2988 1804 3042 di-

158 3076 475 3135 lectissimo
499 3076 619 3132 ﬁlio
641 3075 983 3148 imperatori
1017 3076 1411 3132 Romanorum
1443 3083 1500 3132 et
1522 3077 1638 3150 regi
1665 3078 1806 3132 Bur-

1926 500 2114 557 multa
2144 503 2429 560 miracula
2446 521 2548 576 per
2564 523 2699 561 eum
2720 506 3003 564 Dominus
3021 508 3296 580 dignatus
3327 509 3574 584 est’ope-

1927 606 2072 646 rare.
2109 591 2180 646 Ut
2209 593 2280 647 de
2320 595 2542 650 caeteris
2595 600 2840 666 taceam,
2869 603 2935 652 ut
2981 597 3115 651 libri
3166 596 3326 653 illius
3371 615 3576 655 mona-

1927 679 2087 732 sterii
2119 679 2530 750 (Romanensis
2583 684 2922 738 monasterii
2954 700 3023 740 ou
3059 685 3573 757 Romainmoutier).

1924 765 2437 838 loquuntur,visus
2469 776 2558 826 est
2591 772 2963 842 praesentiam
2997 772 3398 845 apostolorum
3420 771 3576 830 Petri

1926 859 1985 910 et
2012 856 2173 912 Pauli
2207 862 2264 912 et
2292 858 2598 914 beatorum
2641 866 2965 934 martyrum
3016 862 3096 916 ibi
3145 862 3575 932 quiescentium

1927 944 2038 998 sibi
2072 944 2378 1010 allocutos,
2412 953 2477 1001 ut
2508 948 2814 1004 ecclesiam
2847 949 3008 1004 illam
3042 950 3440 1020 apostolorum
3468 967 3574 1006 au-

1927 1033 2187 1088 ctoritate
2219 1034 2583 1101 sublimaret,
2634 1043 2688 1092 et
2736 1039 3141 1109 supradictum
3193 1054 3387 1109 regem
3419 1039 3481 1094 P.
3519 1043 3576 1094 et

1926 1120 2076 1176 ﬁlios
2106 1125 2234 1192 ejus
2274 1139 2438 1194 reges
2485 1125 2724 1196 eligeret
2752 1131 2809 1180 et
2839 1132 3223 1194 consecraret,
3274 1131 3331 1181 et
3379 1127 3576 1182 divina

1926 1213 1983 1262 et
2008 1209 2326 1280 apostolica
2351 1214 2692 1268 auctoritate
2724 1215 3060 1286 praeciperet
3090 1221 3154 1268 ut
3184 1214 3384 1270 nullus
3417 1232 3572 1271 mor-

1926 1296 2134 1352 talium
2162 1315 2265 1371 per
2295 1301 2668 1357 succedentia
2699 1307 2965 1374 tempora
2994 1303 3052 1356 in
3087 1302 3184 1358 illo
3228 1319 3426 1375 regno,
3457 1304 3574 1360 nisi

1926 1386 1997 1440 de
2028 1386 2261 1442 illorum
2308 1390 2580 1461 prosapia
2610 1396 2664 1445 et
2694 1392 3015 1463 propagine
3057 1407 3254 1464 regem
3304 1392 3576 1450 ordinare

1926 1475 2187 1530 auderet.
2223 1478 2284 1532 In
2339 1479 2678 1550 supradicto
2708 1495 2842 1535 vero
2875 1479 3107 1552 negotio
3156 1484 3214 1535 et
3264 1479 3471 1536 itinere
3514 1482 3575 1537 in

1925 1564 2279 1636 quibusdam
2305 1567 2657 1624 Jurensibus
2688 1569 2954 1639 partibus
2997 1568 3188 1640 posito
3220 1570 3577 1626 monasterio

1916 1653 2100 1721 jussit
2124 1653 2236 1709 sibi
2270 1655 2592 1726 hospitium
2623 1673 2982 1728 praeparare;
3017 1658 3119 1713 sed
3169 1664 3482 1730 susceptus
3521 1662 3579 1715 et

1926 1743 2162 1796 servitio
2194 1742 2585 1798 habitantium
2617 1745 2928 1812 fruitus,ut
2958 1751 3082 1802 erat
3110 1746 3244 1817 pius
3276 1752 3334 1801 et
3354 1747 3577 1802 miseri-

1923 1847 2074 1897 cors,
2105 1830 2425 1902 hospitium
2461 1832 2708 1904 benigne
2749 1835 3011 1906 suscepit
3042 1851 3054 1888 :
3089 1839 3146 1889 et
3175 1851 3244 1889 ex
3290 1834 3575 1890 charitate

1920 1919 2113 1974 locum
2165 1919 2464 1975 benedixit
2505 1926 2562 1976 et
2605 1921 3008 1989 sanctiﬁcavit,
3045 1926 3100 1976 et
3159 1923 3229 1976 ad
3288 1922 3573 1978 honorem

1920 2007 2318 2080 apostolorum
2352 2009 2629 2066 ecclesias
2661 2010 2738 2064 ibi
2773 2010 3134 2066 consecravit
3153 2015 3209 2066 et
3238 2011 3572 2066 Romanum

1922 2099 2343 2153 monasterium
2377 2100 2716 2154 nominavit.
2751 2099 2859 2162 Qui
2890 2099 3076 2166 locus,
3109 2105 3176 2154 ut
3215 2100 3571 2168 audivimus,

1921 2190 2123 2258 postea
2170 2203 2203 2240 a
2257 2187 2430 2242 malis
2480 2187 2821 2244 hominibus
2867 2193 2924 2243 et
2969 2189 3041 2243 ab
3099 2187 3453 2260 importunis
3483 2189 3574 2244 vi-

1921 2276 2069 2330 cinis
2139 2275 2456 2331 destitutus
2525 2281 2641 2342 est;
2703 2277 2803 2332 sed
2871 2276 3116 2332 Domino
3176 2281 3474 2333 annuente
3540 2295 3575 2334 a

1920 2380 2054 2436 rege
2105 2364 2411 2420 Chonrado
2460 2368 2516 2420 et
2565 2365 2826 2434 Matilda,
2860 2366 2989 2436 ejus
3038 2367 3288 2438 conjuge
3319 2365 3572 2422 nobilis-

1901 2451 2071 2509 sima
2137 2455 2311 2509 beatae
2378 2454 2820 2522 recordationis,
2882 2453 3091 2510 Maiolo
3145 2459 3202 2510 et
3263 2471 3567 2512 successo-

1918 2541 2081 2596 ribus
2130 2543 2258 2612 ejus
2305 2543 2611 2598 monachis
2659 2543 3124 2610 commendatus,
3171 2560 3274 2614 per
3329 2543 3568 2600 illorum

1917 2631 2180 2685 studium
2213 2631 2284 2685 ad
2318 2631 2654 2686 saecularem
2683 2632 2960 2687 honorem
3011 2635 3068 2685 et
3115 2631 3188 2685 ad
3221 2631 3566 2703 religionem

1918 2720 2303 2775 monasticam
2336 2720 2624 2776 deductus
2656 2728 2763 2786 est,
2810 2726 2866 2775 et
2913 2718 3238 2774 restitutus.
3273 2719 3379 2775 Illa
3407 2720 3565 2775 ordi-

1916 2809 2075 2864 natio
2107 2808 2258 2864 beati
2291 2808 2484 2863 Maioli
2518 2813 2573 2864 et
2599 2810 2750 2880 regis
2780 2813 2836 2862 et
2865 2807 3074 2881 reginae
3104 2808 3219 2862 ﬁxa
3249 2811 3308 2863 et
3336 2807 3579 2867 stabilis.

1917 2903 2274 2970 permaneat.
2308 2897 2590 2952 Caeterum
2649 2897 2776 2952 volo
2825 2901 2889 2951 ut
2937 2913 3028 2952 res
3079 2897 3153 2952 ad
3187 2914 3293 2953 nos
3336 2914 3569 2970 semper

1916 2986 2217 3058 respiciat;
2252 2985 2334 3040 ita
2363 2991 2428 3042 ut
2459 2987 2508 3040 si
2539 2985 2751 3057 aliquis
2783 2985 2863 3040 ibi
2895 2985 3173 3056 injuriam
3204 2987 3406 3043 fecerit
3423 2992 3481 3044 et
3501 3005 3571 3044 ex

1916 3081 2117 3130 nostra
2146 3078 2308 3146 parte
2331 3080 2388 3130 et
2408 3090 2814 3130 successorum
2838 3080 3176 3131 nostrorum
3209 3076 3569 3132 reclamatio-

151 3165 835 3239 gundionum,episcopis
857 3169 916 3222 et
936 3165 1303 3238 principibus
1333 3166 1586 3238 regionis
1617 3166 1798 3236 illius,
1834 3145 1876 3212 (ἶ
1915 3180 2048 3219 nem
2082 3163 2332 3218 audierit
2351 3166 2407 3218 et
2426 3161 2677 3218 noluerit
2697 3163 3008 3218 emendare
3040 3165 3112 3218 ad
3146 3163 3386 3236 plenum
3413 3163 3563 3220 sciat

147 3254 400 3312 salutem
432 3261 494 3311 et
541 3254 922 3328 apostolicam
952 3254 1442 3310 benedictionem.

217 3344 370 3399 Volo
402 3343 556 3400 scire
581 3343 1034 3400 dominationem
1054 3346 1308 3400 vestram
1327 3349 1383 3399 et
1398 3360 1802 3401 successorum

152 3435 495 3488 vestrorum
527 3430 660 3503 quia
685 3431 1104 3488 monasterium
1137 3431 1293 3503 quod
1327 3435 1564 3486 vocatur
1592 3432 1802 3488 Roma-

153 3537 299 3576 num
339 3520 454 3576 fuit
485 3521 780 3592 quondam
821 3520 1302 3576 commendatum
1336 3521 1804 3579 antecessoribus

152 3609 370 3667 nostris
393 3610 468 3666 ad
504 3610 856 3666 servandum
874 3613 931 3666 et
951 3609 1399 3665 custodiendum
1421 3614 1478 3666 et
1496 3611 1802 3682 tuendum,

151 3716 258 3754 non
288 3700 364 3754 ad
399 3699 672 3754 dandum
695 3703 751 3754 et
779 3698 1175 3767 vendendum,
1208 3714 1314 3752 nec
1355 3698 1425 3753 ad
1459 3699 1805 3756 beneﬁcium

155 3787 444 3857 dandum;
483 3788 588 3845 sed
636 3804 753 3859 qua
799 3788 1102 3843 occasione
1140 3786 1286 3841 illud
1336 3786 1564 3855 accidit,
1607 3788 1808 3860 paucis

150 3878 303 3934 vobis
343 3895 445 3934 me
499 3878 698 3932 dicere
745 3875 935 3932 libuit.
972 3875 1292 3931 Multorum
1324 3876 1604 3931 relatione
1632 3877 1807 3932 didici

154 3968 294 4037 quod
310 3968 609 4023 dominus
623 3965 961 4037 Stephanus
982 3963 1332 4020 venerabilis
1346 3965 1524 4036 hujus
1539 3966 1679 4020 Rom
1689 3983 1810 4022 anm

151 4056 292 4112 sedis
328 4054 1056 4129 episcopus,quibusdam
1088 4053 1539 4109 necessitatibus
1567 4054 1809 4127 impedi-

152 4146 235 4198 tus
254 4150 308 4199 et
339 4163 376 4201 a
413 4143 836 4216 Longobardis
884 4143 1138 4216 graviter
1182 4146 1552 4214 angustatus,
1580 4160 1814 4199 necesse

148 4229 341 4289 habuit
374 4231 712 4290 consilium
744 4247 1003 4303 quaerere
1035 4247 1069 4286 a
1099 4231 1448 4287 Francorum
1483 4247 1643 4303 rege;
1677 4233 1815 4304 quia

147 4323 371 4378 carebat
402 4329 565 4379 tunc
596 4321 900 4377 Romanus
932 4319 1094 4376 orbis
1131 4335 1382 4393 persona
1423 4320 1812 4392 imperatoris,

1911 3271 1973 3308 se
2005 3252 2322 3324 apostolica
2351 3252 2697 3308 auctoritate
2727 3252 3378 3310 excommunicandum.

2649 3359 2812 3415 XLV.

1914 3450 1968 3505 S.
2002 3451 2104 3506 Leo
2132 3450 2197 3504 IX
2218 3449 2537 3504 monasterii
2567 3448 2621 3503 S.
2659 3449 2930 3504 Mansueti
2972 3450 3337 3520 possessiones
3367 3453 3418 3504 et
3443 3449 3560 3520 pri-

2460 3521 2662 3588 vilegia
2691 3520 2982 3588 conﬁrmat
2995 3561 3007 3578 .

2526 3609 2717 3680 (Anno
2749 3609 2936 3679 4050.)

1917 3700 2085 3770 [Dom
2117 3698 2359 3764 Calmet,
2392 3700 2630 3753 Histoire
2657 3697 2721 3752 de
2751 3699 3034 3765 Lorraine,
3061 3698 3101 3768 Ι,
3134 3699 3386 3764 Preuves,
3410 3697 3558 3763 429.]

1990 3790 2104 3844 Ι,Εο
2152 3788 2482 3860 episcopus,
2516 3803 2716 3841 servus
2762 3801 3061 3840 servorum
3110 3784 3232 3851 Dei,
3265 3782 3476 3837 dilecto
3503 3783 3563 3837 in

1917 3877 2149 3932 Christo
2180 3876 2298 3931 ﬁlio
2331 3876 2570 3942 Dooom,
2596 3874 2792 3929 abbati
2820 3871 3157 3928 monasterii
3179 3871 3378 3927 Sancti
3398 3871 3563 3929 Man-

1919 3966 2094 4032 sueti,
2128 3965 2283 4036 quod
2315 3964 2372 4016 in
2406 3963 2688 4018 suburbio
2741 3965 2953 4017 nostra)
3002 3961 3253 4017 civitatis
3291 3960 3447 4017 Tulli
3489 3962 3566 4017 si-

1919 4061 2046 4111 tum
2077 4058 2186 4120 est,
2218 4055 2462 4123 ejusque
2492 4051 2931 4107 successoribus
2962 4049 3308 4123 regulariter
3335 4067 3569 4125 promo-

1920 4143 2125 4200 vendis
2155 4143 2214 4196 in
2245 4147 2481 4213 posteru
2495 4157 2567 4195 m.

1992 4232 2158 4288 Sicut
2187 4230 2397 4286 rationi
2429 4229 2717 4285 contraria
2746 4229 2946 4301 procul
2970 4234 3061 4285 est
3079 4229 3407 4301 abjicienda
3435 4230 3576 4302 peti-

1921 4323 2026 4387 tio,
2058 4321 2142 4376 ita
2173 4321 2232 4376 in
2267 4318 2358 4375 his
2385 4336 2511 4390 quae
2544 4318 2692 4374 bene
2724 4319 3152 4389 desiderantur,
3176 4318 3449 4374 aﬁ‘ectum
3474 4334 3574 4372 ne-

144 4412 193 4462 et
223 4411 321 4483 qui
351 4408 654 4468 consules
680 4413 738 4465 et
767 4409 1084 4465 dictatores
1114 4407 1463 4465 videbantur
1493 4425 1605 4464 non
1652 4412 1818 4464 erant
1924 4409 2051 4483 gari
2077 4426 2190 4465 non
2223 4407 2510 4464 convenit.
2545 4407 2686 4462 Tuis
2719 4407 2919 4479 igitur,
2951 4407 3032 4461 ﬁli
3064 4407 3123 4461 in
3163 4407 3390 4461 Christo
3439 4404 3576 4460 cha-

141 4503 302 4554 tantae
333 4499 597 4556 virtutis
629 4502 693 4553 ut
718 4501 961 4571 possent
990 4501 1255 4553 sanctam
1278 4497 1595 4554 Ecclesiam
1613 4498 1816 4554 Roma—
1844 4519 1889 4583 D
1923 4499 2178 4566 rissime,
2202 4497 2472 4569 precibus
2504 4502 2850 4561 annuentes,
2903 4495 2974 4550 ad
3023 4499 3370 4567 perpetuam
3398 4493 3576 4548 vestri

138 4602 262 4644 nam
297 4589 578 4646 liberare
610 4605 642 4643 a
673 4593 760 4643 tot
788 4586 1237 4643 imminentibus
1286 4587 1644 4642 turbinibus.
1679 4589 1814 4644 Erat
1844 4577 1880 4583 —
1922 4586 2260 4644 monasterii
2284 4603 2484 4658 pacem
2518 4602 2582 4640 ac
2614 4584 3011 4652 stabilitatem,
3032 4581 3339 4654 praesentis
3365 4577 3581 4635 decreti

139 4677 286 4733 enim
332 4685 493 4735 tunc
530 4677 821 4749 temporis
873 4676 934 4731 in
974 4675 1243 4748 partibus
1275 4675 1470 4731 Galliae
1520 4693 1616 4731 rex
1663 4677 1819 4749 pius,
1930 4675 2257 4734 stabilitate
2305 4675 2631 4738 sanximus,
2665 4678 2729 4727 ut
2758 4673 2815 4727 in
2848 4689 2912 4726 eo
2944 4687 3059 4726 non
3099 4672 3428 4742 episcopus,
3461 4683 3581 4723 non

137 4766 373 4823 nomine
405 4764 800 4839 Pipinus,ille
833 4765 1078 4837 Pipinus
1109 4766 1275 4835 cujus
1309 4763 1467 4818 ﬁlius
1501 4765 1609 4820 fuit
1639 4765 1822 4821 haeres
1931 4766 2046 4822 alia
2075 4764 2294 4838 quasvis
2323 4778 2909 4835 persona,gravamen
2930 4759 3018 4814 vel
3051 4759 3392 4832 quampiam
3412 4774 3583 4814 vexa-

138 4859 189 4908 et
226 4856 514 4912 imitator
551 4854 802 4910 Karolus
833 4854 1119 4927 Magnus;
1154 4853 1253 4925 qui
1286 4854 1536 4909 audiens
1570 4853 1824 4909 necessi-

140 4947 312 5000 tatem
370 4948 617 5001 sanctze
667 4943 944 4999 Romanis
995 4942 1281 5008 Ecclesiae,
1321 4943 1563 5010 vocavit,
1619 4943 1823 5014 praedi-

135 5039 290 5090 ctum
323 5035 666 5090 dominum
716 5049 931 5105 papam
980 5031 1366 5103 Stephanum,
1401 5037 1466 5086 ut
1507 5033 1578 5087 ad
1622 5050 1683 5089 se
1731 5049 1822 5088 ve-

136 5122 284 5178 niret
313 5128 378 5179 et
409 5125 495 5179 de
532 5122 909 5195 principibus
954 5126 1072 5176 tres
1114 5137 1315 5176 secum
1351 5121 1663 5177 deduceret
1694 5139 1826 5176 cum

133 5213 350 5282 quibus
384 5213 526 5268 late
563 5210 880 5267 consilium
909 5210 1213 5277 inveniret,
1251 5227 1366 5281 quo
1397 5211 1524 5281 ejus
1557 5211 1828 5267 Ecclesiae

134 5301 817 5357 subveniret.Annuens
848 5298 1122 5371 precibus
1142 5297 1316 5370 regis,
1353 5315 1541 5371 usque
1573 5299 1829 5355 Parisios

133 5391 679 5461 venit.Susceptus
697 5392 788 5445 est
806 5387 1220 5454 honoriﬁce,ut
1252 5388 1508 5458 pontifex
1531 5405 1826 5458 summus,

1934 4855 2157 4911 tionem
2191 4853 2493 4909 exercendi
2519 4853 2622 4922 jus
2654 4851 3002 4919 haheat,nec
3033 4850 3104 4904 de
3135 4847 3586 4918 redditibus,re-

1934 4945 2067 5012 bus,
2099 4942 2188 4998 vel
2223 4941 2461 5008 chartis,
2491 4941 2560 4995 de
2593 4939 2746 4994 villis
2782 4937 2873 4993 vel
2903 4938 2974 4992 de
3004 4938 3190 5006 cellis,
3225 4938 3344 4996 sive
3365 4939 3436 4995 de
3457 4952 3588 4993 0m-

1935 5034 2108 5088 nibus
2138 5031 2220 5085 illi
2257 5029 2706 5102 pertinentibus,
2741 5044 3091 5100 quocunque
3122 5027 3591 5100 modo,qualibet

1937 5116 2734 5193 exquisitione,minucre,vel
2757 5115 2920 5172 dolos
2943 5123 3046 5173 aut
3073 5118 3472 5174 immissiones
3489 5113 3592 5169 ali-

1937 5227 2085 5283 quas
2117 5209 2303 5264 facere
2333 5206 2836 5279 praesumat,sicut
2866 5207 2925 5260 in
2959 5207 3115 5262 beati
3146 5205 3384 5262 Gerardi
3407 5201 3590 5256 chiro-

1937 5297 2179 5372 graphis
2208 5301 2264 5352 et
2283 5296 2540 5367 antiquis
2563 5296 2752 5368 ipsius
2771 5295 2878 5351 loci
2899 5295 3216 5366 privilegiis
3237 5291 3587 5346 continetur.

1941 5389 2011 5442 Ut
2041 5391 2235 5442 autem
2254 5385 2461 5440 fratres
2476 5385 2617 5440 inibi
2633 5385 2948 5440 servientes
2961 5383 3077 5437 Deo
3098 5381 3339 5434 liberius
3361 5381 3590 5447 vacent,

134 5495 164 5533 ι
211 5497 350 5553 rege
399 5485 468 5536 et
530 5478 700 5550 regni
751 5477 1150 5550 principibus;
1201 5480 1259 5532 et
1304 5480 1464 5533 tanto
1497 5477 1740 5547 honore,
1772 5481 1832 5534 et
1940 5492 2216 5533 mansum
2247 5474 2630 5547 integrum,in
2653 5489 2766 5545 quo
2789 5473 2942 5527 idem
2966 5471 3144 5524 situm
3175 5472 3265 5523 est
3295 5471 3592 5524 mon‘aste-

136 5569 481 5635 reverentia
551 5565 724 5624 illum
786 5583 888 5624 rex
943 5565 1142 5636 coluit,
1175 5569 1241 5624 ut
1298 5569 1583 5642 utrosque
1612 5567 1829 5641 decuit,

1941 5567 2094 5626 rium
2104 5563 2211 5636 ,vel
2234 5562 2523 5641 quidquid
2545 5562 2704 5620 intra
2725 5558 3061 5635 parochiam
3080 5557 3250 5615 hodie
3272 5559 3436 5632 justo
3456 5575 3591 5634 pos-
