4088 6174
191 339 306 418 657

1164 341 1568 407 EPISTOL/E
1607 343 1710 406 ET
1752 340 2117 406 DECRETA
2159 343 2628 411 PONTIFICIA.

3476 342 3600 432 65.8

183 473 590 560 translationis
618 472 857 551 gloriosi
889 477 1239 537 confessoris
1264 482 1632 544 convenerat,
1658 478 1832 534 satis-
1864 475 1917 542 Α
1947 477 2028 534 ris
2060 495 2329 552 persona,
2357 496 2463 536 nec
2494 478 2998 555 archiepiscopus,
3030 493 3136 538 nec
3168 475 3500 560 episcopus,
3537 485 3596 540 et

187 558 433 624 fecimus
453 567 703 623 fratrum
726 566 1014 640 petitioni,
1048 569 1118 625 de
1149 569 1363 642 quibus
1386 569 1505 624 haec
1530 569 1721 625 littera
1751 585 1835 625 se-

187 674 372 730 quens
394 656 677 712 indicium
697 657 824 712 erit.
849 658 956 712 Pro
985 659 1269 714 mercedis
1293 664 1504 714 nostra:
1523 663 1834 731 augmento

181 747 335 820 apud
353 746 540 802 Deum
565 747 960 810 decernentes,
998 749 1418 804 confirmamus
1448 749 1612 804 vobis
1636 749 1834 804 fratri-

181 838 292 892 bus
321 839 537 891 sanctaa
581 835 874 892 Tullensis
923 837 1192 892 Ecclesiae
1229 838 1570 893 mansiones
1611 842 1833 894 vestras

178 926 332 982 infra
362 925 678 994 civitatem,
713 929 770 980 et
802 927 980 994 extra,
1017 927 1086 982 ab
1107 927 1266 981 omni
1299 914 1490 982 hanno
1523 927 1834 999 ctjustitia

177 1015 443 1072 saeculari
473 1014 710 1081 liberas,
746 1032 852 1072 nec
873 1032 907 1071 a
929 1016 1101 1070 modo
1123 1016 1298 1072 vestri
1330 1017 1610 1088 episcopi,
1645 1033 1833 1088 neque

180 1103 488 1162 Tullenses
518 1103 782 1172 comites,
815 1120 1004 1177 neque
1030 1105 1167 1173 dux,
1202 1122 1389 1178 neque
1427 1105 1623 1178 aliqua
1655 1123 1832 1162 saecu-

177 1195 320 1250 laris
356 1192 629 1249 exaltatio
651 1193 710 1248 in
741 1191 894 1248 villis
914 1194 1138 1251 'vestris
1162 1195 1521 1251 advocatiam
1552 1195 1639 1251 vel
1653 1195 1830 1251 servi-

177 1284 353 1349 tium,
372 1282 458 1338 vel
473 1282 711 1354 aliquod
733 1283 998 1338 debitum
1022 1284 1232 1357 exigat,
1251 1301 1365 1356 quo
1382 1286 1762 1357 imperatores
1777 1288 1833 1340 et

177 1389 364 1446 reges,
393 1377 446 1429 et
468 1371 762 1445 gloriosus
794 1373 1092 1431 confessor
1123 1379 1362 1430 sanctus
1393 1374 1684 1430 Gerardus
1706 1391 1829 1430 om-

177 1462 316 1519 nino
345 1464 549 1517 vestrze
582 1461 978 1534 dispositioni,
1015 1480 1201 1535 usque
1223 1465 1294 1519 ad
1327 1468 1526 1519 nostra
1545 1467 1827 1535 tempora,

175 1551 412 1626 cognita
424 1551 684 1617 veritate,
703 1552 812 1607 sub
827 1551 1200 1609 anathemate
1218 1552 1826 1624 reliqueruntliberas;

173 1641 406 1709 vineas,
439 1645 638 1707 terras,
674 1657 935 1710 mansos,
967 1642 1237 1698 homines
1271 1643 1588 1715 cujuslibet
1629 1660 1825 1715 sexus,

174 1727 299 1787 sive
315 1748 427 1794 res,
450 1725 650 1798 terras,
676 1729 894 1803 ubique
910 1735 1339 1788 commorantes
1362 1735 1418 1788 et
1438 1733 1826 1804 conjacentes,

1943 573 2221 641 praeterea
2239 568 2402 626 nulla
2420 570 2728 626 hominum
2746 587 3015 643 persona,
3039 571 3442 644 cujuscunque
3464 589 3596 630 con-

1945 658 2184 714 ditionis
2235 659 2310 714 sit
2350 659 2439 715 vel
2473 661 2873 731 professionis,
2908 664 3112 717 contra
3143 659 3294 716 hanc
3333 648 3596 736 nostram

1943 747 2416 804 constitutionem
2466 749 2660 805 venire
2693 753 3023 821 praetentet;
3061 750 3216 821 quod
3251 749 3592 827 quicunque

1943 836 2160 903 fecerit,
2194 842 2392 893 nostro
2415 838 2734 910 apostolico
2766 839 3137 894 anathemate
3160 840 3434 912 usquead
3457 856 3593 896 con-

1941 926 2181 998 dignam
2213 927 2672 983 satisfactionem
2705 945 3022 1000 percussus
3053 927 3281 984 existat.
3316 927 3425 995 Qui
3453 945 3589 1007 vero

1941 1033 2002 1072 se
2031 1016 2371 1072 custodierit
2401 1021 2456 1071 et
2485 1017 2894 1085 observaverit,
2931 1021 3132 1073 nostra
3180 1017 3595 1098 benedictione

1939 1105 2064 1159 vitae
2095 1109 2319 1160 aeternae
2344 1105 2636 1177 particeps
2657 1106 2964 1162 efficiatur.
2989 1109 3194 1163 Amen.

2013 1198 2221 1249 Datum
2251 1194 2403 1249 Tulli
2437 1195 2495 1248 in
2520 1195 2727 1265 majori
2749 1195 2994 1252 ecclesia
3020 1213 3124 1267 per
3142 1213 3354 1253 manus
3369 1196 3591 1254 Udonis

1937 1283 2228 1340 Tullensis
2257 1283 2523 1339 Ecclesiae
2557 1283 2895 1356 primicerii,
2928 1285 3260 1342 cancellarii
3290 1289 3346 1342 et
3375 1285 3588 1344 biblio-

1939 1372 2179 1428 thecarii
2205 1377 2419 1429 sanctae
2443 1372 2773 1444 apostolicae
2795 1374 2971 1438 sedis,
3005 1391 3062 1428 x1
3082 1374 3322 1430 Kalend.
3346 1374 3589 1430 Novem-

1938 1462 2060 1518 bris
2093 1479 2246 1519 anno
2281 1462 2591 1519 Dominicae
2621 1461 3043 1519 incarnationis
3073 1461 3387 1534 millesimo
3417 1462 3589 1538 quin-

1938 1551 2280 1624 quagesimo
2321 1551 2532 1624 primo,
2565 1551 2881 1609 indictione
2922 1569 2996 1617 1v,
3039 1568 3189 1608 anno
3228 1550 3589 1625 apostolatus

1937 1640 2159 1697 domini
2193 1640 2402 1697 Leonis
2427 1640 2496 1694 IX
2527 1657 2689 1715 papae
2723 1659 2780 1697 ιι.

2646 1747 2868 1803 XLVII.

173 1819 336 1877 omni
369 1817 630 1874 saeculari
680 1822 966 1891 potestate
999 1820 1248 1890 seclusa,
1279 1822 1488 1878 vestris
1518 1823 1725 1879 usibus
1756 1822 1824 1878 li-

1942 1839 2297 1908 Privilegium
2318 1837 2371 1893 S.
2405 1838 2601 1916 Leonis
2619 1836 2689 1916 IX_
2717 1837 2787 1916 ml
2815 1840 3067 1916 sanctam
3099 1837 3385 1904 Hugonem
3416 1835 3482 1892 de
3503 1851 3590 1892 ec-

175 1909 308 1965 bere
336 1908 463 1964 sine
489 1925 630 1964 voce
655 1908 1152 1979 contradictionis,
1175 1909 1329 1966 smili
1354 1912 1526 1967 modo
1552 1911 1829 1984 relinqui-

177 2016 304 2054 mus
339 2003 394 2053 et
420 1997 867 2054 conﬁrmamus.
903 1998 960 2054 Si
992 1999 1148 2055 enim
1173 2002 1398 2056 vestros
1422 1999 1714 2069 homines,
1736 2018 1829 2057 cu-

168 2089 525 2159 juscumque
559 2102 737 2142 sexus
759 2087 993 2152 fuerint,
1017 2088 1086 2144 de
1107 2087 1260 2144 villis
1277 2089 1491 2146 vestris
1521 2089 1828 2162 contigerit

175 2177 348 2241 exire,
391 2174 539 2231 nulli
573 2191 855 2247 personas,
891 2176 1050 2233 nullo
1080 2177 1273 2234 banno
1313 2178 1391 2234 sit
1422 2178 1650 2235 licitum
1692 2179 1825 2235 illos

175 2266 421 2321 retinere
443 2268 510 2319 ut
542 2282 702 2331 suos,
739 2281 842 2320 nec
863 2266 933 2322 de
954 2265 1186 2321 illorum
1213 2267 1550 2339 posteritate
1576 2267 1824 2324 ubicun-

175 2372 278 2427 que
331 2354 574 2423 fuerint,
615 2353 738 2422 ﬁat,
775 2354 928 2410 sicut
957 2355 1150 2428 vulgo,
1193 2355 1341 2412 belle
1374 2357 1819 2425 reinvestitura;

175 2444 262 2499 sed
298 2458 661 2516 quocunque
694 2441 886 2512 ierint,
923 2443 1093 2500 liccat
1123 2461 1220 2500 eos
1250 2445 1413 2501 vobis
1452 2445 1628 2502 veluti
1661 2447 1822 2520 prius

172 2533 351 2590 libere
382 2532 704 2604 possidere.
739 2531 931 2588 Unum
949 2533 1256 2590 hominum
1287 2535 1357 2590 de
1387 2535 1595 2592 vestris
1626 2537 1695 2592 ad
1730 2554 1824 2593 cu-

173 2622 425 2678 stodiam
455 2620 758 2676 vinearum
793 2621 973 2688 Barri,
1009 2627 1200 2679 vester
1231 2623 1562 2681 claustralis
1592 2625 1822 2682 villicus

173 2710 366 2783 eliget,
409 2713 467 2765 et
514 2709 677 2764 dabit
725 2711 1073 2766 custodiam.
1127 2712 1347 2768 Deinde
1387 2715 1458 2769 ad
1500 2715 1819 2786 jurandam

173 2800 510 2856 ﬁdelitatem
532 2803 762 2856 tantum
786 2799 1150 2870 hominibus,
1173 2801 1361 2858 villico
1384 2802 1632 2859 civitatis
1653 2804 1818 2860 illum

174 2891 564 2962 repraesentet,
582 2889 637 2944 in
663 2889 936 2945 omnibus
959 2891 1354 2963 potestatibus
1379 2893 1435 2947 in
1459 2891 1820 2964 quibusjure

173 2978 410 3050 antiquo
431 2977 691 3034 decimas
711 2978 1166 3034 indominicatas
1189 2980 1595 3053 episc0porum
1615 2981 1820 3054 recipi-

171 3065 260 3136 tis,
292 3085 484 3122 unum
521 3067 816 3123 hominem
849 3085 882 3123 a
912 3069 1106 3124 banno
1139 3067 1288 3124 liber
1320 3087 1450 3124 cum
1484 3087 1662 3126 censu
1714 3089 1819 3127 suo

173 3158 224 3210 et
260 3173 492 3224 manso,
541 3156 729 3228 primo
761 3155 916 3211 sicut
945 3162 1186 3214 sanctus
1215 3157 1510 3215 Gerardus
1541 3159 1817 3226 instituit,

172 3245 239 3300 ad
271 3222 690 3300 custodiendas
710 3243 966 3300 decimas
1004 3245 1290 3318 habeatis,
1324 3252 1380 3302 et
1413 3248 1682 3320 quamvis
1721 3222 1820 3304 ille
1851 3222 1893 3289 Ο

173 3333 413 3398 obierit,
442 3331 621 3386 alium
647 3332 711 3388 de
733 3333 936 3388 eadem
956 3339 1239 3406 potestate
1263 3335 1582 3408 accipiatis.
1599 3336 1818 3392 Conﬁr-

175 3437 421 3475 mamus
471 3419 638 3475 etiam
672 3437 940 3478 mansum
974 3440 1158 3479 unum
1192 3423 1249 3479 in
1294 3426 1652 3494 Paterniaco,
1687 3444 1820 3482 cum

174 3509 456 3564 omnibus
471 3509 820 3580 appenditiis
843 3511 986 3580 suis,
1013 3511 1252 3568 omnino
1271 3513 1538 3581 liberum,
1563 3532 1695 3570 cum
1716 3533 1820 3570 ca:-

171 3599 310 3654 teris
329 3598 609 3654 omnibus
632 3599 730 3671 qui
745 3600 803 3654 in
817 3600 954 3655 villa
976 3601 1177 3657 eadem
1196 3607 1332 3658 sunt
1353 3608 1498 3670 ;tam
1513 3603 1570 3660 in
1585 3605 1823 3676 pascuis

174 3704 345 3758 quam
373 3687 433 3742 in
454 3687 566 3744 viis
584 3691 640 3743 et
657 3688 882 3745 semitis
895 3689 1206 3745 habentem
1231 3690 1408 3746 libere
1425 3696 1479 3747 et
1498 3692 1822 3764 plenarium

175 3793 338 3832 usum
371 3795 384 3843 ;
417 3778 688 3831 bannum
711 3777 886 3832 etiam
908 3778 1217 3849 piscaturaa
1244 3780 1516 3847 Mosellae,
1541 3781 1823 3853 incipien-

173 3864 238 3921 tis
268 3866 554 3940 superius
587 3883 620 3920 a
651 3882 793 3938 rupe
824 3866 1143 3923 molendini
1168 3867 1364 3924 Sancti
1396 3870 1530 3940 Apri
1554 3875 1609 3925 et
1629 3871 1824 3926 Sancti

172 3955 426 4021 Vedasti,
463 3971 651 4027 usque
674 3955 744 4008 ad
776 3954 1031 4010 rivulum
1060 3957 1462 4013 decurrentem
1487 3958 1557 4012 de
1579 3959 1823 4013 summi-

173 4046 276 4098 tate
307 4043 562 4110 montis,
596 4042 834 4098 nomine
855 4043 1109 4111 Castelli,
1143 4045 1367 4101 nullius
1390 4063 1669 4118 personae,
1696 4047 1825 4103 nul-

172 4128 272 4186 lius
319 4131 514 4188 banni
560 4132 856 4204 piscatura
887 4131 1306 4189 intercurrente
1361 4136 1583 4206 absque
1636 4141 1829 4191 vestra

169 4216 433 4288 licentia;
468 4236 696 4276 necnon
729 4223 785 4275 et
817 4221 1188 4276 medietatem
1231 4222 1488 4279 ecclesia:
1518 4241 1650 4280 cum
1690 4241 1824 4279 con-

169 4309 337 4364 ductu
383 4309 591 4364 vicarii
640 4309 697 4363 in
749 4309 992 4365 Totonis
1037 4310 1196 4378 villa,
1251 4329 1428 4384 quam
1461 4314 1828 4369 venerandus

168 4399 375 4468 prasul
417 4397 777 4453 Gauzelinus
797 4398 1040 4454 tradidit
1059 4400 1244 4466 vobis,
1271 4402 1342 4456 ob
1367 4401 1457 4456 sui
1481 4418 1826 4457 commemo-

167 4481 461 4544 rationem
492 4486 898 4542 anniversarii.
935 4487 1213 4544 Homines
1245 4489 1418 4545 vestri
1453 4490 1603 4546 infra
1633 4489 1830 4545 civita-

2471 1908 2636 1962 clesz'a
2656 1907 2719 1961 de
2751 1909 3050 1976 ltamz’ngis.

2553 1997 2738 2068 (Anno
2781 1996 2966 2065 1050.)

2412 2084 2644 2155 [Bullar.
2684 2083 2958 2152 Cluniac.,
2994 2083 3106 2153 12.]

2005 2177 2116 2230 Leo
2147 2175 2480 2246 cpiscopus,
2513 2190 2714 2230 servus
2735 2189 3037 2230 servorum
3069 2171 3192 2239 Dei,
3224 2176 3452 2229 Huoom
3481 2187 3582 2228 ve-

1934 2263 2178 2320 nerabili
2211 2264 2405 2320 abbati
2438 2262 2840 2320 Cluniacensis
2887 2261 3133 2319 coenobii
3172 2263 3420 2334 ejusque
3448 2279 3581 2318 suc-

1934 2354 2265 2410 cessoribus
2297 2353 2354 2408 in
2389 2356 2760 2426 perpetuum.

2004 2443 2288 2510 Quoniam
2338 2442 2649 2516 postulasti
2699 2460 2733 2497 a
2778 2440 2970 2509 nobis,
3002 2441 3178 2496 frater
3214 2438 3582 2511 charissima,

1932 2550 2034 2589 con
2047 2534 2173 2588 firm
2183 2532 2264 2588 ari
2287 2531 2603 2608 apostolica
2620 2531 2961 2587 auctoritate
2979 2530 3246 2602 quaedam
3270 2529 3426 2587 bona
3445 2547 3580 2586 con-

1931 2639 2096 2678 cessa
2126 2640 2160 2678 a
2209 2622 2564 2695 quibusdam
2594 2620 2733 2676 viris
2766 2621 2952 2676 Deum
2982 2618 3329 2674 timentibus
3367 2621 3596 2674 nostras.

1931 2711 2299 2768 Cluniacensi
2329 2710 2616 2779 ecclesiae;
2645 2725 2749 2782 per
2772 2709 2924 2765 hanc
2945 2711 3153 2763 nostrae
3175 2705 3578 2778 praeceptionis

1932 2801 2206 2874 paginam
2223 2802 2641 2856 confirmamus
2655 2797 2756 2854 illa
2770 2797 2875 2852 tibi
2889 2795 3121 2868 tuisque
3143 2793 3580 2851 successoribus

1931 2892 2257 2948 secundum
2291 2889 2628 2962 petitionem
2651 2892 2839 2954 tuam,
2863 2885 3141 2957 quoniam
3163 2899 3294 2940 eam
3326 2882 3580 2940 rationa-

1931 2980 2105 3035 bilem
2140 2979 2552 3050 conspeximus
2583 2983 2640 3033 et
2665 2977 2993 3031 honestam.
3018 2973 3266 3030 Proinde
3288 2977 3455 3048 scuto
3475 2990 3580 3031 no-

1931 3073 2064 3124 strae
2113 3067 2468 3122 defensionis
2513 3065 2962 3121 corroboramus
3010 3062 3282 3136 pradicto
3315 3062 3578 3120 cmnohio

1930 3157 2234 3213 ecclesiam
2267 3173 2400 3211 cum
2424 3155 2662 3227 praedio,
2682 3154 2838 3226 quod
2871 3152 3086 3208 dicitur
3115 3151 3434 3224 Raningas,
3467 3152 3578 3207 sub

1932 3246 2166 3302 nomine
2189 3244 2342 3302 cellae
2365 3248 2760 3300 constructam
2782 3258 2957 3314 quam
2981 3241 3140 3298 dedit
3155 3236 3324 3296 bona:
3354 3254 3577 3298 memo-

1932 3337 2028 3392 ria:
2062 3335 2354 3407 Riquinus
2387 3335 2456 3390 de
2497 3333 2770 3403 Dornejo,
2801 3330 3201 3387 consentiente
3240 3345 3576 3402 uxoresua,

1934 3425 2235 3482 Loanceda
2267 3423 2522 3489 nomine,
2542 3426 2739 3478 nostro
2761 3420 2997 3492 praefato
3019 3415 3402 3488 monasterio;
3425 3418 3580 3490 vide-

1933 3514 2064 3570 licet
2081 3513 2271 3585 ipsum
2294 3511 2578 3584 prmdium
2597 3510 2896 3583 Raningas
2917 3525 3050 3564 cum
3069 3508 3348 3564 omnibus
3367 3523 3579 3582 appen-

1932 3603 2101 3658 diciis
2149 3602 2294 3667 suis,
2341 3601 2512 3656 terris
2552 3599 2725 3655 cultis
2769 3603 2826 3654 et
2865 3597 3122 3665 incultis,
3162 3598 3366 3669 pratis,
3396 3596 3580 3666 silvis,

1933 3692 2540 3764 aquis,aquarumque
2569 3687 2938 3754 decursibus,
2971 3685 3225 3758 pascuis,
3243 3683 3424 3741 servis
3478 3701 3581 3739 an-

1934 3781 2104 3846 cillis,
2128 3777 2821 3844 etomnibususuaribus,
2843 3789 3206 3845 quascunque
3227 3772 3306 3827 ibi
3321 3771 3429 3827 visi
3444 3775 3585 3826 sunt

1934 3869 2250 3942 possidere,
2275 3867 2570 3930 ecclesias,
2597 3881 2814 3930 servos,
2839 3867 2895 3918 et
2916 3860 3181 3928 ancillas,
3204 3859 3421 3933 przsdia
3444 3876 3584 3932 quo-

1934 3976 2068 4030 que,
2084 3957 2407 4014 sicutisunt
2423 3974 2456 4010 a
2473 3953 2746 4026 praedicto
2769 3950 3021 4022 Riquino
3034 3949 3272 4022 scripta,
3306 3948 3584 4006 laudante

1935 4050 1991 4102 et
2021 4044 2420 4101 consentiente
2450 4041 2746 4096 Tullensis
2776 4038 3031 4096 ecclesiis
3083 4038 3380 4111 pontiﬁce,
3427 4036 3588 4096 salva

1934 4141 2132 4192 tamen
2183 4133 2524 4189 auctoritate
2559 4134 2616 4186 et
2647 4130 2865 4185 honore
2903 4145 3020 4184 suae
3049 4127 3336 4193 Ecclesiae,
3375 4127 3587 4184 conﬁr-

1937 4241 2170 4281 mamus
2200 4221 2306 4277 tibi
2338 4221 2395 4275 in
2439 4223 2813 4292 perpetuum.
2845 4216 3138 4273 Prandium
3179 4216 3378 4284 etiam,
3430 4216 3612 4292 quod.

1938 4318 2096 4385 Hogo
2129 4313 2198 4368 de
2229 4310 2402 4381 longa
2422 4326 2575 4380 aqua
2597 4307 2756 4363 dedit
2775 4309 2976 4362 sancto
2997 4307 3165 4362 Petro
3183 4304 3588 4362 Cluniacensis

1938 4401 2214 4466 ecclesiae,
2251 4399 2347 4470 qui
2377 4402 2551 4470 caput
2584 4400 2674 4451 est
2702 4396 2882 4467 hujus
2922 4399 3123 4451 vestra)
3157 4393 3337 4462 cellas,
3371 4394 3587 4450 confir-

1940 4507 2174 4546 mamus
2205 4487 2331 4543 tibi.
2356 4487 2600 4557 Insuper
2621 4489 2676 4540 et
2708 4483 2823 4540 alia
2844 4497 3209 4556 quascunque
3237 4497 3272 4536 a
3293 4479 3461 4536 bonis
3482 4480 3586 4536 ho-

167 4580 276 4632 tem
320 4576 417 4632 vel
454 4580 618 4631 extra
665 4581 1117 4645 commorantes,
1153 4596 1325 4633 usum
1358 4579 1536 4634 banni
1585 4579 1830 4635 civitatis
1859 4594 1909 4660 ι)
1943 4578 2202 4636 minibus
2231 4575 2504 4648 pracdicto
2537 4573 2660 4629 loco
2683 4576 2884 4644 postea
2903 4574 3043 4626 sunt
3073 4585 3350 4625 concessa
3376 4566 3464 4623 vel
3487 4568 3588 4660 ju-

166 4681 550 4721 communem
585 4681 720 4720 cum
753 4663 1031 4720 omnibus
1055 4666 1275 4722 caeteris
1297 4667 1572 4734 habeant,
1599 4685 1703 4723 nec
1725 4667 1825 4721 ulli

157 4754 408 4823 jnstitiaa
464 4751 730 4809 saeculari
773 4752 889 4808 nisi
920 4758 1126 4810 vestra:
1163 4754 1278 4810 sint
1323 4757 1577 4823 subditi;
1625 4757 1734 4812 nisi
1767 4759 1837 4813 de

165 4843 510 4900 forensibus
543 4840 962 4909 mercimoniis,
987 4843 1035 4898 si
1062 4861 1196 4900 cum
1227 4845 1450 4901 caeteris
1483 4847 1836 4902 bannalibus

164 4931 603 4988 mercatoribus
618 4930 837 4986 fuerint
851 4931 1153 4988 constituti
1173 4950 1275 5004 per
1286 4933 1544 4989 villicum
1564 4935 1834 4990 civitatis.

161 5022 215 5076 Si
249 5021 597 5095 indigentia
646 5020 1054 5076 ministrorum
1103 5022 1364 5094 coquinae
1394 5023 1480 5078 vel
1514 5024 1744 5096 pistrini
1778 5025 1835 5078 in

164 5109 476 5166 claustrali
510 5110 748 5166 servitio
778 5111 943 5165 vobis
977 5111 1250 5178 evenerit,
1277 5110 1446 5166 liceat
1474 5113 1638 5167 vobis
1660 5113 1716 5167 in
1742 5129 1837 5167 cu-

165 5199 246 5254 ria
275 5200 555 5272 episcopi
588 5197 761 5253 vestri
786 5199 1077 5268 quoslibet
1108 5217 1430 5267 assumere,
1461 5201 1546 5256 vel
1571 5202 1626 5256 in
1651 5201 1833 5272 quoli-

167 5288 256 5342 bet
279 5288 545 5342 civitatis
569 5287 654 5342 vel
681 5287 1057 5360 episcopatus
1081 5289 1364 5357 camobio,
1390 5290 1436 5344 si
1462 5290 1541 5344 ibi
1566 5296 1841 5362 praestant

161 5374 359 5433 idonei
397 5375 648 5450 reperiri
670 5381 861 5432 vestro
885 5375 1186 5432 claustrali
1211 5378 1466 5435 servitio.
1493 5379 1620 5434 Haec
1644 5380 1842 5435 omnia

165 5467 516 5539 supradicta
535 5466 702 5522 vobis
723 5466 1004 5522 fratribus
1029 5465 1347 5538 apostolica
1367 5486 1614 5524 censura
1633 5470 1838 5524 conﬁr-

170 5571 411 5613 mamus
444 5555 555 5612 sub
587 5555 786 5610 divina
816 5556 1230 5625 obtestatione,
1264 5561 1329 5612 ut
1358 5557 1556 5614 nullus
1589 5559 1841 5631 impera-

169 5649 275 5714 tor,
301 5643 518 5703 nullus
548 5646 687 5718 dux,
715 5662 903 5719 neque
928 5662 1146 5715 comes,
1174 5663 1360 5719 neque
1382 5647 1579 5722 aliqua
1612 5647 1844 5706 saecula-

1940 4672 2028 4724 ste
2058 4665 2365 4738 acquisita,
2389 4662 2477 4718 vel
2510 4680 2635 4734 qua:
2665 4661 2722 4714 in
2756 4661 3017 4714 futurum
3049 4659 3321 4729 poterunt
3340 4655 3586 4727 acquiri,

1945 4757 2147 4814 eodem
2181 4755 2352 4810 modo
2383 4752 2697 4807 laudamus
2717 4753 2772 4804 et
2793 4748 3234 4816 confirmamus,
3262 4748 3589 4802 statuentes

1947 4844 2263 4919 apostolica
2307 4857 2557 4898 censura
2606 4843 2671 4894 ut
2703 4837 2902 4893 nullus
2942 4853 3060 4905 rex,
3093 4834 3590 4908 archiepiscopus,

1946 4935 2276 5008 episcopus,
2313 4931 2448 4996 dux,
2484 4943 2700 4994 comes,
2731 4925 3076 4992 vicecomes,
3107 4921 3198 4978 vel
3240 4921 3434 4995 aliqua
3482 4922 3596 4981 alia

1939 5022 2240 5096 judicialis
2279 5033 2530 5092 persona
2561 5016 2771 5072 audeat
2799 5014 3059 5086 aliquam
3109 5012 3323 5069 inferre
3371 5013 3595 5096 calum-

1947 5113 2105 5168 niam
2129 5115 2331 5166 contra
2352 5108 2501 5162 hanc
2521 5109 2780 5161 nostram
2819 5102 3267 5161 defensatricem
3295 5099 3592 5176 paginam,

1948 5218 2125 5272 quam
2185 5198 2519 5269 quicunque
2570 5194 2864 5250 studuerit
2921 5209 3149 5249 servare
3198 5194 3256 5246 et
3303 5188 3596 5244 custodire

1949 5290 2186 5345 illzesam
2213 5287 2422 5342 habeat
2435 5288 2694 5340 nostram
2719 5281 3182 5339 benedictionem
3199 5275 3590 5343 cumulatum;

1949 5378 2049 5451 qui
2084 5381 2279 5432 autem
2314 5373 2643 5430 contrarius
2673 5369 3001 5435 existiterit,
3035 5363 3427 5422 anathematis
3455 5381 3592 5422 nos-

1952 5467 2024 5522 tri
2048 5465 2247 5538 jaculo
2280 5480 2594 5536 percussus
2625 5462 2682 5517 in
2724 5462 2908 5514 morte
2937 5456 3147 5512 anima:
3169 5455 3374 5524 jacens
3404 5454 3478 5510 ad
3508 5454 3596 5510 vi-

1951 5562 2070 5612 tam
2102 5560 2376 5611 aeternam
2412 5566 2736 5624 nunquam,
2770 5548 2881 5606 nisi
2919 5541 3251 5617 resipuerit,
3301 5548 3612 5624 mereatur.

1952 5661 2273 5718 resurgere.
