4088 6174
405 394 408 398 ί
454 393 576 456 659

1524 391 1587 451 S.
1634 387 1913 450 LEONIS
1955 387 2036 450 IX
2079 384 2307 448 PAPIE
2349 383 2786 453 OPUSCULA.

3734 379 3853 448 660

532 527 671 584 Pata
695 543 776 584 vn
795 501 1085 582 Kalendas
1114 524 1476 591 Novembris,
1507 539 1607 595 per
1639 539 1849 577 manus
1883 519 2100 576 Udonis
2128 520 2182 586 Α
2211 522 2454 575 conetur
2482 516 2873 587 monasteriis,
2906 516 3062 590 quod
3092 533 3127 573 a
3155 513 3326 574 nobis
3353 517 3558 574 contra
3586 513 3846 590 regulam

462 615 775 686 Tullensis,
808 616 1119 688 primicerii
1173 619 1387 670 sanctae
1420 611 1746 684 apostolica
1777 610 1933 666 sedis
1967 627 2102 664 can-

457 705 672 762 cellarii
703 710 759 762 et
790 703 1214 761 bibliothecarii
1248 719 1399 758 anno
1430 700 1628 757 domni
1654 700 1860 756 Leonis
1892 699 1981 765 IX,
2015 699 2102 752 in-

461 795 581 852 dict
611 813 685 850 1v.

1161 881 1399 935 XLVIII.

461 973 516 1029 S.
550 975 649 1029 Leo
679 973 746 1026 IX
770 971 1088 1026 monasterii
1131 971 1184 1025 S.
1225 971 1496 1026 Vincentii
1531 969 1776 1024 .li'Jcnsz's
1817 968 2104 1039 possessio-

533 1061 628 1185 ἕως
685 1045 936 1170 itumque,
992 1045 1208 1113 petente
1271 1042 1608 1097 Allalberone
1665 1042 1929 1112 episwpo,
1986 1056 2108 1094 con-

574 1131 692 1170 rma
724 1157 736 1168 .

574 1131 736 1170 rmat.

1073 1203 1259 1272 (Anno
1306 1202 1489 1272 1050.)

457 1311 624 1385 [Dom
661 1309 903 1374 Calmet,
936 1310 1172 1366 Histoire
1197 1309 1260 1364 de
1289 1311 1574 1378 Lnrraine,
1599 1309 1639 1379 Ι,
1664 1309 1920 1375 Preuvcs,
1957 1307 2105 1378 437.]

531 1420 644 1473 Lso
675 1417 1005 1488 episcOpus,
1030 1433 1231 1502 segvus
1250 1433 1550 1472 servorum
1576 1416 1698 1482 Dei,
1725 1412 2105 1471 dilectissimo

457 1505 734 1562 confratri
759 1505 1150 1572 ADELDERONI,
1184 1505 1426 1560 Metensi
1459 1505 1752 1576 episcopo.

526 1594 731 1650 Divino
757 1595 890 1664 jure
922 1595 1307 1649 admonemur
1337 1595 1512 1663 justas
1542 1592 1854 1648 intentioni
1887 1593 2002 1648 Deo
2037 1592 2102 1647 ﬁ-

455 1683 676 1740 delium
709 1683 1096 1755 congaudere,
1141 1688 1199 1739 et
1239 1699 1443 1738 eorum
1486 1682 1649 1738 bonae
1696 1682 1979 1737 voluntati
2011 1698 2106 1736 co-

455 1776 785 1846 operatores
806 1772 1070 1839 existere,
1085 1775 1150 1826 ut
1170 1771 1227 1825 in
1249 1771 1511 1843 ipsorum
1537 1776 1738 1827 sancta
1750 1770 2104 1843 operatione,

455 1866 680 1935 partem
697 1864 754 1916 et
779 1861 1138 1917 consortium
1163 1861 1648 1916 remunerationis
1665 1860 1964 1916 valeamus
1985 1876 2108 1932 per-
2137 1896 2185 1960 B

454 1951 679 2024 cipere.,
701 1953 1084 2022 Quapropter,
1129 1949 1476 2005 charissime
1511 1950 1703 2017 frater,
1749 1954 1862 2005 tuae
1894 1953 2110 2005 sanetae

456 2039 748 2096 devotioni
789 2039 1230 2111 congaudemus
1259 2042 1543 2110 tuamque
1575 2038 1818 2110 dignam
1849 2037 2107 2110 postula-

455 2129 676 2185 tionem
697 2127 1012 2199 apostolica
1035 2127 1377 2183 auctoritate
1390 2126 1815 2193 collaudamus,
1831 2126 1969 2199 quia
1985 2130 2108 2182 stu-

458 2217 619 2273 diose
647 2215 879 2270 laboras
913 2220 976 2270 ut
1007 2233 1240 2287 semper
1261 2215 1660 2286 ampliﬁcetur
1679 2221 1736 2271 et
1765 2219 1986 2272 crescat
2009 2231 2110 2286 per

457 2311 514 2362 te
545 2307 660 2361 Deo
691 2304 1071 2359 servientium
1103 2309 1311 2359 castus.
1339 2304 1502 2359 Unde
1524 2306 1678 2375 quod
1711 2305 1994 2377 postulas,
2021 2308 2108 2370 tu,

460 2397 635 2464 atque
666 2391 1024 2448 Folchuinus
1058 2392 1240 2448 abbas
1266 2393 1348 2446 tui
1383 2394 1628 2448 cmnobii
1651 2394 1720 2448 do
1744 2397 1942 2450 saneto
1969 2393 2108 2447 Vin-

460 2481 646 2538 centio
670 2486 942 2551 martyre,
968 2481 1330 2536 decrevimus
1363 2483 1614 2537 ubertim
1641 2482 2030 2554 promulgare,
2054 2486 2111 2536 et

459 2568 789 2642 apostolica:
821 2568 1208 2625 institutionis
1231 2569 1290 2624 in
1313 2568 1630 2642 privilegiis
1653 2574 1826 2642 atque
1847 2571 2110 2626 decreto-

456 2675 590 2714 rum
637 2675 885 2714 censura
943 2659 1309 2714 confirmare.
1353 2659 1632 2715 Convenit
1679 2675 1889 2731 nempe
1942 2659 2108 2715 nobis

457 2747 774 2820 apostolico
795 2747 1192 2804 moderamine
1215 2751 1417 2803 saneta
1439 2747 1789 2804 venerabilia
1808 2747 1954 2816 loca,
1981 2764 2110 2820 quas

456 2837 681 2893 dudum
712 2837 946 2892 fuerant
967 2837 1024 2891 in
1049 2837 1258 2905 ruinis,
1283 2854 1613 2910 magnaque
1643 2837 1839 2910 inopia
1870 2855 1933 2893 ac
1966 2854 2106 2909 pau-

457 2930 679 2999 pertate
703 2927 993 2998 degentia,
1020 2932 1344 2998 opportune
1366 2927 1653 2995 ordinare,
1671 2944 1773 2984 seu
1807 2927 1879 2982 ad
1912 2925 2109 2982 melio-

457 3032 584 3070 rem
617 3015 744 3071 sine
774 3015 951 3070 dubio
983 3020 1205 3072 statum
1257 3017 1605 3088 perducere;
1651 3017 1974 3089 praesertim
2009 3015 2107 3070 ubi

456 3102 560 3159 illa
607 3109 907 3176 petuntur,
942 3122 1068 3177 quas
1101 3123 1216 3162 non
1256 3107 1327 3161 ad
1361 3107 1736 3162 commodum
1785 3105 2108 3178 petentium

455 3192 794 3264 temporale,
815 3194 918 3248 sed
930 3194 1000 3248 ad
1015 3198 1356 3265 perpetuam
1374 3195 1798 3267 providentiam
1817 3194 2110 3266 pertinent

2213 609 2323 666 sub
2338 607 2726 664 anathematis
2743 606 2971 664 vinculo
2983 606 3346 680 prohibetur.
3362 607 3723 679 Quapropter
3734 611 3852 664 sta-

2213 703 2446 755 tuentes
2477 702 2650 768 atque
2680 696 3121 770 promulgantes
3150 713 3347 752 coram
3379 696 3494 753 Deo
3527 700 3584 752 et
3613 697 3852 754 terribili

2213 791 2342 862 ejus
2363 789 2557 844 futuro
2571 787 2854 856 examine,
2878 803 2980 859 per
3008 786 3190 858 hujus
3211 786 3394 843 nostri
3417 785 3698 859 privilegii
3715 804 3853 860 apo-

2214 877 2404 934 stolici
2435 881 2608 950 atque
2638 875 2942 933 constituti
2969 875 3245 948 paginam
3271 876 3592 944 sancimus,
3617 876 3856 932 etbeati

2215 967 2365 1024 Petri
2398 965 2793 1039 apostolorum
2809 965 3092 1038 principis
3113 964 3460 1021 auctoritate
3485 965 3856 1023 decernimus

2213 1061 2388 1127 atque
2418 1057 2784 1113 obtestamur
2799 1058 2919 1111 tam
2941 1053 3269 1126 apostolica:
3293 1054 3448 1111 sedis
3469 1054 3695 1111 futuros
3720 1071 3859 1126 pon-

2213 1146 2404 1203 tifices
2434 1162 2731 1219 quamque
2770 1144 2872 1217 qui
2903 1143 3292 1217 episcopalem
3322 1143 3860 1202 administraverint

2216 1236 2526 1306 actionem,
2560 1234 2648 1290 vel
2680 1235 2856 1290 etiam
2887 1249 3102 1306 magna
3131 1249 3424 1306 parvaque
3453 1250 3724 1306 persona,
3758 1241 3859 1291 aut

2216 1326 2510 1399 quispiam
2541 1327 2948 1396 cujuscunque
2978 1323 3055 1380 sit
3085 1322 3388 1396 dignitatis
3409 1322 3683 1395 praeditus
3704 1327 3856 1396 pote-

2217 1421 2385 1484 state,
2419 1431 2492 1472 ne
2521 1432 2589 1472 ea
2621 1431 2747 1487 qua:
2773 1431 2807 1469 a
2825 1413 3098 1486 praedicto
3116 1412 3427 1469 Deoderico
3453 1412 3746 1486 episcopo,
3773 1413 3855 1469 vel

2215 1521 2568 1578 quocunque
2598 1502 2734 1570 alio,
2767 1502 3082 1560 venerabili
3112 1503 3237 1559 loco
3269 1503 3486 1558 tradita
3515 1507 3686 1575 atque
3715 1520 3857 1560 con-

2217 1612 2400 1662 cessa,
2434 1598 2490 1650 et
2517 1592 2824 1650 tricennali
2855 1592 3223 1665 possessione
3253 1593 3612 1650 amonachis
3643 1593 3723 1650 ibi
3749 1597 3856 1649 Deo

2216 1682 2604 1740 servientibus
2635 1699 2910 1756 possessa
2929 1682 3162 1750 fuerint,
3184 1698 3416 1754 quoquo
3447 1682 3640 1751 modo,
3661 1699 3695 1737 a
3725 1699 3858 1755 quo-

2216 1789 2393 1845 quam
2424 1771 2720 1828 licentiam
2751 1771 3006 1826 habeant
3031 1771 3244 1843 saepius
3272 1770 3641 1827 nominatum
3664 1771 3853 1828 locum

2215 1862 2410 1918 Sancti
2439 1861 2731 1917 Vincentii
2758 1860 2818 1916 in
2859 1877 3044 1915 unum
3074 1861 3420 1926 adunatum,
3452 1864 3627 1933 atque
3659 1861 3860 1931 spirita

2216 1948 2348 2006 liter
2373 1949 2699 2022 apostolicae
2731 1949 3078 2005 exarationis
3100 1948 3248 2021 style
3270 1949 3600 2020 conjuncta,
3634 1951 3858 2022 disjun-

2217 2054 2371 2110 gere,
2393 2038 2480 2094 vel
2513 2036 2733 2109 aliquid
2764 2037 2968 2092 exinde
2998 2037 3269 2094 alienare.
3295 2039 3366 2093 Et
3391 2041 3456 2093 ut
3492 2036 3634 2093 illud
3657 2055 3859 2095 mona-

2218 2127 2463 2184 sterium
2514 2126 2712 2183 Sancti
2756 2125 3048 2183 Vincentii
3095 2126 3420 2199 respiciens
3450 2127 3525 2182 sit
3552 2127 3622 2182 ad
3653 2128 3861 2183 sedem

2218 2214 2606 2288 episcopalem
2622 2213 3282 2288 protomartyrisChristi
3297 2213 3473 2286 Steph
3482 2214 3862 2286 anijubemus

2219 2308 2394 2377 atque
2415 2305 2596 2360 abbas
2619 2304 2676 2358 in
2690 2303 2982 2375 pontiﬁcis
3004 2303 3156 2360 vices
3170 2303 3527 2376 supplendas
3541 2304 3859 2377 primatum

2219 2394 2461 2462 habeat;
2495 2393 2596 2449 sed
2620 2397 2676 2448 et
2692 2393 2740 2448 si
2767 2393 3076 2465 episcopus
3107 2392 3376 2461 defuerit,
3409 2392 3580 2449 liceat
3607 2393 3658 2448 ei
3689 2393 3750 2448 in
3784 2395 3859 2448 fe-

2219 2483 2385 2540 stivis
2398 2483 2604 2539 diebus
2627 2483 2697 2537 ad
2717 2482 2915 2538 sedem
2937 2481 3326 2554 episcopalem
3353 2483 3642 2547 accedere,
3668 2482 3863 2555 ibique

2219 2588 2354 2628 cum
2388 2570 2700 2627 dalmatica
2744 2574 2803 2626 et
2851 2569 3133 2627 sandaliis
3183 2571 3398 2626 missas
3446 2571 3762 2627 celebrare.
3804 2572 3862 2628 Si

2219 2661 2352 2732 quis
2388 2661 2628 2728 interea,
2674 2660 2828 2733 quod
2880 2677 2996 2716 non
3029 2659 3345 2729 credimus,
3378 2661 3684 2717 temerario
3714 2678 3862 2717 ausu

2219 2755 2420 2806 contra
2450 2767 2519 2806 ea
2549 2768 2676 2823 qua
2708 2751 2779 2806 ab
2811 2749 2920 2806 hac
2952 2754 3154 2805 nostra
3183 2749 3527 2805 auctoritate
3557 2750 3649 2822 pie
3677 2755 3738 2806 et
3771 2752 3862 2806 ﬁr-

2219 2841 2391 2898 miter
2420 2857 2522 2913 per
2554 2839 2662 2894 hoc
2692 2842 2964 2894 nostrum
2986 2838 3358 2912 privilegium
3389 2839 3677 2912 disposita
3705 2844 3866 2911 sunt,

2217 2929 2504 2988 contraire
2535 2929 2863 2996 tentaverit,
2897 2927 2985 2984 vel
3009 2928 3128 2984 haec
3151 2945 3277 3000 qua
3310 2945 3344 2984 a
3364 2945 3518 3001 saepe
3539 2929 3694 2986 dicto
3725 2931 3866 2987 Deo-

2217 3021 2410 3076 derico
2462 3018 2811 3075 Metensium
2859 3016 3126 3090 praesule,
3176 3016 3266 3073 vel
3315 3017 3576 3090 quolibet
3607 3016 3746 3086 alio,
3797 3019 3864 3074 ad

2217 3109 2451 3165 laudem
2476 3109 2571 3164 Dei
2587 3125 2690 3180 pro
2712 3105 3033 3163 stabilitate
3037 3107 3163 3178 jam
3177 3106 3316 3162 dicti
3331 3108 3697 3175 monasterii,
3717 3109 3870 3164 vide~

2219 3197 2355 3253 licet
2383 3196 2580 3252 Sancti
2605 3194 2913 3262 Vincentii,
2949 3198 3167 3249 statuta
3186 3198 3243 3250 et
3271 3211 3306 3249 a
3334 3195 3449 3250 Deo
3481 3195 3867 3251 servientibus

456 3284 571 3337 Deo
603 3281 982 3338 servientium
1022 3283 1380 3355 animarum,
1414 3284 1639 3340 scilicet
1669 3288 1733 3339 ut
1761 3282 2108 3340 venerabilis
2139 3264 2181 3332 Ο
2221 3288 2280 3342 in
2295 3303 2360 3342 eo
2377 3285 2617 3358 triginta
2630 3283 2800 3339 annis
2816 3299 3090 3355 possessa
3109 3287 3268 3352 sunt,
3288 3283 3865 3356 refragare,auferre,

458 3368 624 3424 locus
674 3370 772 3439 qui
815 3387 849 3424 a
892 3371 1070 3424 beatae
1116 3371 1408 3427 memoriae
1457 3372 1769 3428 Deoderico
1808 3373 2110 3444 predeces-

463 3471 594 3513 sore
628 3461 725 3512 tuo
749 3459 990 3513 Metensi
1010 3460 1280 3530 pontifice
1306 3462 1364 3513 in
1389 3478 1502 3515 uno
1526 3461 1906 3532 conglobatus
1933 3466 2111 3532 atque

464 3562 725 3602 annexus
771 3551 859 3602 est
904 3564 1038 3602 cum
1092 3548 1342 3619 propriis
1394 3549 1943 3621 congregationibus
1981 3568 2109 3622 qua:

461 3636 806 3710 regulariter
835 3639 893 3692 in
929 3637 1194 3708 psalmis,
1227 3637 1464 3708 hymnis
1499 3643 1554 3692 et
1576 3639 1962 3708 orationibus,
1998 3643 2110 3697 Deo

459 3727 744 3784 Salvatori
788 3731 986 3782 nostro
1024 3729 1164 3781 Jesu
1210 3725 1438 3780 Christo
1488 3726 1796 3798 pervigiles
1836 3731 2110 3786 excubias

457 3818 749 3889 exhibent,
774 3819 847 3874 ab
880 3815 1213 3874 insolentiis
1236 3816 1626 3872 exterioribus
1643 3817 1797 3872 circu
1811 3821 2107 3876 mmunitaa

449 3907 674 3980 jugiter
717 3906 948 3963 valeant
961 3906 1040 3977 pii
1060 3904 1378 3960 famulatus
1391 3903 1672 3976 obsequia
1685 3904 1742 3959 in
1759 3908 2108 3965 monasterio

456 3997 655 4051 Sancti
679 3995 969 4050 Vincentii
1001 3995 1366 4050 exhibere.Et
1389 3995 1664 4066 quoniam
1686 4000 1913 4051 constat
1943 4002 2103 4053 tuam

455 4083 891 4155 religiositalem
926 4084 1104 4154 hujus
1135 4083 1421 4156 privilegii
1453 4083 1954 4140 confirmationem
2001 4103 2102 4158 po-

457 4172 678 4229 stulare
701 4190 734 4229 a
756 4173 944 4234 nobis,
973 4175 1208 4243 propter
1231 4173 1671 4229 immutationes
1693 4174 2103 4246 temporalium

454 4279 675 4334 rerum,
735 4262 1043 4332 variosque
1101 4260 1405 4315 hominum
1465 4279 1656 4329 casus,
1718 4263 2100 4321 munitionem

453 4352 652 4408 Sancti
682 4349 976 4406 Vincentii
1010 4349 1304 4420 martyris,
1350 4365 1480 4404 cum
1515 4351 1790 4406 omnibus
1842 4353 1913 4408 ad
1947 4354 2101 4411 idem

452 4440 876 4498 monasterium
900 4437 1350 4511 pertinentibus,
1368 4443 1544 4509 atque
1569 4440 2100 4500 corroborationem

450 4527 940 4604 ipsiusinChristo
955 4526 1442 4600 congregationis,
1459 4531 1934 4584 etsuccessorum
1948 4533 2096 4602 ejus,

2219 3375 2309 3431 vel
2341 3374 2595 3430 alienare
2615 3372 3074 3445 praesumpserit,
3106 3371 3253 3427 sciat
3268 3388 3330 3427 se
3350 3373 3696 3429 auctoritate
3716 3365 3865 3430 beati

2223 3465 2372 3520 Petri
2395 3461 2794 3536 apostolorum
2817 3461 3099 3534 principis
3120 3460 3351 3518 vinculo
3363 3461 3758 3518 anathematis
3781 3462 3868 3518 in-

2222 3554 2524 3619 nodatum,
2550 3556 2724 3623 atque
2754 3567 2888 3606 cum
2926 3551 2958 3606 J
2967 3551 3081 3606 uda
3109 3551 3388 3606 traditore
3419 3551 3648 3606 Domini
3679 3551 3869 3609 nostri

2217 3641 2356 3698 Jesu
2383 3641 2618 3706 Christi,
2651 3639 2850 3696 aeterni
2879 3639 3138 3695 incendii
3169 3638 3454 3712 supplicio
3485 3657 3872 3698 concreman-

2218 3731 2358 3786 dum
2385 3749 2398 3798 ;
2432 3730 2516 3785 sic
2537 3730 2873 3802 deputatus,
2907 3745 3011 3784 nec
3041 3745 3300 3800 unquam
3325 3746 3359 3784 a
3388 3727 3588 3800 prefati
3613 3730 3874 3786 anathe-

2218 3819 2393 3875 matis
2425 3819 2672 3874 nexibus
2690 3819 2767 3874 sit
2797 3817 3126 3874 absolutus.
3145 3819 3219 3873 At
3247 3833 3380 3873 vero
3402 3817 3500 3889 qui
3523 3817 3617 3890 pio
3642 3817 3870 3875 intuitu

2217 3910 2553 3964 observator
2601 3908 2658 3962 in
2690 3906 2963 3963 omnibus
2993 3907 3294 3978 exstiterit,
3341 3906 3594 3979 gratiam
3622 3907 3868 3964 benedi-

2215 3996 2424 4053 ctionis
2455 4013 2490 4052 a
2516 3995 3064 4052 misericordissimo
3084 3995 3330 4051 Domino
3350 3999 3550 4051 nostro
3582 3995 3868 4068 multipli-

2216 4086 2357 4141 citer
2386 4091 2802 4157 consequatur,
2835 4089 2892 4140 et
2919 4084 3046 4140 vita
3075 4088 3301 4139 aeternas
3323 4083 3624 4156 particeps
3643 4085 3870 4140 efﬁcia-

2214 4179 2332 4240 tur,
2367 4179 2423 4229 et
2443 4178 2646 4229 catena
2667 4173 2819 4229 beati
2849 4173 3002 4229 Petri
3035 4190 3068 4228 a
3097 4178 3298 4228 sancta
3323 4173 3586 4229 Romana
3611 4173 3873 4230 Ecclesia

2213 4263 2264 4318 ei
2295 4265 2432 4319 data
2461 4263 2683 4335 aperiat
2714 4263 2760 4318 ei
2780 4264 3026 4334 januam
3060 4261 3337 4334 paradisi.
3381 4263 3443 4317 Si
3474 4278 3609 4318 vero
3647 4263 3870 4336 aliquis

2212 4353 2348 4407 inde
2396 4350 2618 4422 aliquid
2668 4350 2967 4418 minuerit,
3017 4367 3086 4406 ea
3116 4366 3295 4422 quam
3328 4349 3588 4406 diximus
3635 4357 3868 4418 catena,

2211 4440 2447 4496 claudat
2475 4439 2525 4494 ei
2549 4438 2816 4512 polorum
2840 4455 3039 4512 regna.
3069 4443 3373 4508 Praeterea,
3402 4440 3698 4495 confrater
3730 4441 3869 4497 cha-

2210 4528 2463 4599 rissima,
2495 4528 2649 4600 quod
2682 4527 2948 4600 postulas
2981 4532 3044 4583 ut
3072 4527 3281 4584 cellam
3313 4529 3383 4584 de
3407 4528 3731 4600 Caliniaco,
3768 4531 3867 4585 ubi

447 4621 508 4676 in
536 4623 883 4693 perpetuum
908 4615 1030 4672 ﬁeri
1051 4614 1392 4670 censuimus
1419 4633 1430 4669 :
1459 4619 1750 4686 quatenus
1782 4634 1944 4672 nonae
1975 4637 2096 4676 om-
2127 4633 2174 4696 Ι)
2206 4617 2548 4690 disposuisti
2580 4616 3002 4673 monachorum
3026 4622 3264 4684 cretum,
3291 4633 3608 4690 aggregare
3638 4634 3868 4691 appen-

448 4710 612 4765 nium
628 4709 922 4764 redituum
936 4704 1234 4778 episcopii,
1251 4708 1308 4759 et
1323 4703 1390 4759 de
1404 4703 1655 4776 singulis
1669 4705 1926 4761 cortibus
1940 4724 2099 4763 man-

447 4814 570 4864 sus,
605 4815 732 4868 qua:
766 4814 798 4851 a
820 4796 1076 4867 predicto
1101 4793 1409 4849 Deoderico
1433 4799 1488 4849 et
1507 4795 1634 4864 ejus
1657 4796 2093 4853 successoribus

444 4885 530 4939 eis
561 4885 777 4938 donata
804 4892 961 4950 sunt,
995 4883 1147 4937 sicut
1169 4887 1273 4938 ate
1295 4899 1529 4954 quoque
1558 4882 1931 4939 laudabiliter
1957 4902 2092 4940 con-

444 4973 754 5036 ceduntur,
786 4970 867 5025 ita
899 4971 955 5024 in
989 4976 1289 5041 posterum
1321 4988 1509 5042 usque
1540 4971 1599 5025 in
1636 4972 1812 5027 ﬁnem
1853 4989 2092 5030 conser-

439 5066 672 5117 ventur.
709 5060 779 5114 Et
805 5064 869 5113 ut
901 5058 1000 5112 illa
1033 5059 1404 5130 congregatio
1437 5060 1785 5116 inconcussa
1815 5061 1873 5115 in
1906 5080 2090 5119 unum

440 5165 839 5222 perseverans,
875 5146 1111 5202 sedulas
1145 5146 1346 5202 laudes
1377 5149 1491 5204 Deo
1525 5149 1849 5220 persolvere
1877 5152 2086 5215 valeat,

439 5245 497 5296 et
535 5239 708 5296 sicuti
739 5256 773 5292 a
808 5243 915 5292 Deo
956 5253 1157 5291 eorum
1191 5236 1384 5292 studia
1425 5237 1650 5293 imbuta
1682 5247 1838 5307 sunt,
1864 5241 2088 5312 jugiter

439 5345 806 5401 perseverare
829 5327 1017 5393 liccat,
1043 5329 1218 5396 atque
1242 5326 1351 5380 sub
1381 5344 1490 5382 uno
1512 5328 1718 5383 abbate
1743 5337 1858 5383 tam
1878 5330 2084 5400 praedi-

439 5423 568 5474 ctus
599 5420 762 5474 locus
795 5415 1154 5473 constitutus
1178 5415 1234 5469 in
1271 5415 1488 5471 honore
1519 5417 1575 5471 S.
1611 5417 1898 5472 Vincentii
1930 5418 2087 5474 indi-

436 5507 599 5562 visus
629 5508 706 5562 sit
723 5511 779 5561 et
800 5505 1049 5560 indivisa
1069 5505 1462 5576 congregatio,
1488 5522 1589 5559 nec
1612 5505 1888 5577 cuiquam
1912 5505 2085 5563 licen-

437 5593 520 5650 tia
548 5595 897 5665 prtebeatur,
927 5599 989 5648 ut
1021 5593 1315 5663 refugiens
1362 5591 1611 5663 rigorem
1663 5595 1938 5650 studiosae
1971 5596 2080 5651 sibi

438 5681 670 5756 regulae,
724 5681 839 5738 huc
871 5681 1123 5750 illucque
1155 5683 1412 5750 vagetur,
1456 5679 1540 5735 vel
1575 5680 1705 5736 aliis
1755 5683 2080 5740 reccnferre

2209 4707 2444 4762 dentem
2469 4707 2540 4761 ad
2571 4705 2914 4778 praedictum
2946 4707 3277 4761 ccenobium
3310 4706 3508 4762 Sancti
3537 4706 3866 4775 Vincentii,

2204 4795 2448 4851 liberam
2481 4794 2688 4850 faciam
2721 4812 2754 4850 a
2775 4810 2955 4851 censu
2978 4811 3153 4867 quem
3180 4794 3441 4851 Tullensi
3463 4794 3741 4851 Ecclesiae
3769 4796 3874 4853 ha-

2203 4889 2406 4940 ctenus
2439 4888 2836 4952 consueverat,
2862 4900 3022 4939 more
3045 4883 3291 4939 aliarum
3310 4882 3697 4956 capellarum,
3733 4901 3871 4958 per-

2204 4972 2465 5040 solvere;
2500 4973 2606 5028 tibi
2637 4973 2969 5038 laudamus,
3006 4973 3371 5045 liberamque
3402 4974 3462 5028 in
3502 4980 3870 5045 perpetuum

2201 5063 2644 5128 constituimus,
2692 5080 2757 5118 eo
2793 5067 3011 5129 tenore,
3062 5066 3127 5118 ut
3175 5062 3292 5118 illic
3337 5061 3671 5118 stabiliatur
3719 5064 3871 5120 ordo

2201 5152 2537 5206 monasticae
2570 5151 2892 5222 religionis.
2918 5151 2978 5207 Si
2999 5167 3129 5208 vero
3152 5151 3330 5222 (quod
3349 5150 3522 5221 absit)
3545 5151 3872 5225 contigerit

2200 5247 2260 5294 ut
2281 5242 2518 5306 ibidem,
2540 5259 2643 5312 pro
2661 5241 2880 5312 praelati
2899 5240 3072 5313 alieuj
3084 5258 3152 5296 us
3166 5240 3358 5313 culpa,
3379 5239 3632 5317 defuerit
3649 5257 3871 5303 [nonas

2195 5327 2441 5384 chorum
2474 5329 2845 5401 congregatio
2867 5329 3181 5401 praedictus
3202 5345 3414 5385 census
3444 5328 3638 5384 denuo
3655 5331 3869 5402 requi-

2193 5422 2358 5472 ratur
2387 5435 2421 5472 a
2449 5417 2745 5472 Tullensis
2775 5419 2934 5473 sedis
2961 5419 3252 5490 pontiﬁce,
3283 5433 3447 5473 more
3469 5420 3871 5474 consuetudi-

2193 5505 2378 5560 nario.
2405 5506 2474 5559 Et
2505 5510 2567 5558 ut
2599 5505 2718 5559 haec
2745 5521 2870 5576 quas
2901 5505 3158 5564 diximus
3189 5507 3411 5578 absque
3443 5505 3563 5562 ulla
3592 5507 3867 5581 refraga-

2191 5592 2346 5648 tione
2406 5598 2531 5648 rata
2573 5593 2861 5666 ﬁrmaque
2917 5596 3206 5653 stabiliter
3249 5595 3600 5662 solidentur,
3633 5601 3863 5654 nostrae

2193 5681 2641 5755 subscriptionis
2672 5683 2950 5742 firmitate
2971 5686 3393 5757 reboravimus,
3428 5683 3737 5756 nostrique
3772 5688 3868 5744 si-
