4088 6174
243 387 352 457 66-1

1213 395 1618 461 EPISTOLAE
1661 396 1761 462 ΕΤ
1803 399 2169 463 DECRETA
2211 401 2682 466 PONTIFICIA.

3523 371 3643 468 662

241 527 366 604 gilii
397 525 788 602 impressione
813 530 1013 588 contra
1031 530 1294 588 omnium
1320 532 1766 590 reclamantium
1790 552 1884 590 vo-
1916 534 1972 601 Α
2003 537 2073 593 de
2105 537 2285 612 stirpe
2334 537 2524 611 ipsius
2554 537 2848 612 Raynardi
2879 536 3264 609 descenderit,
3295 541 3397 597 aut
3437 557 3506 598 ex
3544 558 3642 598 cu-

243 637 335 677 ces
367 619 637 692 insigniri
672 619 1066 693 praecipimus.

311 710 457 765 Data
477 709 632 766 Tulli
654 711 914 766 IvNonas
940 712 1415 786 Novembris,per
1437 731 1648 769 manus
1672 713 1890 771 Udonis

238 799 535 856 Tullensis
557 799 959 872 primicerii,et
984 805 1197 856 sanctae
1221 802 1549 873 apostolica:
1573 802 1728 858 sedis
1749 821 1890 858 can-

239 888 457 944 cellarii
490 893 545 943 et
577 887 1030 960 bibliothecarii,
1063 907 1216 946 anno
1249 891 1320 945 ab
1352 891 1749 947 Incarnatione
1779 893 1888 947 Do-

236 978 380 1034 mini
417 978 575 1044 105l,
601 977 824 1033 domini
857 995 988 1035 vero
1021 980 1228 1035 Leonis
1259 981 1397 1036 noni
1430 998 1590 1053 papa:
1623 999 1774 1038 anno
1805 999 1890 1037 se-

235 1068 452 1136 cundo,
487 1066 807 1123 indictione
837 1085 912 1122 1v.

971 1176 1160 1231 XLIX.

232 1265 290 1320 δ.
327 1267 522 1322 Leonis
550 1267 615 1320 IX
644 1265 797 1320 bulla
820 1268 1280 1391 ρνοίηἶιέηῗδιᾳντό
1309 1275 1620 1323 sanctorum
1654 1270 1890 1323 Bertarii

893 1353 921 1391 e
972 1361 993 1390 ί
1044 1355 1075 1391 a
1103 1354 1213 1391 em.

893 1353 945 1392 ει
972 1353 1213 1392 Αιαιεηῖ.

856 1426 1046 1496 (Anno
1083 1427 1264 1496 1050.)

422 1513 664 1586 [Mabi-ll.
699 1514 898 1569 Annal.
933 1514 1049 1570 0rd.
1081 1515 1136 1569 S.
1170 1516 1393 1582 3872611.,
1431 1517 1518 1581 IV,
1551 1518 1699 1586 7.40.}

311 1605 428 1658 Leo
479 1619 679 1659 servus
737 1619 1039 1659 servorum
1095 1602 1218 1666 Dei,
1270 1604 1524 1660 ecclesia)
1581 1606 1887 1662 beatorum

230 1698 567 1766 martyrum
598 1691 839 1750 Bertarii
870 1699 925 1748 et
954 1692 1336 1764 Ataleni,quae
1369 1695 1582 1750 dicitur
1610 1695 1886 1751 Blederici

227 1783 396 1849 villa,
430 1782 628 1854 posita:
660 1782 719 1838 in
754 1782 1034 1838 comitatu
1069 1782 1428 1848 Santensi,et
1459 1800 1561 1857 per
1589 1802 1716 1840 eam
1747 1803 1885 1842 san-

224 1873 689 1939 ctimonialibus,
726 1872 945 1970 ibidem
978 1875 1255 1944 perpetuo
1288 1873 1887 1948 famulaturis,perpe-
1918 1905 1962 1970 Β

224 1969 392 2018 tuam
424 1962 483 2016 in
516 1962 764 2018 Domino
797 1961 1073 2017 salutem.

290 2052 383 2106 Ad
425 2051 793 2123 apostolatus
826 2051 1006 2108 nostri
1040 2067 1240 2106 curam
1273 2051 1474 2122 procul
1498 2052 1676 2107 dubio
1699 2053 1881 2109 credi-

223 2142 319 2194 tur
356 2139 646 2210 pertinere
670 2143 733 2194 ut
753 2138 1106 2194 venerabilia
1142 2139 1268 2194 loca
1309 2141 1526 2196 nostris
1547 2142 1881 2212 apostolicis

225 2229 374 2282 fiant
405 2228 654 2295 munita,
679 2233 735 2283 et
766 2229 936 2283 nobis
966 2229 1230 2300 proficiat
1262 2231 1332 2284 ad
1367 2228 1574 2285 salutis
1606 2247 1883 2302 augmen-

223 2323 356 2372 tum
387 2318 542 2388 quod
577 2317 662 2372 eis
697 2318 923 2388 proficit
966 2319 1036 2372 ad
1086 2317 1394 2372 tutaminis
1448 2317 1879 2375 fulcimentum.

221 2407 595 2478 Quapropter
625 2422 856 2477 aequum
890 2410 945 2461 et
976 2406 1229 2462 salutare
1257 2407 1448 2462 visum
1482 2407 1591 2461 fuit
1620 2408 1790 2463 nobis
1821 2413 1884 2463 ut

222 2495 570 2568 praedictam
603 2494 908 2550 ecclesiam
960 2513 993 2551 a
1043 2496 1350 2568 Raynardo
1401 2497 1611 2551 comite
1641 2497 1882 2568 suisque

222 2584 706 2658 progenitoribus
760 2585 1054 2640 conditam
1123 2585 1451 2658 apostolicae
1519 2585 1882 2641 auctoritatis

220 2683 392 2730 scuto
427 2672 1079 2746 muniremus,namque
1100 2674 1160 2729 in
1183 2675 1505 2730 monastico
1528 2674 1729 2730 ordine
1751 2691 1880 2746 per-

221 2779 464 2818 manere
525 2762 994 2817 decerneremus.
1031 2763 1108 2817 Ea
1138 2763 1318 2835 igitur
1363 2763 1728 2830 auctoritate,
1762 2781 1879 2834 qua

219 2852 276 2908 in
308 2851 510 2916 terris,
544 2851 679 2907 licet
707 2851 959 2924 indigni,
988 2851 1109 2907 vice
1153 2857 1349 2908 tamen
1397 2853 1702 2924 fungimur
1745 2853 1877 2907 bea-

219 2941 441 2999 tissimi
474 2940 626 2996 Petri
667 2939 934 3012 apostoli,
971 2942 1391 2996 confirmamus
1423 2946 1480 2996 et
1511 2942 1878 3006 roboramus,

220 3049 323 3104 per
347 3031 506 3087 hanc
529 3030 712 3086 nostri
731 3028 1034 3100 apostolici
1065 3029 1351 3102 privilegii
1377 3031 1671 3102 paginam,
1692 3031 1879 3084 eidem

221 3125 427 3177 sancto
479 3125 537 3174 et
581 3117 901 3174 venerabili
948 3117 1074 3174 loco
1123 3120 1336 3187 omnia
1369 3136 1496 3189 quae
1547 3118 1620 3173 ab
1679 3118 1878 3173 eodem

221 3209 532 3281 Reynardo
565 3208 777 3262 comite
826 3208 1072 3279 ejusque
1121 3208 1464 3280 parentibus
1497 3211 1552 3262 et
1583 3206 1715 3261 aliis
1746 3206 1878 3277 qui-

219 3300 602 3367 buscumque
623 3297 1119 3352 fidelibusChristi
1139 3313 1408 3352 concessa
1435 3302 1490 3351 et
1512 3296 1879 3351 concedenda

223 3391 377 3443 sunt
409 3385 470 3439 in
504 3391 831 3456 perpetuum
871 3404 882 3440 :
917 3385 1294 3458 prohibentes
1328 3390 1530 3441 nostra
1561 3383 1879 3456 apostolica

225 3475 580 3532 auctoritate
610 3492 676 3530 ne
708 3492 972 3547 unquam
1027 3493 1061 3531 a
1106 3477 1430 3531 monastico
1482 3475 1682 3531 ordine
1716 3475 1877 3530 locus

217 3565 346 3637 ipse
378 3565 698 3630 auferatur,
733 3566 834 3620 sed
867 3582 1100 3636 semper
1127 3567 1234 3621 sub
1270 3565 1470 3637 regula
1495 3565 1682 3619 sancti
1706 3565 1878 3620 Bene-

207 3653 350 3709 dicti
386 3658 814 3725 permaneat,et
844 3655 1191 3709 nominatim
1208 3672 1334 3726 quae
1368 3653 1492 3725 ipse
1533 3653 1875 3724 Raynardus

210 3759 411 3798 comes
444 3742 585 3796 huic
620 3741 743 3798 loco
775 3760 880 3814 pro
924 3743 1182 3798 remedio
1215 3744 1422 3798 anima:
1454 3760 1572 3798 sua:
1605 3741 1872 3808 contulit,

206 3847 467 3904 quarum
507 3830 746 3901 quidem
779 3834 1135 3902 potestatum
1167 3832 1407 3886 nomina
1439 3830 1532 3886 hic
1583 3831 1873 3887 subscribi

204 3919 485 3984 fecimus,
539 3919 828 3992 integram
881 3921 1147 3977 videlicet
1198 3919 1706 3988 Bledericivillam,
1738 3937 1871 3975 cum

199 4010 454 4065 ecclesia
513 4013 570 4062 et
616 4009 776 4064 omni
829 4009 1160 4082 integritate
1203 4027 1340 4075 sua;
1375 4008 1872 4064 Romaldi-villam

196 4114 329 4153 cum
363 4096 537 4153 omni
568 4096 935 4168 integritate;
969 4097 1224 4152 Salsuris
1257 4115 1390 4152 cum
1427 4097 1586 4151 omni
1633 4097 1873 4168 integri-

199 4191 342 4254 tate;
387 4185 772 4241 Pantevillare
802 4203 934 4242 cum
974 4187 1132 4242 omni
1169 4185 1536 4259 integritate;
1589 4185 1869 4240 allodium

194 4276 261 4331 de
292 4277 523 4331 domno
556 4273 792 4342 Basolo;
830 4276 1279 4348 Ligisdicurtem
1332 4292 1465 4330 cum
1514 4274 1869 4345 integritate,

194 4363 490 4420 allodium
524 4363 594 4418 de
628 4363 1070 4420 Unzoniscurte.
1103 4365 1242 4419 Post
1271 4381 1524 4435 quorum
1576 4364 1867 4418 donorum

196 4453 617 4509 ﬁrmissimam
671 4453 1184 4520 contraditionem,
1215 4454 1370 4508 sicut
1399 4453 1523 4523 ipse
1556 4451 1869 4525 praedictus

195 4559 402 4598 comes
449 4544 577 4612 jam
626 4542 962 4613 expetierat,
996 4559 1125 4598 eam
1174 4561 1207 4598 a
1259 4541 1447 4609 nobis,
1481 4543 1621 4596 dum
1655 4542 1712 4595 in
1745 4541 1868 4597 solo

1993 630 2094 700 jus
2135 629 2474 685 hereditate
2524 630 2677 686 idem
2717 630 2882 686 locus
2921 635 3010 687 est
3054 631 3341 704 inceptus,
3374 631 3650 703 praedicta

2001 718 2300 774 advocatis
2336 720 2665 791 perveniat;
2726 725 2782 776 et
2829 721 3156 788 annuatim,
3207 721 3266 776 in
3317 719 3653 776 Inventione

2000 807 2186 863 sancti
2218 808 2519 880 Stephani,
2543 809 2808 864 debitum
2841 825 3083 864 censum
3113 809 3384 865 instituta
3405 825 3653 881 congre-

1999 897 2156 968 gatio
2188 895 2374 967 ipsius
2406 897 2516 952 loci
2548 915 2649 968 pro
2682 898 3046 969 subjectione
3078 898 3390 970 persolvat,
3425 897 3652 954 scilicet

1999 1002 2230 1040 cereum
2265 1003 2470 1053 unum,
2506 987 2816 1042 duodecim
2847 987 3104 1044 denariis
3134 986 3516 1044 Tullensibus
3547 1005 3650 1060 ap-

1998 1075 2332 1147 pretiatum.
2362 1075 2592 1130 Donum
2625 1077 2806 1149 igitur
2835 1077 3082 1133 abbatiw
3101 1077 3159 1132 in
3185 1093 3364 1134 manu
3387 1077 3649 1150 episCOpi

1996 1162 2290 1218 Tullensis
2309 1167 3286 1238 semperconsistat,etquaecunque
3297 1167 3368 1222 de
3379 1166 3646 1238 ejusdem

1999 1251 2218 1322 prmlati
2248 1252 2483 1307 comitis
2513 1252 2691 1323 stirpe
2721 1253 2778 1307 in
2803 1255 3004 1308 eodem
3037 1255 3296 1310 cmnobio
3327 1254 3538 1310 idonea
3558 1255 3648 1310 in-

1997 1344 2170 1395 venta
2201 1341 2392 1405 fuerit,
2427 1341 2816 1412 provisionem
2866 1342 2997 1409 loci,
3033 1342 3142 1398 sub
3192 1343 3428 1398 nomine
3474 1345 3653 1400 abba-

1998 1429 2499 1502 tissae,suscipiat;
2534 1430 2625 1485 sin
2658 1435 2853 1487 autem
2878 1431 3018 1486 inibi
3042 1431 3366 1503 nequiverit
3387 1431 3648 1504 reperiri,

2000 1517 2225 1574 deloco
2259 1519 2444 1574 sancti
2479 1519 2771 1574 Itomarici
2830 1519 3028 1592 aliqua
3077 1521 3149 1580 de
3197 1521 3326 1591 ejus
3374 1521 3653 1593 progenie

1999 1607 2178 1678 digna
2212 1609 2282 1662 ad
2317 1607 2678 1664 abbatissam
2712 1613 3000 1676 sumatur,
3033 1614 3090 1665 et
3135 1609 3185 1664 si
3226 1609 3404 1665 etiam
3451 1609 3508 1664 in
3558 1609 3654 1666 his

1997 1696 2263 1768 utrisque
2280 1697 2560 1752 cmnobiis
2591 1697 2754 1753 nulla
2784 1698 2995 1770 poterit
3023 1699 3648 1770 inveniri,potestatem

1999 1785 2309 1858 episcopus
2340 1786 2571 1853 habeat,
2607 1791 2708 1842 aut
2738 1788 2808 1842 de
2839 1788 3059 1843 eisdem
3091 1787 3256 1855 locis,
3289 1791 3393 1842 aut
3423 1789 3494 1843 de
3515 1789 3646 1844 aliis

1998 1875 2150 1930 infra
2178 1874 2510 1930 Tullensem
2544 1875 2942 1948 episcopatum
2970 1876 3144 1931 aliam
3176 1876 3418 1948 dignam
3439 1892 3640 1947 perso-

1994 1981 2128 2019 nam
2162 1964 2516 2036 perquirere,
2550 1969 2606 2019 et
2653 1965 2711 2019 in
2762 1964 2885 2019 loco
2935 1963 3034 2019 illo
3083 1965 3408 2020 secundum
3453 1963 3638 2020 Deum

1993 2054 2302 2125 praeficere.
2338 2053 2394 2107 Si
2429 2053 2561 2124 quis
2593 2069 2750 2125 ergo,
2783 2054 2933 2124 quod
2971 2052 3154 2108 absit!
3203 2056 3260 2107 et
3305 2053 3463 2123 quod
3513 2052 3640 2109 fieri

1993 2142 2235 2197 minime
2265 2142 2658 2208 credimus,ab
2690 2142 2798 2198 hac
2829 2146 3029 2198 nostra
3057 2141 3292 2214 publica
3340 2141 3641 2200 sanctione

1991 2232 2326 2288 discordare
2357 2232 2788 2304 pertentaverit,
2813 2236 2872 2287 et
2902 2231 3160 2303 prmstito
3192 2229 3442 2301 alicujus
3473 2231 3641 2303 pretii

1992 2305 2342 2389 c'ommento,
2377 2338 2493 2376 non
2525 2322 2850 2376 secundum
2897 2319 3211 2376 Dominum
3243 2319 3640 2392 praelationem

1989 2406 2099 2462 loci
2135 2408 2422 2473 statuerit,
2451 2414 2551 2464 aut
2581 2408 2775 2464 locum
2806 2409 3128 2476 destruere,
3169 2407 3256 2463 vel
3305 2409 3377 2463 de
3424 2425 3642 2480 appen-

1991 2497 2158 2552 diciis
2184 2497 2531 2553 imminuere
2556 2497 3044 2566 voluerit,habeat
3058 2498 3376 2553 advocatus
3398 2497 3650 2553 liberam

1989 2589 2338 2658 potestatem
2372 2587 2624 2642 adeundi
2659 2591 2940 2658 regem,et
2966 2586 3272 2640 ibicausas
3305 2586 3647 2641 monasterii

1991 2675 2280 2747 sagaciter
2307 2682 2575 2748 exponat,
2594 2681 2650 2731 et
2678 2675 2859 2746 hujus
2891 2678 3099 2730 nostrae
3132 2671 3460 2744 apostolicae
3493 2690 3643 2744 pras-

1993 2765 2278 2836 ceptionis
2310 2765 2728 2836 diruptionem,
2760 2768 2816 2818 et
2863 2768 2928 2818 ut
2975 2763 3326 2818 reformatur
3372 2776 3639 2816 summo-

1989 2869 2124 2925 pere
2153 2854 2404 2908 studeat.
2430 2854 2488 2908 Si
2513 2869 2645 2908 vero
2677 2853 2990 2907 advocatus
3021 2851 3092 2905 de
3121 2848 3499 2906 facultatibus
3521 2866 3640 2906 mo-

1990 2941 2231 2996 nasterii
2263 2943 2338 3006 vi,
2371 2947 2472 2996 aut
2502 2941 2657 2996 malo
2706 2939 2940 3012 ingenio
2973 2938 3275 3010 quidpiam
3307 2939 3639 2996 diminuere

1987 3029 2258 3095 voluerit,
2283 3036 2381 3084 aut
2412 3029 2585 3085 etiam
2619 3029 2768 3084 hanc
2801 3032 3060 3083 nostram
3091 3027 3469 3100 apostolicam
3504 3045 3639 3086 con-

1989 3119 2382 3173 firmationem
2405 3119 2739 3190 infringere,
2769 3116 3163 3172 commonitus
3190 3117 3283 3172 bis
3313 3133 3378 3172 ac
3411 3118 3575 3173 tertio
3607 3136 3642 3173 a

1991 3207 2312 3279 prmsule,si
2347 3225 2479 3261 cum
2505 3206 2738 3276 justitia
2767 3205 3002 3278 culpam
3032 3207 3342 3261 emendare
3369 3203 3641 3273 voluerit,

1910 3277 1950 3341 C
1990 3277 2287 3351 advocatia
2320 3295 2431 3351 sibi
2463 3300 2833 3368 permaneat;
2870 3277 2930 3350 at
2956 3295 3006 3351 si
3039 3297 3239 3350 contra
3260 3294 3516 3367 episcopi
3538 3295 3642 3351 ad-

1991 3385 2369 3441 monitionem
2400 3385 2488 3440 vel
2520 3385 3190 3440 excommunicationem
3222 3383 3642 3456 incorrigibilis

1988 3475 2393 3545 permanserit,
2429 3475 2729 3530 advocatia
2759 3479 2971 3544 careat,
3004 3478 3062 3530 et
3091 3473 3303 3546 praesul
3327 3471 3512 3529 alium
3535 3474 3643 3530 ad-

1985 3569 2251 3619 vocatum
2313 3565 2573 3636 requirat
2625 3564 2723 3636 qui
2775 3563 3026 3620 fideliter
3078 3563 3187 3618 loci
3239 3561 3638 3619 defensionem

1987 3653 2302 3724 provideat.
2345 3654 2413 3708 Et
2461 3671 2531 3708 ne
2580 3652 2801 3725 aliquid
2849 3654 2919 3708 de
2967 3651 3328 3724 appendiciis
3381 3650 3638 3706 ecclesias

1987 3758 2272 3812 usurpare
2322 3747 2658 3813 praesumat,
2722 3741 3044 3797 statuimus
3101 3743 3167 3794 ut
3211 3739 3272 3792 in
3319 3737 3635 3796 festivitate

1985 3835 2322 3885 sanctorum
2348 3835 2669 3902 martyrum
2692 3828 2934 3885 Bertarii
2958 3832 3014 3883 et
3033 3826 3257 3882 Ataleni
3287 3825 3508 3880 ibidem
3529 3826 3634 3882 de-

1981 3923 2080 3973 tur
2109 3918 2160 3973 ei
2193 3919 2516 3983 servitium,
2551 3917 2820 3973 videlicet
2866 3915 3100 3971 modius
3141 3931 3298 3970 unus
3330 3913 3632 3986 frumenti,

1983 4006 2215 4061 modius
2247 4023 2400 4061 unus
2430 4006 2547 4061 vini
2583 4025 2594 4061 :
2630 4011 2686 4061 et
2716 4006 2764 4060 si
2795 4005 2997 4060 vinum
3020 4002 3438 4070 defecerit,tres
3459 4001 3634 4059 solidi

1982 4101 2227 4152 moneta:
2255 4095 2443 4167 ipsius
2494 4095 2650 4166 pagi,
2683 4099 2739 4149 et
2786 4110 3000 4166 porcus
3032 4094 3284 4149 duorum
3317 4108 3631 4151 annorum.

1982 4185 2125 4240 Hinc
2157 4201 2288 4239 vero
2321 4184 2391 4239 de
2423 4184 2596 4239 rebus
2619 4183 2704 4239 vel
2729 4183 2983 4254 justitiis
3005 4182 3252 4238 abbatis:
3275 4180 3436 4237 nullo
3458 4181 3632 4239 modo

1981 4290 2042 4328 se
2074 4273 2533 4346 prresumat,nisi
2566 4273 2711 4328 forte
2741 4274 2812 4328 ab
2846 4273 3146 4328 abbatissa
3174 4271 3234 4327 in
3268 4271 3631 4342 adjutorium

1978 4368 2216 4418 vocatus
2246 4363 2436 4428 fuerit,
2469 4368 2525 4418 et
2556 4367 2694 4418 tunc
2725 4380 2829 4435 pro
2861 4379 2968 4417 sua
2999 4359 3309 4434 praesentia
3357 4363 3415 4415 et
3462 4359 3630 4430 adju-

1979 4452 2125 4507 torio
2157 4453 2386 4508 tertiam
2418 4453 2682 4522 ejusdem
2716 4451 2960 4506 abbatiae
2992 4449 3240 4521 accipiat
3278 4452 3525 4519 partem.
3559 4444 3631 4500 Ut

1980 4545 2175 4595 autem
2211 4540 2390 4611 hujus
2421 4541 2504 4594 rei
2537 4539 2901 4595 confirmatio
2925 4537 3154 4594 cautius
3184 4535 3244 4589 in
3275 4536 3627 4605 perpetuum

193 4633 549 4704 episcopatu
582 4629 849 4685 Tullensi
881 4631 1247 4703 praefuimus,
1281 4631 1630 4700 consecrari,
1663 4630 1782 4686 imo
1813 4636 1868 4702 et
1898 4648 1945 4712 D
1980 4629 2324 4700 firmiusque
2357 4627 2882 4698 servetur,nonnisi
2913 4624 3144 4696 magnis
3176 4619 3448 4712 precibus
3471 4618 3622 4712 Lan-

191 4724 547 4777 eonsecrata
577 4723 697 4785 est;
725 4719 804 4774 ita
825 4723 884 4774 et
908 4721 1078 4776 modo
1112 4721 1170 4775 in
1204 4719 1567 4793 apostolatus
1589 4720 1863 4780 culmine,

189 4809 405 4864 divina
430 4813 729 4879 praeeunte
758 4807 1866 4878 clementia,misericorditersublimati

192 4897 652 4966 constituimus,
685 4897 842 4952 idem
875 4896 996 4952 illic
1029 4898 1096 4952 ad
1121 4897 1355 4953 laudem
1389 4898 1510 4962 Dei,
1544 4914 1607 4951 ac
1640 4902 1865 4952 sancto-

188 5004 331 5043 rum
369 4985 834 5052 venerationem,
873 4987 1148 5058 deinceps
1180 4985 1690 5058 congregationem
1735 5003 1867 5041 san-

189 5073 644 5132 ctimonialium
688 5074 1100 5130 venerabiliter
1155 5075 1426 5140 stabiliri,
1461 5079 1516 5129 et
1547 5075 1656 5129 sub
1690 5075 1866 5129 beatas

189 5165 293 5220 Dei
330 5163 647 5237 genitricis
693 5181 759 5218 ac
785 5162 1030 5235 virginis
1063 5164 1276 5230 Mariae,
1309 5163 1622 5234 Sanctiquc
1673 5167 1868 5234 proto-

191 5253 486 5324 martyris
517 5252 803 5324 Stephani
840 5253 1134 5308 Tullensis
1158 5252 1412 5307 ecclesiae
1445 5252 1869 5315 confirmari,eo

193 5347 429 5407 tenore,
467 5356 531 5396 ut
566 5342 908 5413 quicunque
960 5343 1029 5396 de
1069 5343 1198 5412 ejus
1246 5341 1505 5413 corporis
1538 5341 1871 5413 posteritate

196 5430 637 5487 Fonteniacum
659 5430 965 5486 castellum
983 5432 1151 5502 justa
1171 5431 1504 5486 haereditate
1527 5430 1871 5502 possederit,

198 5520 583 5576 advocatiam
612 5519 802 5591 ipsius
833 5519 945 5574 loci
969 5519 1183 5576 habeat
1209 5519 1581 5583 solide.Quod
1607 5519 1656 5574 si
1681 5520 1871 5574 forsan

196 5611 271 5665 ad
307 5610 448 5680 ejus
474 5609 871 5666 successionis
902 5609 1238 5682 progeniem
1265 5627 1435 5666 nemo
1467 5614 1764 5681 superstes
1789 5627 1873 5664 re-

195 5699 520 5767 manserit,
556 5699 628 5755 ad
666 5698 1143 5771 propinquiorem
1176 5702 1232 5756 et
1262 5704 1404 5756 natu
1437 5699 1744 5770 majorem,
1776 5698 1873 5770 qui

1977 4717 2178 4773 hardis
2210 4716 2340 4772 filim
2373 4717 2558 4788 ipsius
2583 4719 2707 4786 jarr.
2729 4730 2879 4786 saepe
2901 4713 3040 4768 dicti
3059 4705 3622 4781 Raynardicomitis,

1978 4810 2034 4860 et
2063 4805 2326 4878 diligenti
2359 4820 2599 4860 suorum
2652 4801 2896 4858 consilio
2944 4797 3227 4864 fidelium,
3258 4795 3481 4852 scilicet
3527 4794 3622 4851 Ri-

1979 4894 2180 4950 chuini
2214 4899 2269 4949 et
2300 4894 2576 4959 Cunonis,
2612 4898 2785 4963 atque
2818 4887 3118 4945 Rhindrici
3149 4905 3253 4944 seu
3283 4883 3624 4952 Theobaldi,

1980 4985 2211 5055 utrique
2227 4980 2782 5046 locorum,videlicet
2799 4982 3012 5035 sanctas
3029 4975 3325 5032 Tullensis
3337 4973 3628 5042 Ecclesiae,

1980 5071 2230 5126 alterum
2267 5072 2323 5125 in
2357 5071 2510 5125 dicto
2543 5068 2802 5124 cmnobio
2835 5085 2960 5135 sua,
2989 5069 3161 5139 prout
3190 5065 3383 5121 visum
3412 5067 3522 5130 est,
3556 5061 3630 5117 si-

1983 5160 2144 5215 milia
2175 5160 2475 5232 privilegia
2502 5159 2956 5231 assignavimus,
2988 5171 3239 5228 quorum
3283 5151 3628 5208 cautissimo

1983 5249 2416 5320 privilegiomec
2437 5248 2693 5320 episcopi
2710 5246 3005 5303 Tullensis
3023 5245 3268 5300 laedatur
3286 5239 3628 5305 auctoritas,

1982 5355 2088 5393 nec
2119 5337 2373 5396 ecclesia:
2426 5337 2772 5392 ancillarum
2827 5335 2926 5391 Dei
2980 5333 3176 5405 aliqua
3223 5329 3522 5404 proveniat
3556 5329 3628 5384 ab

1983 5427 2251 5498 episcopo
2285 5427 2502 5493 iujusta
2532 5424 2985 5481 incommoditas
3010 5441 3022 5490 ;
3045 5423 3369 5478 statuentes
3399 5421 3630 5492 aposto-

1986 5515 2096 5570 lica
2119 5516 2502 5581 censura,sub
2533 5510 2934 5584 divinijudicii
2958 5510 3363 5575 obtestatione,
3395 5512 3461 5564 ut
3508 5506 3635 5562 nul-

1987 5605 2078 5660 lus
2100 5603 2749 5677 imperatorum,nullus
2773 5597 3098 5669 rex,nullus
3119 5597 3463 5667 dux,nullus
3487 5613 3634 5652 mar-

1987 5692 2345 5762 chio,nullus
2371 5690 2790 5761 comes,nullus
2811 5689 3150 5756 vicecomes,
3168 5686 3368 5743 nullus
3389 5685 3632 5743 advoca-
