4088 6174
263 367 388 434 665

1043 499 1127 556 LI.

259 606 629 690 Privileginm
684 606 741 686 S.
795 607 1579 736 naniablﬁuzigaunensibus
1624 609 1906 665 canonicis

619 697 622 700 ’
965 696 1017 735 η
1057 696 1093 735 u
1155 697 1229 734 m.

619 697 622 700 ’
941 696 1229 735 trwuwm.

881 796 1072 867 (Anno
1104 795 1289 867 4050.)

583 913 744 985 [GalL
782 912 983 968 Christ.
1017 917 1158 968 tom.
1191 913 1311 980 XII,
1346 929 1401 984 p.
1438 913 1586 982 427.]

331 1039 395 1093 In
449 1035 661 1092 timore
707 1034 810 1090 Dei
856 1035 1056 1091 aterni
1100 1037 1157 1091 et
1203 1035 1517 1091 Salvatoris
1556 1035 1742 1090 nostri
1769 1034 1908 1091 Jesu

258 1124 494 1183 Christi.
528 1125 664 1191 Leo,
698 1122 1072 1179 humillimus
1103 1140 1308 1179 servus
1348 1139 1648 1180 servorum
1680 1124 1805 1195 Dei,
1855 1127 1912 1178 et

256 1215 318 1271 in
338 1212 656 1285 apostolici
677 1211 956 1268 culminis
973 1229 1104 1268 arce
1129 1228 1244 1268 non
1268 1213 1492 1268 meritis
1509 1213 1783 1285 propriis,
1809 1213 1908 1268 sed

259 1302 498 1360 aetherei
533 1300 802 1374 clavigeri
845 1300 1214 1374 aliorumque
1262 1301 1658 1374 apostolorum
1697 1301 1910 1374 princi-

260 1393 352 1466 pis
366 1391 547 1461 Petri,
564 1391 765 1446 divina
780 1391 1102 1462 opitulante
1114 1391 1322 1463 gratia,
1336 1390 1708 1447 sublimatus.
1724 1391 1913 1446 Domi-

261 1499 376 1538 nus
405 1483 606 1537 noster
623 1481 794 1536 Jesus
824 1479 1114 1548 Christus,
1148 1486 1211 1536 ut
1239 1497 1272 1536 a
1301 1479 1475 1553 primi
1501 1481 1759 1552 parentis
1789 1480 1910 1552 pia-

260 1570 384 1629 culi
403 1570 669 1626 cautione
690 1569 1017 1624 humanum
1037 1585 1223 1642 genus
1251 1569 1543 1638 liberaret,
1567 1571 1637 1625 de
1657 1569 1817 1625 calis
1839 1569 1911 1625 ad

259 1665 461 1718 terras
489 1658 784 1715 descendit
812 1663 870 1714 et
900 1659 1136 1732 proprio
1162 1675 1270 1715 suo
1303 1676 1508 1715 cruore
1542 1659 1912 1730 redemptum

255 1749 326 1806 B.
361 1752 536 1805 Petro
564 1748 926 1820 pascendum
958 1748 1257 1804 commisit
1288 1766 1301 1804 :
1328 1750 1482 1820 quod
1517 1747 1910 1804 ministerium

1221 365 1630 430 EPISTOLIE
1669 364 1770 430 ET
1812 364 2183 432 DECRETA
2225 363 2698 430 PONTIFICIA.

3552 365 3671 434 666

1932 498 1988 570 Α
2016 497 2290 571 pralatus
2313 497 2529 570 aliquis
2561 497 2686 555 sine
2716 494 3017 560 communi
3047 512 3249 554 eorum
3294 499 3536 557 consilio
3579 499 3668 558 vel

2015 587 2298 644 electione
2330 587 2622 653 mittatur,
2652 603 2841 659 neque
2863 603 2932 643 ex
2963 587 3380 643 communibus
3411 588 3667 644 ecclesia

2017 678 2193 732 rebus
2243 681 2377 748 post
2422 693 2741 749 congruam
2774 693 2977 732 eorum
3017 675 3462 748 dispositionem
3495 676 3669 747 quid-

2019 783 2196 838 quam
2228 770 2526 834 tractetur,
2563 782 2666 821 nec
2697 766 2832 821 licet
2861 765 3151 838 pralibati
3182 764 3460 820 violentia
3486 764 3544 819 in
3577 781 3672 820 eo-

2017 871 2148 909 rum
2181 854 2508 926 diripienda
2538 855 2773 927 propria
2793 854 2880 909 vel
2904 854 3243 909 communia
3264 853 3416 909 bona
3447 857 3667 909 temere

2018 945 2422 1014 prasumendo
2472 943 2794 1016 praevaleat,
2829 945 2931 999 sed
2975 943 3174 998 omnia
3212 942 3500 1015 privilegii
3542 959 3674 998 auc-

2017 1033 2253 1088 toritate
2281 1049 2483 1088 eorum
2515 1033 2765 1088 decretis
2796 1032 3162 1087 ordinentur.

2090 1141 2159 1194 Et
2171 1139 2218 1193 si
2239 1139 2382 1194 forte
2393 1155 2592 1194 eorum
2609 1137 2822 1209 aliquis
2837 1141 3275 1211 praoccupatus
3293 1137 3468 1193 fuerit
3483 1140 3670 1192 morte

2021 1229 2215 1294 frater,
2266 1229 2314 1284 si
2354 1227 2646 1283 defuerint
2692 1232 2983 1299 parentes,
3015 1226 3098 1281 ita
3127 1228 3256 1297 ejus
3295 1227 3448 1282 bona
3477 1225 3673 1281 Eccle-

2021 1317 2140 1383 sia,
2174 1315 2407 1371 familia
2439 1320 2495 1372 et
2524 1315 2883 1387 pauperibus
2911 1313 3272 1370 distribuant
3311 1319 3376 1369 ut
3407 1312 3674 1369 noverint

2021 1411 2304 1478 oportere,
2329 1406 2480 1460 et'ne
2502 1404 2780 1477 pralatus
2803 1403 3020 1476 aliquis
3045 1407 3388 1474 potestatem
3413 1402 3672 1473 aliquam

2020 1495 2166 1551 inibi
2206 1495 2546 1558 exercendo,
2598 1509 2796 1550 vocem
2851 1492 3063 1547 latitia
3113 1508 3315 1547 eorum
3351 1491 3668 1563 perturbet,

2023 1585 2132 1640 sub
2163 1584 2554 1640 anathematis
2583 1581 2812 1638 vinculo
2841 1581 3216 1654 colligamus;
3258 1583 3316 1636 et
3355 1579 3415 1634 in
3451 1577 3676 1650 episco-

2022 1677 2159 1746 patu
2194 1671 2596 1729 Lausannensi
2621 1672 2939 1743 quamdam
2963 1675 3209 1740 curtem,
3233 1669 3468 1725 nomine
3489 1670 3674 1724 Auro-

2024 1779 2189 1830 num,
2212 1762 2508 1834 quondam
2537 1761 2624 1816 eis
2655 1760 2948 1816 sublatam
2971 1759 3246 1814 violentia
3277 1757 3673 1830 pralatorum,

256 1837 656 1896 successionis
687 1837 859 1905 serie,
890 1838 960 1892 ad
995 1855 1101 1893 nos
1121 1853 1310 1910 usque
1340 1838 1609 1909 quamvis
1639 1838 1913 1911 indignos

2036 1851 2391 1908 restituimus
2413 1867 2546 1906 cum
2571 1849 2829 1905 ecclesiis
2851 1854 2907 1903 et
2939 1846 3185 1918 reliquis
3206 1844 3593 1918 appendiciis,
3614 1848 3681 1898 ut

255 1925 546 2002 pervenit.
583 1928 947 1998 Quapropter
965 1930 1189 1998 oportet
1221 1942 1426 2002 omnes
1446 1927 1808 1984 Christianos
1839 1929 1912 1984 ad

255 2019 530 2073 sanctam
562 2019 815 2071 matrem
858 2013 1176 2070 Ecclesiam
1209 2017 1266 2070 et
1294 2015 1675 2088 apostolicam
1715 2017 1916 2072 sedem

255 2119 631 2172 concurrere,
665 2119 730 2158 eo
765 2103 938 2175 modo
971 2107 1035 2157 ut
1066 2103 1329 2159 conditor
1358 2104 1626 2160 effectum
1659 2104 1916 2160 devotio-

256 2195 347 2250 nis
358 2191 785 2264 consequatur,
809 2195 866 2246 et
885 2191 990 2263 pia
1013 2191 1466 2248 constructionis
1486 2192 1706 2249 oraculi
1728 2192 1787 2248 in
1807 2193 1918 2265 pri-

256 2281 493 2356 vilegiis
509 2279 835 2354 largiendis
848 2297 962 2336 non
987 2281 1306 2355 denegetur
1321 2281 1636 2350 auxilium;
1661 2282 1915 2338 cunctis-

257 2389 373 2445 que
402 2369 763 2427 universalis
793 2368 1060 2425 Ecclesia
1092 2369 1228 2426 ﬁliis
1254 2376 1460 2426 notum
1491 2386 1618 2426 esse
1646 2370 1917 2427 volumus

257 2461 423 2535 quia,
471 2460 617 2515 dum
655 2458 716 2514 in
758 2457 917 2513 illius
961 2458 1227 2530 partibus
1275 2459 1430 2514 orbis
1471 2460 1916 2532 naufragantem

257 2549 588 2626 Ecclesiam
632 2547 943 2604 relevando
984 2547 1199 2604 Gallias
1237 2548 1634 2616 tenderemus,
1677 2549 1749 2604 ad
1781 2564 1916 2604 eum

256 2637 482 2706 locum,
543 2636 638 2692 cui
690 2640 1003 2708 Agaunum
1063 2652 1276 2692 nomen
1337 2641 1445 2704 est,
1521 2636 1914 2709 pervenimus,

256 2743 438 2801 quem
459 2725 704 2798 pretiosi
722 2728 1007 2797 martyres
1029 2725 1546 2800 Mauritiusetejus
1567 2725 1918 2783 commilito-

259 2833 366 2893 nes
389 2832 500 2872 suo
513 2813 807 2888 sanguine
820 2815 1225 2886 perluderunt,
1247 2815 1347 2871 ubi
1362 2815 1556 2871 triduo
1570 2815 1916 2872 commorati

255 2921 609 2977 quanquam
640 2903 982 2975 patrociniis
999 2907 1269 2958 sanctum
1301 2903 1537 2959 divitem
1555 2903 1750 2959 locum
1779 2920 1916 2976 apo-

257 2994 485 3051 stolicis
516 2991 840 3066 privilegiis
861 2991 1222 3058 decoratum,
1247 2993 1406 3048 omni
1424 2995 1618 3048 tamen
1641 2992 1918 3049 thesauro

262 3088 320 3140 et
349 3082 778 3139 beneficiorum
809 3080 1174 3153 plenitudine
1218 3082 1586 3149 destitutum,
1624 3085 1796 3153 prout
1824 3099 1921 3154 po-

259 3172 517 3236 tuimus,
550 3169 1006 3236 consolavimus,
1056 3186 1259 3226 eorum
1303 3170 1556 3242 denique
1594 3173 1918 3243 martyrum

261 3261 419 3340 festa
450 3259 894 3315 celebravimus.

344 3349 439 3404 lbi
471 3348 645 3402 etiam
670 3348 996 3404 astantibus
1013 3347 1184 3405 nobis
1204 3348 1370 3404 Petro
1391 3346 1798 3404 archidiacono
1815 3364 1917 3402 no-

274 3441 428 3507 stro,
462 3435 817 3515 et‘episcopis
845 3436 1141 3494 Allinardo
1173 3436 1572 3512 Lugdunensi,
1594 3440 1650 3491 et
1683 3436 1921 3509 Hugone

266 3525 638 3582 Vesontiensi
654 3529 708 3580 et
721 3526 1024 3582 Frederico
1038 3526 1377 3592 Genevensi,
1392 3530 1448 3580 et
1465 3527 1724 3598 Aymone
1737 3526 1844 3581 Sed
1856 3543 1919 3580 u-

259 3614 463 3686 nensi,
497 3614 597 3686 qui
625 3631 783 3669 nunc
814 3615 1002 3670 eidem
1046 3619 1255 3685 praest
1292 3609 1580 3683 Ecclesia,
1623 3613 1804 3670 relata
1833 3619 1922 3670 est

255 3704 462 3773 nobis,
514 3702 843 3776 pramissis
902 3702 1165 3776 reliquis,
1225 3703 1492 3759 luctuosa
1548 3703 1919 3759 miserarium

254 3791 523 3850 sarcinis
553 3791 714 3848 illius
735 3791 846 3848 loci
879 3792 1178 3848 canonicis
1199 3791 1381 3858 illata,
1405 3791 1688 3865 privilegii
1722 3796 1919 3848 tamen

251 3881 616 3954 auctoritate
647 3885 781 3937 ante
811 3880 1108 3956 prohibita
1135 3897 1148 3937 :
1185 3881 1338 3952 quod
1371 3897 1488 3936 non
1519 3879 1718 3936 liceret
1746 3898 1920 3936 cano-

250 3971 413 4028 nicis
442 3971 506 4024 in
540 3970 656 4026 ﬁne
686 3971 816 4024 vita
847 3969 1084 4043 propria
1121 3970 1275 4026 bona
1314 3968 1684 4039 distribuere,
1731 3986 1920 4042 neque

246 4059 598 4117 viventibus
617 4058 689 4115 de
710 4056 1124 4114 ecclesiasticis
1155 4059 1330 4114 rebus
1349 4062 1558 4130 prater
1580 4058 1801 4130 praelati
1827 4059 1920 4115 sui

245 4149 628 4206 voluntatem
659 4147 984 4221 quidquam
1016 4147 1310 4204 ordinare.
1355 4147 1471 4203 Nos
1512 4152 1708 4203 autem
1740 4147 1919 4219 hujus

245 4237 604 4308 inauditum
648 4237 877 4293 facinus
916 4237 1208 4310 pradictis
1249 4236 1539 4309 episcopis
1579 4240 1636 4292 et
1672 4236 1920 4293 maxime

245 4327 456 4384 eidem
488 4325 786 4399 episcopo,
840 4326 1088 4398 Aymoni
1123 4325 1390 4381 videlicet
1418 4324 1534 4381 illis
1565 4325 1824 4397 pralato,
1857 4330 1922 4381 ut

245 4412 610 4490 imperatori
641 4415 884 4471 Henrico
918 4416 1086 4471 nobis
1107 4416 1262 4488 apud
1285 4414 1585 4472 Coloniam
1616 4415 1920 4471 obviaturo

246 4506 634 4580 intimarent,
666 4505 1054 4577 pracepimus
1088 4508 1379 4577 quatenus
1419 4504 1548 4575 ejus
1587 4503 1831 4559 consilio
1867 4507 1924 4559 et

238 4591 570 4668 juvamine
601 4593 942 4649 sedaremus
975 4591 1208 4648 ruinam
1233 4595 1407 4648 tanta
1435 4591 1744 4660 violentia,

246 4699 392 4739 rum
422 4697 542 4736 non
572 4680 765 4736 solum
782 4685 944 4751 tunc,
970 4682 1071 4737 sed
1095 4679 1396 4737 multoties
1419 4681 1620 4736 audita
1639 4679 1923 4753 lacryma-

242 4761 358 4852 bili
395 4769 798 4842 querimonia,
817 4772 1136 4828 miseratus
1158 4771 1470 4847 pradictus
1492 4768 1801 4842 piissimus
1831 4769 1927 4825 ille

241 4859 592 4934 imperator
611 4859 899 4916 Henricus
920 4858 1239 4932 postulavit
1267 4876 1301 4914 a
1321 4858 1491 4914 nobis
1520 4862 1585 4912 ut
1613 4857 1770 4914 idem
1799 4875 1925 4914 mo-

247 4947 597 5006 nasterium
627 4949 1092 5022 Agaunensium,
1116 4948 1174 5004 in
1209 4965 1324 5020 quo
1347 4947 1473 5020 ipse
1492 4948 1674 5019 Aymo
1695 4947 1806 5003 sub
1832 4963 1926 5003 ca-

244 5037 620 5120 n‘onieorum
641 5038 847 5111 regula
873 5038 1056 5095 abbas
1070 5054 1198 5095 esse
1220 5036 1607 5111 dignoscitur,
1623 5035 1927 5110 privilegio

245 5144 397 5184 cum
412 5127 578 5184 sedis
591 5128 924 5200 apostolica
937 5127 1140 5184 infulis
1153 5127 1488 5184 decorarem
1499 5143 1589 5194 us,
1607 5129 1664 5182 et
1677 5126 1786 5182 sub
1802 5144 1930 5184 san-

242 5222 348 5276 cta
379 5216 506 5288 cui,
525 5216 644 5274 Deo
661 5221 916 5286 auctore,
941 5217 1326 5290 prasidemus
1339 5215 1620 5283 Ecclesia,
1643 5216 1925 5272 constitu-

243 5311 387 5362 tum
419 5306 856 5378 prateritorum
879 5322 1085 5380 regum
1106 5305 1393 5371 ordinem,
1412 5302 1823 5376 gloriosissimi
1840 5306 1929 5359 vi-

242 5395 479 5472 delicet
511 5395 668 5468 regis
689 5395 1055 5470 Sigismundi
1072 5411 1138 5451 ac
1150 5393 1403 5451 aliorum
1423 5409 1626 5465 regum
1656 5397 1790 5466 post
1811 5397 1927 5450 sta-

241 5489 386 5563 tuta
411 5487 474 5540 et
503 5483 811 5559 privilegia
827 5486 1096 5558 ejusdem
1119 5482 1456 5542 monasterii
1481 5482 1665 5540 nostri
1697 5499 1929 5556 quoque

241 5574 650 5648 pontiﬁcatus
685 5574 906 5633 honore
945 5575 1460 5643 cohonoraremus,
1493 5576 1558 5630 ut
1587 5571 1748 5629 nullo
1779 5577 1929 5630 tem-

243 5680 407 5736 pore
422 5669 962 5738 corrumperentur,
986 5669 1054 5724 ut
1073 5680 1261 5738 neque
1277 5679 1456 5736 super
1467 5661 1600 5720 illos
1619 5662 1930 5720 canonicos

2026 1939 2399 1996 ad'mensam
2452 1940 2696 1994 fratrum
2739 1952 2972 2009 semper
3013 1934 3320 1991 deserviat.
3369 1933 3680 2003 Propterea

2026 2029 2140 2102 piis
2163 2029 2407 2084 fratrum
2429 2027 2895 2100 precibus'aures
2917 2022 3426 2080 accommodantes
3445 2024 3502 2075 et
3530 2033 3695 2090 pras'

2026 2117 2164 2175 dicti
2219 2115 2562 2174 mOnasterii
2621 2113 3056 2187 congregationi
3111 2110 3325 2167 divinis
3381 2108 3678 2165 mandatis

2026 2207 2331 2263 inharenti
2381 2206 2670 2276 sedisqua
2721 2202 3050 2277 apostolicae
3091 2198 3354 2272 regulam
3400 2197 3677 2260 servanti,

2026 2313 2129 2369 per
2182 2296 2362 2367 hujus
2423 2293 2830 2367 praceptionis
2890 2296 3100 2348 nostra
3144 2287 3578 2355 auctoritatem,
3619 2285 3680 2341 id

2028 2385 2184 2458 quod
2215 2387 2558 2458 exposcunt,
2591 2385 2795 2439 effectu
2831 2382 3264 2453 mancipamus.

2099 2493 2233 2548 Ideo
2277 2491 2593 2564 cujuslibet
2621 2489 2878 2545 ecclesia
2922 2488 3284 2544 sacerdotem
3331 2483 3393 2539 in
3442 2483 3682 2555 prafato

2028 2581 2385 2638 monasterio
2402 2581 2488 2635 vel
2511 2580 2568 2634 in
2592 2577 2874 2644 ecclesiis,
2897 2577 2954 2632 in
2979 2578 3106 2647 ejus
3119 2574 3385 2630 curtibus
3401 2572 3534 2627 sitis
3556 2572 3684 2626 nul-

2028 2671 2149 2727 lum
2175 2670 2545 2743 pontificium
2569 2668 2863 2741 prioratus
2885 2665 3283 2738 permittimus
3313 2661 3680 2727 habiturum,

2027 2762 2127 2816 sed
2161 2765 2226 2814 ut
2256 2760 2422 2814 illum
2456 2758 2555 2830 qui
2603 2756 2896 2812 civitatem
2936 2755 3254 2819 Sedunam,
3307 2766 3410 2822 pro
3442 2749 3682 2804 nomine

2025 2849 2364 2913 Vallesiam,
2405 2845 2698 2916 habuerit,
2748 2843 3076 2915 quamlibet
3113 2839 3396 2896 ditionem
3429 2853 3533 2892 seu
3576 2853 3679 2909 po-

2026 2942 2296 2994 testatem
2321 2937 2618 2990 vindicare
2640 2934 2699 2988 in
2731 2950 2798 2988 ea
2830 2934 3036 3004 prater
3057 2927 3462 2984 auctoritatem
3523 2923 3680 2982 sedis

2028 3023 2360 3098 apostolica
2392 3022 2795 3095 prohibemus,
2828 3021 2910 3074 ita
2932 3021 3014 3085 ut,
3040 3016 3152 3072 nisi
3171 3033 3205 3072 a
3235 3014 3470 3088 pralato
3497 3013 3681 3070 eccle-

2029 3112 2128 3168 sia
2175 3111 2263 3167 vel
2313 3129 2346 3167 a
2386 3110 2666 3165 fratribus
2713 3108 3017 3173 invitatus,
3050 3121 3155 3160 nec
3203 3104 3521 3159 missarum
3566 3101 3682 3157 ibi-

2029 3203 2163 3257 dem
2214 3199 2564 3256 celebranda
2599 3195 2877 3270 mysteria
2919 3194 3210 3268 quispiam
3241 3193 3561 3263 prasumat
3589 3205 3683 3244 ac-

2031 3291 2251 3356 cedere,
2308 3287 2395 3344 vel
2468 3304 2637 3343 suam
2713 3285 3173 3341 dominationem
3235 3295 3520 3344 exercere,
3578 3295 3684 3334 nec

2031 3379 2150 3435 ulla
2209 3376 2602 3434 conciliabula
2673 3375 3050 3449 pratendere,
3127 3387 3233 3427 nec
3297 3367 3684 3440 eleemosynis

2031 3469 2089 3524 S.
2124 3467 2411 3522 Mauricio
2435 3463 2664 3540 collatis
2682 3462 3052 3537 participare,
3079 3475 3266 3532 neque
3288 3457 3544 3514 decimas
3567 3453 3686 3510 illic

2031 3574 2065 3612 a
2094 3557 2150 3611 S.
2185 3555 2565 3628 Sigismundo
2593 3552 2679 3609 vel
2713 3553 2785 3608 ab
2808 3551 2939 3607 aliis
2962 3550 3207 3606 collatas
3232 3547 3527 3620 quispiam
3559 3551 3684 3601 ten-

2030 3649 2112 3700 tet
2133 3645 2379 3711 auferre,
2408 3659 2473 3698 eo
2497 3643 2650 3714 quod
2680 3642 2790 3696 sub
2806 3639 3055 3695 tuitione
3069 3635 3372 3710 apostolici
3392 3633 3682 3704 privilegii

2030 3734 2383 3799 consistunt,
2415 3735 2472 3788 et
2498 3732 2844 3787 inconcusse
2875 3732 3087 3783 cuncta
3116 3725 3440 3781 secundum
3471 3722 3681 3776 condi-

2030 3823 2172 3878 toris
2204 3824 2333 3894 ejus
2365 3820 2657 3876 desideria
2701 3833 3042 3890 permanere
3069 3813 3298 3869 cunctis
3319 3809 3684 3881 temporibus

2029 3911 2445 3968 constituimus
2457 3907 2749 3980 perhujus
2762 3904 2973 3960 decreti
2996 3901 3179 3957 nostri
3194 3899 3680 3972 paginam,atque

2028 3999 2434 4055 interdicimus
2465 3995 2739 4052 omnibus
2772 3991 3088 4064 cujuslibet
3119 3987 3427 4062 dignitatis
3459 3987 3678 4042 honore

2030 4087 2306 4161 praditis,
2357 4087 2466 4142 sub
2511 4083 2910 4140 anathematis
2953 4079 3182 4136 vinculo
3228 4076 3686 4149 constringimus

2030 4176 2366 4248 quicunque
2395 4174 2576 4245 hujus
2608 4171 2816 4228 seriem
2848 4167 3263 4236 institutionis,
3306 4166 3392 4222 vel
3423 4166 3687 4238 ipsarum

2030 4265 2456 4338 scripturarum
2509 4261 2843 4318 sanctiones
2893 4261 2964 4316 de
3011 4258 3270 4315 denariis
3301 4272 3366 4311 ac
3396 4253 3686 4311 libertatis

2028 4355 2268 4420 honore,
2304 4369 2430 4425 qua
2461 4369 2496 4407 a
2517 4351 2753 4423 regibus
2782 4348 2869 4405 vel
2895 4348 3026 4404 aliis
3049 4346 3323 4402 fidelibus
3353 4342 3681 4399 constituta

2032 4448 2188 4510 sunt,
2223 4447 2281 4498 et
2302 4442 2538 4516 prafato
2574 4438 2928 4495 monasterio
2951 4437 3060 4492 sub
3094 4433 3414 4508 privilegiis
3443 4429 3683 4485 indulta

2035 4531 2295 4606 quolibet
2335 4532 2508 4587 modo
2537 4529 2625 4585 vel
2653 4533 2915 4600 tempore
2941 4523 3188 4582 voluerit
3218 4533 3612 4591 corrumpere.

1777 4607 1921 4702 93‘."
1955 4611 2004 4674 Π
2106 4641 2218 4696 Leo
2263 4643 2377 4694 Deo
2407 4640 2640 4694 auctore
2673 4636 2731 4688 in
2773 4633 2882 4688 hac
2914 4631 3064 4686 serie
3096 4624 3381 4702 privilegii
3422 4625 3494 4679 ob
3526 4639 3684 4678 amo-

2035 4744 2159 4785 rem
2190 4728 2292 4784 Dei
2338 4730 2394 4782 et
2424 4728 2758 4781 sanctorum
2808 4725 3131 4792 martyrum
3183 4716 3467 4772 honorem
3512 4729 3546 4768 a
3595 4727 3689 4768 me

2034 4818 2188 4874 facta
2217 4815 2480 4889 relegens
2523 4808 2867 4882 subscripsi,
2903 4825 2969 4864 ac
2999 4807 3304 4880 episcopos
3335 4804 3444 4860 hos
3477 4802 3689 4860 subtus

2037 4896 2316 4964 adnotare
2340 4902 2516 4975 jussi.

2107 5014 2314 5070 Petrus
2363 5012 2652 5084 peccator,
2694 5007 2904 5078 jussus
2964 5021 2999 5061 a
3055 5004 3292 5062 domino
3350 5017 3504 5075 papa
3547 4999 3686 5056 sub-

2037 5120 2268 5175 scripSI.

2105 5207 2417 5281 Gregorius
2453 5209 2739 5278 peccator,
2767 5205 2975 5277 jussus
3003 5220 3036 5258 a
3066 5200 3302 5258 domino
3342 5210 3494 5269 papa
3540 5190 3686 5247 sub-

2037 5315 2269 5372 δοῖ-ψει.

2107 5411 2295 5478 Hugo,
2312 5407 2599 5477 peccator,
2619 5403 2827 5474 jussus
2849 5417 2884 5456 a
2908 5398 3143 5454 domino
3166 5408 3318 5466 papa
3339 5387 3684 5460 subscripsi.

2108 5515 2456 5580 Hermanus,
2491 5515 2779 5582 peccator,
2802 5508 3011 5578 jussus
3034 5520 3066 5559 a
3097 5498 3332 5557 domino
3368 5513 3516 5570 papa
3546 5496 3686 5551 sub-

2039 5603 2242 5677 cripsi.
