4088 6174
412 354 533 423 667

1179 491 1292 550 LII.

409 591 470 647 S.
512 592 614 646 Leo
645 589 709 644 IX
735 585 1007 643 cccclesiaz
1037 584 1128 640 SS.
1161 583 1386 640 Martini
1412 590 1463 636 ct
1494 581 1712 648 Agerici
1755 579 2054 635 Virdunen-

479 663 557 716 sis
584 661 963 732 possessiones,
991 661 1207 729 petente
1251 653 1567 710 Thcodorico
1609 654 1875 724 episcopo,
1924 668 2056 707 con—

481 735 683 804 ﬁrmat.

1022 818 1208 888 (Anno
1259 813 1383 870 l05l
1402 815 1440 886 .)

446 932 612 1002 [Dom
642 927 884 993 Calmet,
911 927 1044 980 Hist.
1076 925 1140 980 de
1164 922 1452 988 Lorrainc,
1491 923 1530 989 Ι,
1567 920 1834 990 Preuves,
1869 919 2019 989 451.]

483 1039 596 1092 Leo
640 1033 972 1105 episCOpus,
1023 1049 1224 1088 servus
1273 1046 1573 1086 servorum
1624 1027 1746 1093 Dei,
1799 1025 2054 1082 ecclesia

407 1128 747 1182 sanctorum
785 1122 1185 1177 confessorum
1219 1119 1449 1176 Martini
1481 1122 1538 1173 et
1577 1116 1826 1189 Agerici,
1867 1119 1924 1170 et
1953 1132 2056 1187 per

405 1231 535 1270 eam
609 1209 906 1267 Balderico
982 1211 1201 1270 abbati,
1274 1208 1516 1278 suisque
1590 1203 2050 1271 successoribus,

411 1323 730 1376 eorumque
771 1301 1074 1360 monachis
1108 1300 1223 1354 Deo
1257 1297 1401 1352 inibi
1437 1299 1713 1368 perpetuo
1745 1291 2054 1348 famulatu-

403 1395 505 1460 ris,
539 1401 815 1450 aeternam
845 1393 904 1446 in
931 1389 1176 1446 Domino
1207 1387 1478 1443 salutem.

473 1483 753 1538 Convenit
782 1479 1098 1552 apostolico
1125 1473 1530 1539 moderamini,
1567 1476 1630 1527 ut
1658 1471 2050 1528 ecclesiastico

401 1571 719 1642 prudenter
775 1586 839 1624 ac
897 1568 1190 1639 sapienter
1238 1565 1296 1619 in
1344 1562 1620 1618 omnibus
1678 1561 2052 1632 provideatur

399 1660 629 1728 honori,
653 1677 725 1715 ne
755 1659 828 1726 si,
860 1657 1016 1730 quod
1049 1653 1219 1720 absit,
1247 1652 1465 1709 summi
1497 1650 1790 1722 pontificis
1811 1666 2051 1722 praees-

400 1749 543 1806 serit
572 1748 820 1813 incuria,
844 1745 1092 1802 aliorum
1117 1747 1418 1816 pastorum
1450 1741 1520 1795 ad
1545 1740 1832 1795 deteriora
1861 1737 2050 1810 magis

399 1855 577 1910 quam
626 1838 697 1892 ad
738 1835 981 1892 meliora
1028 1831 1335 1889 dcclivium
1382 1831 1607 1926 grex
1651 1825 2049 1926 pabulamale
2081 1862 2129 1926 Β

399 1929 721 1983 tractentur
751 1924 994 1981 desidia.
1017 1925 1381 1993 Quapropter
1403 1916 1676 1990 precibus
1706 1915 2048 1972 Theoderici

394 2015 785 2074 Virdunensis
829 2011 1110 2087 episcopi,
1159 2011 1313 2065 idem
1373 2008 1534 2062 bona
1592 2005 2050 2061 conversationis

397 2105 711 2180 pradictus
742 2104 946 2167 abbas,
979 2099 1169 2156 fidelis
1199 2095 1453 2154 ecclesia
1485 2111 1605 2149 sua
1656 2093 1942 2166 provisor,
1975 2093 2048 2148 ad

398 2213 505 2253 nos
531 2196 676 2251 satis
709 2191 1010 2248 humiliter
1028 2207 1092 2244 ac
1111 2189 1385 2243 decenter
1409 2184 1671 2248 veniens,
1697 2183 1806 2238 hoc
1837 2187 2047 2238 nostra

397 2284 725 2356 apostolica
757 2279 1122 2337 auctoritatis
1154 2275 1523 2348 privilegium
1553 2272 1664 2328 sibi
1697 2271 1942 2344 rogavit,
1991 2277 2049 2327 et

396 2371 672 2428 obtinuit.
703 2369 921 2424 Taliter
950 2383 1086 2438 ergo
1111 2367 1288 2437 justa
1313 2361 1577 2436 petitioni
1607 2361 2046 2416 accommodato

395 2475 663 2525 assensu,
695 2459 849 2513 bona
877 2456 1076 2512 omnia
1106 2471 1233 2525 qua
1282 2470 1314 2507 a
1343 2451 1793 2523 quibuscumque
1833 2449 2046 2505 Christi

394 2547 666 2605 fidelibus
687 2545 935 2619 praelata
949 2542 1203 2600 ecclesia
1222 2557 1500 2597 concessa
1511 2538 1599 2595 vel
1626 2554 1887 2610 unquam
1909 2555 2048 2594 con-

392 2638 652 2694 cedenda
681 2638 840 2700 sunt,
873 2639 928 2688 et
961 2629 1306 2688 nominatim
1339 2627 1438 2684 illa
1479 2645 1606 2700 qua
1640 2627 1766 2682 sine
1796 2624 2045 2697 alicujus

393 2724 870 2788 contradictione,
920 2726 977 2776 et
1016 2720 1200 2775 libera
1245 2718 1486 2774 omnino
1546 2719 1848 2788 potestate,
1882 2715 2044 2770 bona

392 2815 687 2872 memoria
708 2811 1058 2869 Rambertus
1074 2806 1466 2863 Virdunensis
1487 2805 1798 2877 episcopus
1815 2807 2044 2860 contra-

391 2904 561 2971 didit,
585 2907 643 2959 et
671 2903 743 2958 de
763 2901 982 2973 quibus
1013 2898 1165 2969 apud
1196 2894 1618 2951 monasterium
1651 2893 1847 2950 Sancti
1879 2891 2043 2948 Pauli

395 2993 468 3048 ad
516 2991 782 3048 eamdem
833 2989 1126 3044 civitatem
1167 2985 1346 3042 situm
1399 2985 1586 3040 facere
1633 2983 1807 3054 capit
1835 2980 2044 3038 stabile

395 3080 824 3144 concambium,
870 3077 1025 3149 quod
1074 3080 1131 3132 et
1163 3073 1514 3132 venerabilis
1560 3074 1688 3144 ejus
1741 3086 2046 3127 successor

394 3169 718 3227 Richardus
747 3167 821 3222 ob
847 3165 1194 3222 charitatem
1211 3164 1312 3219 Dei
1344 3167 1401 3218 et
1422 3161 1762 3218 memoriam
1789 3163 2044 3214 anteces-

388 3259 539 3316 soris
570 3257 682 3324 sui,
715 3255 817 3328 qui
841 3253 1147 3311 ecclesiam
1172 3251 1334 3308 illam
1362 3246 2041 3319 monachorumincapit

387 3353 446 3402 et
465 3348 580 3402 Deo
615 3346 929 3400 miserante
959 3341 1298 3407 elaboravit,
1334 3340 1442 3395 hac
1473 3355 1640 3395 sacra
1669 3343 1880 3393 nostra
1910 3353 2044 3408 apo-

388 3435 604 3490 stolica
627 3429 1092 3488 conﬁrmationis
1110 3429 1322 3500 pagina
1341 3429 1789 3482 corroboramus
1802 3430 1858 3481 et
1872 3426 2043 3480 firma

390 3526 546 3578 stare
599 3519 922 3576 sancimus.
975 3519 1258 3572 Praterea
1309 3515 1680 3587 pracipimus
1735 3519 1792 3570 et
1840 3517 2043 3569 sancta

388 3608 588 3682 prima
649 3607 806 3664 sedis
863 3605 1212 3662 auctoritate
1279 3602 1679 3674 prohibemus,
1732 3608 1798 3657 ut
1842 3601 2041 3657 nullus

387 3698 723 3770 imperator,
758 3694 956 3750 nullus
985 3710 1103 3760 rex,
1138 3690 1338 3748 nullus
1381 3691 1520 3758 dux,
1553 3689 1750 3746 nullus
1783 3690 2041 3746 marchio

389 3787 592 3844 nullus
624 3803 842 3850 comes,
868 3783 1065 3840 nullus
1080 3783 1453 3848 vice-comes,
1478 3778 1680 3835 nullus
1703 3780 2040 3845 advocatus,

389 3877 492 3933 sed
545 3891 734 3946 neque
789 3871 1282 3944 archiepiscopus,
1339 3885 1530 3941 neque
1579 3868 1912 3941 episcopus,
1953 3866 2041 3923 vel

389 3965 588 4036 aliqua
619 3961 999 4018 ecclesiastici
1017 3961 1242 4016 ordinis
1273 3976 1376 4016 seu
1409 3959 1723 4014 mundana
1755 3957 2040 4013 conditio-

390 4052 482 4106 nis
517 4067 732 4122 magna
763 4065 1054 4120 parvaque
1098 4064 1367 4120 persona,
1401 4047 1459 4101 in
1493 4046 1643 4102 hanc
1675 4045 2040 4102 constitutio-

391 4155 524 4194 nem
555 4137 641 4193 vel
674 4136 1179 4192 conﬁrmationem
1210 4135 1517 4207 insurgere
1551 4135 1782 4191 audeat.
1815 4135 1875 4190 Si
1908 4135 2042 4206 quis

391 4229 586 4281 autem
619 4224 824 4278 anima
870 4240 988 4277 sua
1030 4224 1295 4277 futurum
1329 4221 1751 4277 detrimentum
1800 4237 1915 4276 non
1965 4220 2042 4275 ti-

391 4330 578 4380 mens,
613 4329 715 4368 nec
746 4310 918 4366 saluti
952 4328 1068 4366 suae
1091 4326 1439 4382 praecavens,
1476 4309 1712 4380 culpam
1741 4309 1812 4364 de
1841 4309 2044 4363 infrin-

388 4404 578 4477 gendo
609 4400 909 4474 privilegio
944 4416 1044 4455 seu
1081 4415 1348 4470 perverse
1371 4399 1738 4452 immutando
1772 4398 2042 4453 incautus

389 4493 726 4558 incurrerit,
761 4491 908 4546 sciat
924 4505 984 4544 se
1008 4487 1229 4555 statim,
1253 4487 1366 4542 nisi
1385 4487 1499 4542 cito
1531 4487 1861 4558 resipuerit,
1883 4486 2040 4542 insa-

391 4581 573 4638 nabili
615 4596 961 4654 percussum
999 4576 1198 4649 jaculo
1243 4575 1424 4630 divini
1473 4575 1881 4632 anathematis.
1930 4575 2036 4640 Qui

387 4687 520 4726 vero
561 4669 844 4726 salutaria
882 4672 1082 4724 nostra
1129 4671 1417 4739 pracepta
1464 4671 1518 4720 et
1551 4664 1795 4720 consilia
1842 4663 2038 4719 debita

389 4758 750 4828 subjectione
769 4763 826 4813 et
857 4757 966 4812 sibi
991 4756 1307 4828 prospicua
1337 4753 1671 4809 humilitate
1705 4751 2036 4818 servaverit,

389 4861 668 4918 prospera
697 4846 1113 4900 commoditate
1145 4843 1375 4910 salutis,
1423 4847 1478 4898 et
1509 4842 1660 4896 dono
1707 4839 2038 4896 accumulc-

387 4937 486 4988 tur
507 4932 835 5004 apostolica
859 4933 1306 4987 benedictionis.

460 5022 550 5078 Sic
604 5023 827 5090 signata
875 5029 928 5076 et
981 5021 1288 5092 subscripta
1345 5021 1768 5075 MISERICORDIA
1828 5023 2040 5075 Domum

387 5129 568 5169 PLENA
599 5127 698 5166 es'r
723 5127 925 5166 nam.
965 5110 1078 5163 Leo
1106 5109 1272 5164 PAPA.

458 5202 672 5258 Datum
697 5218 753 5255 ιν
787 5199 923 5254 ldus
950 5198 1235 5264 Januarii,
1260 5214 1361 5270 per
1383 5215 1624 5253 manum
1659 5197 1875 5255 Udonis
1903 5199 2038 5254 Tul-

383 5290 568 5346 lensis
615 5288 904 5345 eccclesia
954 5287 1292 5360 primicerii,
1341 5291 1398 5342 et
1451 5293 1665 5344 sancta
1709 5287 2039 5360 apostolica

386 5379 543 5434 sedis
601 5377 932 5435 cancellarii
984 5381 1040 5432 et
1089 5376 1539 5445 bibliothecarii,
1600 5394 1754 5433 anno
1805 5377 2037 5434 Domini

385 5467 595 5522 Leonis
626 5467 760 5522 noni
784 5483 943 5538 papa
967 5466 1136 5521 tertio
1169 5467 1340 5536 (132),
1373 5465 1690 5521 indictione
1729 5470 1959 5537 quarta.

453 5644 604 5718 (132)
633 5647 766 5715 Leg.
791 5643 1045 5712 secundo,
1079 5643 1271 5699 Jarrs.

1479 355 1544 417 S.
1591 350 1870 418 LEONIS
1910 351 1992 416 IX
2038 351 2270 417 PAPE
2310 353 2744 423 OPUSGULA.

2086 492 2137 556 A

3695 350 3824 420 668

2916 489 3057 551 LIII.

2165 578 2220 635 S.
2246 583 2378 654 "Leo
2438 583 2505 636 IX
2566 582 2820 642 Ecclesia
2871 583 3302 640 Vesontioncnsis
3360 581 3517 648 bona,
3580 585 3824 654 rogante

2235 653 2458 728 "agone
2485 654 2906 728 archiepiscopo,
2949 655 3257 724 conﬁrmat,
3315 655 3472 726 eique
3515 653 3822 726 privilegia

2237 723 2488 794 quadam
2515 723 2775 782 concedit.

2781 817 2970 887 (Anno
3001 815 3186 886 4051.)

2165 921 2420 993 [Dunod,
2442 923 2674 980 Histoire
2703 924 2770 979 de
2797 915 3015 994 I'Eglisc
3043 922 3109 979 dc
3138 925 3436 992 Besancon,
3472 927 3514 990 l,
3549 927 3819 988 Prcuves,

2841 1010 2988 1068 page
3017 995 3133 1066 36.]

2236 1119 2347 1174 Leo
2396 1118 2728 1192 episcopus,
2779 1135 2983 1176 servus
3042 1135 3341 1176 servorum
3399 1118 3521 1185 Dei,
3582 1118 3817 1174 Hucom

2163 1225 2338 1265 sacra
2369 1209 2862 1283 ChrysOpolitana
2880 1209 3148 1266 Ecclesia
3175 1207 3639 1281 archiepiscopo,
3663 1209 3819 1263 suis-

2163 1315 2275 1371 que
2315 1299 2754 1356 successoribus
2779 1299 2839 1354 in
2866 1303 3234 1372 perpetuum.

2232 1389 2459 1445 Gratias
2491 1388 2722 1460 agimus
2753 1389 2867 1444 Deo
2898 1392 2954 1444 et
2973 1388 3220 1444 Domino
3243 1391 3440 1443 nostro
3470 1387 3609 1443 Jesu
3639 1387 3813 1442 Chri-

2161 1484 2272 1549 sto,
2297 1479 2395 1550 qui
2419 1477 2598 1534 nullis
2616 1479 2832 1535 nostris
2855 1477 3316 1550 pracedentibus
3339 1476 3584 1544 meritis,
3603 1479 3810 1533 tamen

2160 1568 2232 1622 ad
2281 1566 2608 1639 apostolica
2657 1567 2814 1623 sedis
2858 1565 3089 1622 culmen
3137 1583 3242 1621 nos
3283 1566 3498 1632 evexit;
3547 1568 3704 1622 unde
3737 1569 3814 1622 ad

2159 1655 2522 1728 apostolatus
2549 1655 2734 1711 nostri
2753 1671 2955 1711 curam
2976 1655 3206 1711 videtur
3233 1655 3520 1728 pertinere
3541 1655 3814 1712 omnium

2157 1745 2547 1801 Ecclesiarum
2565 1743 3021 1801 sollicitudinem
3035 1760 3580 1817 gerere,earumque
3593 1761 3815 1818 augere

2158 1833 2752 1899 honorem.Quoniam
2777 1838 2970 1889 autem
2987 1832 3294 1906 postulasti
3314 1850 3348 1890 a
3365 1833 3628 1889 Romana
3643 1836 3807 1902 sede,

2160 1923 2498 1979 beatissime
2531 1923 2726 1988 frater,
2761 1927 2825 1976 ut
2860 1923 3014 1977 bona
3053 1939 3180 1993 qua
3212 1922 3641 1995 Omnipotentis
3686 1923 3809 1979 cle-

2159 2012 2399 2078 mentia,
2431 2012 2551 2067 tuis
2571 2011 2934 2084 temporibus
2952 2010 3087 2067 fecit
3106 2009 3490 2068 Ecclesiatibi
3515 2012 3811 2069 divinitus

2158 2101 2508 2168 commissa,
2542 2106 2743 2158 nostra
2773 2101 3116 2157 auctoritate
3162 2101 3548 2166 munirentur,
3581 2100 3810 2172 placuit

2159 2190 2326 2246 nobis
2359 2194 2470 2245 tua
2501 2190 2765 2262 petitioni
2799 2206 2902 2262 pro
2933 2193 3062 2246 voto
3086 2189 3436 2255 consentire,
3477 2190 3809 2262 prasertim

2159 2296 2291 2334 cum
2315 2279 2468 2336 idem
2501 2296 2668 2335 sacer
2696 2278 2860 2335 locus
2901 2279 3013 2348 cui,
3041 2279 3156 2334 Deo
3187 2279 3550 2351 disponente,
3584 2279 3811 2334 videris

2156 2369 2488 2441 prasidere,
2521 2373 2687 2424 tanta
2715 2367 3001 2442 dignitate
3029 2367 3396 2439 resplendeat
3425 2371 3492 2422 ut
3521 2384 3637 2422 non
3673 2371 3810 2423 tan-

2156 2461 2283 2513 tum
2298 2457 2812 2530 archiepiscopalis
2830 2457 2983 2514 sedis
2998 2457 3342 2512 auctoritate
3358 2455 3434 2512 sit
3446 2455 3810 2513 sublimat-us

2154 2563 2356 2603 verum
2388 2552 2442 2602 et
2461 2547 2784 2603 multorum
2806 2551 3046 2602 Patrum
3065 2545 3517 2619 apostolicorum
3537 2545 3807 2602 virorum

2155 2635 2462 2691 roboratus
2495 2635 2832 2708 privilegiis,
2879 2639 3108 2692 servata
3137 2634 3432 2706 aequitatis
3473 2651 3591 2690 sua
3643 2651 3808 2690 reve-

2155 2724 3076 2797 rentia,permaneatinsignis.Ad
3091 2724 3199 2780 hoc
3211 2728 3268 2780 et
3280 2741 3384 2780 nos
3397 2723 3637 2796 majoris
3649 2724 3812 2780 tituli

2154 2813 2360 2869 invitat
2387 2812 2716 2879 exsultatio,
2741 2813 2897 2886 quod
2929 2818 3287 2870 memoratus
3306 2813 3470 2869 locus
3499 2815 3810 2871 decoretur

2154 2901 2478 2974 patrocinio
2525 2902 2970 2975 protomartyris
3029 2902 3331 2974 Stephani,
3387 2903 3560 2973 cujus
3611 2909 3811 2959 servat

2156 2990 2365 3046 brachii
2393 2991 2613 3064 pignus
2633 2991 3066 3058 inastimabile,
3091 3008 3316 3047 munus
3335 2991 3660 3063 exoptabile
3685 3011 3699 3060 ;
3724 2998 3808 3058 et,

2153 3085 2219 3135 ut
2269 3079 2463 3136 verius
2507 3080 2814 3148 fateamur,
2859 3081 3099 3153 propriis
3160 3081 3334 3137 oculis
3381 3082 3806 3154 conspeximus

2151 3170 2418 3241 ejusdem
2449 3169 2830 3226 sacratissimi
2869 3170 3131 3244 pignoris
3161 3187 3217 3227 os
3255 3174 3570 3245 quassatum
3603 3171 3811 3228 ictibus

2070 3227 2112 3294 Ο
2153 3227 2523 3331 lapidantium
2542 3227 3038 3327 ,Ιαάῶνονωηξάῖιτη
3059 3259 3200 3314 illud
3229 3227 3630 3316 recondidimus
3646 3261 3811 3332 infra

2148 3349 2327 3403 altare
2369 3348 2511 3420 quod
2555 3349 2994 3404 consecravi-mus
3039 3352 3092 3404 te
3121 3356 3406 3420 praesente,
3466 3349 3810 3406 astantibus

2152 3437 2541 3494 confratribus
2580 3437 2799 3494 nostris
2841 3436 3203 3511 coepiscopis
3249 3435 3526 3493 Alinardo
3558 3437 3812 3510 Lugdu-

2152 3526 2318 3582 nensi
2370 3526 2823 3598 archiepiscopo,
2853 3527 3119 3599 'Georgio
3159 3526 3486 3583 Colosensis
3537 3525 3808 3595 ecclesia

2150 3618 2526 3687 Hungrorum
2563 3613 3019 3688 archiepiscopo,
3071 3632 3295 3671 necnon
3327 3615 3647 3672 Sutricensi
3678 3617 3817 3687 epi-

2151 3719 2327 3775 scopo
2377 3701 2588 3769 Kilino,
2633 3702 2955 3760 Genevensi
2985 3703 3296 3774 Friderico,
3339 3703 3583 3759 Widone
3631 3705 3812 3760 Cabi-

2150 3791 2399 3860 lonensi,
2459 3791 2729 3848 Gualtero
2788 3793 3156 3860 Matiscenci;
3223 3794 3502 3850 abbatum
3570 3809 3820 3866 quoque

2151 3885 2208 3937 et
2236 3880 2622 3936 honestorum
2669 3877 3015 3938 clericorum
3077 3884 3403 3938 reverenda
3444 3883 3816 3950 sanctitatis,

2150 3970 2433 4026 laicorum
2466 3974 2749 4042 praesente
2779 3969 3011 4026 infinita
3041 3971 3450 4038 multitudine;
3494 3971 3724 4043 quique
3755 3974 3815 4028 in

2151 4063 2350 4115 tenore
2381 4063 2615 4115 tuarum
2648 4074 2888 4131 precum
2911 4060 3192 4116 addidisti
3223 4065 3289 4115 ut
3313 4061 3594 4132 quoniam
3616 4059 3813 4118 altare

2152 4164 2254 4219 per
2280 4165 2491 4204 manus
2531 4152 2762 4204 nostras
2793 4148 2984 4204 fuerat
3013 4153 3438 4216 consecratum,
3471 4149 3543 4204 ab
3575 4156 3820 4222 aposto~

2151 4235 2265 4292 lica
2315 4237 2452 4292 sede
2490 4236 2754 4308 aliquam
2799 4243 3257 4310 consequeretur
3295 4238 3670 4311 dignitatem.
3720 4243 3826 4296 In-

2151 4325 2348 4381 clinati
2379 4341 2514 4398 ergo
2543 4326 2663 4381 tuis
2684 4327 2866 4398 justis
2892 4327 3184 4399 precibus,
3209 4343 3521 4384 ascensum
3548 4327 3656 4382 tibi
3686 4329 3820 4401 pie-

2148 4415 2288 4470 tatis
2321 4431 2436 4470 non
2468 4414 2815 4472 distulimus
2848 4417 3122 4488 prabere.
3157 4417 3592 4473 Conﬁrmamus
3621 4415 3821 4489 igitur

2149 4521 2253 4575 per
2271 4503 2422 4560 hanc
2439 4508 2700 4561 nostram
2718 4505 3126 4578 praceptionis
3141 4506 3418 4578 paginam
3437 4504 3589 4561 bona
3602 4507 3820 4562 omnia

2068 4597 2115 4661 D
2146 4610 2270 4666 qua
2293 4592 2379 4649 vel
2401 4597 2502 4649 tua
2522 4593 2830 4663 industria,
2849 4593 3350 4666 velquorumlibet
3382 4593 3647 4650 fidelium
3669 4595 3822 4652 data

2149 4685 2287 4737 sunt
2315 4683 2638 4739 devotione.
2701 4683 3027 4739 Statuimus
3081 4683 3332 4756 denique
3389 4683 3461 4739 ad
3515 4682 3817 4741 honorem

2149 4769 2332 4826 nostri
2376 4770 2839 4843 protomartyris,
2898 4787 3076 4844 super
3129 4776 3400 4829 sanctum
3452 4771 3818 4844 pradictum

2148 4859 2348 4927 altare,
2381 4876 2498 4915 non
2530 4860 2854 4917 ministrari
2886 4860 3002 4917 nisi
3037 4861 3219 4918 semel
3252 4861 3311 4917 in
3345 4862 3476 4929 die;
3510 4864 3568 4917 et
3598 4861 3820 4918 nullus

2149 4953 2470 5022 prasumat
2499 4965 2678 5022 super
2697 4949 2754 5006 id
2779 4950 3050 5007 accedere
3073 4951 3144 5006 ad
3169 4950 3649 5018 sacrificandum,
3690 4951 3820 5008 nisi

2151 5054 2325 5110 quem
2358 5037 2832 5112 archiepiscopus
2864 5039 2974 5096 loci
3007 5039 3080 5096 ad
3111 5039 3222 5095 hoc
3253 5038 3636 5094 destinaverit
3667 5054 3823 5096 cum

2149 5143 2440 5184 consensu
2471 5127 2751 5197 fratrum;
2779 5127 3004 5185 scilicet
3025 5133 3250 5201 septem
3273 5144 3303 5184 e
3326 5127 3609 5183 fratribus
3640 5126 3826 5184 illius

2148 5215 2639 5288 congregationis,
2666 5217 2764 5289 qui
2797 5217 3056 5272 melioris
3086 5217 3213 5273 vitae
3236 5216 3550 5292 eligantur,
3594 5220 3652 5273 et
3683 5234 3825 5272 car-

2146 5305 2359 5361 dinales
2387 5308 2693 5373 vocentur;
2728 5321 2979 5376 quorum
3011 5323 3166 5363 unus
3199 5306 3277 5363 sit
3305 5305 3570 5377 ejusdem
3604 5305 3824 5362 Eccle-

2146 5393 2247 5448 sia
2295 5394 2573 5459 decanus,
2605 5397 2662 5448 et
2689 5393 2843 5449 sicut
2871 5398 2961 5450 est
3001 5396 3190 5466 major
3217 5395 3277 5450 in
3325 5393 3822 5467 congregatione,

2144 5481 2224 5537 ita
2256 5480 2414 5554 prior
2435 5479 2650 5553 polleat
2665 5481 2969 5553 dignitate.
2996 5487 3218 5540 Horum
3239 5484 3436 5555 itaque
3457 5481 3824 5555 quicunque

2142 5570 2223 5627 ibi
2245 5568 2620 5627 celebraverit
2639 5568 2909 5642 missam,
2929 5571 3141 5630 induat
3160 5571 3554 5640 dalmaticam,
3579 5577 3641 5629 et
3655 5574 3820 5629 tunc
