4088 6174
227 280 348 339 67³7

1199 277 1608 344 ΕΡΙΞΤΟΒᾹΞ
1651 279 1750 340 ET
1794 278 2157 340 DECRETA
2200 279 2678 340 PONTlFlCIA.

3523 287 3642 348 6'78

229 409 614 478 consenserit,
648 408 750 465 aut
777 408 970 466 fautor
998 409 1302 479 exstiterit,
1335 417 1392 467 et
1420 428 1536 467 non
1564 413 1759 484 potius
1781 413 1881 468 ob-
1916 415 1964 478 Α
1997 411 2326 468 cessorihus
2386 411 2444 466 in
2499 416 2870 484 perpetuum,
2927 417 3254 471 statuentes
3321 418 3643 490 apostolica

229 516 461 557 scrvare
490 497 637 554 illud
669 499 961 571 integrum
995 499 1310 568 studuerit,
1341 501 1442 556 sed
1465 505 1728 557 nostram
1751 519 1884 573 apo-

225 588 496 645 stolicam
509 587 661 644 hanc
675 588 1080 660 praceptionis
1097 587 1563 646 interdictionem
1585 594 1884 663 transgre-

223 679 283 733 di
299 676 764 752 prmsumpserit,
786 677 932 733 sciat
945 693 1008 733 se
1019 678 1364 734 auctoritate
1382 679 1533 734 beati
1547 679 1699 734 Petri
1713 696 1882 752 apos—

225 766 778 839 tolorumprincipis
790 766 1069 823 caelorum
1085 766 1248 840 regni
1261 767 1883 841 clavigeri,nostroque

223 855 622 912 anathematis
651 855 884 911 vinculo
915 859 972 911 et
1002 855 1372 923 innodatum,
1406 861 1462 912 et
1491 873 1525 912 a
1563 873 1741 929 regno
1780 856 1882 912 Dei

223 944 573 1014 alienatum,
605 949 780 1015 atque
811 961 945 1000 cum
977 943 1210 1000 diabolo
1240 949 1297 1000 et
1329 946 1458 1017 ejus
1489 945 1877 1016 atrocissimis

224 1051 300 1106 po
308 1034 985 1105 mpis,transgressorem
1000 1037 1338 1090 sanctorum
1351 1035 1590 1090 Patrum
1603 1034 1885 1090 canonica

225 1123 543 1179 traditione
573 1122 938 1194 deputatum.
972 1123 1261 1188 Quoniam
1293 1123 1580 1196 scriptum
1611 1127 1726 1179 est:
1751 1123 1884 1179 Ter-

227 1212 424 1268 minos
453 1215 686 1284 patrum
721 1214 1058 1267 nostrorum
1083 1210 1248 1268 nulla
1278 1212 1624 1271 auctoritate
1666 1211 1882 1266 illicitis

225 1301 579 1357 temeritatis
609 1300 939 1373 transgredi
963 1301 1240 1374 praeumi
1261 1301 1447 1373 (Prov.
1471 1301 1633 1372 XXII).
1658 1301 1726 1356 Et
1744 1299 1884 1372 quia

224 1387 684 1462 opportunitatis
711 1388 889 1462 exigit
910 1389 1055 1445 ratio
1077 1393 1374 1461 protervos
1400 1407 1465 1446 ac
1482 1395 1882 1462 transgresso-

225 1494 323 1533 res
343 1494 413 1534 ex
424 1477 712 1534 canonice:
727 1477 1104 1534 correctionis
1118 1478 1280 1534 freno
1298 1478 1506 1534 debere
1527 1476 1847 1549 constringi
1869 1495 1881 1544 ;

223 1566 392 1622 illius
422 1567 662 1639 insuper
690 1565 930 1638 speciali
956 1565 1294 1638 [spirituali]
1317 1565 1515 1638 jaculo
1538 1565 1742 1638 perdat
1762 1562 1885 1620 ani-

227 1671 419 1721 mum,
453 1655 614 1725 cujus
627 1653 934 1727 temporali
952 1654 1144 1728 gladio
1157 1655 1345 1710 Malch
1356 1672 1422 1709 us
1441 1654 1639 1710 amisit
1656 1653 1883 1709 auricu-

223 1743 378 1799 lam.
412 1743 518 1809 Qui
547 1760 673 1800 vero
692 1743 872 1816 hujus
891 1744 1074 1800 nostri
1093 1743 1380 1816 privilegii
1397 1742 1878 1799 constitutionem

221 1836 288 1888 et
318 1831 821 1888 conﬁrmationem
853 1832 1242 1889 observaverit
1263 1831 1554 1888 aDomino
1571 1832 1687 1887 Deo
1706 1831 1886 1888 bene-

223 1922 481 1989 dicatur,
505 1924 563 1978 et
582 1921 779 1978 aeterni
795 1921 981 1995 regni,
997 1922 1166 1978 beato
1180 1921 1598 1977 interveniente
1613 1921 1882 1977 Matthseo

223 2009 615 2083 evangelista,
646 2009 940 2083 particeps
971 2009 1122 2065 efﬁci
1154 2013 1468 2066 mereatur.

299 2096 516 2156 Datum
545 2116 603 2154 χι
627 2098 914 2155 Kalendas
946 2097 1220 2172 Augusti,
1245 2115 1348 2171 per
1369 2115 1586 2154 manus
1610 2097 1886 2156 Friderici

223 2187 461 2244 diaconi
478 2191 693 2244 sancta:
712 2187 1040 2260 apostolicae
1060 2187 1218 2243 sedis
1232 2187 1653 2244 bibliothecarii
1679 2191 1736 2242 et
1753 2205 1888 2243 can-

224 2277 474 2348 cellarii,
509 2281 567 2333 et
596 2277 817 2332 domini
849 2277 1187 2334 Herimanni
1210 2276 1575 2334 Coloniensis
1597 2275 1884 2349 archiepi-

225 2367 393 2439 scopi
426 2371 482 2422 et
512 2364 1032 2434 archicancellarii,
1077 2382 1230 2421 anno
1279 2366 1503 2422 domini
1553 2365 1763 2422 Leonis
1812 2365 1883 2421 IX

225 2473 393 2529 papa:
425 2455 620 2524 tertio,
652 2454 968 2512 indictione
999 2458 1228 2526 quarta.

1009 2561 1119 2618 LX.

225 2652 280 2707 S.
317 2653 421 2709 Leo
451 2652 520 2708 IX
545 2653 871 2707 monasterii
897 2651 956 2706 S.
989 2652 1180 2708 Maria
1209 2653 1272 2706 in
1299 2650 1545 2722 Gorgona
1573 2651 1766 2706 insula
1787 2652 1886 2706 siti

601 2723 895 2795 privilegia
924 2723 1209 2793 confirmat
1238 2726 1292 2779 et
1315 2725 1498 2791 auget.

852 2812 1039 2883 (Anno
1073 2812 1257 2884 1051.)

549 2900 821 2975 [Ughelli,
853 2902 1018 2956 Italia
1047 2901 1240 2968 Sacra,
1277 2899 1370 2967 111,
1406 2900 1558 2970 358.]

297 2993 415 3046 Leo
467 2991 802 3063 episcopus,
855 3006 1058 3045 servus
1105 3004 1407 3045 servorum
1447 2987 1572 3056 Dei,
1623 2986 1880 3044 ecclesia;

227 3084 444 3136 sanctae
475 3079 576 3136 Dei
607 3078 909 3152 genitricis
940 3095 1006 3134 ac
1044 3077 1288 3151 virginis
1337 3077 1534 3133 Mariae
1577 3075 1636 3131 in
1684 3075 1881 3132 insula

227 3169 521 3242 Gorgona,
580 3147 678 3223 ubi
736 3167 916 3222 etiam
974 3147 1187 3238 corpus
1245 3165 1399 3222 beati
1456 3163 1733 3237 Gargonii
1787 3180 1878 3221 re-
1909 3147 1952 3216 C

229 3257 505 3329 quiescit,
533 3261 589 3312 et
623 3273 723 3328 per
753 3273 882 3312 eam
914 3255 1018 3311 tibi
1049 3255 1206 3312 Bono
1237 3253 1454 3323 abbati,
1488 3253 1880 3326 tuisque.suc-

234 3345 580 3402 cessoribus
607 3346 665 3400 in
695 3349 1066 3418 perpetuum.

308 3433 590 3489 Convenit
617 3433 930 3506 apostolico
963 3432 1351 3489 moderamini
1383 3436 1537 3488 recte
1559 3431 1881 3503 petentium

235 3521 556 3595 adimplere
593 3523 971 3589 desiderium,
1023 3526 1080 3577 et
1119 3521 1304 3592 justis
1350 3519 1884 3592 supplicationibus

229 3611 519 3685 impertiri
551 3611 921 3684 suffragium.
955 3609 1102 3674 Quia
1133 3608 1442 3682 postulasti
1475 3626 1508 3663 a
1555 3609 1745 3676 nobis,
1798 3607 1882 3662 ﬁli

227 3700 599 3767 charissime,
634 3705 927 3772 quatenus
957 3699 1430 3765 concederemus,
1463 3701 1520 3753 et
1568 3697 1884 3753 conﬁrma-

229 3807 448 3858 remus,
484 3807 587 3845 seu
619 3791 1134 3846 corroboraremus
1165 3786 1270 3843 tibi
1299 3787 1536 3859 tuisque
1584 3802 1881 3842 successo-

229 3880 414 3945 ribus,
448 3894 554 3951 per
585 3879 772 3934 nostri
803 3877 1088 3949 privilegii
1121 3875 1419 3948 paginam,
1459 3873 1882 3930 monasterium

231 3969 286 4023 in
319 3969 609 4023 honorem
642 3968 704 4022 S.
758 3967 945 4022 Mariae
997 3965 1198 4020 Matris
1246 3963 1478 4020 Domini
1523 3963 1881 4031 dedicatum,

230 4063 284 4113 et
310 4057 374 4111 in
407 4057 606 4112 insula
635 4055 905 4127 Gorgona
938 4054 1231 4126 positum:
1258 4070 1382 4126 quas
1407 4052 1622 4121 insula,
1649 4052 1802 4107 sicut
1821 4050 1881 4106 in

231 4145 288 4200 S.
323 4145 483 4201 Petri
515 4143 832 4217 privilegiis
861 4143 1093 4216 legitur,
1126 4143 1236 4199 sub
1277 4144 1410 4214 jure
1451 4145 1510 4197 et
1558 4140 1775 4196 ditione
1823 4145 1880 4195 S.

231 4233 440 4291 matris
467 4237 680 4290 nostra;
712 4233 986 4288 Romana
1017 4230 1288 4288 consistit
1333 4229 1622 4286 Ecclesiae.
1677 4229 1880 4301 Igitur,

230 4322 499 4379 inclinati
530 4321 802 4394 precibus
827 4321 964 4387 tuis,
981 4317 1880 4380 concedimusetconfirmamus,

228 4429 327 4468 seu
367 4412 820 4476 corroboramus
850 4410 956 4466 tibi
982 4410 1219 4482 tuisque
1250 4408 1310 4464 in
1351 4411 1700 4481 perpetuum
1749 4423 1881 4462 suc-

1993 517 2243 556 ccnsura
2279 504 2341 556 ut
2373 501 2573 556 nullus
2611 501 2952 575 imperator.
3015 503 3214 560 nullus
3271 522 3388 574 rex,
3441 507 3643 564 nullus

1993 590 2131 656 dux,
2161 587 2360 644 nullus
2394 589 2676 658 marcbio,
2727 590 2924 647 nullus
2973 609 3190 659 comes,
3240 593 3438 651 nullus
3489 596 3644 652 vice-

1993 695 2211 744 comes,
2243 677 2445 735 nullus
2476 679 2777 748 castaldio,
2810 685 2867 736 et
2897 686 3173 753 praeterea
3207 681 3407 738 nullus
3429 684 3646 755 episco-

1993 784 2124 840 pus,
2155 766 2245 822 vel
2277 767 2595 838 cujuslibet
2633 769 2857 825 ordinis
2907 787 3006 826 seu
3069 771 3372 844 dignitatis
3432 789 3648 845 magna

1992 873 2286 928 parvaque
2317 873 2586 928 persona,
2622 862 2822 913 contra
2850 859 3001 914 hanc
3047 864 3257 915 nostrae
3309 861 3648 934 praeceptio-

1993 945 2106 1014 nis,
2139 945 2534 1001 concessionis
2567 951 2623 1000 et
2673 947 3164 1002 corroborationis
3215 949 3492 1021 paginam
3541 967 3650 1006 au-

1993 1034 2126 1089 deat
2158 1038 2504 1105 pcrtentare.
2533 1035 2638 1100 Qui
2689 1052 2820 1090 vero
2879 1037 3056 1106 hujus
3116 1037 3299 1092 nostri
3359 1038 3645 1110 privilegii

1991 1121 2234 1177 violator
2271 1123 2574 1190 exstiterit,
2628 1124 3022 1180 anathematis
3069 1130 3127 1180 et
3174 1125 3645 1182 excommunica-

1994 1209 2170 1265 tionis
2203 1210 2434 1265 vinculo
2468 1211 2544 1266 sit
2574 1210 2872 1283 alligatus.
2907 1217 2963 1267 et
3003 1213 3308 1268 cumJuda
3353 1215 3647 1286 proditore

1993 1298 2232 1365 Christi,
2293 1299 2407 1354 nisi
2464 1300 2798 1372 rcsipuerit,
2853 1301 2928 1354 sit
2987 1308 3210 1355 mterna:
3283 1303 3646 1358 damnationi

1992 1387 2264 1443 traditus.
2296 1389 2364 1443 Et
2394 1388 2493 1460 qui
2522 1390 2857 1444 observator
2890 1389 3081 1458 fuerit,
3134 1391 3206 1445 ah
3253 1391 3648 1463 omnipotente

1992 1475 2106 1532 Deo
2140 1477 2519 1532 benedicatur
2544 1483 2601 1532 et
2632 1478 3038 1549 spiritualibus
3069 1479 3301 1550 gaudiis
3333 1479 3645 1552 repleatur.

1991 1565 2324 1620 Statuimus
2379 1566 2556 1620 etiam
2618 1572 2682 1620 ut
2737 1584 2770 1620 a
2833 1567 3094 1622 Romano
3138 1567 3411 1640 pontiﬁce
3467 1568 3651 1624 abbas

1991 1653 2172 1723 hujus
2205 1655 2543 1709 monasterii
2596 1655 2846 1726 accipiat
2896 1655 3355 1713 consecrationis
3407 1656 3649 1713 benedi-

1991 1742 2267 1796 ctionem.

2067 1832 2272 1885 Datum
2301 1847 2416 1884 xvu
2446 1829 2686 1886 Kalend.
2739 1831 3080 1888 Novembris
3129 1848 3232 1903 per
3282 1848 3493 1888 manus
3545 1833 3647 1888 Fe-

1991 1919 2166 1974 derici
2215 1919 2468 1984 diaconi,
2512 1924 2727 1974 sanctae
2753 1920 3024 1974 Romanae
3051 1919 3317 1976 Ecclesiae
3342 1919 3650 1976 bibliothe-

1992 2007 2133 2062 carii
2165 2011 2221 2063 et
2251 2006 2604 2075 cancellarii,
2639 2008 2762 2063 vice
2793 2007 3019 2062 domini
3065 2007 3405 2064 Herimanni
3455 2007 3646 2064 archi-

1993 2096 2324 2153 cancellarii
2374 2101 2430 2152 et
2477 2095 2838 2152 Coloniensis
2887 2096 3332 2170 archiepisCOpi,
3384 2114 3537 2154 anno
3587 2098 3644 2153 d.

1995 2187 2205 2242 Leonis
2238 2186 2306 2242 IX
2336 2186 2441 2242 PP.
2475 2203 2559 2252 III,
2592 2185 2795 2240 indict.
2832 2203 2906 2240 1v.

2742 2275 2879 2330 LXI.

2116 2364 2172 2420 S.
2209 2366 2310 2420 Leo
2341 2366 2406 2420 IX
2434 2365 2755 2420 monasterii
2765 2362 3129 2506 ﬁSublqcensis
3152 2366 3517 2436 possessiones

2663 2451 2759 2492 con
2807 2452 2925 2491 rma
2957 2477 2970 2489 .

2663 2442 2970 2492 conﬁrmat.

2615 2525 2806 2595 (Anno
2844 2524 3026 2594 1051.)

2301 2595 2618 2662 [Muratori,
2641 2597 2826 2666 Antiq.
2863 2597 2982 2651 Ital.
3020 2595 3114 2662 IV,
3154 2597 3334 2665 1062.]

2165 2727 2176 2739 .
2261 2727 2273 2739 .
2310 2683 2471 2738 Unde
2524 2683 2654 2748 tibi,
2717 2687 2916 2738 sancte
2968 2698 3034 2736 ac
3081 2683 3408 2737 venerande
3456 2683 3643 2751 Pater,

1993 2776 2094 2828 tua
2120 2772 2225 2827 tibi
2261 2772 2681 2828 confirmamus
2711 2771 2869 2826 omni
2903 2769 3223 2840 diligentia,
3263 2769 3425 2825 omni
3476 2771 3648 2826 devo-

1990 2862 2148 2917 tione
2228 2905 2240 2917 .
2324 2905 2336 2916 .
2421 2903 2432 2914 .
2467 2877 2532 2916 ac
2562 2859 2813 2916 salutem
2851 2859 2907 2912 in
2932 2863 3168 2913 tuorum
3215 2859 3311 2930 pia
3342 2863 3399 2914 et
3447 2859 3653 2915 devota

1991 2949 2394 3004 observatione
2449 2947 2627 3020 digna
2678 2963 2846 3001 soror
2903 2949 3006 3000 tua
3061 2945 3223 3017 virgo
3283 2945 3648 3001 Scholastica

1989 3041 2184 3092 tecum
2216 3036 2336 3091 hmo
2367 3035 2566 3092 omnia
2604 3035 2818 3089 habeat
2873 3038 2932 3089 et
2986 3033 3044 3088 in
3107 3039 3455 3106 perpetuum
3517 3051 3650 3106 pos-

1990 3126 2198 3181 sideat.

2061 3215 2338 3270 Fraterna
2416 3213 2718 3280 charitate,
2781 3211 3015 3284 speciali
3102 3211 3424 3267 reverentia
3509 3225 3646 3282 ergo

1991 3319 2356 3377 quaecunque
2383 3302 2548 3358 vobis
2580 3318 2615 3356 a
2644 3300 2859 3357 Christi
2883 3299 3156 3356 ﬁdelibus
3199 3315 3445 3354 conccsa
3483 3303 3644 3366 sunt,

1990 3393 2076 3449 vel
2108 3392 2486 3464 possidentur
2518 3389 2605 3446 vel
2634 3391 2691 3444 in
2725 3394 3024 3462 posterum
3055 3389 3518 3461 possidebuntur
3537 3388 3646 3443 sub

1992 3482 2234 3538 obtentu
2269 3479 2488 3536 summi
2520 3479 2746 3535 Judicis
2777 3482 2833 3534 et
2861 3478 3208 3533 auctoritate
3253 3477 3439 3532 sancti
3491 3475 3646 3531 Petri

1992 3569 2387 3644 apostolorum
2445 3567 2748 3641 principis,
2824 3583 2925 3638 per
2990 3565 3358 3638 privilegium
3433 3569 3648 3621 sancta;

1994 3661 2266 3715 Romanae
2297 3658 2454 3714 sedis
2497 3657 2919 3712 confirmamus
2967 3659 3023 3710 et
3067 3656 3411 3710 roboramus
3459 3652 3645 3707 vobis.

1995 3750 2056 3802 In
2089 3748 2296 3819 primis
2355 3762 2596 3818 specum
2655 3745 3055 3808 tenebrosum,
3102 3741 3362 3811 corporis
3413 3739 3499 3793 tui
3546 3755 3651 3810 per

1992 3835 2228 3907 aliquod
2289 3839 2522 3906 tempus
2565 3849 2668 3904 pro
2726 3831 2956 3887 Christo
3013 3829 3124 3883 vile
3183 3825 3646 3894 reclinatorium,

1991 3925 2095 3980 tibi
2130 3928 2264 3979 actu
2296 3927 2352 3978 et
2383 3921 2619 3978 nomine
2651 3919 2936 3991 regularis
2989 3960 3002 3973 .
3085 3960 3096 3972 .
3179 3959 3190 3970 .
3237 3917 3402 3972 Pater
3433 3930 3646 3987 magne

1991 4011 2378 4077 discretionis,
2439 4013 2637 4065 sancte
2696 4007 3021 4073 Benedicte,
3087 4005 3260 4061 sicuti
3317 4003 3652 4077 specialiter

1991 4102 2094 4156 tibi
2127 4100 2388 4157 solitario
2421 4097 2748 4155 solitarium
2783 4096 3032 4168 elegisti.
3069 4096 3149 4150 ita
3179 4094 3351 4150 etiam
3386 4111 3420 4148 a
3448 4098 3502 4149 te
3527 4092 3650 4149 solo

1990 4188 2322 4263 specialiter
2353 4187 2726 4260 disponimus
2755 4184 3067 4258 possideri,
3102 4185 3186 4239 Ita
3235 4183 3435 4239 omnia
3481 4181 3651 4237 volu-

1991 4295 2125 4335 mus
2157 4283 2294 4343 ate,
2345 4281 2403 4332 et
2450 4294 2483 4332 a
2530 4280 2631 4331 tua
2679 4290 2876 4331 sorore
2936 4274 3194 4329 fraterna
3236 4271 3650 4328 communione

1991 4368 2194 4435 teneri,
2229 4372 2339 4421 etc.

2062 4457 2274 4512 Datum
2307 4453 2566 4510 secundo
2594 4451 2888 4507 Kalendas
2919 4449 3260 4506 Novembris
3293 4464 3394 4520 per
3435 4462 3650 4501 manus

431 4501 442 4511 .
781 4500 793 4512 .
1058 4497 1070 4509 .
1163 4498 1173 4509 .
1221 4497 1231 4507 .
1338 4496 1370 4508 ..
1512 4495 1522 4506 .
1687 4495 1698 4505 .
2062 4495 2274 4512 υμηη..
2307 4495 2565 4510 suum"...
2595 4495 2887 4507 nam“..-
2919 4495 3258 4506 “emus-.-
3295 4495 3382 4520 ιη-
3437 4495 3648 4501 _-__--__

227 4496 1881 4608 ωδείῗῃὲυῗίῖΐῈῙὛῙΒᾉῙἛΒΗῘΒἿῬΪΞΡῙῖᾒεῖῗῖαὲξδὲῗ
1913 4516 1959 4580 D
1991 4543 2277 4600 Frederici
2308 4541 2560 4608 diaconi,
2594 4545 2650 4596 et
2681 4545 2899 4595 sanctae
2951 4539 3221 4592 Romanae
3273 4533 3542 4591 Ecclesiae
3594 4538 3652 4588 et

229 4589 660 4646 monasterium
694 4604 829 4645 cum
863 4587 1137 4661 praedicta
1163 4583 1378 4655 insula,
1414 4589 1480 4640 ut
1510 4600 1742 4656 semper
1762 4584 1885 4640 sint

229 4675 660 4732 monachorum
690 4673 1044 4743 habitacula,
1078 4690 1150 4729 ne
1180 4672 1282 4729 ﬁat
1311 4671 1590 4745 spelunca
1609 4671 1880 4740 latronis,

232 4782 360 4836 qua:
392 4765 560 4836 prius
591 4763 704 4819 fuit
732 4764 948 4819 domus
995 4762 1296 4818 orationis.
1347 4761 1540 4817 Abbas
1587 4760 1880 4833 siquidem

230 4853 291 4908 in
324 4853 531 4910 eodem
562 4853 824 4908 coenobio
851 4867 1158 4923 nunquam
1189 4849 1489 4906 ordinetur
1527 4867 1630 4922 pro
1679 4851 1882 4922 pretio,

233 4943 335 4996 sed
396 4942 498 5014 qui
557 4942 886 4998 secundum
941 4939 1202 5012 regulam
1263 4939 1323 4994 S.
1387 4937 1680 4994 Benedicti
1749 4955 1884 4993 cum

236 5031 486 5086 fratrum
517 5030 760 5086 consilio
791 5028 1090 5086 invenitur
1116 5027 1324 5084 melior
1381 5026 1440 5082 in
1496 5027 1624 5099 ipso
1685 5043 1887 5082 mona-

236 5120 412 5176 sterio
444 5139 457 5187 ;
488 5125 547 5176 et
596 5135 960 5192 quaecunque
992 5135 1026 5174 a
1075 5117 1215 5174 viris
1264 5114 1554 5188 religiosis
1600 5119 1657 5172 et
1701 5115 1887 5172 Deum

235 5208 584 5276 timentibus
614 5207 675 5263 in
707 5224 882 5264 usum
906 5211 962 5264 et
974 5209 1282 5279 sumptum
1301 5203 1721 5262 monachorum
1743 5204 1887 5260 inibi

235 5297 354 5353 Deo
381 5297 764 5354 servientium
795 5312 1077 5354 concessa
1104 5293 1192 5351 vel
1217 5294 1278 5350 in
1310 5297 1660 5367 perpetuum
1692 5310 1889 5350 conce-

235 5383 428 5442 denda
456 5391 616 5456 sunt,
651 5385 771 5444 sive
801 5402 870 5445 ex
899 5385 1010 5441 hac
1041 5387 1204 5458 parte
1230 5383 1429 5453 maris,
1463 5382 1584 5440 sive
1632 5401 1702 5440 ex
1751 5383 1884 5453 alia,

236 5490 343 5547 per
369 5475 522 5534 hanc
547 5480 838 5535 nostram‘
863 5473 1332 5551 praeceptionem,
1382 5473 1888 5533 conﬁrmationem

237 5566 662 5632 Wnﬁrmamus
713 5570 772 5627 et
814 5566 1266 5630 corroboramus
1313 5563 1421 5626 tibi
1468 5563 1706 5646 tuisque
1754 5581 1887 5626 suc-

1991 4631 2318 4706 apostolicas
2351 4630 2508 4686 sedis
2541 4627 2894 4692 cancellnrii,
2916 4626 3037 4680 vice
3055 4623 3277 4679 domini
3307 4621 3646 4677 Herimanni

1995 4719 2491 4778 archicancellarii
2521 4723 2577 4774 et
2605 4714 2963 4772 Coloniensis
2993 4710 3437 4785 archiepiscopi.

2740 4803 2904 4858 LXII.

1995 4903 2050 4956 S.
2107 4901 2297 4956 Leonis
2349 4898 2411 4953 IX
2459 4895 2606 4950 bulla
2653 4893 3063 4961 con/irmatoria
3127 4891 3546 4962 privilegiorum
3589 4905 3654 4943 ac

2403 4970 2624 5048 jariiim
2655 4967 2932 5048 Far/enisis
2959 4966 3227 5048 ‘cceno'lgii.

2174 5035 2502 5112 [Muratori,
2535 5038 2656 5093 Rer.
2690 5037 2813 5092 Ital.
2845 5037 3070 5108 Script.,
3105 5037 3175 5104 Il,
3211 5053 3274 5103 ιι,
3315 5035 3469 5104 583.]

2616 5110 2808 5181 (Anno
2841 5108 3028 5179 1051.)

2069 5204 2184 5258 LEO
2234 5200 2565 5273 episcopus,
2628 5215 2832 5254 servus
2891 5211 3190 5254 servorum
3222 5193 3342 5261 Dei,
3395 5189 3650 5247 ecclesiae

1994 5290 2309 5349 venerabili
2360 5293 2572 5346 sancta:
2632 5287 2879 5360 virginis
2936 5286 3143 5340 matris
3193 5282 3373 5335 beata:
3431 5279 3646 5346 Mariae,

1998 5399 2124 5455 qua:
2147 5379 2384 5452 ponitur
2412 5377 2471 5433 in
2503 5376 2795 5448 Pharpha,
2821 5381 2873 5430 el
2905 5390 3008 5446 pro
3031 5388 3098 5426 ea
3130 5371 3401 5424 BERARDO
3427 5367 3648 5437 abbati,

1997 5471 2236 5544 etjuste
2265 5465 2621 5527 intrantibus
2653 5465 2778 5524 suis
2836 5457 3277 5521 successoribus
3327 5456 3385 5516 in
3439 5472 3650 5533 perpe-

1997 5566 2191 5624 tuum.
