4088 6174
440 274 556 332 679

1512 271 1575 330 S.
1624 264 1905 336 LEONIS
1951 262 2027 326 lX
2072 261 2299 325 PAP/E
2333 261 2765 327 OPUSCULA.

3715 261 3846 327 ΒΗ)

518 403 757 460 Initium
780 402 1079 475 sapientia
1099 402 1277 459 timor
1297 401 1524 458 Domini
1548 417 1560 458 :
1598 400 1769 471 cujus
1793 399 2000 455 timore
2023 413 2088 454 ac
2121 399 2172 465 Α
2202 396 2493 452 civitatem
2524 396 2828 453 ecclesiam
2859 395 3055 452 Sancti
3079 395 3318 452 Adriani
3347 396 3407 452 in
3437 397 3751 470 integrum.
3777 399 3845 454 In

447 494 644 550 debita
674 493 994 549 reverentia
1033 492 1392 557 commoniti,
1425 507 1528 562 pro
1558 488 1810 562 glorioso
1863 487 2004 543 Filio
2037 491 2093 542 et

441 586 623 648 casto,
656 581 920 654 gloriosae
957 581 1125 636 Matri
1150 579 1400 636 simulet
1423 585 1592 634 castae
1611 577 1890 632 honorem
1914 575 2090 630 liben-

443 676 530 727 ter
559 670 906 727 exhibemus
936 670 1033 740 pia
1052 665 2088 734 devotione,etsuisservitoribusne-

441 759 761 816 cessarium
792 775 856 814 ac
887 756 1151 830 regulare
1175 756 1448 828 cupimus
1472 755 1839 827 suffragium,
1862 757 1926 808 ut
1945 754 2086 808 dum

440 853 641 905 nostro
656 845 948 918 adjutorio
967 845 1112 899 bene
1131 845 1490 910 deserviunt,
1516 842 1828 915 participes
1841 840 2085 913 przemii,

434 936 696 1008 corporis
735 939 792 990 et
821 933 1030 989 anima
1064 932 1460 1004 suscipiamus
1491 931 1887 987 commodum.
1934 930 2090 985 Inter

427 1026 554 1080 hac
592 1023 881 1095 siquidem
923 1039 1066 1094 pure
1119 1023 1190 1077 ad
1251 1022 1618 1078 serviendum
1680 1021 1794 1076 Deo
1850 1018 2084 1089 viventi,

439 1117 655 1169 nostrae
686 1111 1002 1168 voluntatis
1034 1112 1315 1167 beneficio
1345 1111 1639 1179 volumus,
1672 1110 1790 1164 imo
1820 1113 1876 1164 et
1907 1123 2085 1179 quam

434 1201 691 1256 maxime
715 1201 1148 1264 desideramus,
1165 1204 1229 1255 ut
1242 1201 1395 1255 sicut
1409 1201 1560 1254 inter
1575 1203 1810 1254 caeteros
1827 1195 2084 1251 nominis

434 1290 617 1358 fama,
649 1289 732 1345 ita
761 1294 818 1345 et
848 1289 1194 1344 necessariis
1225 1289 1400 1344 rebus
1428 1287 1742 1360 gloriosius
1798 1284 2084 1341 exaltetur

429 1395 538 1449 per
557 1382 818 1433 nostram
843 1376 1235 1432 humilitatem
1260 1380 1464 1433 sancta
1488 1375 1886 1448 Pharphensis
1907 1373 2084 1429 eccle-

430 1466 538 1520 sia.
568 1467 892 1537 Argentum
923 1465 1078 1521 enim
1111 1470 1167 1520 et
1197 1483 1406 1522 aurum
1440 1483 1552 1521 non
1582 1468 1671 1520 est
1702 1464 1899 1519 nobis:
1926 1462 2080 1534 quod

429 1557 625 1609 autem
656 1552 966 1619 habemus,
1000 1553 1250 1610 libenter
1282 1554 1355 1620 ei,
1389 1555 1488 1625 qui
1520 1553 1689 1609 nobis
1717 1553 1825 1608 hoc
1873 1551 2082 1606 tribuit

425 1640 636 1714 gratis,
682 1641 929 1697 Domino
977 1647 1175 1698 nostro
1224 1647 1280 1698 et
1328 1643 1692 1714 angelorum,
1753 1657 1819 1696 ac
1868 1644 2077 1696 nostra:

427 1730 687 1786 Domina:
719 1730 1020 1786 reddimus
1048 1749 1060 1785 :
1097 1730 1320 1786 scilicet
1345 1747 1443 1786 cor
1472 1729 1717 1797 humile,
1742 1731 1955 1786 bonam
1986 1746 2078 1784 vo-
2106 1768 2154 1835 B

426 1817 736 1884 luntatem,
765 1823 822 1873 et
853 1818 1140 1886 devotam,
1165 1824 1231 1874 ut
1248 1823 1495 1891 oportet,
1515 1819 1850 1874 servitutem
1874 1834 2076 1873 secun-

315 1926 318 1930 ·
425 1907 570 1972 dum
611 1910 821 1962 nostrae
878 1906 1210 1979 fragilitatis
1268 1905 1740 1980 possibilitatem.
1799 1905 2077 1962 Solebant

427 2011 660 2068 semper
686 1994 949 2052 ecclesiis
977 1995 1132 2051 bona
1163 2013 1271 2052 sua
1301 1996 1656 2064 confirmari,
1687 1995 1826 2064 imo,
1860 1999 1916 2050 et
1945 2011 2076 2050 con-

426 2086 740 2143 ﬁrmantur
770 2085 961 2142 adhuc
991 2102 1096 2157 per
1115 2085 1434 2158 apostolica
1459 2101 1703 2140 summa;
1726 2085 1882 2142 sedis
1903 2083 2076 2156 privi-

425 2175 596 2248 legia,
630 2192 756 2247 quae
789 2174 904 2229 Deo
936 2173 1220 2245 largiente
1271 2191 1386 2229 non
1435 2172 1712 2229 refutabit
1760 2190 1828 2229 ex
1872 2176 2076 2229 nostra

424 2268 586 2334 parte
616 2261 920 2318 humiliter
949 2261 1247 2332 suscipere
1268 2260 1538 2334 specialis
1561 2261 1877 2334 spirituum
1898 2265 1955 2317 et
1974 2261 2075 2317 ho-

425 2351 653 2405 minum
685 2350 908 2421 regina,
940 2353 1126 2404 mater
1154 2349 1526 2421 humilitatis,
1553 2349 1800 2406 Domina
1847 2355 2069 2416 nostra,

423 2437 542 2508 pia,
574 2441 630 2492 et
662 2437 842 2504 mitis,
876 2454 942 2492 ac
973 2436 1126 2491 bona
1159 2436 1360 2492 Maria.
1396 2437 1638 2510 Suscipe
1671 2454 1828 2510 ergo,
1870 2441 2072 2494 sancta

421 2523 618 2596 Virgo,
652 2528 857 2580 sancta
887 2524 1123 2592 Parens,
1157 2540 1291 2579 cum
1322 2524 1462 2581 Filio
1493 2530 1596 2580 tuo
1623 2526 1778 2582 bona
1797 2529 1921 2594 tua,
1953 2543 2067 2582 non

422 2630 456 2668 a
476 2613 644 2668 nobis
666 2614 823 2681 data,
849 2613 949 2668 sed
973 2617 1170 2669 nostro
1187 2613 1292 2668 tibi
1317 2614 1547 2670 ﬁrmata
1568 2613 1887 2688 privilegio.
1913 2616 2068 2671 Tene

421 2719 548 2774 quae
581 2706 744 2758 tenes
771 2720 784 2768 ;
819 2718 952 2757 cum
985 2702 1389 2761 benedictione
1417 2702 1545 2758 Filii
1576 2703 1659 2758 tui
1685 2704 1918 2776 posside
1940 2721 2066 2776 quae

419 2791 705 2863 possides.
723 2791 1034 2846 Benedicta
1047 2791 1282 2862 quidem
1305 2808 1367 2848 es
1382 2793 1530 2848 inter
1541 2808 1746 2848 omnes
1759 2791 2035 2849 mulieres
2053 2811 2064 2849 :

419 2884 520 2936 tua
548 2880 655 2936 tibi
687 2879 888 2935 nullus
920 2880 1181 2948 auferat;
1213 2880 1270 2934 in
1304 2880 1472 2937 bonis
1517 2881 1634 2938 tuis
1675 2886 1732 2937 te
1779 2881 2068 2938 offendere

420 2967 569 3022 nulli
601 2984 863 3040 unquam
893 2967 1103 3036 liceat;
1136 2973 1194 3024 et
1225 2969 1349 3025 vice
1378 2987 1486 3026 sua
1535 2969 1663 3038 tibi,
1710 2971 1957 3026 Berarde
2006 2970 2065 3026 in

420 3055 649 3114 Christo
682 3055 764 3112 ﬁli
795 3056 1022 3124 dilecte,
1056 3057 1213 3113 fideli
1246 3059 1587 3114 monasterii
1619 3058 1799 3132 hujus
1848 3060 2063 3128 abbati,

2199 485 2424 542 Collina
2451 486 2757 543 ecclesiam
2781 485 2978 543 Sancti
2997 487 3238 543 Andreae
3265 502 3399 542 cum
3421 486 3697 543 omnibus
3718 487 3848 544 suis

2197 575 2585 646 pertinentiis.
2618 577 2678 630 In
2697 576 2840 631 urbe
2857 576 3040 631 Roma
3060 575 3365 634 ecclesiam
3383 575 3606 631 Sanctae
3624 576 3842 644 Mariae,

2196 667 2254 719 et
2279 664 2478 720 Sancti
2508 662 2824 731 salvatoris
2855 680 2989 719 cum
3021 664 3244 736 criptis,
3280 667 3337 720 et
3356 663 3565 731 muris,
3588 668 3647 720 et
3665 664 3847 721 Cam-

2197 769 2337 824 pum
2358 752 2579 825 Agonis
2598 753 2654 808 in
2676 752 2989 824 integrum.
3011 754 3074 807 In
3087 753 3369 809 comitatu
3382 752 3618 810 Asisino
3629 752 3842 810 cellam

2195 841 2392 896 Sancti
2425 840 2721 897 Benedicti
2754 841 2813 896 in
2835 841 3150 914 integrum.
3179 842 3240 896 In
3262 841 3540 897 comitatu
3565 841 3842 898 Firmano

2195 928 2402 986 cellam
2432 931 2656 986 Sanctae
2704 929 2895 984 Marias
2941 928 3003 984 in
3051 928 3257 998 Clenti,
3310 933 3366 985 et
3413 929 3841 987 monasterium

2193 1017 2522 1090 puellarum
2553 1019 2706 1089 quod
2739 1017 2955 1074 dicitur
2981 1017 3178 1074 Sancti
3209 1016 3548 1086 Salvatoris,
3575 1022 3632 1074 et
3654 1017 3842 1075 eccle-

2195 1108 2343 1163 siam
2373 1108 2574 1162 Sancti
2603 1107 2894 1163 Benedicti
2925 1106 2985 1162 in
3035 1107 3196 1179 Ripa,
3248 1111 3304 1162 et
3353 1105 3560 1163 cellam
3610 1107 3839 1164 Sancta

2189 1196 2451 1252 Victoriae
2481 1213 2613 1251 cum
2643 1196 2919 1252 omnibus
2949 1212 3150 1252 earum
3182 1195 3554 1268 pertinentiis
3583 1201 3643 1252 et
3672 1198 3834 1269 adja-

2191 1284 2419 1341 centiis.
2453 1285 2515 1341 In
2547 1286 2826 1341 comitatu
2854 1284 3147 1341 Asculano
3177 1284 3354 1341 cellas
3381 1302 3394 1340 :
3428 1301 3607 1341 unam
3637 1285 3837 1342 Sancti

2192 1373 2509 1430 Salvatoris
2532 1375 2703 1445 juxta
2732 1375 2766 1429 ﬂ
2778 1391 2950 1430 umen
2967 1377 3146 1430 Asum
3167 1395 3189 1442 ;
3210 1374 3453 1430 alteram
3471 1375 3702 1430 Sanctae
3719 1375 3838 1435 Ma-

2189 1463 2286 1518 riae
2321 1462 2376 1518 in
2409 1462 2638 1534 Ophida
2666 1463 2725 1518 in
2744 1462 3058 1536 integrum.
3081 1465 3143 1518 In
3161 1463 3442 1519 comitatu
3464 1463 3709 1520 Teatino
3725 1463 3837 1520 cel-

2189 1551 2306 1606 lam
2337 1552 2533 1606 Sancti
2563 1551 3246 1625 Stephaniinintegrum.
3274 1554 3335 1608 In
3358 1551 3643 1609 comitatu
3664 1553 3839 1610 Seno-

2188 1640 2455 1712 galliensi
2489 1644 2711 1696 curtem
2743 1641 2813 1696 de
2844 1639 3092 1698 Luzano.
3130 1643 3192 1696 In
3221 1640 3501 1698 comitatu
3533 1641 3607 1698 de
3634 1643 3834 1699 Came-

2188 1728 2567 1798 rino_curtem
2598 1730 2668 1784 de
2696 1729 2828 1785 Sala
2856 1730 3029 1785 bona.
3066 1731 3128 1784 In
3177 1730 3458 1786 comitatu
3503 1730 3830 1788 Auximano

2184 1824 2407 1874 curtem
2438 1818 2509 1873 de
2540 1819 2736 1874 Monte
2766 1818 3030 1875 Paulisco
3061 1818 3122 1873 in
3154 1818 3469 1891 integrum.
3502 1823 3666 1875 Hanc
3693 1836 3828 1892 ergo

2185 1908 2470 1978 majorem
2495 1911 2553 1962 et
2583 1907 2964 1979 principalem
2995 1907 3217 1962 Sanctae
3266 1907 3367 1962 Dei
3419 1907 3717 1980 genitricis
3762 1925 3828 1964 ac

2181 1996 2438 2068 Virginis
2460 1996 2654 2051 Mariae
2667 1995 2974 2051 ecclesiam
2996 1995 3055 2050 in
3074 1993 3370 2067 Pharpha,
3391 2012 3524 2052 cum
3549 1992 3826 2054 omnibus

2181 2081 2555 2157 supradictis,
2588 2089 2646 2140 et
2677 2083 2814 2140 aliis
2844 2084 3024 2141 etiam
3054 2083 3215 2141 cellis
3247 2085 3372 2141 suis
3400 2086 3740 2156 majoribus,
3765 2090 3827 2142 et

2179 2189 2380 2230 carum
2413 2173 2672 2229 ecclesiis
2693 2172 2819 2228 suis
2843 2172 3190 2239 minoribus,
3209 2189 3343 2229 cum
3363 2173 3622 2239 castellis,
3647 2173 3818 2244 vicis,

2180 2267 2236 2318 et
2263 2262 2516 2335 oppidis,
2545 2262 2718 2319 terris
2748 2259 2922 2318 cultis
2953 2267 3010 2318 et
3035 2261 3294 2328 incultis,
3326 2262 3526 2334 pratis,
3559 2261 3820 2334 pascuis,

2179 2357 2235 2408 et
2263 2352 2472 2421 vineis,
2522 2350 2707 2420 silvis,
2758 2352 2950 2423 aquis,
3000 2368 3408 2423 aquarumque
3451 2352 3819 2420 decursibus,

2178 2441 2448 2513 piscariis
2478 2443 2535 2496 et
2565 2440 3010 2513 piscationibus,
3043 2439 3311 2512 portibus
3344 2439 3525 2496 maris
3543 2439 3824 2497 etlittori-

2177 2529 2310 2598 bus,
2344 2533 2400 2584 et
2428 2529 2740 2597 universis,
2787 2528 3261 2600 quantiscunque
3310 2527 3822 2602 qualibuscunque

2177 2617 2563 2690 pertinentiis,
2597 2622 2655 2674 et
2685 2633 2819 2673 cum
2851 2616 3127 2674 omnibus
3156 2633 3284 2688 quae
3316 2633 3350 2673 a
3393 2617 3662 2678 Romana
3687 2618 3824 2676 sede

2176 2707 2398 2762 obtinet
2427 2723 2529 2778 per
2560 2705 2881 2778 apostolica
2909 2703 3338 2778 privilegia,vel
3359 2705 3432 2762 ab
3453 2705 3824 2778 imperatori-

2177 2796 2306 2862 bus,
2340 2799 2396 2850 et
2418 2795 2652 2868 regibus
2670 2811 2771 2866 per
2794 2799 3104 2866 praecepta,
3125 2794 3454 2862 immotam,
3476 2798 3534 2850 et
3557 2795 3819 2867 quietam

2176 2885 2248 2940 ab
2279 2883 2553 2939 omnibus
2585 2900 2712 2938 esse
2742 2884 3063 2940 sancimus.
3095 2882 3165 2938 Et
3191 2881 3582 2956 quodcunque
3628 2885 3742 2940 sibi
3787 2901 3822 2941 a

2176 2973 2464 3045 quibuscu
2474 2988 2626 3043 nque
2645 2971 2914 3028 fidelibus
2930 2971 3146 3028 Christi
3170 2987 3514 3029 concessum
3528 2975 3636 3038 est,
3655 2972 3822 3030 velin

2176 3066 2477 3134 posterum
2508 3061 2870 3130 conceditur,
2904 3060 2954 3117 si
2985 3060 3192 3116 divinas
3224 3060 3458 3133 pietatis
3488 3065 3821 3133 respectum

420 3144 532 3201 hoc
561 3163 740 3202 sacrae
763 3145 987 3219 paginae
1017 3146 1308 3218 scriptum
1335 3148 1712 3203 concedimus
1743 3148 1814 3203 ad
1863 3149 2064 3204 obser-
2094 3137 2136 3203 C
2176 3149 2971 3219 desiderat,nullusinvadat,
2987 3147 3191 3206 nullus
3208 3149 3456 3216 minuat,
3475 3149 3565 3207 vel
3586 3151 3822 3208 subtra-

420 3234 700 3303 vandum,
733 3240 799 3290 ut
829 3233 1007 3290 simul
1041 3239 1097 3290 et
1143 3235 1430 3308 scriptum
1480 3236 1735 3292 ecclesiae
1786 3253 2061 3306 reserves,

423 3339 527 3378 nec
551 3341 665 3378 non
697 3327 754 3377 et
783 3339 954 3377 omne
987 3322 1206 3376 bonum
1256 3322 1362 3378 tibi
1400 3323 1804 3380 commissum.
1857 3327 2066 3380 Sancta

421 3410 618 3480 itaque
648 3409 966 3481 apostolica
998 3411 1342 3465 auctoritate
1364 3413 1561 3467 omnia
1582 3429 1706 3482 quae
1730 3415 2067 3486 supradicta

420 3497 596 3552 habet
628 3497 684 3552 in
717 3498 919 3552 eodem
939 3497 1063 3553 loco
1086 3496 1349 3565 ecclesia,
1370 3500 1789 3556 conﬁrmamus
1806 3507 1862 3557 et
1879 3519 2065 3559 corro-

420 3585 718 3653 boramus,
753 3585 905 3639 sicut
934 3586 1107 3640 modo
1139 3586 1415 3657 possidet,
1442 3587 1926 3646 etabinitioini‘ra
1941 3609 2064 3663 pos-

419 3673 589 3742 sedit,
620 3678 678 3730 et
708 3678 904 3730 extra:
938 3673 1222 3742 videlicet,
1258 3674 1544 3746 quidquid
1579 3676 1792 3733 habere
1836 3679 2065 3734 videtur

416 3763 477 3818 in
509 3763 799 3819 territorio
832 3763 1160 3830 Sabinensi,
1189 3763 1245 3818 id
1276 3768 1364 3819 est
1394 3764 1702 3821 ecclesiam
1734 3769 1926 3823 Sancti
1961 3770 2062 3823 Be-

419 3851 653 3919 nedicti,
689 3857 745 3908 et
770 3858 994 3908 curtem
1026 3852 1225 3908 Sancti
1258 3853 1538 3919 Gethulii,
1570 3858 1628 3909 ct
1659 3856 1960 3912 castellum
1993 3859 2063 3914 de

417 3941 690 4006 Tribuco,
725 3944 782 3996 et
811 3941 1054 3997 Podium
1096 3941 1351 3997 ﬁliorum
1383 3941 1699 4012 Palumbze,
1733 3950 1790 4000 et
1838 3945 2062 4003 alveum

417 4027 696 4099 Pbarphae
728 4033 917 4083 totum
945 4046 956 4082 :
993 4033 1048 4083 et
1080 4029 1199 4084 haec
1220 4030 1416 4085 omnia
1437 4047 1574 4086 cum
1596 4033 1871 4090 omnibus
1896 4037 2065 4107 perti-

417 4116 630 4171 nenliis
645 4115 768 4170 suis
793 4117 851 4170 in
877 4117 1191 4188 integrum.
1219 4118 1533 4174 Ecclesiam
1561 4121 1755 4177 Sancti
1777 4124 1980 4196 Angeli
2003 4125 2061 4180 in

416 4204 633 4260 Tancia
655 4221 788 4260 cum
809 4205 1021 4278 gualdo
1048 4210 1104 4260 et
1134 4206 1410 4262 omnibus
1431 4208 1829 4280 pertinentiis;
1855 4213 2062 4268 castel-

413 4291 537 4346 lum
568 4292 639 4348 de
666 4292 1039 4358 Bucciniano,
1071 4297 1128 4348 et
1176 4293 1427 4350 Roccam
1477 4296 1536 4351 in
1586 4297 1877 4371 integrum
1928 4319 2061 4358 cum

413 4381 608 4438 Massa
638 4399 672 4438 a
701 4399 852 4455 papa
883 4381 1189 4438 Benedicto
1221 4382 1332 4454 ipsi
1367 4387 1722 4442 monasterio
1755 4405 2058 4460 concessa;

411 4470 680 4527 Castrum
695 4470 1287 4527 Pharae.Haciterum
1303 4473 1502 4529 omnia
1517 4475 1838 4532 simulcum
1873 4481 2060 4535 omni-
2091 4506 2139 4571 D

409 4561 520 4617 bus
554 4561 678 4617 suis
719 4559 1085 4634 pertinentiis
1137 4563 1193 4615 et
1236 4561 1641 4632 subjacentiis.
1694 4565 1930 4621 Terram
1990 4569 2060 4624 de

411 4649 662 4718 Ortella;
696 4650 751 4705 in
783 4649 1013 4706 civitate
1043 4648 1262 4705 Ortana
1291 4649 1596 4706 ecclesiam
1629 4652 1825 4708 Sancti
1871 4655 2057 4713 Theo-

410 4737 536 4792 dori
569 4738 629 4792 in
660 4737 973 4809 integrum.
1005 4739 1062 4793 In
1092 4738 1347 4795 Viterbio
1370 4738 1672 4796 ecclesiam
1697 4742 1917 4799 Sanctae
1940 4746 2056 4801 Ma-

410 4823 506 4877 riae
537 4824 596 4878 in
628 4825 942 4897 integrum.
977 4828 1037 4881 In
1070 4829 1339 4884 Tuscano
1367 4827 1574 4884 cellam
1604 4833 1822 4886 Sancta:
1864 4833 2053 4891 Mariae

399 4911 571 4982 juxta
602 4913 817 4968 ﬂumen
849 4913 1164 4970 Minionem
1197 4934 1329 4972 cum
1361 4917 1596 4989 gualdo,
1641 4924 1695 4974 et
1744 4937 1877 4976 cum
1928 4924 2053 4996 ipso

407 5000 600 5057 Monte
631 5001 920 5068 Gosberti,
954 5019 1056 5057 seu
1088 5008 1146 5057 et
1197 5005 1345 5075 Ripa
1399 5006 1662 5074 Aduella,
1719 5014 1775 5064 et
1831 5012 2052 5069 Marino

405 5095 596 5163 portu.
632 5091 693 5146 In
725 5090 1005 5146 comitatu
1038 5089 1348 5147 Narniensi
1383 5096 1807 5152 monasterium
1856 5100 2051 5158 Sancti

403 5179 634 5252 Angeli,
668 5182 724 5234 et
748 5178 1052 5235 ecclesiam
1085 5180 1282 5235 Sancti
1312 5181 1535 5237 Antimi
1567 5183 1626 5239 in
1646 5183 1958 5259 integrum.
1986 5190 2050 5246 In

404 5267 687 5324 comitatu
720 5267 999 5324 Perusino
1030 5266 1238 5324 cellam
1267 5272 1487 5324 Sanctae
1520 5269 1715 5330 Marias
1746 5274 1804 5331 in
1826 5276 2047 5349 Diruta,

403 5359 461 5408 et
487 5356 683 5412 Sancti
713 5357 1088 5430 Apollinaris,
1122 5363 1178 5413 et
1227 5358 1425 5413 Sancti
1471 5358 1674 5432 Blaxii,
1737 5369 1794 5420 et
1851 5367 2051 5426 Sancti

403 5442 656 5500 Montani
689 5462 824 5504 cum
854 5446 1135 5515 ecclesiis,
1171 5447 1449 5517 castellis,
1481 5448 1656 5518 villis,
1687 5456 1745 5509 et
1774 5458 2049 5518 omnibus

402 5531 792 5611 pertinentiis,
818 5540 876 5594 et
901 5535 1242 5612 adjacentiis
1261 5535 1406 5595 suis.
1425 5537 2047 5613 Etjuxta'l‘iburtinam

2173 3240 2293 3295 hat.
2322 3239 2380 3296 Si
2412 3239 2545 3312 quis
2589 3239 2746 3294 enim
2791 3238 2950 3311 piam
3004 3239 3248 3294 Matrem
3295 3239 3525 3296 Domini
3567 3239 3823 3297 scienter

2173 3328 2494 3396 olfenderit,
2530 3329 2742 3383 bonam
2772 3326 3132 3384 voluntatem
3166 3327 3294 3384 Filii
3324 3329 3453 3399 ejus
3499 3329 3820 3401 unigeniti,

2171 3417 2289 3474 imo
2320 3422 2377 3474 et
2405 3416 2776 3490 primogeniti
2803 3416 3113 3473 Salvatoris
3134 3417 3320 3472 nostri
3340 3416 3552 3474 habere
3569 3417 3822 3473 omnino

2173 3524 2287 3562 non
2305 3507 2535 3579 poterit.
2553 3505 2818 3562 Decimas
2831 3510 2888 3562 et
2899 3505 3223 3562 oblationes
3242 3509 3599 3562 mortuorum
3613 3505 3828 3577 quiete

2172 3596 2284 3651 ista
2315 3600 2504 3650 teneat
2531 3593 2794 3651 ecclesia.
2819 3595 2934 3651 Nec
2955 3595 3244 3651 ordinatio
3265 3592 3710 3663 monachorum,
3727 3593 3826 3652 vel

2174 3685 2644 3755 mgsbyterorum
2662 3683 2842 3754 hujus
2867 3684 3231 3752 monasterii,
3256 3684 3342 3740 vel
3364 3682 3643 3742 cellarum
3666 3685 3825 3755 ejus,

2172 3789 2205 3826 a
2234 3772 2442 3843 quovis
2471 3771 2551 3826 ibi
2581 3772 2684 3827 ﬁat
2711 3772 3011 3846 episcopo,
3045 3773 3160 3830 nisi
3191 3790 3365 3845 quem
3398 3773 3580 3829 abbas
3610 3772 3828 3828 invita-

2171 3861 2336 3929 verit,
2367 3865 2488 3927 aut,
2519 3860 2566 3915 si
2601 3877 2716 3916 non
2748 3861 2932 3930 adest,
2967 3879 3074 3919 suo
3106 3867 3390 3934 praecepto
3421 3863 3546 3932 ejus
3576 3877 3829 3934 congre-

2171 3949 2348 4022 gatio,
2382 3948 2604 4004 scilicet
2632 3949 2771 4021 quia
2799 3949 2880 4006 ita
2909 3949 3162 4006 habetur
3199 3950 3259 4006 in
3304 3949 3604 4022 privilegio
3654 3950 3828 4006 bona:

2173 4037 2466 4094 memoria:
2493 4039 2663 4093 Pauli
2688 4055 2866 4111 papae,
2902 4042 2968 4094 ut
2995 4038 3286 4110 synodum
3318 4037 3520 4094 nullus
3550 4037 3647 4094 hic
3680 4037 3833 4095 cele-

2171 4127 2299 4183 bret
2326 4127 2656 4199 episcopus,
2690 4142 2797 4182 nec
2828 4125 2942 4182 alio
2970 4128 3166 4184 venire
3187 4127 3553 4200 constringat
3572 4128 3829 4200 presby-

2170 4221 2325 4272 teros
2353 4215 2540 4288 ipsius
2561 4214 2826 4282 abbatis),
2842 4214 3122 4286 quoniam
3135 4216 3290 4288 quod
3304 4216 3375 4272 ab
3390 4216 3518 4288 ipso
3543 4215 3640 4271 hic
3652 4215 3830 4272 locus

2171 4321 2274 4378 per
2303 4303 2673 4377 privilegium
2690 4303 2964 4374 obtinuit,
2979 4305 3417 4378 nosinfringere
3433 4304 3740 4362 nolumus.
3760 4305 3831 4361 Et

2171 4394 2637 4449 consecrationes
2665 4391 3045 4450 ecclesiarum
3076 4410 3111 4450 a
3139 4393 3345 4466 quovis
3376 4398 3596 4466 quaerat
3631 4394 3832 4451 abbas

2171 4482 2441 4555 religioso
2473 4479 2782 4555 episcopo;
2816 4482 3030 4539 habeat
3059 4482 3238 4538 simul
3286 4487 3344 4540 et
3389 4482 3672 4538 chrisma.
3732 4484 3829 4539 Ad

2167 4571 2445 4628 idoneum
2478 4571 2747 4627 abbatem
2779 4569 3135 4644 eligendum,
3159 4571 3484 4628 secundum
3497 4571 3704 4628 Sancti
3724 4572 3835 4628 Be-

2168 4660 2381 4717 nedicti
2413 4659 2696 4733 regulam,
2730 4659 2808 4716 sit
2837 4659 3170 4716 communis
3207 4676 3549 4728 consensus,
3598 4663 3661 4716 et
3709 4661 3831 4717 im-

2165 4748 2393 4822 pleatur
2450 4748 2650 4821 petitio
2711 4748 2980 4805 fratrum.
3032 4747 3315 4821 Spiritum
3365 4753 3456 4805 est
3507 4751 3712 4808 autem
3766 4750 3832 4806 in

2163 4838 2526 4894 canonibus:
2607 4839 2888 4894 Invasere:
2943 4839 3302 4894 ecclesiarum
3365 4841 3484 4894 sine
3548 4837 3836 4898 dilatione

2165 4928 2722 4985 excommunicentur.
2770 4928 2948 4998 Cujus
2990 4927 3071 4983 rei
3111 4927 3300 4999 gratia
3347 4942 3583 4983 necesse
3627 4933 3732 4985 est
3765 4935 3837 4985 ut

2161 5017 2353 5073 omnis
2391 5015 2616 5072 invasio
2646 5017 2704 5071 in
2738 5016 3012 5072 universa
3041 5021 3233 5074 cesset
3255 5015 3529 5083 Ecclesia,
3555 5017 3835 5075 maxime

2161 5105 2219 5161 in
2252 5105 2394 5162 locis
2424 5122 2555 5176 quas
2581 5105 2692 5161 sibi
2723 5105 2918 5161 dicata
2947 5109 3104 5160 tenet
3133 5105 3306 5161 beata
3335 5103 3538 5172 Maria,
3568 5105 3666 5160 cui
3716 5108 3833 5178 qui

2159 5195 2352 5250 aufert
2372 5211 2499 5260 sua,
2519 5198 2717 5251 teneat
2733 5195 3032 5250 incurrere
3053 5193 3386 5250 anathema.
3410 5193 3623 5265 Magna
3652 5194 3834 5251 enim

2159 5281 2706 5350 excommunicatio,
2723 5283 2852 5339 Filii
2867 5283 3076 5340 matris
3091 5283 3349 5356 Virginis
3361 5287 3450 5339 est
3461 5281 3831 5355 indignatio.

2159 5371 2422 5428 Exaltata
2469 5387 2646 5442 super
2692 5371 2902 5429 choros
2950 5372 3292 5446 angelorum
3345 5367 3548 5439 Maria,
3596 5371 3839 5432 exultet

2158 5462 2600 5518 conservantem
2631 5460 2786 5518 bona
2815 5479 2941 5520 sua.
2957 5461 3339 5522 ProDominaa
3353 5463 3837 5521 suarevereutia

2157 5547 2426 5628 princeps
2464 5545 2864 5626 apostolorum
2913 5550 3121 5613 Petrus
3165 5550 3312 5610 ditet
3357 5548 3525 5609 illum
3573 5566 3836 5629 semper
