4088 6174
229 231 357 312 ⁵681

1220 233 1630 299 EPISTOLIE
1672 233 1773 297 ET
1814 232 2177 296 DECRETA
2220 234 2688 298 PONTIFICIA.

3528 241 3651 309 682

243 359 653 421 benedictione
685 364 1022 438 apostolica,
1055 371 1346 423 annuente
1366 367 1472 422 hoc
1502 367 1759 439 Virginis
1793 368 1893 420 Pa-
1925 368 1976 432 Α
2080 367 2224 422 Cum
2257 367 2602 423 universalis
2629 370 2830 422 sancta
2854 371 3036 424 mater
3058 370 3305 427 Ecclesia
3325 389 3429 444 per
3444 375 3651 447 glorio-

245 454 375 521 tris,
409 470 477 509 ac
503 453 762 527 Virginis
820 457 1024 511 matris
1064 455 1161 512 Dei
1222 456 1636 530 omnipotentis
1684 456 1890 527 gratia.

246 544 400 598 Bene
431 543 637 598 valete.

229 695 234 698 _
311 631 527 687 Datum
559 648 624 687 III
674 632 814 688 Idus
861 634 1197 690 Decembris
1234 651 1337 706 per
1367 651 1580 689 manus
1610 632 1895 690 Frederici

241 721 474 777 diaconi
501 725 716 778 sanctae
749 721 1022 778 Romane
1045 723 1310 779 Ecclesiae
1332 723 1754 780 bibliothecarii
1775 723 1897 779 vice

242 810 446 865 domni
494 809 836 865 Herimanni
885 809 1384 867 archicancellarii
1425 815 1480 865 et
1535 809 1895 866 Coloniensis

241 898 692 972 archiepiscopi,
734 916 888 955 anno
921 899 1119 956 domni
1153 900 1360 974 Leonis
1397 900 1463 954 IX
1495 915 1659 972 papae
1687 917 1772 966 III,
1805 899 1894 954 in-

241 987 500 1044 dictione
529 1006 584 1042 v.

976 1095 1162 1151 LXIII.

241 1182 415 1238 Bulla
444 1183 500 1238 S.
531 1185 726 1239 Leonis
755 1185 822 1239 IX
848 1200 958 1254 qua
1009 1184 1282 1255 Stephano
1330 1185 1610 1239 Anz'ciensi
1655 1186 1896 1255 episcopo

314 1255 536 1327 ejusque
560 1255 956 1327 successoribus
992 1272 1150 1327 usum
1194 1255 1362 1326 pallii
1391 1255 1652 1320 concedit,
1685 1272 1747 1310 ea
1785 1256 1898 1326 tege

315 1331 378 1379 ut
403 1326 446 1380 η
462 1326 716 1396 pontiﬁce
743 1331 988 1383 Romano
1019 1326 1358 1382 ordinentur.

868 1415 1056 1486 (Anno
1090 1415 1271 1485 1051.)

670 1503 835 1574 [GalL
880 1503 1081 1559 Christ.
1125 1521 1178 1559 α.
1215 1503 1284 1570 ΙΙ,
1319 1506 1466 1574 227.]

320 1612 454 1679 Lso,
479 1627 678 1666 servus
709 1626 1010 1666 servorum
1035 1609 1157 1678 Dei,
1186 1610 1507 1674 Srspumo,
1532 1614 1742 1666 sanctae
1762 1610 1893 1665 Ani-

2008 473 2102 511 sos
2134 460 2302 512 terrae
2345 457 2658 528 principes,
2713 458 2970 528 Petrum,
3025 457 3245 514 scilicet
3299 463 3649 532 piscatorem

2006 545 2333 611 hominum,
2353 563 2415 600 ac
2431 545 2675 600 Paulum
2689 548 2982 602 doctorem
3003 548 3288 618 gentium,
3302 567 3417 620 pra:
3431 554 3648 608 caeteris

2004 633 2478 705 cooperatoribus
2519 635 2771 689 maxime
2831 636 2908 690 sit
2949 637 3296 704 coadunata,
3342 638 3647 709 instructa,

2005 722 2183 778 simul
2215 727 2270 778 et
2301 722 2559 790 dilatata,
2595 725 2862 779 convenit
2892 725 2943 779 ei
2965 726 3297 782 conﬁrmari
3329 731 3386 782 et
3405 728 3651 784 detineri

2005 813 2203 867 omnia
2231 829 2357 882 quas
2405 830 2522 867 suae
2571 813 2808 868 ditionis
2847 830 2913 869 ac
2943 817 3250 886 potestatis
3279 818 3652 890 reperiuntur

2005 899 2293 972 specialia.

2075 989 2126 1044 4.
2158 990 2346 1052 Quare
2372 989 2442 1044 ad
2466 989 2645 1060 hujus
2667 991 2983 1061 supradicti
3007 993 3343 1048 monasterii
3367 994 3649 1051 honorem

2006 1093 2236 1149 semper
2265 1079 2621 1150 augendum,
2641 1096 2944 1150 nunquam
2963 1080 3372 1147 minuendum,
3389 1084 3648 1139 concedi-

2006 1182 2137 1220 mus
2152 1166 2257 1220 hoc
2274 1165 2602 1236 apostolica:
2621 1167 2976 1223 defensionis
2988 1169 3357 1240 privilegium
3376 1175 3441 1225 ut
3456 1175 3651 1228 teneat

2006 1255 2157 1326 quod
2192 1254 2385 1320 habet,
2421 1253 2644 1310 scilicet
2670 1254 2845 1311 cellas
2877 1272 3038 1324 suas,
3069 1261 3125 1311 et
3145 1257 3438 1327 ecclesias,
3463 1265 3648 1316 certes

2006 1360 2144 1397 suas
2177 1360 2241 1398 ac
2275 1342 2509 1414 plebes;
2557 1344 2768 1397 fundos
2818 1343 2990 1398 etiam
3024 1348 3078 1398 et
3129 1345 3373 1413 casales,
3423 1347 3651 1417 plebem

2006 1431 2229 1487 scilicet
2247 1431 2445 1486 Sancti
2469 1432 2812 1500 Constantii,
2845 1437 2901 1488 et
2921 1433 3116 1488 Sancti
3149 1434 3344 1489 Rufini
3373 1452 3438 1491 ac
3459 1436 3658 1492 Sancti

2006 1520 2258 1587 Martini,
2297 1526 2354 1576 et
2385 1522 2692 1576 ecclesiam
2727 1522 2950 1578 Sancta:
3000 1523 3194 1578 Maria:
3231 1523 3289 1578 in
3338 1523 3654 1597 Agellione,

2005 1626 2137 1664 cum
2171 1610 2296 1665 suis
2332 1610 2725 1681 pertinentiis,
2759 1615 2977 1667 cortem
3009 1613 3080 1666 de
3120 1612 3320 1669 Casale
3351 1617 3409 1669 et
3436 1618 3656 1671 cortem

234 1698 459 1755 ciensis
485 1699 740 1755 Ecclesiae
773 1697 1090 1754 venerabili
1131 1699 1425 1772 episcopo,
1461 1704 1802 1772 perpetuam
1833 1699 1892 1754 in
1923 1737 1971 1801 Β
2004 1699 2460 1768 SanctiJustini,
2481 1703 2536 1754 et
2554 1700 2927 1755 medietatem
2941 1700 3195 1757 ecclesiae
3215 1703 3437 1758 Sanctae
3460 1704 3651 1760 Mariae

232 1787 489 1844 Domino
519 1787 792 1844 salutem.

306 1877 365 1932 Si
399 1880 664 1948 pastores
697 1877 893 1932 ovium
929 1875 1120 1932 solent
1149 1876 1282 1949 gelu
1317 1893 1420 1948 pro
1441 1877 1637 1950 gregis
1667 1877 1758 1932 sui
1791 1894 1889 1932 cu-

231 1965 430 2021 stodia
450 1965 544 2020 die
575 1981 640 2020 ac
668 1969 835 2020 nocte
857 1963 1024 2030 ferre,
1049 1968 1156 2020 etc.
1193 1963 1438 2019 Pallium
1463 1968 1656 2020 autem
1690 1965 1891 2020 frater-

230 2054 405 2110 nitati
437 2058 550 2110 ture
582 2053 958 2109 concedimus
985 2054 1055 2108 ad
1089 2053 1406 2109 missarum
1430 2053 1718 2109 solemnia
1747 2053 1890 2109 cele-

231 2143 484 2209 branda,
518 2159 622 2214 pro
653 2143 832 2198 beatae
861 2159 927 2198 ac
960 2141 1224 2214 gloriosae
1267 2158 1614 2214 semperque
1645 2141 1890 2213 virginis

233 2231 336 2288 Dei
357 2231 661 2303 genitricis
684 2231 878 2286 Mariae
904 2231 1083 2304 digna
1105 2232 1442 2297 reverentia,
1487 2232 1658 2302 cujus
1690 2231 1747 2284 in
1780 2230 1888 2286 hac

230 2320 485 2376 ecclesia
514 2319 833 2384 Aniciensi,
871 2336 998 2391 quas
1030 2323 1087 2374 et
1105 2318 1489 2388 Vallavensis,
1517 2335 1618 2374 seu
1644 2319 1888 2373 Pedium

228 2411 462 2464 Sanctae
493 2408 686 2463 Mariaa
720 2406 955 2475 dicitur,
989 2407 1304 2480 specialius
1349 2424 1414 2462 ac
1456 2405 1890 2478 przecordialius

229 2515 356 2571 prae
385 2496 610 2552 ceteris
642 2495 902 2552 ecclesiis
934 2495 1044 2552 sibi
1101 2497 1313 2551 dicatis
1344 2495 1574 2560 colitur,
1636 2500 1885 2562 amatur,

229 2589 549 2642 veneratur
594 2585 879 2640 memoria
929 2601 961 2640 a
1009 2584 1238 2640 cunctis
1285 2584 1386 2655 qui
1431 2585 1888 2655 circumquaque

227 2677 506 2732 universa
537 2679 844 2731 morantur
874 2674 934 2729 in
966 2673 1170 2729 Gallia.
1214 2673 1341 2728 Haec
1391 2676 1611 2741 sancta,
1661 2673 1778 2744 pia,
1831 2677 1888 2728 et

230 2763 510 2837 praeclara
525 2762 770 2836 virginis
789 2762 982 2818 Mariae
1006 2761 1261 2835 dignitas
1281 2763 1350 2817 ab
1374 2761 1648 2817 omnibus
1671 2762 1888 2817 usitata

230 2872 266 2910 a
292 2853 471 2909 nobis
503 2852 724 2908 arctius
756 2855 813 2906 et
839 2851 1071 2907 beatius
1099 2850 1320 2906 honore
1342 2867 1577 2906 summo
1616 2854 1674 2906 et
1703 2849 1888 2923 gloria

228 2940 545 3013 multiplici
601 2943 694 2997 est
750 2938 1078 3008 exaltanda,
1119 2945 1184 2994 ut
1226 2940 1354 3010 ejus
1407 2939 1884 2995 intercessionem

231 3031 548 3104 propitiam
579 3029 923 3093 habeamus,
956 3030 1028 3084 ad
1058 3028 1245 3100 ipsius
1278 3027 1652 3101 Unigenitum
1685 3028 1885 3084 multas

233 3103 650 3175 misericordiae
681 3133 942 3173 veracem
975 3122 1031 3172 et
1059 3117 1400 3189 benignum,
1424 3120 1553 3184 etc,
1590 3117 1727 3187 quia
1775 3133 1880 3171 nec
1911 3103 1953 3170 C

235 3210 523 3280 potiorem
576 3207 801 3262 meritis
849 3205 1212 3262 inveniemus
1243 3207 1314 3262 ad
1359 3205 1707 3278 placandam
1740 3205 1888 3260 iram

237 3296 476 3352 Judicis
497 3312 672 3366 quam
693 3295 854 3351 illam
877 3312 1003 3367 qua;
1028 3295 1243 3350 meruit
1266 3296 1530 3366 ejusdem
1555 3299 1739 3350 mater
1762 3310 1890 3350 esse

241 3389 304 3440 et
339 3383 737 3455 Redemptoris
769 3388 826 3440 et
855 3384 1082 3439 Judicis
1117 3402 1128 3450 ;
1163 3385 1221 3438 in
1255 3384 1424 3454 cujus
1450 3383 1758 3438 Nativitate
1787 3382 1894 3437 hu-

241 3471 513 3540 millima,
545 3475 602 3527 et
627 3472 971 3544 Epiphania,
1004 3472 1062 3528 in
1093 3472 1282 3545 ipsius
1308 3472 1542 3528 Domini
1565 3470 1890 3527 memoriali

234 3568 432 3629 Omna,
466 3561 525 3616 in
550 3562 720 3632 cujus
743 3561 1186 3618 Resurrectione
1208 3562 1586 3618 sanctissima
1607 3565 1664 3616 et
1684 3563 1894 3616 Ascen-

231 3652 403 3708 sione
415 3649 690 3723 gloriosa,
705 3654 760 3705 et
778 3651 834 3705 in
851 3650 1221 3706 Pentecostes
1237 3649 1605 3706 solemnitate
1619 3649 1890 3722 pretiosa,

231 3740 338 3795 tibi
394 3739 595 3808 frater,
627 3737 804 3810 pallio
835 3738 916 3792 uti
952 3739 1350 3806 concedimus,
1394 3743 1451 3793 et
1499 3739 1554 3792 in
1589 3736 1895 3793 Natalibus

229 3827 639 3901 apostolorum
672 3827 820 3882 Petri
855 3830 910 3882 et
942 3826 1126 3894 Pauli,
1161 3827 1338 3882 simul
1382 3832 1438 3881 et
1483 3826 1722 3882 Andreae
1756 3843 1891 3898 apo-

231 3917 397 3985 stoli,
429 3920 489 3972 et
519 3915 579 3970 in
604 3915 880 3970 omnibus
902 3915 1380 3971 solemnitatibus
1401 3915 1507 3986 piae
1532 3913 1896 3971 interventri-

232 4007 338 4073 cis,
377 4005 546 4060 mitis
571 4003 819 4060 domina:
845 4009 1053 4061 nostrae
1073 4023 1138 4060 ac
1160 4009 1293 4075 tuae,
1319 4005 1496 4059 beatae
1520 4004 1734 4072 Mariae,
1758 3999 1814 4058 et
1839 4003 1895 4057 in

231 4093 610 4151 dedicatione
659 4092 915 4149 ecclesiae
960 4098 1112 4162 tum;
1147 4111 1215 4149 ea
1244 4093 1534 4165 siquidem
1569 4092 1898 4148 conditione

233 4190 319 4251 ut,
356 4184 522 4240 sicut
549 4182 810 4238 ecclesiis
838 4187 974 4251 tuae,
1005 4181 1324 4255 privilegiis
1349 4182 1409 4236 in
1444 4199 1550 4236 suo
1581 4185 1738 4236 statu
1770 4197 1898 4252 per-

235 4271 652 4339 manentibns,
687 4271 976 4341 ordinatio
1010 4272 1416 4344 episcoporum
1439 4270 1620 4341 hujus
1645 4269 1800 4326 sedis
1827 4269 1898 4324 ad

237 4362 583 4417 Romanum
613 4365 835 4433 spectet
856 4361 1218 4433 pontificem,
1239 4360 1320 4416 ita
1344 4360 1520 4416 etiam
1545 4359 1616 4414 ad
1648 4359 1805 4413 hunc
1824 4357 1903 4413 lo-

233 4467 375 4507 cum
412 4451 784 4507 ordinandus
832 4468 935 4522 per
965 4468 1070 4506 nos
1115 4451 1447 4523 episcopus,
1501 4466 1604 4522 per
1642 4452 1902 4504 nostram
1938 4471 1983 4536 Ι)

233 4539 476 4596 scilicet
505 4538 647 4596 cleri
677 4539 854 4595 etiam
889 4543 946 4594 et
977 4539 1174 4612 populi
1206 4539 1385 4610 hujus
1430 4537 1680 4594 civitatis
1723 4537 1905 4593 intres

231 4627 618 4694 electionem,
653 4633 760 4683 etc.

986 4716 1173 4772 LXIV.

234 4806 292 4860 S.
333 4807 444 4862 Leo
474 4805 548 4862 IX
590 4807 920 4863 monasterii
971 4807 1025 4862 S.
1061 4807 1214 4861 Petri
1243 4808 1506 4862 Perusini
1547 4808 1912 4878 possessiones

704 4879 1114 4950 privilegiaque
1143 4879 1452 4949 conﬁrmat.

872 4968 1062 5036 (Anno
1113 4966 1296 5035 1052.)

550 5054 912 5126 [Margarini,
951 5056 1160 5110 Bullur.
1198 5054 1404 5123 Casin.,
1434 5054 1500 5123 II,
1528 5055 1639 5125 84.]

326 5162 455 5216 [ιεο
502 5160 839 5233 episcopus,
888 5179 1090 5218 servus
1141 5177 1442 5217 servorum
1493 5161 1615 5228 Dei,
1668 5161 1921 5218 ecclesiae

242 5248 418 5304 beati
454 5247 606 5304 Petri
639 5249 889 5321 apostoli
921 5250 1043 5306 sita:
1077 5255 1258 5319 extra,
1294 5251 1412 5306 imo
1445 5256 1501 5306 et
1522 5251 1694 5322 juxta
1723 5252 1921 5308 civita-

238 5342 370 5393 tem
409 5335 744 5406 Perusiam,
777 5338 836 5394 in
862 5339 989 5395 loco
1020 5339 1357 5412 quidicitur
1379 5339 1712 5411 Caprarius,
1745 5345 1803 5395 et
1822 5357 1925 5413 per

236 5443 384 5483 eam
423 5427 706 5482 BONIZONI
739 5428 934 5484 abbati
984 5428 1228 5503 suisque
1280 5430 1719 5486 successoribus
1763 5430 1922 5501 juste

237 5515 630 5588 intrantibus
662 5515 721 5572 in
755 5523 1124 5592 perpetuum.

588 5645 854 5711 Panos.
900 5645 1159 5712 CXLIII.

1994 1789 2164 1857 juxta
2195 1788 2418 1842 flumen
2451 1788 2676 1842 Tiberis
2704 1788 2930 1859 positas,
2963 1806 3095 1844 cum
3137 1807 3244 1844 sua
3275 1791 3646 1861 pertinentia,

2001 1881 2220 1932 cortem
2252 1876 2322 1930 de
2354 1875 2720 1947 Petroniano,
2743 1876 3169 1948 ccclesiamque
3191 1878 3414 1932 Sanctae
3455 1879 3646 1934 Mariae

1999 1966 2056 2020 in
2073 1964 2395 2032 Petiniano,
2410 1968 2464 2019 et
2481 1963 2784 2020 ecclesiam
2799 1965 2996 2020 Sancti
3013 1965 3328 2021 Clementis
3341 1969 3515 2037 atque
3530 1982 3650 2023 me-

1999 2055 2272 2110 dietatem
2296 2052 2549 2108 ecclesiae
2572 2053 2770 2108 Sancti
2791 2053 2996 2108 Donati
3020 2053 3078 2107 in
3096 2053 3384 2121 Civitella;
3408 2071 3513 2109 nec
3529 2071 3645 2110 non

1997 2147 2052 2198 et
2075 2148 2288 2198 terram
2321 2142 2538 2214 Ugonis
2562 2142 2786 2214 nepotis
2812 2141 3092 2197 Bernonis
3114 2143 3185 2198 de
3223 2143 3643 2216 Monte-Nigro.

1998 2232 2244 2304 Insuper
2265 2231 2684 2286 conﬁrmamus
2732 2231 2921 2286 eidem
2950 2230 3306 2285 monasterio
3351 2230 3411 2286 in
3442 2248 3645 2304 perpe-

1997 2324 2167 2375 tuum
2202 2320 2426 2375 Massas
2457 2319 2514 2373 in
2548 2320 2827 2375 comitatu
2859 2319 3137 2376 Perusino
3168 2320 3412 2391 positas,
3445 2337 3646 2389 unam,

1998 2426 2124 2480 qua:
2158 2413 2394 2463 vocatur
2424 2408 2661 2475 Pusulo,
2715 2412 2771 2464 et
2818 2408 3082 2476 alteram,
3118 2425 3245 2480 quas
3277 2413 3652 2481 nuncupatur

1996 2497 2269 2561 Casalini,
2303 2513 2435 2552 cum
2470 2496 2752 2565 ecclesiis,
2784 2498 2957 2565 casis,
2990 2497 3195 2564 vineis,
3228 2498 3475 2570 campis,
3512 2498 3648 2555 hor-

1996 2586 2093 2652 tis,
2127 2586 2427 2642 montibus
2477 2585 2653 2640 cultis
2684 2589 2740 2642 et
2789 2585 3028 2642 incultis
3075 2587 3466 2657 omnibusque
3519 2587 3647 2642 suis

1997 2675 2386 2747 pertinentiis.
2499 2733 2502 2736 ,

2065 2767 2118 2818 2.
2154 2762 2470 2819 Licentiam
2498 2779 2729 2833 quoque
2759 2763 2969 2818 damus
3000 2762 3106 2816 tibi
3129 2763 3199 2817 de
3221 2761 3494 2818 omnibus
3525 2762 3644 2819 tuis

1995 2853 2241 2922 clericis,
2277 2857 2394 2907 tam
2429 2852 2487 2905 in
2538 2851 2894 2906 monasterio
2944 2851 3297 2922 degentibus
3347 2867 3644 2923 quamque

1995 2941 2170 2996 etiam
2204 2941 2343 2996 foris
2374 2940 2432 2995 in
2482 2939 2954 3011 possessionibus
3005 2941 3132 3010 ejus
3181 2941 3577 3010 manentibus,
3610 2959 3644 2999 a

1996 3046 2344 3104 quocunque
2374 3029 2626 3084 volueris
2657 3028 2862 3084 idoneo
2894 3033 2950 3084 et
2981 3030 3256 3085 canonice
3306 3030 3488 3086 locato
3519 3030 3642 3102 epi-

1997 3135 2172 3190 scopo
2203 3134 2303 3172 eos
2353 3117 2681 3182 ordinandi,
2735 3121 2791 3172 et
2848 3117 3107 3173 chrisma
3131 3117 3190 3173 in
3222 3117 3341 3174 tuis
3369 3118 3640 3190 plebibus

1999 3206 2276 3278 accipere,
2310 3197 2358 3260 si
2392 3210 2585 3260 tamen
2638 3205 2708 3260 ab
2763 3205 3032 3276 episcopo
3064 3207 3123 3260 in
3178 3207 3348 3277 cujus
3408 3205 3643 3262 dioecesi

2001 3295 2303 3366 praefatum
2327 3293 2748 3348 monasterium
2769 3295 2948 3348 situm
2972 3298 3081 3361 est,
3102 3310 3204 3349 nec
3226 3295 3643 3363 ordinationes,

2000 3399 2105 3438 nec
2137 3381 2394 3437 chrisma
2422 3380 2680 3453 potueris
2714 3381 2882 3436 facile
2912 3385 2970 3437 et
3020 3383 3203 3454 gratis
3234 3383 3515 3452 obtinere,
3549 3385 3650 3437 aut

1999 3471 2333 3542 impetrare,
2393 3474 2447 3525 et
2503 3471 2572 3525 de
2630 3469 2890 3526 ecclesiis
2959 3465 3371 3528 consecrandis
3447 3471 3650 3527 eodem

2001 3560 2194 3614 modo.

2073 3648 2124 3702 3.
2160 3647 2228 3702 Et
2271 3647 2469 3703 nullus
2522 3648 2834 3720 episcopus
2892 3649 2963 3704 ad
3024 3650 3178 3704 idem
3228 3647 3652 3703 monasterium

2006 3736 2390 3809 pertinentem
2442 3737 2948 3792 excommunicare
2980 3740 3083 3791 aut
3112 3737 3393 3791 damnare
3423 3735 3653 3800 audeat,

2005 3825 2053 3881 si
2084 3826 2143 3880 in
2177 3842 2353 3880 causa
2384 3842 2490 3880 sua
2514 3830 2780 3880 nostrum
2812 3841 2877 3879 ac
2907 3828 3121 3879 sanctae
3145 3823 3473 3895 apostolicae
3496 3820 3655 3879 sedis

2005 3913 2395 3986 patrocinium
2427 3918 2483 3968 et
2513 3929 2754 3968 examen
2789 3911 3030 3984 ﬂagitat.

2077 4005 2129 4057 4.
2166 4001 2411 4058 Romani
2442 4005 2637 4056 autem
2670 4001 2962 4073 pontiﬁcis
3013 4003 3233 4058 donum
3289 4003 3556 4071 abbatissa,
3601 4006 3659 4059 et

2008 4092 2190 4147 abbas
2221 4091 2345 4163 ipse
2389 4095 2446 4145 et
2496 4091 2855 4146 consecratio
2915 4092 3142 4148 abbatis
3196 4091 3274 4148 sit
3328 4093 3390 4149 in
3448 4108 3659 4166 perpe-

2010 4186 2198 4236 tuum.

2079 4271 2132 4324 5.
2167 4270 2236 4324 Et
2264 4269 2423 4325 omni
2457 4273 2682 4325 ramota
2703 4271 3100 4336 excusatione,
3125 4271 3239 4326 nisi
3262 4271 3560 4338 canonica,
3586 4271 3660 4326 ad

2012 4359 2322 4430 synodum,
2344 4360 2812 4431 quandocumque
2831 4377 2864 4416 a
2878 4377 3110 4416 summo
3131 4361 3405 4431 pontifice
3418 4363 3662 4416 vocatus

2016 4447 2212 4515 fuerit,
2244 4447 2454 4503 veniat.

2084 4539 2137 4592 6.
2161 4538 2336 4593 Porro
2359 4536 2681 4592 oblationes
2698 4537 2885 4593 eidem
2902 4537 3258 4592 monasterio
3281 4536 3523 4608 collatas,
3540 4539 3663 4592 tam

2020 4644 2123 4701 pro
2153 4626 2300 4683 vivis
2331 4642 2505 4697 quam
2539 4642 2640 4697 pro
2671 4625 2980 4691 defunctis,
3002 4642 3035 4681 a
3060 4623 3224 4681 nullo
3256 4626 3664 4698 episcoporum

2022 4718 2432 4790 pervadantur,
2466 4715 2565 4770 sed
2615 4731 2683 4769 ex
2730 4715 2955 4785 integro
2996 4714 3304 4787 proficiant
3328 4713 3670 4771 monasterii

2024 4805 2377 4860 utilitatibus
2409 4820 2474 4859 ac
2504 4805 2749 4858 fratrum
2784 4803 3253 4859 necessitatibus.

2091 4897 2144 4950 7.
2172 4895 2416 4950 Decimae
2445 4899 2640 4949 autem
2666 4892 2930 4962 ejusdem
2954 4894 3321 4962 monasterii,
3343 4895 3672 4952 secundum

2027 5001 2296 5051 canones,
2348 4983 2418 5037 ad
2454 4986 2680 5055 portam
2715 4983 3052 5039 monasterii
3083 4985 3142 5040 in
3176 4987 3546 5058 susceptione
3576 4984 3673 5040 ho-

2032 5074 2248 5146 spitum
2281 5077 2338 5128 et
2369 5072 2807 5144 peregrinorum
2840 5075 3236 5130 conferantur.

2101 5167 2151 5218 8.
2188 5164 2430 5234 Insuper
2453 5177 2623 5217 nemo
2659 5162 2874 5217 ibidem
2906 5168 3206 5218 mortuum
3229 5161 3459 5233 sepeliri
3486 5157 3675 5228 prohi-

2032 5253 2184 5307 beat.

2101 5342 2155 5394 9.
2180 5341 2502 5411 Episcopus
2523 5339 2790 5410 publicas
2823 5339 3037 5394 missas
3066 5343 3121 5393 et
3149 5337 3427 5392 stationes
3457 5336 3676 5392 ibidem

2035 5431 2220 5484 facere
2243 5428 2402 5484 nullo
2426 5429 2597 5484 modo
2616 5427 3042 5499 praetermittat,
3069 5427 3178 5481 nisi
3203 5427 3440 5482 statutis
3456 5431 3680 5500 tempo-

2034 5519 2219 5590 ribus,
2252 5517 2474 5575 scilicet
2503 5517 2757 5574 secunda
2787 5515 2930 5572 feria
2958 5514 3214 5584 Pascha-3,
3264 5520 3323 5572 et
3374 5517 3680 5574 beatorum

3278 5646 3356 5711 22
