4088 6174
441 227 561 290 683

1511 225 1576 285 S.
1622 220 1904 284 LEONIS
1946 219 2030 283 IX
2075 218 2300 282 PAPJE
2345 217 2779 283 OPUSCULA.

3722 214 3844 277 684

446 357 846 430 apostolorum
877 357 1030 414 Petri
1059 360 1117 414 et
1156 355 1320 414 Pauli
1363 354 1652 410 Natalitiis
1700 353 2078 409 solemnibus.
2115 356 2168 422 Α
2199 353 2350 408 dono
2367 353 2813 407 concederemus
2833 353 3034 406 vestrae
3052 346 3840 422 religiositatimassacellam

445 447 560 505 Sed
577 447 770 504 nullas
793 448 925 504 inde
946 447 1270 504 oblationes
1287 444 1454 500 tollat
1472 443 1648 498 invito
1672 442 1880 497 abbate
1902 446 1958 496 et
1979 441 2087 496 fra-

445 534 656 593 tribus.

519 625 608 681 40.
641 626 968 683 Statuimus
997 625 1214 694 autem,
1249 625 1295 679 si
1348 621 1582 694 quando
1614 620 1794 676 abbas
1827 619 2089 690 ejusdem

447 715 786 771 monasterii
812 715 1149 781 decesserit,
1174 716 1238 767 ut
1265 711 1464 766 nullus
1485 711 1556 764 ab
1575 709 1702 764 aliis
1725 707 1988 780 personis
2008 707 2088 762 ibi

448 801 699 875 eligatur
729 804 929 872 abbas,
964 803 1013 857 si
1035 801 1331 874 potuerint
1359 800 1429 854 ad
1464 798 1573 852 hoc
1594 815 1740 870 opus
1762 798 1831 852 de
1854 812 2092 868 congre-

449 892 680 963 gatione
703 893 978 948 idoneum
1004 891 1238 945 fratrem
1258 888 1502 960 eligere;
1538 887 1622 941 sic
1643 884 1911 940 videlicet
1941 901 2094 940 com-

449 981 614 1035 muni
646 997 712 1035 ac
744 979 996 1052 regulari
1019 978 1258 1034 consilio
1285 978 1506 1048 absque
1529 977 1734 1047 pretio,
1769 992 1802 1029 a
1835 975 2093 1030 Romano

449 1067 723 1139 pontiﬁce
757 1069 1240 1125 consecrandum.

526 1157 931 1213 11.Jubemus
988 1157 1166 1213 etiam
1197 1159 1261 1210 ut
1316 1171 1520 1210 omnes
1575 1154 1784 1207 nociva:
1843 1150 2094 1207 ecclesize

450 1246 631 1302 vestri
663 1245 1000 1302 monasterii
1033 1242 1574 1312 chartulrevomnino
1597 1257 1787 1296 vacuae
1813 1243 1869 1293 et
1890 1240 2094 1294 inanes

451 1334 794 1390 consistant.

529 1425 611 1478 12.
645 1422 926 1478 Praeterea
956 1421 1273 1494 apostolica
1302 1423 1504 1475 nostra
1522 1419 1866 1474 auctoritate
1889 1417 2098 1472 consti-

450 1509 676 1566 tuimus
709 1514 767 1565 et
795 1511 1213 1566 confirmamus
1244 1514 1310 1564 ut
1339 1508 1539 1564 nullus
1586 1509 1926 1580 imperator,
1977 1523 2095 1571 rex,

453 1598 784 1671 episcopus,
819 1598 954 1668 dux,
1016 1599 1298 1667 marchio,
1333 1614 1552 1664 comes,
1598 1596 1938 1662 vicecomes,
1997 1611 2096 1665 go-

454 1687 689 1754 staldio,
715 1691 817 1744 aut
838 1687 951 1743 alia
972 1687 1244 1759 quaelibet
1265 1704 1479 1759 magna
1507 1703 1796 1759 parvaque
1827 1699 2097 1757 persona,

452 1779 509 1831 te
522 1776 864 1848 praedictum
879 1776 1168 1845 abbatem,
1183 1781 1433 1848 tuosque
1445 1790 1813 1830 successores
1825 1771 2101 1828 canonice

455 1864 744 1921 intrantes
773 1865 844 1919 de
865 1865 992 1935 jam
1026 1865 1179 1921 dicto
1201 1863 1580 1935 monasterio,
1607 1863 1694 1918 vel
1726 1863 1795 1916 de
1825 1861 2100 1917 omnibus

454 1954 580 2010 suis
609 1955 804 2025 rebus,
830 1932 886 2010 et
905 1932 1361 2027 proprietatibus
1379 1952 1575 2008 mobili
1588 1952 1693 2007 bus
1715 1956 1770 2007 et
1791 1951 2103 2006 immobili-

454 2044 567 2101 bus
597 2045 888 2112 divertire,
923 2049 1024 2100 aut
1053 2045 1377 2117 inquietare
1428 2044 1672 2111 audeat;
1726 2045 1783 2098 et
1827 2041 1924 2113 qui
1957 2058 2098 2112 prte-

455 2133 776 2206 sumpserit
805 2131 952 2188 sciat
991 2147 1053 2186 se
1083 2132 1426 2187 auctoritate
1459 2131 1702 2201 Domini
1748 2131 1932 2186 nostri
1961 2131 2100 2185 Jesu

454 2222 691 2289 Christi,
727 2225 786 2276 et
811 2221 1114 2276 beatorum
1145 2220 1544 2292 apostolorum
1575 2221 1726 2275 Petri
1759 2226 1814 2276 et
1845 2220 2004 2276 Pauli
2037 2236 2102 2274 ac

457 2313 659 2366 nostra
683 2307 1090 2364 maledictione
1120 2307 1618 2364 anathematizari.

526 2396 615 2453 43.
647 2395 755 2460 Qui
782 2413 915 2451 vero
946 2396 1099 2451 hanc
1129 2395 1849 2464 ecclesiambonoraverit,
1877 2401 1936 2451 et
1957 2394 2100 2450 nihil

454 2484 592 2541 inde
605 2484 980 2552 auferens,de
1002 2485 1127 2540 suis
1147 2502 1250 2556 pro
1263 2485 1883 2556 redemptioneanimre
1906 2483 2104 2556 aliqua

455 2573 509 2631 ei
539 2573 868 2640 contulerit,
902 2573 1325 2630 benedictionis
1365 2573 1614 2646 gratiam
1646 2591 1679 2628 a
1711 2573 1956 2629 Domino
1986 2573 2102 2628 Deo

457 2666 854 2735 consequatur
883 2667 941 2718 et
970 2679 1071 2734 per
1102 2663 1455 2735 clavigerum
1500 2662 1820 2735 principem
1869 2662 1993 2717 cceli
2043 2661 2101 2717 in

450 2752 668 2824 januas
700 2751 862 2824 regni
895 2751 1147 2806 caalestis
1179 2751 1468 2807 introduci
1501 2756 1812 2806 mereatur.

527 2842 674 2897 Data
699 2859 780 2896 vn
811 2841 945 2896 Idus
979 2840 1169 2895 Martii
1229 2858 1331 2914 per
1383 2857 1594 2896 manus
1644 2840 1919 2896 Friderici
1981 2841 2100 2896 dia-

458 2929 584 2987 coni
618 2935 674 2984 el
703 2933 919 2986 sanctae
967 2929 1239 2986 Romanae
1271 2929 1534 2986 Ecclesiae
1579 2929 2000 2985 bibliothecarii
2048 2934 2104 2984 et

457 3016 807 3088 cancellarii,
833 3019 953 3075 vice
973 3019 1196 3075 domini
1218 3019 1555 3076 Herimanni
1579 3018 2098 3086 archicancellarii,

2197 441 2508 512 integram,
2541 458 2670 511 quae
2699 445 2939 496 vocatur
2968 438 3279 494 Materaria
3337 441 3394 494 et
3423 453 3678 494 massam
3711 455 3844 509 quae

2197 532 2437 584 vocatur
2467 528 2772 599 Mauseuli,
2809 529 3115 600 integram,
3147 530 3204 583 et
3240 527 3488 582 fundum
3526 527 3844 600 integrum,

2201 617 2298 689 qui
2341 621 2582 672 vocatur
2615 616 2814 673 Casale
2855 617 3108 690 publico,
3139 621 3194 672 et
3223 632 3482 671 massam
3509 632 3632 688 quae
3679 633 3848 673 voca-

2199 711 2297 760 tur
2327 706 2552 778 Nepoti,
2585 710 2639 760 ct
2687 722 2947 762 massam
3003 723 3129 778 quae
3178 710 3420 762 vocatur
3471 705 3843 777 Caputbovis,

2202 799 2414 850 terram
2448 799 2505 849 et
2531 795 2784 860 vineam,
2815 794 2986 850 sicuti
3037 796 3211 850 modo
3257 811 3358 850 vos
3389 794 3637 863 habetis,
3670 799 3727 850 et
3753 800 3846 850 te-

2203 883 2504 953 netisjure
2528 883 2676 938 beati
2709 883 2861 938 Petri
2894 883 3138 955 apostoli
3170 900 3395 939 necnon
3426 887 3484 938 et
3513 883 3697 955 ripam
3732 885 3848 938 ilu-

2205 971 2385 1026 minis
2414 971 2711 1027 Alemonis
2733 988 2801 1027 ex
2822 972 3088 1043 utrisque
3109 971 3373 1044 partibus
3390 974 3562 1043 juxta
3589 989 3846 1029 massam

2205 1077 2331 1132 qua:
2361 1065 2599 1116 vocatur
2618 1061 2808 1128 Prata,
2831 1061 3173 1116 extendente
3210 1060 3338 1133 ipsa
3357 1062 3486 1132 ripa
3506 1078 3538 1117 a
3558 1061 3850 1134 Bigaziolo

2206 1165 2392 1220 usque
2421 1150 2492 1204 ad
2525 1166 2797 1221 campum
2858 1149 3100 1216 Bedulli,
3136 1154 3191 1205 et
3238 1154 3454 1205 terram
3506 1156 3563 1206 et
3614 1151 3848 1207 vineam

2198 1240 2371 1308 juxta
2403 1254 2602 1293 muros
2648 1238 2902 1294 civitatis
2957 1239 3239 1295 Ravenna:
3293 1257 3426 1295 cum
3481 1244 3662 1311 turre,
3720 1258 3851 1313 quae

2205 1331 2442 1383 vocatur
2471 1328 2714 1393 Branea,
2748 1328 2804 1382 in
2836 1327 3130 1400 integrum
3163 1346 3197 1383 a
3245 1328 3549 1384 Pusterula
3584 1332 3854 1403 Augusta

2207 1432 2395 1488 usque
2429 1417 2499 1471 ad
2536 1416 2765 1471 Portam
2799 1418 3175 1472 Taurensem.
3207 1418 3277 1472 Et
3307 1417 3542 1474 hortum
3574 1436 3755 1474 unum
3785 1418 3850 1474 in

2209 1505 2500 1577 integrum
2533 1505 2592 1559 in
2644 1505 2766 1561 loco
2799 1506 2998 1562 Pontis
3040 1506 3275 1562 Calciati
3321 1507 3400 1562 in.
3435 1550 3447 1563 .
3482 1551 3493 1562 .
3522 1551 3534 1563 .
3563 1551 3576 1564 .
3603 1550 3616 1562 .
3653 1508 3852 1564 Sancti

2206 1595 2448 1649 Andreas
2482 1611 2515 1649 a
2547 1595 2776 1649 duobus
2817 1594 3097 1650 lateribus
3135 1596 3268 1666 jure
3326 1596 3516 1669 ipsius
3567 1598 3783 1667 Sancti,
3814 1615 3854 1652 a

2211 1683 2452 1755 reliquis
2483 1685 2712 1739 duobus
2752 1684 2845 1738 via
2876 1684 3125 1756 publica.
3163 1683 3462 1754 Etlacum,
3489 1686 3588 1758 qui
3617 1691 3856 1742 vocatur

2212 1773 2479 1839 Sanctus,
2513 1789 2644 1827 cum
2678 1773 2955 1827 omnibus
2988 1774 3161 1828 rebus
3204 1777 3260 1828 et
3307 1774 3675 1846 pertinentiis
3704 1775 3850 1844 suis,

2211 1879 2344 1917 cum
2377 1861 2542 1933 plebe
2572 1866 2627 1916 et
2677 1861 2916 1932 capellis
2949 1878 3013 1916 ac
3062 1861 3247 1917 titulis
3296 1862 3504 1935 ipsius,
3553 1864 3853 1921 vocabulis

2210 1952 2430 2006 Sanctae
2489 1951 2703 2015 Mariae,
2762 1953 2818 2006 et
2856 1951 3052 2005 Sancti
3113 1951 3368 2016 Martini,
3426 1954 3616 2008 Sancti
3677 1954 3852 2022 Petri,

2209 2040 2523 2110 Sanctique
2581 2038 2873 2109 Venantii,
2935 2055 3069 2094 cum
3129 2039 3381 2111 piscaria
3430 2057 3554 2113 quae
3587 2049 3853 2113 vocatur,

2212 2128 2427 2195 Tidini,
2459 2132 2516 2182 et
2557 2129 2734 2183 Fossa
2771 2127 3294 2200 Archipresbyteri,
3345 2133 3397 2185 et
3440 2130 3686 2202 piscaria
3717 2148 3852 2203 qua;

2211 2222 2452 2272 vocatur
2488 2216 2671 2286 Falce,
2731 2233 2863 2271 cum
2924 2215 3048 2272 loco
3105 2217 3205 2289 qui
3259 2217 3469 2274 dicitur
3521 2220 3857 2277 Monticello

2214 2304 2347 2361 Laci
2379 2305 2552 2372 sicco,
2603 2322 2738 2360 cum
2790 2305 2932 2378 ripis
2968 2306 3226 2362 ﬂuminis
3286 2308 3425 2363 Padi
3474 2311 3532 2364 et
3580 2309 3760 2365 Gauri
3789 2328 3858 2366 ex

2213 2394 2477 2466 utrisque
2508 2395 2774 2466 partibus
2806 2411 2990 2466 usque
3019 2395 3079 2450 in
3107 2412 3285 2465 mare,
3320 2401 3428 2452 eta
3456 2396 3582 2453 loco
3613 2398 3856 2455 Concha

2211 2483 2445 2554 Agathae
2477 2500 2544 2538 ex
2574 2499 2693 2537 una
2749 2487 2911 2554 parte
2970 2499 3156 2555 usque
3212 2484 3272 2538 in
3332 2501 3513 2552 mare,
3568 2502 3700 2543 cum
3732 2487 3856 2544 loco

2213 2572 2270 2626 in
2304 2572 2593 2643 integrum
2625 2571 2724 2642 qui
2757 2571 2970 2627 dicitur
3003 2573 3397 2640 Masinzatica,
3454 2574 3606 2631 inter
3651 2577 3858 2634 affines

2213 2661 2284 2715 de
2323 2664 2442 2714 toto
2505 2660 2628 2713 loco
2686 2677 2751 2714 ac
2806 2661 3095 2716 territorio
3148 2679 3376 2727 massae,
3437 2680 3565 2735 quae
3619 2671 3860 2723 vocatur

2216 2749 2401 2804 Lacus
2434 2749 2702 2817 Sanctus,
2755 2750 2826 2804 ab
2878 2767 2991 2805 uno
3033 2750 3206 2806 latere
3232 2753 3411 2807 Fossa
3438 2752 3756 2810 Molendini
3788 2757 3859 2812 de

2211 2837 2380 2893 Volta
2411 2837 2675 2905 Latercli,
2726 2838 3110 2895 descendente
3142 2840 3201 2894 in
3250 2839 3552 2912 aquiliolo,
3599 2847 3654 2898 et
3683 2861 3716 2898 a
3747 2844 3858 2899 ﬂu-

2210 2926 2301 2982 vio
2332 2927 2549 2981 Tribba
2580 2943 2766 2997 usque
2797 2927 2855 2981 in
2877 2927 3113 2996 Elliam,
3147 2931 3204 2982 et
3233 2944 3337 2999 per
3365 2927 3637 3001 paludem
3672 2949 3860 3004 usque

2215 3015 2466 3071 mediam
2501 3015 2774 3083 Curbam,
2807 3014 3075 3088 ultraque
3103 3017 3354 3072 Curbam
3388 3034 3576 3090 usque
3608 3020 3854 3086 Padum,

458 3110 516 3164 et
544 3105 908 3164 Coloniensis
938 3108 1244 3190 episcopiu
1266 3127 1420 3165 anno
1451 3107 1670 3164 domini
1703 3107 1908 3163 Leonis
1969 3107 2106 3162 noni
2136 3088 2180 3155 C
2213 3109 2271 3160 et
2299 3104 2453 3160 ultra
2474 3104 2694 3159 Padum
2730 3122 2916 3177 usque
2947 3106 3018 3159 ad
3053 3105 3292 3161 Gazium
3323 3088 3603 3180 episcopii
3636 3109 3861 3166 Sancta

457 3212 620 3268 papae
641 3213 717 3265 IV,
746 3195 1064 3253 indictione
1091 3215 1144 3253 v.

1200 3302 1360 3356 LXV.

454 3391 654 3463 Leonis
677 3407 843 3463 papae
870 3392 1210 3463 ἐπιψηφιῶ
1253 3393 1582 3446 monasterio
1631 3391 1850 3448 Sanctae
1902 3396 2106 3450 Maria:

527 3461 594 3518 de
620 3461 907 3534 Pompusia
937 3462 1223 3531 conﬁrmat
1251 3463 1412 3516 varia
1441 3463 1595 3515 illius
1615 3464 1751 3533 jura
1789 3467 1836 3518 et
1869 3464 2028 3518 bona.

1079 3551 1264 3622 (Anno
1296 3549 1480 3620 4052.)

777 3639 1101 3712 [Muratori,
1131 3640 1314 3710 Antiq.
1348 3639 1496 3706 Ital.,
1533 3639 1600 3706 V,
1632 3640 1782 3710 337.]

522 3730 634 3787 Leo
664 3729 995 3803 episcopus,
1058 3746 1260 3786 servus
1307 3745 1605 3784 servorum
1665 3729 1785 3796 Dei,
1847 3729 2098 3786 ecclesiae

448 3818 714 3890 gloriosa
745 3819 951 3876 matris
981 3822 1037 3875 et
1056 3819 1299 3892 virginis
1331 3821 1642 3890 perpetuae,
1669 3819 1848 3874 beata:
1883 3819 2094 3888 Mariae,

447 3906 571 3962 sitae
602 3908 663 3962 in
695 3907 894 3964 insula
920 3908 1262 3979 Pomposiae,
1321 3914 1378 3963 et
1426 3924 1528 3980 per
1579 3925 1707 3962 eam
1767 3907 1973 3964 dilecto
2035 3909 2094 3964 in

445 3993 693 4050 Domino
724 3996 865 4051 Jesu
897 3996 1123 4051 Christo
1152 3996 1272 4052 filio
1304 3997 1612 4053 Mummio
1643 3997 1958 4053 venerabili
1993 3999 2093 4053 ab-

446 4081 588 4149 bati,
631 4083 867 4154 tuisque
921 4085 1358 4140 successoribus
1407 4086 1569 4154 justo
1621 4086 1974 4143 intrantibus
2031 4087 2092 4142 in

444 4173 813 4242 perpetuum.

515 4260 739 4333 Regina
791 4259 1090 4327 caelorum,
1149 4260 1249 4315 Dei
1309 4260 1587 4329 Genitrix,
1650 4280 1826 4335 super
1882 4264 2089 4321 choros

442 4347 787 4423 angelorum
816 4348 1083 4416 exaltata,
1119 4353 1183 4405 ut
1211 4366 1244 4404 a
1275 4349 1444 4404 nobis
1475 4350 1571 4422 pia
1602 4351 1884 4406 exaltetur
1911 4354 2086 4408 devo-

2217 3193 2610 3250 Comaclensis
2639 3193 2925 3262 Ecclesiae,
2958 3193 3094 3250 inde
3118 3211 3306 3266 usque
3345 3197 3416 3250 ad
3461 3196 3726 3265 ﬂuvium,
3760 3199 3863 3271 qui

2215 3287 2458 3338 vocatur
2499 3281 2662 3350 Cesi;
2697 3283 2772 3338 ab
2817 3281 2930 3337 alio
2968 3283 3145 3338 latere
3175 3281 3347 3338 Curlo
3379 3285 3773 3344 descendente
3803 3289 3864 3344 in

2215 3371 2505 3427 Concham
2524 3370 2801 3443 Agatulae,
2822 3375 2878 3425 et
2899 3388 3001 3443 per
3021 3371 3209 3443 ipsam
3232 3371 3289 3427 in
3315 3372 3604 3442 Gaurum;
3633 3393 3667 3429 a
3688 3378 3865 3433 tertio

2215 3460 2394 3516 latere
2447 3459 2679 3531 palude,
2739 3476 2865 3530 quae
2923 3461 3112 3532 pergit
3164 3459 3316 3516 inter
3357 3461 3538 3516 rivum
3568 3463 3775 3518 Anzeli
3811 3469 3870 3521 et

2215 3548 2665 3604 Masenzaticum
2700 3565 2886 3621 usque
2918 3548 3298 3619 Monticellos,
3333 3553 3387 3605 et
3416 3551 3698 3607 Vedetosa
3728 3570 3871 3610 cur-

2211 3643 2374 3693 rente
2403 3638 2462 3692 in
2493 3637 2714 3693 Padum
2745 3655 2758 3705 ;
2792 3655 2826 3692 a
2856 3643 3062 3709 quarto
3094 3637 3270 3694 latere
3314 3638 3591 3695 Vaculino
3643 3645 3701 3696 et
3754 3645 3866 3699 Ar-

2208 3742 2336 3782 zere
2366 3726 2542 3793 malo,
2592 3730 2648 3782 et
2702 3725 2855 3782 Caile
2910 3728 2981 3782 de
3028 3727 3334 3784 Vincareto
3393 3733 3735 3802 pergentem
3797 3732 3864 3788 in

2209 3815 2594 3871 Laterculum.

2281 3905 2524 3975 Insuper
2545 3905 2997 3961 concederemus
3019 3905 3184 3961 vobis
3205 3905 3514 3978 piscariam
3539 3906 3859 3980 integram,

2205 4010 2332 4064 qua:
2364 3997 2604 4048 vocatur
2633 3993 2852 4050 Volana
2880 4011 3015 4049 cum
3060 3994 3198 4050 Rivo
3248 3995 3537 4050 Badarino
3565 4000 3622 4051 et
3669 3997 3862 4054 Gave-

2201 4081 2337 4138 lona
2368 4084 2579 4153 Majore
2605 4084 2673 4138 ad
2718 4083 2909 4156 ipsam
2958 4083 3270 4156 piscariam
3318 4083 3670 4155 pertinente,
3716 4102 3861 4142 cum

2202 4171 2519 4242 porticellis
2549 4188 2618 4227 ex
2648 4173 2913 4244 utrisque
2945 4172 3228 4245 partibus,
3278 4173 3433 4228 sicut
3483 4172 3622 4228 olim
3673 4175 3865 4231 intra-

2199 4265 2405 4316 verunt
2462 4260 2517 4315 in
2579 4279 2759 4330 mare,
2817 4261 3004 4317 eidem
3064 4261 3333 4317 similiter
3389 4263 3859 4333 pertinentibus.

2200 4349 2419 4405 Cuncta
2449 4351 2724 4422 praedicta
2753 4344 2880 4406 loca
2907 4367 3042 4406 cum
3075 4350 3350 4406 omnibus
3380 4350 3514 4429 suis.
3547 4351 3860 4424 integrita-

439 4438 622 4507 tione,
655 4443 873 4508 nostra,
905 4439 962 4494 in
996 4443 1282 4510 quantum
1315 4443 1524 4509 potest,
1575 4440 1875 4511 providere
1917 4443 2090 4498 debet
2117 4460 2164 4523 D
2199 4438 2358 4494 tibus
2385 4455 2450 4494 ae
2471 4439 2860 4510 pertinentiis,
2885 4445 3172 4511 quantum
3197 4444 3409 4495 sanctae
3433 4440 3729 4510 Romanae,
3757 4443 3861 4498 cui

439 4527 696 4596 solertia,
723 4528 945 4586 scilicet
967 4528 1024 4584 in
1045 4528 1186 4585 locis
1207 4527 1427 4584 nomini
1453 4545 1558 4583 suo
1573 4528 1797 4592 dicatis,
1820 4531 2086 4601 augendo

436 4615 814 4686 beneficium,
847 4634 962 4689 quo
991 4618 1083 4673 sui
1127 4617 1406 4690 speciales
1464 4617 1666 4671 famuli
1717 4619 2084 4675 commodius

439 4703 551 4758 sibi
608 4706 840 4775 possint
895 4706 1163 4762 exhibere
1214 4706 1537 4762 servitium.
1600 4707 1959 4779 Quapropter
2006 4713 2081 4774 te,

437 4794 764 4848 venerande
794 4793 897 4861 ﬁli,
933 4812 1107 4864 quem
1138 4797 1249 4851 sibi
1276 4796 1605 4851 videbimus
1646 4795 1908 4850 fideliter.
1940 4839 1951 4850 .
1981 4841 1992 4851 .
2027 4841 2038 4851 .
2069 4841 2080 4852 .

435 4876 496 4932 in
528 4879 766 4949 praefato
815 4885 1170 4939 monasterio
1200 4886 1250 4939 ei
1306 4883 1728 4940 famulantibus
1781 4885 2083 4940 monachis

432 4965 706 5023 volumus
738 4972 936 5025 nostro
959 4972 1248 5042 adjutorio
1281 4973 1424 5029 bene
1459 4989 1726 5045 praeesse,
1761 4979 1824 5028 ut
1857 4981 1914 5028 tu
1959 4974 2082 5046 ipse

333 5109 338 5120 ,
433 5056 752 5126 moraliter,
811 5059 961 5115 sicut
1019 5068 1264 5134 Oportet,
1321 5063 1498 5130 vivas,
1557 5063 1820 5117 debitum
1876 5064 2082 5118 dantes

432 5144 768 5218 consilium,
802 5152 859 5204 et
888 5149 1059 5221 bona,
1084 5169 1210 5222 quae
1242 5151 1325 5206 vel
1357 5151 1589 5206 aliunde
1620 5150 1705 5205 vel
1741 5151 2026 5223 praecipue
2049 5170 2081 5207 a

432 5236 568 5292 sede
601 5236 863 5294 Romana
892 5243 996 5295 tua
1037 5247 1195 5297 tenet
1227 5241 1490 5305 ecclesia,
1524 5240 1609 5296 vel
1655 5240 1976 5312 acquireret
2021 5242 2079 5296 in

432 5329 804 5395 perpetuum,
838 5329 1250 5386 conﬁrmantes
1282 5331 1388 5385 tibi
1424 5348 1521 5402 per
1550 5330 1657 5384 hoc
1693 5334 1904 5384 sanctae
1937 5346 2079 5402 apo-

433 5412 651 5469 stolicae
680 5417 1049 5476 auctoritatis
1082 5419 1471 5492 privilegium.
1508 5419 1689 5489 Igitur
1708 5418 1843 5489 quia
1877 5419 2079 5490 petitis

431 5501 664 5562 anobis
721 5509 1011 5578 quatenus
1069 5525 1136 5566 ex
1182 5513 1384 5565 nostra
1439 5506 1706 5581 largitate
1760 5509 2077 5580 nostroque

2198 4528 2310 4583 Deo
2342 4533 2576 4584 auctore
2604 4529 2987 4600 praesidemus
3019 4544 3084 4583 ac
3125 4529 3510 4596 deservimus,
3555 4529 3864 4602 pertinere

2193 4616 2464 4671 videntur
2494 4618 2781 4688 Ecclesia},
2805 4618 2967 4673 vobis
2999 4617 3070 4672 ad
3103 4617 3419 4672 tenendum
3455 4618 3672 4674 emissa
3700 4636 3862 4690 prae-

2197 4706 2458 4778 ceptione
2491 4708 2806 4763 concedere
2853 4707 3221 4762 deberemus.
3256 4705 3525 4762 Inclinati
3571 4708 3864 4778 precibus

2193 4796 2401 4850 vestris
2433 4801 2643 4852 cuncta
2672 4796 2908 4868 praefata
2940 4795 3086 4863 loca,
3128 4795 3218 4851 vel
3265 4813 3627 4868 quacunque
3672 4797 3866 4854 modo

2195 4885 2424 4941 habetis
2445 4903 2511 4940 ac
2544 4885 2750 4942 tenetis
2781 4902 2915 4941 cum
2948 4886 3225 4941 omnibus
3257 4885 3380 4942 suis
3409 4886 3866 4958 integritatibus

2194 4979 2249 5028 et
2279 4973 2644 5044 pertinentiis
2677 4978 2739 5029 ut
2769 4992 2947 5046 supra
2975 4974 3210 5047 legitur,
3252 4979 3307 5028 et
3353 4975 3595 5046 insuper
3646 4980 3866 5032 nostro

2193 5063 2342 5118 dono
2377 5079 2441 5117 ac
2473 5064 2852 5136 benignitate,
2882 5065 2930 5119 si
2963 5063 3183 5135 aliquid
3211 5064 3420 5119 amodo
3453 5063 3510 5117 in
3544 5064 3748 5122 futuro
3785 5066 3870 5120 de

2191 5153 2558 5222 pertinentiis
2618 5157 2828 5208 sancta:
2886 5153 3157 5208 Romanas
3220 5152 3483 5208 Ecclesia:
3543 5152 3870 5224 acquirere

2190 5240 2498 5311 potueritis
2529 5241 2680 5296 circa
2710 5260 2811 5297 vos
2869 5243 2928 5296 in
2972 5246 3093 5298 toto
3150 5241 3480 5297 Exarchatu
3533 5242 3872 5312 Ravennae,

2188 5328 2506 5396 licentiam,
2565 5335 2847 5395 nostram,
2903 5337 3361 5404 nostrorumque
3433 5348 3870 5388 successorum

2189 5419 2465 5474 canonice
2497 5419 2866 5487 intrantium,
2919 5421 3026 5476 tibi
3075 5421 3315 5492 tuisque
3373 5421 3870 5491 successoribus,

2189 5506 2517 5583 regularem
2533 5508 2712 5566 vitam
2732 5495 3106 5586 ducentibus,
3123 5510 3547 5585 monachisque
3566 5507 3871 5584 religiose
