4088 6174
222 192 333 256 685

1181 190 1589 253 EPISTOLIE
1632 192 1733 254 ET
1774 191 2139 255 asceam
2182 171 2653 258 PONTIFICIA.

3493 205 3634 276 $6

219 324 544 380 viventibus
587 323 1001 396 perpetualiter
1029 325 1404 380 concedimus
1437 325 1768 380 habendum
1803 332 1859 380 et
1889 337 1937 400 Α
1972 326 2068 397 qui
2103 343 2216 381 non
2251 327 2444 381 Studio
2476 327 2798 396 charitatis,
2829 330 2929 384 sed
2959 331 3079 387 zelo
3111 335 3444 406 rapacitatis
3464 338 3611 396 invi-

220 414 554 472 tenendum.
589 412 676 468 Ita
707 430 866 482 sane,
905 417 971 467 ut
999 431 1031 468 a
1064 421 1120 468 te
1149 414 1386 485 tuisque
1417 415 1858 470 successoribus

217 504 463 577 singulis
487 504 821 576 quibusque
839 502 1027 570 annis,
1045 502 1342 574 pensionis
1365 504 1618 568 nomine,
1643 508 1858 557 sancta

215 602 423 650 nostrae
455 591 722 648 Ecclesiae
753 592 1027 646 Romanis
1058 597 1176 646 tres
1209 591 1436 663 argenti
1477 592 1670 658 solidi,
1706 591 1858 645 diffi-

215 684 427 739 cultate
471 679 816 754 postposita,
841 679 1246 752 persolvantur
1306 680 1663 736 actionariis.
1708 685 1856 734 Prae—

212 778 370 829 terea
418 789 616 828 amore
665 770 931 839 ejusdem
975 770 1328 824 intemeratae
1383 769 1694 825 Genitrieis
1734 768 1858 836 Dei,

214 869 432 934 tuoque
458 860 666 915 dilecte
696 859 756 913 in
791 857 1036 913 Domino
1067 858 1194 928 Fili,
1228 858 1644 913 constituimus
1676 861 1732 911 et
1763 874 1858 912 or-

213 954 489 1007 dinamus
540 966 642 1021 per
683 946 844 1002 illam
892 946 1318 1014 auctoritatem,
1357 964 1534 1018 quam
1589 946 1859 1002 Christus

213 1041 499 1098 Dominus
531 1042 728 1094 noster
757 1037 924 1091 beato
954 1041 1122 1091 Petro
1155 1037 1550 1108 apostolorum
1586 1033 1856 1107 principi,

213 1147 453 1203 suaeque
481 1127 750 1184 Ecclesiae
771 1125 1094 1180 rectoribus
1116 1125 1423 1191 concessit,
1461 1131 1524 1179 ut
1555 1139 1858 1195 nunquam

214 1224 385 1279 locus
430 1219 572 1288 ipse,
616 1221 717 1271 aut
763 1230 858 1269 res
901 1214 975 1268 ad
1025 1214 1220 1285 ipsum
1270 1213 1649 1284 pertinentes,
1685 1211 1860 1267 alicui

210 1309 641 1370 submittantur
655 1320 937 1376 personas,
956 1302 1070 1357 nisi
1091 1301 1421 1374 apostolicae
1444 1301 1677 1355 tuitioni
1701 1305 1757 1355 et
1779 1317 1862 1355 re-

208 1402 320 1475 gia;
339 1397 543 1455 ditioni
564 1414 579 1464 ;
604 1393 920 1464 nullusque
941 1391 1276 1446 mortalium
1309 1396 1518 1462 prater
1541 1387 1861 1461 imperialis

209 1488 521 1564 potestatis
571 1483 802 1541 culmen
851 1482 910 1536 in
951 1481 1190 1553 przefato
1245 1479 1622 1546 monasterio,
1668 1481 1769 1532 aut
1797 1477 1858 1532 in

208 1597 283 1635 cu
295 1579 504 1642 rtibus,
519 1573 607 1630 vel
631 1574 690 1627 in
713 1569 994 1639 castellis,
1020 1569 1139 1624 sive
1162 1568 1220 1623 in
1241 1567 1529 1640 plebibus,
1553 1571 1656 1622 aut
1673 1565 1854 1629 cellis,

207 1686 328 1726 seu
356 1665 530 1732 villis,
575 1662 660 1718 vel
692 1661 969 1716 omnibus
999 1658 1175 1713 rebus
1215 1656 1531 1712 mobilibus
1561 1660 1618 1710 et
1648 1655 1858 1710 immo-

205 1757 438 1813 bilibus
491 1753 600 1824 ipsi
647 1747 1097 1822 pertinentibus,
1145 1762 1371 1802 necnon
1421 1746 1480 1799 in
1527 1745 1711 1800 servis
1761 1748 1863 1798 aut

209 1843 457 1902 famulis
495 1841 803 1911 utriusque
834 1854 1030 1902 sexus,
1065 1836 1185 1890 sive
1215 1835 1390 1890 etiam
1421 1833 1645 1889 vellicis
1685 1847 1863 1904 super

209 1941 433 1991 terram
470 1929 736 2002 ejusdem
777 1924 1114 1982 monasterii
1146 1923 1560 1990 residentibus,
1603 1922 1863 1993 aliquam

209 2021 663 2085 ordinationem,
719 2021 821 2072 aut
849 2013 1344 2087 jurisdictionem,
1394 2011 1482 2066 vel
1514 2014 1862 2083 potestatem

207 2120 433 2179 tenere,
468 2114 569 2165 aut
587 2105 1083 2163 conversationem
1107 2102 1531 2158 monachorum
1555 2101 1859 2172 impedire,

209 2221 315 2261 seu
355 2198 687 2256 molestiam
734 2193 950 2249 inferre
983 2196 1318 2264 presumat,
1353 2189 1440 2245 vel
1471 2191 1531 2245 in
1565 2189 1862 2260 aliquibus

205 2293 359 2350 locis
386 2289 576 2362 ipsius
603 2284 934 2340 districtum
958 2299 1060 2338 seu
1095 2280 1374 2351 placitum
1398 2284 1615 2345 tenere,
1650 2282 1749 2332 aut
1773 2293 1864 2332 res

206 2377 558 2439 monasterii
589 2374 883 2441 invadere,
906 2370 994 2426 vel
1021 2370 1227 2441 quovis
1251 2370 1425 2424 modo
1456 2367 1729 2432 alienare,
1765 2372 1866 2421 aut

207 2473 473 2533 fodrum,
489 2465 580 2522 vel
598 2467 854 2536 paratas,
879 2476 981 2516 seu
1005 2460 1232 2531 aliquas
1255 2457 1520 2530 publicas
1539 2455 1865 2511 functiones

209 2563 443 2633 exigere
471 2555 706 2612 audeat.
742 2551 934 2622 Ipsius
979 2565 1212 2620 quoque
1241 2547 1626 2620 proprietates
1663 2562 1865 2600 mona-

209 2649 380 2707 sterii
431 2650 554 2701 tam
611 2660 647 2698 a
703 2643 991 2713 potestate
1053 2637 1626 2708 archiepiscoporum
1686 2649 1863 2706 quam

208 2738 484 2796 omnium
516 2729 879 2795 mortalium,
910 2732 1117 2800 praeter
1161 2725 1330 2798 regiae
1361 2724 1862 2780 sublimitatis.....

205 2821 668 2885 irrevocabiliter
707 2816 1135 2883 subtrabimus,
1159 2832 1224 2870 ac
1246 2814 1489 2870 liberam
1525 2829 1652 2869 esse
1674 2829 1866 2868 cense-

208 2935 372 2983 mus,
392 2913 624 2981 salva‘in
644 2909 724 2964 ibi
746 2905 1088 2963 auctoritate
1109 2904 1446 2976 apostolica,
1467 2920 1532 2958 ac
1553 2904 1751 2974 primae
1775 2919 1866 2957 se-

209 3009 302 3063 dis
336 3005 624 3068 invocata,
659 2998 708 3053 si
739 3012 972 3052 necesse
1003 2995 1196 3061 fuerit,
1233 2991 1546 3048 audientia.
1580 2992 1642 3045 In
1665 2991 1863 3062 acqui-

1971 414 2173 485 gilant,
2204 419 2260 469 et
2289 416 2501 471 docent
2527 417 2717 488 adque
2749 418 3022 474 seducere
3051 439 3166 477 non
3185 432 3415 483 cessant
3436 446 3615 486 saecu-

1969 503 2121 558 lares
2151 503 2420 559 homines
2452 521 2598 576 quos
2628 505 2940 578 illaqueare
2962 516 3229 581 possunt,
3261 518 3326 569 ut
3351 532 3444 572 res
3473 535 3613 576 suas

1969 597 2143 664 atque
2191 593 2615 664 possessiones,
2674 597 2794 651 sive
2850 597 2908 652 in
2962 599 3100 665 vita,
3163 601 3281 657 sive
3328 603 3389 660 in
3429 610 3614 664 morte

1971 683 2148 751 [Forte
2216 682 2485 737 redundat
2542 683 2602 737 in
2654 684 2766 752 H.l,
2829 686 2888 741 in
2946 690 3320 747 monasteriis
3380 691 3614 750 illorum

1968 771 2229 838 tradant;
2263 776 2319 826 et
2350 771 2609 827 ecclesiis
2640 774 2855 844 quibus
2887 777 3132 848 subjecti
3165 796 3294 836 esse
3341 782 3616 839 videntur

1969 864 2025 913 et
2038 877 2068 913 a
2084 860 2302 930 quibus
2319 860 2700 931 baptismum,
2721 864 3147 935 pmnitentiam,
3169 869 3612 944 eucharistiam,

1968 963 2192 1002 necnon
2226 948 2508 1019 pabulum
2539 950 2665 1004 vitae
2695 968 2828 1006 cum
2862 951 3009 1009 lacte
3035 963 3384 1027 acceperunt
3403 959 3488 1015 vel
3521 965 3616 1024 acg'

1970 1036 2214 1106 cipiunt,
2248 1037 2393 1091 nihil
2427 1038 2496 1092 de
2525 1039 2691 1093 bonis
2722 1041 2847 1096 suis
2877 1042 3230 1115 relinquant.
3266 1046 3426 1103 Hanc
3457 1049 3615 1105 deni-

1970 1141 2082 1195 que
2105 1126 2352 1179 formam
2384 1126 2686 1181 discordia:
2718 1146 2824 1184 nos
2852 1132 3398 1206 animadvertentes,
3423 1138 3616 1198 omni-

1973 1214 2082 1268 bus
2113 1214 2302 1268 modis
2344 1213 2606 1270 inhibere
2645 1216 2943 1288 volumus;
2979 1225 3053 1288 et,
3088 1239 3159 1278 ne
3191 1225 3447 1297 amplius
3490 1229 3612 1302 ﬁat,

1971 1303 2210 1356 omnino
2252 1303 2631 1374 prohibemus
2665 1323 2676 1359 :
2713 1309 3146 1367 considerantes
3187 1331 3304 1370 non
3335 1332 3466 1372 esse
3509 1318 3613 1374 bo-

1971 1408 2113 1445 num
2138 1396 2200 1445 ut
2229 1391 2312 1445 illi
2337 1393 2436 1464 qui
2458 1393 2596 1448 olim
2616 1395 2849 1451 fuerunt
2871 1398 3011 1453 socii
3032 1402 3376 1472 passionum
3398 1405 3470 1476 (ΙΙ
3490 1406 3614 1462 Cor.

1972 1497 2010 1546 ι,
2035 1481 2112 1551 7),
2148 1482 2470 1536 secundum
2498 1484 2861 1554 Apostolum,
2895 1486 3013 1543 sint
3041 1489 3337 1548 immunes
3368 1509 3403 1548 a
3435 1494 3617 1551 socie-

1972 1573 2090 1624 tate
2129 1570 2632 1639 consolationem;
2683 1578 2738 1628 et
2768 1575 2907 1645 quia
2947 1577 3158 1648 dignus
3196 1585 3284 1636 est
3315 1583 3618 1654 operarius

1971 1660 2238 1714 mercede
2267 1677 2392 1714 sua.
2429 1661 2680 1732 Ideoque
2715 1665 3085 1737 praecipimus
3116 1675 3291 1741 atque
3315 1671 3614 1743 jubemus,

1976 1752 2037 1802 ut
2065 1747 2399 1818 quicunque
2431 1750 2639 1804 amodo
2661 1751 2718 1805 in
2753 1755 3105 1811 monasterio
3133 1773 3194 1812 se
3225 1761 3480 1815 converti
3517 1779 3616 1818 vo-

1971 1837 2187 1893 luerint
2203 1839 2381 1908 [Forte
2401 1839 2654 1893 volueris
2669 1839 2783 1909 H.],
2810 1841 2928 1896 sive
2953 1843 3012 1897 in
3026 1843 3163 1912 vita,
3188 1846 3307 1902 sive
3324 1847 3384 1902 in
3407 1853 3613 1916 morte,

1973 1927 2238 1982 omnium
2271 1943 2464 1982 rerum
2487 1931 2543 1982 et
2585 1929 3046 2000 possessionum,
3081 1949 3229 2004 quas
3279 1953 3378 2006 pro
3427 1937 3618 1994 salute

1972 2016 2179 2071 animae
2203 2033 2320 2071 sua:
2339 2015 2569 2086 disponi
2586 2018 2923 2088 decreverit,
2948 2021 3320 2079 medietatem
3337 2025 3615 2097 ecclesias,

1973 2105 2064 2159 cui
2094 2106 2218 2177 ipse
2249 2106 2536 2176 pertinere
2557 2105 2942 2178 dignoscitur,
2968 2108 3264 2182 relinquat
3291 2129 3306 2168 :
3329 2117 3386 2169 et
3406 2114 3490 2170 sic
3517 2116 3617 2172 de-

1974 2211 2136 2249 mum
2161 2195 2218 2248 in
2240 2193 2615 2260 monasterio,
2637 2200 2810 2266 prout
2831 2195 3063 2253 libitum
3082 2199 3192 2254 sibi
3213 2200 3406 2272 fuerit,
3439 2203 3618 2260 eundi

1975 2282 2463 2353 convertendique
2479 2282 2691 2338 habeat
2713 2283 3029 2342 licentiam.
3053 2288 3399 2362 Quicunque
3419 2297 3618 2350 autem

1974 2372 2153 2440 hujus
2185 2372 2397 2425 decreti
2428 2373 2821 2428 contradictor
2857 2376 3141 2432 exstiterit
3188 2394 3254 2434 ac
3283 2382 3617 2452 temerator,

1974 2461 2367 2516 anathematis
2397 2459 2590 2533 gladio
2623 2463 2942 2533 subjaceat.

2689 2570 2903 2626 LXVII.

1977 2658 2138 2711 Bulla
2179 2657 2232 2711 S.
2284 2659 2471 2712 Leonis
2514 2659 2578 2713 IX
2611 2675 2711 2782 p20
2759 2661 3084 2716 monasterio
3129 2661 3428 2720 Casae-Dei
3471 2664 3621 2736 apud

2694 2746 2934 2782 rvernos.

2694 2746 2852 2784 νυϐῙἪ
2859 2746 2934 2786 03.

2595 2819 2781 2887 (Anno
2813 2819 2997 2889 1052.)

1975 2908 2217 2980 [Baluz.,
2235 2909 2390 2977 0pp.,
2411 2907 2470 2960 Β.
2492 2907 2710 2961 Servati
2731 2907 2872 2978 Lupi
2891 2908 3298 2981 Ferrariensis,
3319 2914 3618 2986 pag.527.]

2048 2998 2159 3051 Leo
2205 2995 2535 3066 episcopus,
2593 3011 2793 3050 servus
2841 3013 3140 3054 servorum
3191 2999 3318 3071 Dei,
3362 3002 3619 3059 ecelesiaa

209 3095 419 3151 rendis
449 3095 646 3146 autem
677 3086 849 3142 bonis
876 3082 1074 3139 Sancti
1106 3081 1256 3137 Petri
1289 3081 1410 3136 haec
1441 3084 1701 3135 servetur
1730 3095 1864 3133 con-
1897 3072 1940 3138 C
1978 3087 2280 3140 beatorum
2312 3088 2634 3155 martyrum
2661 3084 2868 3140 Vitalis
2900 3090 2956 3140 et
2983 3087 3284 3159 Agricolae,
3320 3107 3446 3162 quae
3477 3090 3620 3146 dici-

209 3185 386 3251 ditio,
440 3186 506 3235 ut
553 3178 718 3250 prius
763 3192 830 3230 ex
876 3173 1006 3245 ipsa
1048 3176 1104 3227 et
1163 3170 1418 3242 qualitas
1475 3174 1532 3224 et
1573 3167 1872 3240 quantitas
1981 3180 2076 3230 tur
2107 3172 2404 3238 Casa-Dei,
2438 3176 2496 3226 et
2532 3189 2634 3244 per
2664 3188 2790 3228 eam
2826 3174 3021 3230 abbati
3067 3177 3302 3234 nomine
3334 3179 3628 3251 Ronsn'ro,

207 3288 422 3330 rerum
472 3268 665 3332 “Obisv
697 3268 796 3320 ant
826 3261 1043 3318 ηοείτίε
1075 3259 1516 3317 successoribus
1545 3255 1872 3323 intimetm‘.
1985 3265 2229 3334 ejusque
2255 3261 2692 3317 successoribus
2713 3261 2850 3318 illuc
2871 3265 3148 3322 canonice
3178 3267 3535 3324 intrantibus
3566 3268 3630 3322 in

207 3368 276 3419 et,
321 3367 470 3415 tunc
513 3353 761 3419 licentia,
818 3354 1123 3424 praecepto,
1177 3354 1234 3404 et
1278 3347 1519 3403 consilio
1552 3364 1585 3401 a
1614 3346 1879 3400 Romana
1988 3356 2357 3424 perpetuum,

215 3450 379 3508 sede
401 3449 646 3517 accepto,
670 3442 864 3499 addita
871 3441 1036 3510 justa
1056 3438 1355 3510 pensione,
1380 3454 1413 3492 a
1432 3441 1487 3491 te
1500 3434 1858 3507 suscipiatur

2063 3441 2341 3496 Convenit
2363 3440 2679 3512 apostolico
2702 3443 3089 3500 moderamini
3107 3445 3384 3502 omnibus
3399 3445 3459 3502 in
3474 3445 3641 3502 Chri-

219 3541 355 3596 Hoc
392 3534 622 3609 quidem
647 3532 812 3588 modo
841 3528 1166 3602 proprietas
1197 3531 1486 3582 terrarum
1511 3530 1567 3580 et
1595 3538 1882 3596 aquarum
1996 3534 2084 3586 sto
2108 3530 2201 3602 pie
2229 3529 2418 3585 vivere
2446 3529 2776 3586 volentibus
2800 3537 3003 3590 contra
3033 3534 3296 3590 omnium
3329 3537 3644 3592 adversan-

217 3631 440 3684 sancto
488 3625 654 3679 Petro
696 3619 1039 3684 remanebit,
1091 3621 1148 3671 et
1194 3616 1345 3671 bono
1390 3630 1591 3669 60mm
1642 3630 1752 3667 usu
1783 3628 1887 3667 V08
1999 3619 2150 3675 tium
2193 3619 2344 3674 ictus
2375 3618 2749 3690 protectionis
2780 3620 3012 3693 clypeos
3044 3623 3318 3694 praebere,
3353 3627 3648 3695 quatenus

215 3716 442 3773 amodo
488 3710 787 3768 fruemini.
844 3707 1199 3762 Violatorem
1260 3705 1439 3776 igitur
1505 3703 1686 3773 hujus
1738 3701 1888 3756 sacri
2004 3708 2278 3780 quisquis
2310 3709 2538 3780 sejugo
2561 3709 3070 3780 subjugatChristi
3101 3710 3315 3766 auxilio
3342 3714 3651 3782 acprotec-

217 3801 546 3880 privilegii,
572 3800 685 3856 nisi
721 3797 1053 3870 resipuerit,
1086 3800 1142 3851 et
1173 3795 1243 3849 ad
1277 3792 1626 3864 condignam
1660 3789 1860 3846 satisfa

2005 3797 2164 3853 tione
2203 3813 2447 3851 summa}
2489 3797 2644 3851 sedis
2672 3800 2728 3850 et
2759 3796 3086 3867 apostolicae
3129 3796 3275 3852 illud
3307 3797 3370 3853 in
3400 3797 3653 3854 tuitione

227 3896 499 3950 ctionem
517 3889 758 3956 venerit,
784 3886 1168 3960 θροεῖοηουπι
1192 3883 1504 3939 anathema
1524 3881 1891 3936 condemnet
2007 3886 2182 3941 etiam
2205 3883 2511 3955 temporali
2543 3888 2918 3955 recognoscat
2938 3889 2995 3940 et
3017 3885 3232 3941 sentiat
3253 3887 3409 3958 quod
3438 3889 3654 3944 sanctas

227 3982 730 4037 Conservatorem
760 3991 896 4030 vero
947 3973 1197 4029 dominae
1228 3975 1439 4027 nostrae
1477 3970 1658 4025 beatae
1705 3968 1898 4023 Mariae
2009 3973 2274 4029 Ecclesiae
2306 3989 2561 4044 sponsus
2575 3989 2746 4028 verus
2777 3979 2832 4028 et
2862 3991 3015 4030 unus
3041 3976 3254 4048 jugum
3285 3975 3658 4050 suscipienti-

231 4067 594 4126 intercessio
627 4065 879 4136 gloriosa
910 4063 1176 4118 laetiﬁcat.
2013 4063 2124 4116 bus
2147 4078 2318 4116 suum
2351 4060 2622 4116 leniendo
2645 4063 2960 4119 denunciat
2986 4064 3186 4121 dicens
3210 4083 3222 4122 ε
3247 4068 3447 4138 Iugum
3474 4083 3660 4123 meum

308 4164 533 4214 Datum
559 4173 632 4210 xv
665 4153 952 4210 Kalendas
980 4151 1219 4223 Aprilis,
1252 4167 1354 4221 per
1385 4165 1594 4203 manus
1628 4144 1903 4202 Friderici
2015 4166 2182 4206 simrc
2210 4153 2287 4205 est
2318 4158 2368 4204 et
2394 4166 2528 4205 onus
2557 4168 2739 4206 meum
2771 4153 2883 4228 leve
2909 4153 3120 4222 (Matth.
3153 4171 3230 4224 x1,
3259 4155 3371 4228 30).
3406 4155 3663 4229 Quapro-

229 4254 466 4304 sancta:
498 4251 771 4299 Romanae
810 4242 968 4299 sedis
1013 4238 1437 4296 bibliothecarii
1468 4241 1524 4292 et
1553 4233 1904 4301 cancellarii,
2017 4245 2147 4312 pter
2175 4241 2299 4310 jam
2341 4239 2626 4311 praedictae
2673 4240 2924 4296 ecclesia;
2969 4244 3313 4300 auctoritate
3343 4243 3664 4316 apostolica

229 4341 372 4394 vice
405 4333 632 4391 domini
687 4330 1042 4394 Herimanni,
1078 4325 1613 4385 archichancellarii
1659 4328 1716 4379 et
1745 4323 1906 4379 Colo-
2019 4329 2392 4384 concedimus
2423 4332 2479 4383 et
2523 4329 2897 4401 impertimur
2927 4333 3213 4406 privilegii
3244 4333 3516 4405 gratiam,
3549 4348 3666 4404 qua

230 4426 482 4483 niensis
536 4420 986 4493 archiepiscopi,
1035 4435 1187 4474 anno
1234 4416 1454 4473 domini
1509 4414 1718 4471 Leonis
1748 4429 1910 4486 papae
1945 4439 1988 4502 D
2022 4418 2171 4473 tueri
2207 4421 2382 4489 queat
2412 4433 2472 4472 se
2505 4419 2576 4472 ab
2608 4419 2875 4474 omnium
2915 4437 2977 4476 se
3009 4421 3225 4491 injuste
3255 4419 3666 4491 impetentium

232 4518 466 4590 quarto
500 4510 819 4567 indictione
849 4527 902 4563 v.
2023 4507 2339 4572 calumnia,
2377 4510 2438 4560 ut
2459 4506 2746 4578 quidquid
2770 4507 2914 4562 inibi
2939 4525 2971 4563 a
2993 4509 3260 4563 Rencone
3281 4506 3530 4579 praesule
3549 4505 3668 4563 col-

1000 4598 1187 4652 LXVI.
2027 4594 2210 4650 latum
2249 4598 2357 4659 est,
2400 4593 2487 4648 vel
2529 4595 2601 4648 ab
2651 4593 2948 4665 aliquibus
2992 4593 3205 4650 Christi
3244 4593 3519 4650 fidelibus
3544 4594 3672 4666 jam

232 4697 300 4750 S.
341 4692 548 4746 Leonis
578 4689 808 4760 epistola
830 4687 899 4742 ad
930 4702 1116 4742 omnes
1147 4702 1241 4755 per
1273 4686 1492 4760 Italiam
1522 4686 1812 4760 episcopos.
1849 4713 1915 4722 —
2031 4683 2238 4739 collata
2265 4683 2352 4738 vel
2377 4683 2724 4738 conferenda
2750 4685 2938 4749 erunt,
2964 4683 3022 4737 in
3047 4686 3395 4754 perpetuum
3427 4683 3538 4739 sub
3559 4681 3678 4738 tui-

321 4765 407 4819 Ne
454 4756 813 4844 possessiones
861 4775 1045 4844 omnes
1092 4775 1221 4812 suas
1276 4756 1769 4844 quisquamndo-nel
1798 4771 1860 4808 mi

2028 4775 2187 4828 tione
2219 4772 2534 4843 apostolica
2566 4771 2674 4825 sibi
2721 4787 2952 4842 semper
2995 4776 3271 4827 maneant
3311 4771 3678 4842 inconvulsa,

292 4824 576 4898 nastério,
608 4831 704 4886 sed
734 4848 926 4886 eorum
955 4831 1149 4887 saltem
1177 4824 1519 4884 medietatem
1550 4827 1806 4882 Ecclesiae
1851 4845 1860 4879 ι

323 4922 501 4961 uuam
534 4905 792 4961 pertinet.
1624 4933 1630 4939 -

2639 4824 2644 4825 κ
2763 4824 2768 4825 κ
3313 4824 3678 4842 --η-π--π,

2033 4867 2324 4934 quatenus
2357 4860 2571 4915 ibidem
2615 4859 2953 4928 servientes,
2987 4859 3181 4932 quiete
3210 4866 3266 4917 et
3297 4878 3500 4919 secure
3529 4879 3686 4919 com-

323 4922 501 4976 quam
527 4921 792 4976 perimet.
1624 4933 1630 4939 σ
2053 4921 2067 4934 ι
2761 4950 2768 4958 .
2941 4921 2950 4928 '
3003 4921 3021 4960 τ
3090 4951 3100 4961 .
3145 4950 3157 4962 .
3557 4952 3569 4965 .
3643 4951 3656 4963 .

902 4975 1091 5041 (Anno
1128 4973 1308 5038 1052.)
2035 4955 2358 5021 manentes,
2393 4955 2551 5004 tanto
2585 4950 2848 5005 devotius
2888 4950 3104 5023 Christi
3143 4951 3467 5010 inhaereant
3511 4952 3685 5008 disci-

799 5038 1035 5114 [Mansi,
1071 5044 1212 5110 XIX,
1245 5045 1395 5112 670.]
2035 5040 2280 5112 pulatui,
2319 5045 2537 5112 quanto
2565 5043 2620 5094 et
2651 5057 2683 5094 a
2715 5039 2906 5096 furiali
2931 5041 3134 5097 mundi
3161 5041 3406 5114 impetu,
3439 5038 3683 5114 protecti

328 5139 454 5192 Leo
485 5137 819 5208 episcopus,
854 5134 1133 5190 omnibus
1163 5132 1451 5204 episcopis
1484 5132 1542 5186 in
1573 5131 1804 5188 Christo
1826 5146 1929 5202 per
2037 5132 2144 5186 hac
2177 5131 2493 5202 apostolica
2524 5129 2756 5201 pagina,
2793 5130 3008 5186 fuerint
3049 5130 3243 5186 alieni.
3280 5128 3682 5199 Praecipientes

2039 5220 2220 5291 igitur
2247 5220 2368 5274 vice
2391 5219 2575 5273 sancti
2601 5219 2752 5274 Petri
2781 5218 3176 5291 apostolorum
3210 5216 3512 5289 principis,
3544 5231 3686 5287 prm-

235 5232 454 5284 tntam
487 5225 738 5280 Italiam.

331 5312 618 5370 Relatum
641 5317 732 5368 est
783 5313 1027 5368 auribus
1074 5311 1292 5367 nostris
1325 5327 1452 5366 esse
1485 5309 1775 5381 quosdam
1809 5323 1926 5378 per-
2040 5309 2316 5380 cipimus,
2348 5307 2537 5377 cujus,
2572 5307 2839 5379 quamvis
2871 5306 3146 5378 impares,
3188 5306 3342 5360 vices
3372 5309 3568 5360 tamen
3594 5318 3688 5378 ge-

2043 5398 2248 5464 rimus,
2276 5403 2338 5451 ut
2364 5396 2562 5451 nullus
2586 5396 2921 5468 imperator,
2947 5412 3063 5460 rex,
3097 5395 3217 5449 sive
3243 5395 3381 5463 dux,
3415 5397 3519 5450 aut
3538 5411 3690 5452 mar-

233 5420 437 5462 verse
467 5406 729 5474 agentes,
756 5400 1205 5473 quisubvertere
1237 5406 1410 5471 atque
1431 5398 1686 5453 dividere
1716 5413 1930 5452 conan-

233 5501 364 5556 tur
393 5489 1538 5549 ecclesiazunitatem:videlicetabbates
1559 5485 1936 5560 etmonachi,
2043 5487 2195 5556 chio,
2256 5502 2450 5542 comes
2505 5485 2594 5542 vel
2618 5485 2958 5553 vicccomes,
3028 5500 3129 5540 seu
3188 5481 3381 5556 qualis
3438 5483 3694 5560 quisque
