4088 6174
469 282 589 346 687

473 502 905 576 chiepiscopus,
925 502 1044 559 sive
1064 502 1396 576 episcopus,
1429 516 1531 557 seu
1555 498 1801 571 quilibet
1815 497 2124 554 vicedomi-

473 611 607 661 nus,
643 593 855 650 audeat
894 593 1196 665 praefatam
1221 592 1499 647 invadere
1528 588 1855 654 ecclesiam,
1885 586 1975 643 vel
1996 584 2125 658 ejus

473 683 724 758 diripere
756 682 929 748 bona,
954 698 1079 753 quae
1096 697 1249 745 nunc
1271 679 1359 735 vel
1381 678 1576 749 aliquo
1599 678 1657 732 in
1679 680 1938 748 tempore
1961 677 2123 747 juste

472 774 738 848 possidet
763 769 850 827 vel
883 773 971 825 est
1000 786 1363 842 possessura.
1380 766 1541 831 Quod
1556 765 1876 823 sanctionis
1897 764 2124 836 privile-

476 862 640 936 gium
663 858 935 933 quisquis
952 858 1261 913 temerario
1284 854 1766 927 ausuinfregerit,
1782 853 2121 908 anathema-

475 951 551 1018 tis
582 948 905 1015 vinculum,
946 946 1061 1000 nisi
1095 945 1426 1019 resipuerit,
1466 945 1523 999 in
1551 946 1898 1017 perpetuum
1942 942 2123 997 susti-

478 1041 633 1094 neat.
665 1037 1048 1093 Conservator
1075 1051 1207 1091 vero
1229 1034 1285 1090 in
1308 1033 1539 1090 aeternis
1569 1032 1801 1105 gaudiis
1830 1030 2125 1087 felicitatis

477 1125 640 1183 lucra
666 1124 983 1199 possideat.

546 1218 760 1272 Datum
780 1214 989 1270 Ginon.
1014 1230 1091 1279 v1,
1114 1212 1309 1268 Nonas
1325 1211 1480 1281 Maii,
1506 1228 1608 1283 per
1622 1226 1832 1265 manus
1855 1208 2123 1265 Friderici

479 1302 729 1369 diaconi,
747 1303 806 1358 S.
824 1303 891 1357 R.
914 1302 975 1356 E.
991 1300 1413 1357 bibliothecarii
1432 1304 1488 1354 et
1502 1297 1850 1365 cancellarii,
1873 1298 2124 1353 vice-do-

479 1389 945 1448 miniHermanni
963 1386 2120 1459 cancellariiColoniensisarchiepiscOpi,

480 1495 633 1535 anno
658 1476 892 1535 Domini
916 1475 1124 1533 Leonis
1138 1493 1302 1549 papae
1315 1476 1694 1548 noniquarto,
1722 1474 2039 1531 indictione
2063 1493 2121 1530 v.

1187 1566 1429 1622 LXVIII.

482 1658 537 1713 S.
568 1660 669 1713 Leo
691 1657 758 1712 IX
777 1656 1077 1728 privilegia
1104 1655 1545 1728 metropolitanze
1574 1655 1819 1728 ecclesim
1837 1651 2124 1708 Colonien-

553 1730 629 1784 δίε
652 1744 746 1783 con
753 1726 957 1797 ﬁrmat.
992 1726 1313 1782 Hermanno
1335 1726 1741 1797 archiepiscopo
1770 1726 1987 1851 ρίυιςιῖἶυε
2009 1741 2122 1779 suc-

553 1801 850 1851 cessoribus
895 1798 1139 1851 concedii
1180 1799 1401 1851 titulum
1450 1797 1772 1851 cancellarit
1800 1797 1855 1850 S.
1940 1839 1952 1851 .
1983 1797 2045 1851 E.
2076 1799 2122 1851 et

550 1801 850 1854 cessoribus
895 1798 1139 1853 concedii
1180 1799 1401 1853 titulum
1450 1797 1772 1852 cancellarit
1800 1797 1855 1850 S.
1894 1797 1952 1851 R.
1983 1797 2045 1851 E.
2076 1799 2127 1851 et

547 1869 851 1926 cardinatis
880 1869 935 1925 S.
966 1870 1207 1925 Joannis
1245 1869 1315 1923 ad
1344 1870 1568 1924 Portam
1597 1870 1880 1933 Latinam;
1934 1870 1993 1922 in
2039 1882 2123 1921 ec-

547 1943 718 1999 clesia
745 1956 875 1997 vero
905 1939 1215 1998 Coloniensi
1237 1944 1383 1996 creat
1414 1948 1615 2008 septem
1640 1939 1984 2009 presbyteros
2013 1956 2125 1995 car-

551 2014 763 2071 dinales
796 2011 1119 2084 totidemque
1148 2012 1401 2068 diaconos
1436 2015 1487 2067 et
1514 2011 1889 2067 subdiaconos.

927 2101 1008 2155 Ex
1035 2100 1291 2156 Historia
1319 2099 1668 2157 Coloniensi.

1096 2191 1286 2257 (Anno
1317 2187 1477 2259 40.52)

784 2276 1060 2349 [Miraeus,
1094 2278 1225 2348 Opp.
1257 2277 1504 2348 diplom.,
1538 2276 1607 2345 Il,
1643 2277 1826 2348 1l81']

551 2368 664 2423 Lso
692 2364 1024 2437 episcopus,
1068 2380 1270 2420 servus
1300 2380 1599 2420 servorum
1629 2364 1762 2435 gDei,
1787 2364 2126 2437 gllenumno

478 2455 537 2511 S.
587 2452 952 2511 Coloniensis
1009 2451 1275 2508 Ecclesiae
1334 2453 1647 2509 venerabili
1689 2453 2125 2527 archiepiscopo

382 2596 390 2607 ,
480 2543 724 2616 suisque
766 2540 1208 2599 successoribus
1261 2540 1399 2597 illuc
1440 2541 1717 2599 canonice
1768 2542 2126 2599 intrantibus

477 2632 730 2691 salutem
759 2630 820 2687 in
850 2634 1217 2703 perpetuum.

549 2720 780 2785 Gratias
809 2719 1040 2792 agimus
1071 2719 1186 2775 Deo
1218 2723 1275 2775 et
1307 2719 1547 2776 Domino
1575 2726 1775 2777 nostro
1796 2722 1934 2777 Jesu
1966 2721 2127 2777 Chri-

479 2815 591 2877 sto,
624 2808 727 2882 qui
755 2807 933 2865 nullis
984 2825 1091 2864 nos
1122 2810 1584 2881 praecedentibus
1627 2810 1852 2866 meritis
1883 2811 1951 2866 ad
1986 2827 2125 2883 apo-

480 2898 694 2957 stolicaa
724 2898 1032 2971 dignitatis
1078 2897 1313 2955 culmen
1344 2899 1478 2954 fecit
1508 2899 1839 2966 ascendere,
1874 2904 1932 2955 et
1962 2898 2128 2956 solli-

481 2987 803 3044 citudinem
850 2987 1115 3044 omnium
1157 2986 1544 3044 Erclesiarum
1576 3004 1773 3061 gerere
1808 3004 2127 3062 earumque

484 3077 807 3135 rectoribus
838 3076 1071 3150 pietatis
1101 3094 1406 3135 assensum
1440 3078 1715 3151 prcebere.

552 3166 698 3233 Quia
726 3147 1034 3239 postulasti
1067 3183 1102 3223 a
1130 3169 1393 3223 Romana
1421 3147 1557 3222 sede
1579 3165 1911 3223 confirmari
1951 3166 2127 3238 privi-
2159 3147 2201 3213 C

479 3255 632 3329 legia
662 3272 790 3328 quae
831 3256 904 3310 ab
934 3255 1405 3311 antecessoribus
1451 3254 1673 3311 nostris
1714 3260 1855 3311 sunt
1900 3259 2012 3311 ture
2043 3272 2130 3311 ec-

480 3343 670 3400 clesiae
725 3358 1022 3410 concessa,
1076 3342 1267 3399 visum
1328 3342 1496 3399 nobis
1554 3343 1663 3397 fuit
1707 3342 2017 3400 honestum
2072 3349 2129 3401 et

480 3430 745 3488 Ecclesiae
779 3431 1177 3487 necessarium
1211 3430 1474 3503 petitioni
1505 3436 1619 3487 tua:
1647 3433 1998 3489 consentire.

553 3518 881 3576 Praesertim
913 3536 1049 3574 cum
1070 3516 1317 3575 ecclesia
1345 3519 1467 3575 haec
1498 3521 1606 3575 sub
1640 3520 1877 3577 nomine
1907 3522 2124 3593 princi-

477 3609 570 3682 pis
600 3606 999 3681 apostolorum
1024 3606 1351 3664 beatissimi
1378 3608 1529 3663 Petri
1554 3609 1631 3663 sit
1655 3615 2012 3679 consecrata,
2047 3610 2125 3666 si-

477 3701 576 3756 cut
604 3699 792 3754 mater
819 3714 946 3765 sua,
971 3696 1064 3753 cui
1090 3697 1472 3770 praesidemus
1494 3698 1689 3753 divina
1707 3697 2035 3769 clementia,
2063 3704 2129 3756 ut

478 3805 606 3861 quae
655 3791 905 3844 matrem
957 3785 1225 3841 imitatur
1267 3802 1336 3842 ex
1380 3786 1613 3842 nomine
1666 3786 1805 3858 tilia,
1866 3788 2128 3846 imitetur

476 3878 655 3934 etiam
685 3875 1111 3948 aliquantisper
1153 3874 1211 3930 in
1244 3874 1530 3948 dignitate
1558 3875 1812 3932 ecclesiae
1852 3882 2126 3952 protega-

476 3969 692 4036 turque
722 3964 834 4020 sub
867 3964 977 4021 alis
1010 3964 1369 4020 defensionis
1399 3981 1537 4020 suae.

547 4052 665 4108 Nos
695 4051 877 4125 igitur
905 4056 1029 4120 tua,
1064 4052 1217 4111 sicut
1236 4058 1292 4109 et
1318 4054 1581 4109 omnium
1614 4055 1827 4112 Christi
1860 4055 2123 4113 fidelium

478 4139 780 4198 devotione
812 4140 1060 4211 incitati,
1094 4146 1292 4198 nostra
1326 4147 1383 4198 et
1426 4143 1745 4214 apostolica
1781 4146 2123 4203 auctoritate

476 4229 897 4286 confirmamus
933 4229 1039 4285 tibi
1062 4230 1297 4301 ,omnia,
1331 4233 1826 4303 quemadmodum
1861 4233 1920 4290 in
1951 4235 2123 4306 privi-

474 4319 643 4393 legiis
675 4319 916 4375 Patrum
948 4322 1305 4389 nostrorum,
1341 4319 1795 4392 apostolicorum
1836 4322 2116 4391 virorum,

474 4413 615 4467 sunt
642 4407 879 4482 scripta,
912 4425 1145 4466 crucem
1174 4408 1443 4465 videlicet
1472 4414 1529 4465 et
1558 4409 1801 4482 pallium
1834 4428 1940 4467 suo
1972 4417 2117 4467 tem-

1537 279 1602 341 S.
1647 276 1931 341 LEONIS
1977 274 2061 339 IX
2104 275 2336 338 PAPIE
2378 276 2813 343 OPUSCULA.

469 410 863 471 ecclesiastica
892 414 1179 486 potestate
1208 412 1408 485 aliqua
1435 410 1734 486 prsiditus,
1770 408 1991 465 scilicet
2028 426 2115 464 ar-
2144 410 2195 475 Α
2230 426 2298 464 ac
2346 410 2804 468 subdiaconibus
2842 412 2914 468 ad
2964 410 3075 469 hoc
3122 378 3516 467 ministerium
3564 408 3858 481 prudente

3766 274 3888 338 688

3865 380 3897 437 r

2234 498 2456 568 electis,
2500 504 2564 555 ut
2593 500 2853 557 sandalis
2884 504 3127 558 utantur
3165 499 3545 558 concedimus
3576 501 3633 554 et
3665 497 3887 555 consti-

2234 587 2482 644 tuimus.
2604 638 2619 651 .
3470 652 3479 653 ,

2308 676 2513 732 Postea
2551 678 2958 734 auctoritatem
3000 684 3057 735 et
3094 679 3377 735 honorem
3417 693 3595 750 quem
3627 676 3888 733 Ecclesia

2236 764 2520 821 hactenus
2542 766 2766 835 habuit,
2799 772 2920 823 tam
2952 768 3101 824 inter
3130 767 3276 824 alios
3296 783 3474 839 quam
3506 783 3540 822 a
3568 766 3715 832 suis,
3749 783 3887 823 con-

2237 853 2543 909 firmamus
2604 855 2804 927 clypeo
2862 855 3193 928 apostolica:
3251 855 3653 928 protectionis,
3713 860 3781 911 ut
3837 856 3888 913 si

2236 944 2471 1012 quando
2486 944 2745 1015 synodus
2766 945 2918 1000 infra
2947 948 3111 1001 tuam
3131 945 3455 1013 dioecesim,
3480 948 3582 1000 aut
3602 949 3888 1017 praesente

2235 1030 2412 1103 hujus
2428 1032 2627 1105 primm
2642 1033 2798 1090 sedis
2810 1033 3245 1106 archiepiscopo
3261 1032 3561 1106 autlegato
3579 1034 3651 1089 ab
3666 1035 3796 1106 ejus
3808 1033 3889 1090 la-

2234 1121 2354 1173 tere
2372 1120 2591 1177 directo
2604 1122 2779 1179 fuerit
2798 1124 3132 1196 aggregata,
3152 1122 3406 1195 priorem
3424 1122 3667 1194 quidem
3689 1120 3881 1179 locum

2236 1212 2366 1278 post
2394 1208 2588 1282 ipsum
2645 1215 2836 1268 rector
2863 1212 2992 1282 ejus
3021 1208 3296 1280 obtineat,
3330 1211 3387 1267 in
3420 1211 3769 1284 proferenda
3799 1228 3886 1268 sa-

2234 1319 2465 1360 crorum
2481 1316 2770 1356 canonum
2794 1302 3138 1356 auctoritate
3154 1300 3316 1374 prior
3328 1301 3555 1366 existat,
3577 1300 3657 1356 ita
3684 1305 3880 1358 tamen

2236 1395 2300 1448 ut
2341 1391 2493 1448 sicut
2532 1394 2621 1446 est
2668 1388 2825 1461 prior
2868 1388 2928 1444 in
2959 1388 3067 1444 hac
3117 1387 3402 1461 probabili
3436 1388 3741 1461 dignitate,
3803 1390 3884 1447 ita

2234 1483 2409 1538 etiam
2426 1480 2639 1553 polleat
2656 1479 2815 1551 prior
2827 1495 3055 1535 morum
3080 1479 3387 1551 probitate,
3404 1478 3532 1534 vitae
3554 1478 3882 1548 honestate,

2236 1576 2300 1626 ut
2327 1567 3141 1641 cujus'annuntiaveritverba
3158 1568 3287 1639 ejus
3310 1566 3573 1624 imitetur
3595 1568 3879 1642 exempla.

2307 1659 2546 1732 Regiam
2592 1656 3113 1723 consecrationem,
3145 1656 3298 1713 infra
3334 1655 3559 1713 limites
3586 1674 3708 1713 suae
3738 1657 3881 1713 dioe-

2157 1775 2204 1841 B
2235 1748 2381 1804 cesis
2415 1746 2759 1813 faciendam,
2783 1744 3089 1818 potestatis
3114 1743 3445 1817 apostolica:
3481 1745 3799 1802 munimini
3830 1746 3879 1803 ei

2224 1837 2719 1901 corroboramus;
2770 1834 3101 1890 habendam
3139 1833 3479 1890 electionem
3522 1851 3756 1908 quoque
3791 1854 3878 1895 ar-

2232 1924 2609 1998 chiepiscopi,
2643 1923 2968 1979 secundum
2998 1922 3779 1995 auctoritatemcanonicam,
3814 1927 3880 1980 Ii-

2232 2014 2327 2070 liis
2358 2013 2623 2070 Ecclesiae
2658 2012 2956 2067 sancimus
2987 2028 3090 2084 per
3116 2011 3268 2067 hanc
3301 2014 3705 2086 praeceptionis
3737 2032 3879 2072 nos-

2235 2109 2336 2160 trae
2369 2103 2665 2176 paginam.

2309 2194 2467 2249 Bona
2505 2196 2724 2259 autem,
2753 2207 2880 2262 quae.
2912 2206 3099 2262 usque
3122 2190 3296 2246 modo
3315 2191 3497 2247 tenuit
3514 2190 3601 2247 vel
3627 2191 3690 2247 in
3711 2195 3884 2249 aeter-

2238 2300 2381 2338 num
2411 2298 2542 2337 cum
2562 2280 2799 2352 justitia
2827 2280 3127 2352 acquirere
3156 2279 3389 2352 poterit,
3423 2279 3533 2336 hoc
3559 2281 3881 2353 apostolico

2239 2371 2565 2428 munimine
2581 2370 2894 2425 laudamus
2914 2374 2970 2425 et
2985 2370 3454 2438 corroboramus,
3478 2368 3748 2426 videlicet
3761 2387 3881 2429 mo-

2238 2470 2511 2537 nasteria,
2545 2472 2601 2524 et
2624 2468 2899 2524 ecclesias
2928 2467 3178 2524 Coloniae
3201 2467 3439 2540 positas,
3456 2470 3879 2527 monasterium

2238 2558 2426 2616 sancti
2478 2557 2761 2614 Heriberti
2809 2574 2942 2612 cum
2996 2556 3272 2613 omnibus
3332 2558 3457 2613 suis
3487 2558 3878 2631 pertinentiis,

2204 2646 2540 2704 'eeclesiam
2572 2646 2630 2703 S.
2666 2646 2875 2713 Mariae,
2911 2646 3063 2702 infra
3088 2646 3316 2714 urbem,
3355 2646 3664 2705 ecclesiam
3694 2649 3881 2706 sancti

2235 2736 2509 2793 Gcrconis
2526 2752 2592 2790 cu
2605 2752 2658 2790 in
2673 2751 2765 2791 om
2776 2734 2970 2791 nibuis
2987 2735 3112 2791 suis
3122 2736 3740 2808 pertinentiis.Caatera
3752 2756 3882 2796 vero

2236 2841 2406 2880 sacra
2452 2823 2597 2889 loca,
2650 2827 2705 2879 et
2745 2824 2896 2878 infra
2941 2824 3147 2880 urbem
3179 2828 3236 2879 et
3259 2824 3432 2893 circa,
3466 2826 3882 2885 conﬁrmamus

2238 2912 2343 2970 tibi
2367 2911 2710 2969 auctoritate
2732 2912 3067 2983 apostolica,
3094 2917 3359 2970 monetas
3380 2913 3566 2982 urbis,
3587 2915 3882 2973 teloneum

2239 3006 2297 3057 et
2327 3017 2497 3057 omne
2520 3001 2623 3070 jus
2652 2999 2834 3068 civile,
2870 3000 2981 3055 sub
3013 3004 3299 3072 potestate
3329 3000 3785 3074 archipresulis.

2312 3089 2592 3146 Abbatias
2622 3093 2815 3145 autem
2850 3105 2953 3161 per
2981 3089 3214 3146 diversa
3242 3089 3390 3159 loca,
3418 3089 3609 3157 villas,
3640 3093 3799 3149 vicos
3829 3097 3886 3149 et

2241 3178 2501 3245 castella,
2552 3178 2609 3233 in
2642 3178 2916 3234 omnibus
2946 3178 3071 3234 suis
3099 3178 3489 3251 pertinentiis,
3537 3181 3745 3250 servis,
3777 3199 3885 3238 an-

2240 3266 2589 3335 cillis,terris
2618 3266 2795 3323 cultis
2825 3271 2881 3323 et
2910 3266 3168 3335 incultis,
3193 3267 3384 3340 aquis,
3405 3270 3613 3341 pratis,
3635 3271 3883 3345 campis,

2237 3356 2421 3423 silvis,
2452 3356 2703 3412 forestis.

2309 3445 2590 3501 Praeterea
2622 3444 3070 3501 corroboramus
3088 3444 3343 3502 ecclesiae
3364 3446 3576 3519 praedia
3596 3465 3729 3519 qua:
3763 3449 3891 3523 ipse

2238 3534 2473 3601 dedisti,
2504 3533 2773 3590 videlicet
2799 3534 3221 3591 monasterium
3252 3534 3640 3591 Brauwellare
3670 3542 3731 3593 et
3764 3556 3892 3597 cas-

2236 3627 2413 3690 trum,
2448 3623 2683 3679 nomine
2711 3623 3081 3697 Zonneburg,
3111 3639 3246 3680 eum
3276 3624 3552 3681 omnibus
3582 3625 3714 3683 suis
3747 3644 3892 3701 per-

2234 3711 2517 3782 tinentiis,
2562 3711 2641 3767 ita
2677 3712 2843 3777 fsicut
2894 3713 3189 3769 neminem
3241 3714 3893 3789 coarcbiepiscoporum

2236 3800 2340 3858 tibi
2371 3800 2747 3873 subjicimus,
2781 3800 2863 3857 ita
2893 3801 3004 3857 sub
3026 3801 3189 3858 nullo
3214 3803 3467 3874 primate
3496 3808 3552 3859 te
3575 3805 3670 3879 agi
3703 3806 3897 3864 decre-

2235 3891 2428 3946 vimus
2454 3908 2467 3959 ;
2502 3888 2661 3945 salva
2690 3889 2858 3947 nobis
2889 3890 2946 3946 in
2973 3895 3052 3961 te,
3084 3891 3236 3948 sicut
3264 3891 3324 3946 in
3348 3892 3571 3949 caeteris
3599 3893 3893 3969 archiepi-

2235 3977 2449 4049 scopis,
2484 3994 2609 4050 quae
2632 3979 2767 4050 jure
2807 3979 3095 4035 debentur
3120 3979 3452 4053 apostolicae
3501 3982 3895 4055 subjectionis

2235 4067 2597 4124 auctoritate.

2305 4157 2636 4213 Statuentes
2654 4156 2973 4229 apostolica
2988 4174 3240 4215 censura
3253 4163 3318 4215 ut
3332 4159 3531 4217 nullus
3545 4162 3892 4235 imperator,

2234 4262 2352 4313 rex,
2376 4246 2513 4315 dux,
2547 4244 2832 4318 marchio,
2866 4264 3084 4315 comes,
3116 4248 3494 4318 vice-comes,
3520 4254 3577 4306 et
3605 4255 3896 4323 praeterea

2232 4332 2431 4390 nullus
2480 4334 2975 4408 archiepiscopus,
3025 4337 3335 4411 episcopus
3383 4339 3761 4413 praepositus,
3803 4340 3892 4398 vel

2233 4422 2433 4496 aliqua
2463 4440 2675 4497 magna
2704 4442 2998 4498 parvaque
3019 4444 3290 4500 persona,
3318 4427 3641 4502 cujuslibet
3658 4430 3891 4486 ordinis

473 4514 612 4594 pore
658 4514 884 4594 suoque
930 4498 1055 4594 loco
1104 4498 1431 4567 ferendum,
1477 4498 1706 4594 inSignfi
1736 4517 1980 4594 (lumine
2002 4501 2113 4558 768-
2146 4526 2193 4591 D
2226 4516 2282 4568 et
2311 4512 2636 4586 dignitatis,
2668 4518 2872 4570 contra
2902 4498 3054 4572 hanc
3090 4498 3301 4573 nostra;
3334 4498 3756 4592 praeceptionis
3786 4537 3890 4594 pa-

470 4586 571 4643 tivi
602 4586 737 4660 equi
770 4603 945 4659 quem
975 4587 1232 4644 Naccum
1265 4594 1473 4644 vocant
1504 4588 1684 4644 nostri
1736 4589 2005 4645 Romani.

542 4674 977 4733 Conﬁrmamus
1006 4693 1238 4750 quoque
1260 4677 1388 4747 tibi,
1413 4694 1516 4750 per
1536 4677 1685 4732 hanc
1707 4678 2114 4750 praeceptionis

471 4767 684 4819 nostrae
712 4764 1009 4836 paginam,
1044 4771 1257 4822 sanctae
1279 4770 1336 4822 et
1356 4766 1684 4838 apostolicae
1716 4766 1871 4822 sedis
1892 4768 2116 4824 cancel-

469 4849 723 4907 laturam
767 4856 823 4906 et
870 4852 1176 4909 ecclesiam
1201 4855 1393 4911 sancti
1450 4855 1696 4911 Joannis
1750 4856 2118 4929 evangelista:

468 4942 603 4994 ante
649 4943 882 4995 Portam
929 4941 1217 5009 Latinam,
1258 4948 1323 4999 ut
1370 4947 1425 4999 te
1456 4947 1663 5000 I'etrus
1702 4945 2114 5003 cancellarium

468 5026 701 5093 habeat,
733 5026 989 5086 Joannes
1020 5029 1342 5103 hospitium
1385 5033 1657 5105 praebeat.

538 5114 926 5195 Concedimus
964 5120 1141 5176 etiam
1187 5123 1362 5193 atque
1410 5126 1687 5194 perpetuo
1726 5122 2012 5195 largimur
2053 5129 2117 5180 ut
2154 5179 2159 5185 .

467 5208 665 5280 majus
696 5206 877 5264 altare
924 5209 1177 5267 ecclesiae
1222 5213 1332 5266 tuae
1358 5211 1583 5279 matris,
1617 5211 1875 5285 Virginis
1906 5214 2113 5270 honori

465 5296 819 5365 dedicatum,
854 5300 913 5353 at
946 5297 1104 5354 aliud
1136 5300 1376 5363 ibidem.
1411 5301 1807 5374 apostolorum
1840 5303 2113 5377 principi,

467 5383 529 5439 B.
562 5386 752 5456 Petro,
799 5386 1123 5457 addictum,
1164 5395 1493 5447 reverenter
1540 5390 1931 5447 ministrando
1979 5409 2112 5465 pro-

465 5477 671 5528 curent
702 5478 924 5546 septem
944 5475 1136 5533 idonei
1159 5478 1484 5534 cardinales
1515 5479 1858 5551 presbyteri,
1892 5481 2114 5539 dalma-

462 5560 596 5619 ticis
627 5560 840 5633 induti,
873 5565 1092 5638 quibus
1121 5566 1297 5623 etiam
1326 5581 1459 5623 cum
1492 5566 1734 5624 totidem
1766 5567 2111 5630 diaconibus

2226 4601 2424 4675 ginam
2456 4608 2514 4659 et
2542 4602 3007 4661 confirmationis
3048 4607 3261 4662 audeat
3288 4613 3664 4680 praesentare.

2299 4691 2358 4747 Si
2416 4692 2548 4763 quis
2607 4693 2762 4765 quod
2823 4710 2939 4749 non
2998 4699 3294 4767 optamus,
3359 4698 3672 4754 temerario
3736 4716 3892 4756 ausu

2228 4784 2428 4836 contra
2474 4780 2653 4851 hujus
2684 4782 3014 4853 apostolica:
3043 4790 3253 4841 ηοεῐτω
3296 4787 3666 4843 auctoritatis
3698 4790 3892 4862 scrip-

2229 4873 2353 4924 tum
2400 4869 2494 4942 pie
2526 4887 2559 4925 a
2590 4870 2758 4927 nobis
2798 4861 3209 4946 pervulgatum
3256 4877 3582 4943 tentaverit,
3637 4861 3894 4935 anathe-

2227 4958 2403 5013 matis
2447 4957 2697 5015 vinculis
2739 4960 3058 5018 innodatus
3102 4981 3135 5019 a
3175 4980 3354 5036 regno
3407 4966 3507 5021 Dei
3548 4965 3627 5021 sit
3656 4965 3896 5024 alienus

2228 5045 2409 5101 donec
2442 5047 2766 5119 resipiscat.
2804 5050 2908 5115 Qui
2942 5068 3074 5107 vero
3109 5053 3203 5125 pio
3235 5054 3451 5109 intuitu
3471 5054 3663 5112 cultor
3693 5061 3761 5112 et
3791 5057 3896 5114 ob-

2227 5138 2484 5190 servator
2511 5136 2817 5207 exstiterit,
2848 5140 3271 5205 benedictionis
3304 5144 3556 5216 gratiam
3588 5149 3651 5201 et
3679 5144 3896 5204 caelos-

2224 5222 2300 5277 tis
2331 5223 2492 5294 regni
2524 5226 2739 5296 gaudia
2759 5245 2793 5284 a
2814 5229 3366 5289 misericordissima
3398 5233 3648 5291 Domino
3680 5241 3896 5294 nostro

2224 5312 2501 5383 consequi
2532 5319 2841 5372 mereatur.

2294 5399 2443 5456 Data
2488 5400 2668 5459 Nonis
2699 5404 2856 5473 Maii,
2888 5424 2993 5480 per
3035 5426 3247 5467 manus
3292 5412 3572 5469 Friderici
3618 5414 3895 5485 diaconi,

2221 5488 2277 5544 S.
2304 5488 2581 5547 Romanae
2597 5492 2863 5551 Ecclesiae
2878 5497 3306 5558 bibliothecarii
3324 5506 3501 5576 atque
3518 5503 3895 5575 cancellarii,

2221 5576 2341 5637 vice
2358 5578 2579 5637 domini
2595 5583 2911 5643 Hermanni
2931 5588 3467 5655 archichanoellarii
3485 5596 3542 5649 et
3556 5591 3778 5653 Colon.
3796 5613 3894 5654 ar-
