4088 6174
437 455 555 522 691
577 473 589 482 “

1531 460 1594 521 S.
1648 456 1921 521 LEONIS
1963 456 2045 519 IX
2085 455 2313 519 PAPJE
2355 455 2791 522 OPUSGULA.

3728 458 3849 525 692

440 608 571 653 esse
598 595 1035 668 cognoscentes,
1076 594 1491 667 dignissimum
1539 591 1809 648 arbitrari
1854 606 2084 656 sumus,
2113 588 2170 655 Α
2199 591 2257 646 S.
2306 591 2587 664 Stephani
2628 592 2800 662 juxta
2842 593 3215 649 Terraemam
3270 592 3461 666 posita
3508 610 3616 650 nos
3646 594 3851 651 reddi-

438 686 497 741 et
551 684 893 740 censuimus
924 685 1223 756 prafatam
1283 684 1340 738 S.
1422 682 1704 754 Stephani
1773 680 2080 738 ecclesiam
2191 680 2373 745 disse,
2426 685 2483 735 et
2538 680 2917 737 confirmasse
2975 682 3332 738 monasterio
3398 684 3458 738 S.
3524 683 3846 754 Benedicti,

439 773 774 829 monasticis
804 772 1073 845 religioni
1102 790 1136 827 a
1162 771 1447 843 principio
1480 770 1571 826 sui
1603 771 2083 834 dedicatam.sic—

438 868 507 923 ut
527 866 651 937 jam
682 864 903 919 dictum
934 866 1042 927 est,
1068 863 1239 932 juxta
1268 862 1641 916 Terracinam
1665 860 1917 932 positam
1949 876 2088 931 prae-

438 953 763 1017 nominato,
796 956 852 1006 et
882 968 997 1022 prae
1028 949 1209 1005 electo
1243 950 1343 1005 SS.
1379 950 1744 1004 Confessoris
1792 948 2086 1004 Benedicti

439 1040 700 1099 cmnobio
739 1040 980 1095 reddere
1026 1043 1082 1094 et
1129 1038 1447 1111 apostolica
1492 1038 1832 1094 auctoritate
1877 1037 2087 1093 conﬁr-

443 1146 625 1187 mare.
660 1130 958 1195 Quatenus
990 1144 1118 1200 quze
1148 1129 1278 1198 ejus
1327 1129 1574 1182 fundata
1613 1130 1702 1182 est
1746 1126 2083 1198 magisterio

438 1217 600 1275 illius
615 1231 848 1290 semper
861 1221 1281 1289 regaturatque
1298 1216 1599 1271 muniatur
1610 1214 1874 1286 imperio.
1892 1214 2090 1284 Itaque

438 1307 546 1363 tibi
578 1306 845 1362 Richerio
876 1305 1096 1373 abbati,
1130 1306 1439 1376 cuntisque
1478 1305 1599 1360 tuis
1652 1303 2089 1359 successoribus

433 1397 596 1467 juste
622 1394 683 1449 in
715 1394 1136 1449 monasterium
1168 1394 1227 1448 in
1260 1398 1457 1449 monte
1507 1392 1719 1448 Casino
1770 1392 2027 1463 positum
2057 1409 2090 1446 a

440 1481 751 1538 Benedicto
763 1480 1105 1537 beatissimo
1119 1480 1283 1537 Patre
1296 1484 1695 1536 constructum
1710 1480 2086 1546 intrantibus,

414 1574 615 1643 .atque
642 1571 920 1643 praefatis,
955 1574 1013 1626 et
1041 1588 1190 1643 saepe
1218 1570 1503 1627 nominati
1552 1569 1845 1626 Benedicti
1886 1586 2090 1625 mona-

439 1661 618 1719 sterio
648 1663 707 1716 et
734 1659 990 1717 ecclesiae
1020 1660 1357 1731 praedictam
1391 1660 1576 1716 sancti
1607 1658 1886 1731 Stephani
1917 1658 2090 1714 eccle-

441 1751 591 1809 siam
607 1754 666 1806 et
685 1748 1107 1805 monasterium
1127 1767 1261 1805 cum
1283 1749 1561 1804 omnibus
1582 1748 1707 1803 suis
1724 1748 2092 1819 pertinentiis

442 1838 767 1906 reddimus,
780 1838 1241 1904 concedimus,et
1253 1836 2092 1893 corroboramus.Constituen-

2194 773 2391 825 monte
2418 768 2627 825 Casino
2659 769 2913 840 positum
2946 787 3079 826 cum
3101 771 3379 827 omnibus
3406 771 3532 827 suis
3553 772 3850 844 pertinen-

2192 859 2313 923 tiis,
2348 875 2475 929 quae
2503 857 2612 912 sibi
2638 859 2800 927 juste
2830 859 3134 914 debentur.
3167 859 3417 915 Proinde
3462 860 3838 933 praecipimus

2195 948 2538 1002 auctoritate
2568 945 2887 1017 apostolica
2925 952 2991 1001 ut
3036 946 3237 1004 nullus
3284 947 3656 1021 privilegium
3692 952 3850 1022 quod

2196 1036 2384 1092 eidem
2416 1035 2768 1091 monasterio
2807 1036 3055 1092 fecimus
3101 1040 3158 1092 et
3207 1038 3713 1096 corroboravimus
3742 1057 3848 1095 au-

2196 1126 2327 1182 deat
2358 1124 2689 1196 infringere,
2722 1125 2822 1196 qui
2852 1125 3243 1182 anathematis
3286 1144 3518 1199 poenam
3551 1144 3687 1183 mon
3721 1128 3849 1185 vult

2195 1215 2528 1279 incurrere;
2571 1214 2673 1268 sed
2704 1213 3047 1286 quicunque
3117 1216 3336 1287 injuste
3367 1216 3590 1289 aliquid
3623 1218 3850 1273 detinet

2194 1319 2264 1358 ex
2290 1319 2358 1357 ea
2379 1303 2540 1372 juste
2584 1302 2873 1369 restituat,
2924 1308 2988 1358 ut
3033 1304 3505 1363 benedictionem
3548 1307 3765 1363 habeat
3791 1310 3851 1363 et

2198 1408 2389 1447 meam
2418 1392 2632 1447 bonam
2664 1392 3021 1450 voluntatem
3047 1410 3163 1451 non
3195 1395 3422 1467 perdat.

2920 1484 3133 1539 LXXII.

2198 1572 2251 1628 S.
2287 1573 2386 1627 Leo
2414 1573 2481 1628 IX
2506 1574 2831 1627 monasterii
2858 1572 2915 1628 S.
2958 1572 3185 1643 Sophia:
3231 1575 3599 1630 Beneventani
3634 1591 3851 1646 posses-

2558 1661 2815 1723 sionesfet
2841 1662 3139 1733 privilegia
3161 1663 3471 1733 conﬁrmat.

2820 1750 3006 1822 (Anno
3038 1752 3225 1821 1052.)

2589 1838 2826 1910 [Mansi,
2859 1839 3091 1906 Concil.,
3132 1840 3277 1906 XIX,
3307 1841 3461 1912 687.]

441 1926 724 1999 tesigitur
739 1931 1039 1983 summast
1055 1926 1373 1999 apostolica
1384 1943 1635 1983 censura
1651 1926 2087 1995 constituimus,
2121 1957 2171 2023 Β
2272 1932 2385 1986 Leo
2415 1929 2746 2001 episcopus,
2778 1944 2980 1985 servus
2996 1944 3298 1984 servorum
3319 1930 3445 1998 Dei,
3467 1931 3847 1999 SICENOLPHO,

442 2018 510 2072 ut
524 2014 672 2071 nulli
691 2014 968 2087 cuiquam
982 2014 1178 2088 aliquo
1200 2015 1258 2072 in
1280 2019 1541 2088 tempore
1560 2016 1734 2071 liceat
1753 2015 2091 2088 praedictam
2121 2014 2166 2023 ”
2201 2019 2409 2076 dilecto
2440 2022 2637 2074 nostro
2664 2017 2722 2072 in
2763 2017 2992 2074 Christo
3024 2017 3143 2073 filio
3172 2022 3231 2074 et
3258 2018 3455 2075 abbati
3500 2019 3852 2076 venerabilis

442 2104 737 2169 invadere,
767 2103 855 2159 vel
882 2103 1572 2176 Esubripere‘ggecclesiam,
1634 2108 1737 2160 aut
1789 2104 1847 2158 in
1896 2104 2091 2176 aliquo

436 2194 600 2266 juste
613 2192 727 2248 sibi
743 2209 813 2249 ex
832 2193 1298 2265 competentibus
1312 2210 1438 2248 eam
1453 2191 1679 2261 laedere,
1698 2192 1786 2247 vel
1806 2193 2092 2260 minuere,

441 2281 532 2338 vel
561 2281 791 2354 direpta
818 2280 1040 2349 injuste
1068 2280 1517 2352 eiicontendere,
1548 2298 1650 2338 seu
1683 2300 1717 2337 a
1739 2281 2091 2337 monasterio

444 2370 633 2426 sancti
663 2374 721 2426 et
748 2369 1072 2426 beatissimi
1111 2370 1403 2427 Benedicti
1450 2376 1648 2427 monte
1696 2372 1905 2427 Casino
1937 2371 2092 2443 posi-

443 2457 867 2531 tumzavellere,
901 2458 1023 2514 sive
1052 2458 1326 2525 alienare,
1359 2464 1462 2517 aut
1506 2460 1791 2533 quidquid
1826 2459 1909 2515 illi
1933 2461 2094 2531 juste

444 2548 566 2620 iam
596 2562 873 2604 concessa
901 2548 1170 2619 quamvis
1198 2548 1506 2605 videantur
1526 2550 1598 2605 ab
1620 2549 1752 2605 aliis
1774 2566 1928 2606 nunc
1959 2565 2092 2621 pos-

444 2652 631 2704 sessa,
660 2635 750 2692 vel
780 2653 907 2709 qua:
936 2635 1041 2692 tibi
1073 2642 1213 2693 sunt
1242 2637 1433 2693 adhuc
1473 2638 1859 2705 concedenda,
1892 2642 2095 2693 contra

444 2726 738 2799 aequitatis
762 2726 1057 2797 justitiam
1089 2726 1412 2799 subripere,
1446 2728 1735 2792 invadere,
1771 2744 1874 2783 seu
1907 2726 2095 2782 diver-

441 2814 696 2885 tirerel
726 2814 923 2887 aliquo
934 2816 1129 2886 jmodo
1173 2816 1539 2872 contendere.
1573 2816 1698 2871 Non
1732 2815 2091 2887 imperiator,

443 2906 547 2960 aut
576 2920 695 2971 rex,
728 2920 866 2971 non,
891 2904 1156 2976 inquam,
1190 2904 1440 2971 dux,ivel
1466 2904 1747 2973 marchio,
1776 2922 1971 2960 comes
1992 2908 2095 2960 aut

439 2991 946 3063 vicecomes,§non
1006 2993 1503 3065 archiepiscopus,
1579 3011 1683 3050 seu
1760 2994 2089 3064 episcopus,

439 3085 543 3138 aut
561 3079 1153 3154 aliquis.cujusquam
1174 3082 1416 3149 ordinis,
1435 3082 1556 3139 sive
1576 3083 1881 3155 potestatis
1906 3081 2095 3137 muni-

443 3171 604 3227 mine
650 3168 1313 3242 fultus,icujuscunque
1361 3170 1731 3238 conditionis,
1781 3169 1870 3226 vel
1919 3187 2093 3226 sexus

443 3277 718 3334 persona,
750 3265 951 3317 contra
971 3259 1080 3315 hoc
1098 3265 1312 3315 1108th
1359 3260 1681 3316 sanctionis
1725 3258 2091 3331 privilegium

449 3350 612 3406 adire
641 3349 871 3405 audeat.
905 3348 1250 3421 Quicunque
1278 3347 1461 3420 igitur
1488 3353 1691 3404 contra
1732 3348 1846 3404 hoc
1885 3348 2094 3418 justis-

453 3439 616 3495 sima;
646 3438 1065 3494 moderationis
1112 3438 1432 3505 decretum,
1483 3443 1657 3508 atque
1707 3436 2095 3511 privilegium,

454 3527 613 3599 quod
642 3525 983 3583 auctoritate
1012 3525 1350 3599 apostolica,
1385 3530 1679 3581 annuente
1702 3525 1817 3581 Deo
1839 3527 2100 3598 omnipo-

458 3619 635 3683 tente,
654 3615 1008 3672 monasterio
1021 3615 1138 3672 Deo
1161 3614 1493 3688 dignissimi
1518 3613 1828 3677 Benedicti,
1848 3615 2098 3671 cunctis-

454 3721 571 3779 que
594 3705 733 3762 illuc
754 3702 1653 3777 justepraeordinatisabbatibus
1674 3700 1941 3766 fecimus,
1959 3718 2097 3757 con-

447 3795 840 3863 ﬁrmavimus,
889 3799 1065 3867 atque
1111 3791 1615 3847 corroboravimus
1664 3789 2000 3846 contraierit
2042 3795 2099 3846 et

450 3884 684 3941 rebellis
710 3882 983 3948 extiterit,
1015 3880 1127 3937 nisi
1171 3878 1499 3952 resipuerit,
1545 3882 1822 3951 perpetuo
1869 3880 2093 3936 confes-

426 3988 551 4026 .sus
580 3968 1220 4039 anathematemltrices
1266 3968 1619 4024 aaternaliter
1665 3985 1866 4040 pinnas
1915 3968 2094 4024 susti-

443 4061 597 4113 neat.
631 4058 1014 4115 Conservator
1042 4058 1529 4128 veroﬁbeatissimi
1560 4056 1856 4114 Benedicti
1890 4074 2093 4113 mona-

438 4144 684 4201 chorum
714 4146 924 4212 Patris,
956 4155 1011 4203 et
1042 4148 1208 4203 ducis
1233 4147 1448 4219 egregii
1470 4147 1761 4219 precibus,
1784 4151 1841 4203 et
1867 4146 2091 4203 meritis

439 4232 697 4302 auditus,
748 4234 820 4289 ab
860 4235 1021 4289 omni
1070 4240 1231 4290 reatu
1279 4228 1603 4304 absolutus,
1667 4234 2087 4292 benedictionis

440 4320 803 4395 gratiamfet
829 4322 1011 4378 vitam
1043 4322 1289 4394 adipisci
1324 4327 1615 4379 mereatur
1646 4329 1944 4379 aeternam.

510 4412 660 4469 Data
686 4427 791 4486 per
818 4428 1031 4468 manus
1063 4412 1348 4469 Frederici
1397 4413 1649 4468 diaconi.
1703 4414 1760 4469 S.
1816 4414 2087 4470 Romanis

438 4501 710 4559 Ecclesiae
737 4501 1069 4560 cancellarii
1123 4506 1180 4558 et
1218 4501 1663 4567 bibliothecarii,
1714 4502 1837 4558 vice
1886 4503 2087 4559 domni

435 4591 777 4663 Hermanni,
829 4590 1324 4648 archicancellarii
1367 4595 1546 4662 atque
1593 4589 1842 4647 Colonia;
1896 4591 2086 4646 archi-

2201 2107 2448 2165 coenobii
2477 2106 2646 2163 almae
2689 2110 2746 2162 et
2791 2110 3086 2163 coaeternae
3137 2107 3386 2164 Domino
3429 2108 3580 2164 Patri
3612 2109 3850 2180 Sophim

2201 2199 2356 2254 intra
2385 2198 2797 2262 Beneventum,
2828 2196 2889 2251 in
2920 2196 3045 2252 loco
3075 2200 3413 2269 nuncupato
3441 2196 3847 2265 Urbe-Vetere,

2202 2286 2546 2352 constructi,
2597 2289 2655 2341 et
2702 2288 2831 2356 post
2892 2289 2949 2340 te
3017 2285 3076 2340 in
3145 2286 3348 2342 eodem
3418 2285 3679 2341 ccenobio
3727 2286 3853 2343 tuis

2202 2375 2641 2432 successoribus
2712 2374 2987 2430 canonice
3058 2374 3468 2446 promovendis
3526 2375 3586 2430 in
3644 2391 3852 2447 perpe-

2202 2470 2394 2521 tuum.

2271 2554 2356 2609 Ad
2395 2552 2504 2609 hoc
2539 2551 2599 2606 in
2630 2550 2977 2608 sacerdotali
3008 2550 3263 2607 culmine
3305 2551 3607 2607 constituti
3641 2567 3851 2608 sumus

2202 2646 2269 2697 ut
2296 2640 2636 2707 avellamus,
2662 2656 2884 2696 necnon
2909 2642 2965 2695 et
2984 2640 3382 2707 destruamus,
3414 2644 3472 2696 et
3497 2640 3854 2696 aediﬁcamus

2194 2732 2364 2802 juxta
2393 2748 2460 2786 ac
2490 2730 2821 2802 plantemus
2856 2729 2915 2784 in
2948 2728 3184 2784 nomine
3214 2730 3364 2801 ejus.
3419 2728 3624 2784 Débito
3676 2728 3852 2785 ofﬁcii

2202 2820 2386 2876 nostri
2418 2820 2702 2891 exigente,
2734 2818 3025 2891 optimum
3053 2816 3337 2874 duximus
3372 2818 3581 2874 diebus
3612 2818 3851 2886 nostris,

2202 2912 2374 2980 prout
2421 2923 2678 2977 superna
2723 2906 2912 2977 gratia
2962 2905 3337 2971 concesserit,
3397 2905 3566 2962 obvia
3609 2922 3859 2977 quaeque

2203 2996 2371 3053 nobis
2402 2994 2607 3052 illicita
2652 2994 2798 3052 falce
2836 2994 3239 3051 ecclesiasticos
3287 2994 3606 3067 discipline
3659 2995 3856 3051 deme—

2202 3090 2343 3153 tere,
2375 3091 2433 3141 et
2461 3084 2637 3141 licitis
2664 3085 2892 3156 copiam
2911 3084 3299 3139 fructiﬁcandi
3327 3085 3549 3156 passim
3577 3082 3859 3156 suppedi-

2201 3178 2344 3231 tare.
2379 3175 2769 3239 Quamobrem
2802 3177 2935 3245 post
2965 3172 3212 3228 nimiam
3244 3172 3641 3229 calamitatem
3675 3172 3858 3229 Bene-

2204 3268 2613 3327 ventanorum,
2645 3278 2824 3329 quam
2848 3260 3216 3333 pertulerunt
3227 3262 3387 3332 juste
3407 3262 3480 3317 ob
3497 3260 3786 3331 injurism
3806 3264 3862 3317 et

2207 3352 2544 3422 superbiam
2577 3352 2971 3406 Romanorum
3003 3349 3347 3421 pontiﬁcum
3395 3353 3452 3405 et
3479 3349 3862 3406 dominorum

2207 3439 2562 3511 imperatoru
2573 3456 2652 3505 m,
2675 3443 2921 3511 postque
2932 3455 3136 3494 eorum
3151 3437 3545 3495 miserabilem
3559 3442 3616 3492 et
3636 3438 3869 3495 luctuo-

2208 3544 2335 3583 sam
2353 3527 2832 3592 satisfactionem,
2857 3525 2963 3582 tibi
2977 3526 3102 3597 jam
3125 3526 3277 3583 dicto
3299 3524 3657 3596 Sicenolpho,
3675 3541 3869 3597 quem

2205 3616 2330 3672 loco
2378 3615 2538 3672 illius
2586 3615 2792 3684 dejecti
2842 3631 2909 3669 ac
2953 3613 3218 3671 scelerati
3278 3612 3555 3686 Gregorii,
3619 3613 3869 3671 abbatis

2205 3705 2498 3761 immerito
2519 3703 2680 3769 dicti,
2705 3720 2809 3759 nec
2822 3705 2951 3774 jam
2975 3702 3227 3772 dicendi,
3244 3702 3672 3769 ordinavimus,
3691 3703 3870 3775 juxta

2204 3793 2503 3866 petitionis
2549 3797 2664 3848 tum
2710 3797 2998 3860 tenorem,
3057 3791 3479 3848 conﬁrmamus
3527 3807 3598 3847 ex
3629 3791 3865 3866 integro

2204 3882 2501 3954 praefatam
2532 3881 2829 3937 abbatiam
2860 3882 2919 3938 S.
2949 3880 3200 3952 Sophim,
3232 3896 3367 3935 cum
3411 3879 3701 3950 ecclesiis,
3737 3898 3865 3938 cor-

2202 3971 2380 4036 tibus,
2410 3969 2587 4034 villis,
2618 3968 2931 4037 casalibus,
2965 3967 3169 4037 vineis,
3192 3968 3393 4036 terris,
3437 3967 3620 4023 servis
3652 3985 3725 4023 ac
3760 3986 3865 4023 an-

2201 4057 2781 4129 cillis,omnibusque
2811 4056 3129 4114 mobilibus
3159 4058 3247 4113 vel
3280 4056 3689 4113 immobilibus
3706 4058 3783 4113 ad
3804 4074 3867 4113 se

2191 4149 2356 4218 juste
2390 4146 2836 4219 pertinentibus,
2854 4149 2976 4201 tam
3008 4162 3076 4202 ea
3095 4163 3221 4218 quae
3244 4145 3528 4202 hactenus
3551 4145 3867 4217 nequirem

2199 4236 2389 4309 potuit
2421 4253 2600 4309 quam
2626 4252 2756 4307 quae
2795 4234 3069 4307 deinceps
3117 4233 3488 4303 liberalitate,
3540 4233 3866 4292 collatione

2198 4328 2316 4382 sive
2327 4324 2698 4382 concessione
2710 4323 3108 4396 quorumlibet
3119 4322 3527 4396 religiosorum
3541 4321 3875 4379 hominum

2198 4402 2873 4486 poteritadipisci,atque
2893 4427 3157 4483 prorsus,
3183 4426 3547 4483 quaecunque
3562 4426 3859 4469 concessa

2197 4510 2333 4559 sunt
2352 4502 2459 4572 illi,
2486 4502 2857 4558 corroborata
2872 4500 3105 4571 piorum
3126 4488 3550 4571 imperatorum
3574 4498 3667 4555 vel
3697 4500 3865 4573 prin-

2195 4594 2390 4666 cipum
2421 4590 2723 4663 praeceptis
2754 4592 2857 4644 aut
2886 4587 3307 4660 chirographis.
3344 4587 3629 4643 Praeterea
3663 4592 3869 4645 aucto-

433 4682 715 4755 episcopi,
745 4680 918 4739 tertio
939 4681 1164 4738 decimo
1187 4680 1477 4736 Kalendas
1496 4679 1682 4746 Junii,
1712 4680 1911 4735 domni
1940 4681 2083 4736 Leo-
2116 4690 2161 4754 D
2196 4684 2363 4738 ritate
2406 4678 2735 4752 apostolicze
2785 4677 2942 4734 sedis
3012 4677 3285 4733 Romana
3358 4676 3747 4734 concedimus
3798 4695 3867 4734 ac

432 4770 526 4826 nis
556 4771 696 4828 noni
726 4788 887 4843 papa
917 4786 1069 4827 anno
1097 4775 1326 4842 quarto,
1358 4769 1675 4825 indictione
1703 4768 1927 4840 quinta.

1184 4876 1368 4930 LXXI.

432 4964 487 5020 S.
538 4965 643 5019 Leo
688 4964 756 5019 IX
795 4966 1005 5021 Joanm'
1065 4966 1308 5034 episcopo
1373 4971 1425 5020 et
1468 4965 1717 5020 omnibus
1775 4966 2083 5024 Terracinae

500 5036 691 5108 positis
719 5036 1002 5108 ecclesiam
1045 5044 1095 5090 et
1132 5038 1532 5091 monasterium
1570 5036 1626 5092 S.
1677 5036 1938 5108 Stephani
1962 5054 2079 5093 mo-

499 5106 740 5165 nasterio
773 5106 1053 5162 Cestriensi
1082 5125 1116 5161 a
1143 5122 1255 5161 sese
1292 5110 1546 5162 restituta
1575 5106 1815 5163 nuntiat.

1055 5197 1241 5267 (Anno
1274 5196 1457 5267 1052.)

786 5284 1087 5359 [Gattulla,
1122 5288 1267 5340 Hist.
1303 5285 1511 5341 Cassia.
1545 5286 1697 5357 118.]

501 5393 614 5449 Leo
643 5394 975 5466 episcopus,
1009 5408 1212 5446 servus
1241 5408 1541 5446 servorum
1572 5392 1695 5457 Dei,
1726 5392 1935 5446 JOANNI
1964 5392 2081 5463 epi-

429 5497 605 5553 scopo
655 5487 712 5536 et
758 5482 1034 5537 omnibus
1080 5480 1403 5535 Terracinae
1453 5480 1660 5551 positis
1705 5479 1791 5534 vel
1840 5480 1897 5534 in
1950 5482 2078 5552 ejus

430 5568 762 5625 confinibus
795 5571 852 5624 S.
899 5569 1074 5638 Petri,
1125 5569 1459 5639 nostrisque
1504 5567 1794 5634 lidelibus,
1827 5568 2077 5626 salutem

428 5674 567 5715 cum
605 5657 1005 5713 benedictione
1042 5656 1382 5729 apostolica.

499 5745 733 5804 Noverit
762 5744 991 5802 dilectio
1023 5750 1216 5803 vestra
1243 5745 1546 5803 ecclesiam
1574 5750 1632 5804 et
1654 5748 2075 5805 monasterium

2181 4767 2965 4839 conﬁrmamustibituisque
2975 4765 3412 4824 successoribus
3425 4766 3484 4820 in
3497 4773 3860 4838 perpetuum

2192 4876 2396 4918 omnes
2420 4860 2480 4914 in
2502 4857 2797 4930 integrum
2820 4855 3144 4912 oblationes
3160 4855 3425 4910 vivorum
3452 4869 3517 4909 ac
3537 4852 3862 4911 defuncto-

2191 4967 2343 5019 rum,
2379 4965 2506 5022 quaa
2538 4946 2746 5002 amodo
2778 4950 2836 5001 et
2880 4944 3156 5017 deinceps
3209 4944 3322 5016 ipsi
3370 4943 3739 5000 monasterio
3771 4942 3862 5002 vel

2189 5038 2450 5095 ecclesiis
2471 5035 2556 5091 illi
2578 5035 2908 5106 subjectisa
2929 5033 3384 5105 quibuscunque
3412 5032 3689 5104 personis
3710 5034 3862 5090 datae

2189 5128 2442 5191 fuerint;
2476 5125 2647 5180 liceat
2688 5139 2922 5195 quoque
2971 5121 3118 5191 ipsis
3169 5120 3475 5177 monachis
3524 5137 3594 5177 ex
3641 5123 3861 5180 eadem

2188 5214 2635 5288 congregatione
2648 5212 2858 5286 eligere
2871 5212 3141 5269 abbatem
3164 5210 3297 5280 sibi,
3314 5210 3364 5267 si
3390 5209 3535 5266 inibi
3562 5209 3863 5268 idoneum

2188 5304 2261 5361 ad
2291 5303 2398 5359 hoc
2428 5302 2688 5358 ofﬁcium
2722 5302 3085 5359 invenerint:
3122 5302 3215 5356 sin
3247 5299 3416 5369 alias,
3450 5299 3863 5373 undecunque

2188 5395 2455 5464 possunt,
2478 5391 2722 5460 dignum
2747 5396 3030 5446 rectorem
3052 5389 3165 5446 sibi
3185 5389 3407 5462 eligant
3430 5405 3444 5455 ;
3469 5391 3526 5443 et
3557 5394 3865 5462 perpetuo

2188 5483 2422 5535 maneat
2442 5477 2568 5545 jam
2600 5494 2750 5548 saepe
2780 5478 2966 5532 fatum
3006 5478 3338 5533 coenobium
3371 5476 3484 5533 sub
3518 5476 3717 5533 tutela
3750 5495 3863 5535 seu

2186 5570 2314 5640 jure
2343 5570 2555 5621 sancta:
2588 5563 2861 5620 Romanae
2892 5566 3157 5623 Ecclesia)
3190 5565 3441 5622 liberum
3486 5569 3544 5620 et
3574 5565 3861 5625 immune

2186 5659 2258 5715 ab
2284 5656 2442 5712 omni
2476 5655 2913 5726 subjectioneac
2928 5656 3072 5729 jugo
3093 5655 3427 5712 Casinensis
3451 5656 3814 5711 monasterii
3842 5675 3858 5723 ;

2185 5750 2266 5806 ita
2295 5748 2359 5803 ut
2388 5760 2493 5801 nec
2524 5761 2631 5802 vox
2659 5743 3153 5803 calmuniatorum
3183 5760 3359 5818 super
3388 5744 3496 5800 hoc
3517 5741 3861 5814 recipiatur
