4088 6174
279 389 400 457 893

1260 387 1665 454 EPISTOLE
1709 385 1808 451 ET
1853 385 2216 452 DECRETA
2255 389 2723 458 PONTIFICIA.

3566 398 3690 464 694

288 526 502 600 aliqua,
533 522 636 582 sed
669 523 902 599 penitus
918 523 1203 582 habeatur
1223 524 1426 582 frivola
1447 530 1503 581 et
1528 525 1713 593 irrita,
1739 521 1933 596 sitque
1960 522 2017 589 Α
2046 525 2343 595 Bernardi,
2369 528 2624 603 episcopi
2646 532 2704 587 S.
2728 527 2992 588 Ecclesiae
3014 528 3335 599 Esculanaa,
3360 535 3687 607 apostolicae

285 622 411 674 rata
441 614 846 672 controversiae
874 614 1034 670 illius
1060 615 1368 671 manifeste
1408 632 1472 670 ac
1521 614 1752 686 publice
1786 613 1935 669 facta

285 705 546 763 deﬁnitio
596 722 630 759 a
681 703 970 776 religiosis
1038 705 1403 776 principibus
1467 702 1821 776 Jandolpho,
1868 720 1934 758 ac

283 794 640 866 Pandolpho,
665 793 1043 865 magnatibus
1076 810 1140 849 ac
1166 794 1415 850 ducibus
1445 810 1667 858 eorum,
1700 794 1933 864 quando

282 886 447 958 prius
480 881 828 954 Malepotus,
863 883 1072 938 deinde
1101 884 1359 939 Joannes
1393 882 1739 938 Casinenses
1762 882 1935 936 abba-

281 979 393 1043 tes,
453 973 739 1028 adversus
799 971 1011 1026 Ursum
1073 988 1137 1026 ac
1182 971 1528 1043 Gregorium
1577 971 1820 1026 abbatiaa
1871 971 1928 1025 S.

281 1063 513 1136 Sophia:
546 1065 820 1127 rectores,
855 1078 1030 1132 super
1052 1061 1174 1116 haec
1205 1061 1365 1116 litem
1400 1076 1726 1132 suscepere.
1774 1059 1930 1115 Obti-

282 1158 420 1209 neat
449 1169 583 1226 ergo
616 1155 670 1206 et
702 1150 1000 1223 possideat
1030 1167 1262 1222 semper
1308 1150 1636 1206 libertatem
1672 1153 1930 1204 anteces-

285 1259 488 1298 sorum
518 1243 851 1296 nostrorum
870 1239 1188 1311 privilegiis
1209 1245 1265 1294 et
1288 1240 1702 1310 imperatorum
1725 1254 1931 1310 praece-

283 1331 405 1403 ptis
436 1330 717 1386 hactenus
739 1329 849 1384 sibi
876 1345 1211 1385 concessam
1239 1334 1294 1384 et
1316 1330 1745 1398 conﬁrmatam,
1768 1327 1848 1381 ita
1870 1330 1936 1381 ut

285 1419 489 1476 nullus
519 1419 794 1490 deinceps
822 1417 1267 1490 imperatorum,
1303 1434 1526 1490 regum,
1587 1419 1804 1472 ducum
1845 1415 1932 1470 vel

284 1509 643 1583 principum,
665 1511 766 1564 aut
790 1507 1224 1575 marchionum,
1247 1524 1350 1563 nec
1369 1507 1487 1562 ulla
1510 1508 1932 1578 cujuscumque

283 1598 586 1671 dignitatis
599 1613 850 1669 persona
865 1600 1070 1653 contra
1086 1597 1235 1652 hanc
1250 1602 1507 1652 nostram
1524 1596 1930 1650 auctoritatem

287 1693 394 1744 aut
426 1688 810 1743 conditionem
843 1685 1282 1759 privilegiorum
1321 1686 1514 1740 venire
1562 1686 1794 1753 audeat,
1830 1686 1932 1738 aut

282 1778 356 1833 de
390 1779 558 1833 bonis
587 1777 853 1848 ejusdem
876 1776 1119 1832 abbatiae
1142 1793 1241 1848 per
1266 1793 1370 1831 nos
1403 1780 1504 1832 aut
1525 1789 1930 1847 quoscumque

277 1867 593 1934 concessis,
611 1883 917 1938 usurpare,
934 1865 1197 1920 minuere
1213 1869 1314 1920 aut
1331 1865 1582 1920 alienare
1603 1863 1940 1936 quidquam

276 1973 634 2029 quocunque
684 1956 858 2011 modo
904 1958 1004 2009 aut
1046 1954 1279 2026 ingenio
1327 1958 1660 2025 praesumat,
1713 1970 1783 2008 ne
1819 1952 1928 2007 sub

268 2045 499 2117 judicio
529 2043 779 2099 districti
808 2043 1199 2098 anathematis
1221 2043 1469 2098 decidat.
1496 2043 1670 2098 Porro
1696 2042 1835 2114 quia
1855 2043 1926 2097 ab

274 2135 582 2206 aliquibus
613 2133 903 2205 episcopis
934 2131 1122 2187 solent
1151 2132 1412 2187 cwnobia
1437 2133 1776 2204 gravamina
1798 2149 1926 2187 sus-

275 2225 486 2288 tinere,
522 2239 632 2277 nos
663 2239 795 2276 vero
843 2220 1019 2276 alicui
1067 2221 1473 2292 przejudicium
1520 2236 1626 2275 nec
1656 2219 1930 2275 volumus

277 2329 378 2367 nec
411 2312 704 2367 debemus
735 2310 955 2377 facere;
988 2309 1096 2364 hoc
1127 2310 1365 2364 tandem
1415 2308 1792 2364 concedimus
1826 2307 1929 2362 tibi

273 2401 377 2457 hac
417 2406 625 2456 nostra
655 2399 1019 2464 auctoritate,
1054 2403 1115 2453 ut
1141 2399 1189 2454 si
1222 2400 1294 2453 ab
1344 2398 1615 2470 episcopo
1669 2397 1725 2452 in
1760 2399 1928 2468 cujus

273 2490 513 2546 dioecesi
547 2489 846 2581 consistis,
879 2487 1207 2558 nequiveris
1238 2487 1664 2542 ecclesiasticas
1695 2487 1928 2542 ordina-

275 2580 466 2636 tiones
484 2579 670 2650 gratis
688 2583 745 2632 et
759 2575 1030 2632 canonice
1053 2576 1374 2648 acquirere,
1394 2575 1688 2631 licentiam
1711 2575 1929 2632 habeas

276 2684 682 2741 aquocunque
704 2665 809 2721 tibi
827 2666 1058 2737 tuisque
1073 2665 1410 2736 acquirendi
1429 2666 1716 2735 easjuste.
1740 2664 1927 2735 Hujus

276 2757 466 2815 nostri
498 2755 790 2830 privilegii
821 2760 1038 2812 statuta
1061 2755 1374 2827 infringere
1396 2759 1453 2809 et
1477 2771 1706 2809 cessare
1731 2753 1929 2808 nullus

277 2847 601 2922 aliquando
631 2861 982 2918 quacunque
1003 2848 1124 2900 arte
1144 2849 1480 2916 praesumat,
1508 2860 1577 2898 ne
1599 2842 1926 2898 damnatio-

276 2955 406 2993 nem
443 2937 520 2991 ab
553 2935 720 2989 initio
752 2951 784 2988 a
815 2933 1034 2988 sanctis
1062 2933 1330 2988 Patribus
1363 2931 1794 3005 promulgatam
1825 2948 1928 3003 pro

276 3025 581 3097 sacrilegis
611 3024 891 3079 incurrat.
924 3023 1070 3078 Nam
1101 3023 1371 3094 quisquis
1416 3022 1536 3076 haec
1583 3022 1677 3092 pio
1710 3020 1928 3076 Divini-

278 3117 414 3172 tatis
448 3118 722 3186 respectu
757 3118 1085 3169 reverenter
1114 3111 1525 3178 observaverit,
1576 3109 1929 3165 confidimus

281 3204 416 3277 quia
439 3207 701 3260 asancta
724 3202 1006 3257 Trinitate
1055 3200 1516 3257 benedictionem
1566 3199 1824 3267 habebit,
1874 3202 1930 3252 ct

282 3300 505 3349 sortem
536 3293 904 3347 nanciscetur
931 3308 1066 3346 cum
1099 3291 1182 3346 eis
1200 3289 1298 3362 qui
1321 3293 1608 3362 praecepta
1628 3286 1930 3343 Dominica
1959 3267 2002 3336 C

291 3385 683 3449 servaverunt,
715 3386 770 3437 et
802 3381 873 3435 ad
897 3379 1155 3436 cmlestes
1179 3379 1484 3435 thesauros
1507 3382 1736 3433 terrena
1757 3375 1929 3449 patri-
1966 3375 1977 3385 ’

292 3470 486 3527 monia
519 3470 961 3526 transtulerunt.

351 3561 498 3616 Data
528 3577 610 3614 xu
638 3559 764 3614 Kal.
796 3558 955 3614 Junii
989 3575 1092 3630 per
1122 3575 1334 3614 manus
1364 3556 1650 3613 Frederici
1681 3555 1930 3624 diaconi,

280 3649 336 3704 S.
374 3650 436 3704 Β.
477 3650 541 3704 E.
599 3647 1053 3712 bibliothecarii,
1105 3664 1327 3702 necnon
1375 3651 1432 3701 et
1451 3645 1781 3702 cancellarii
1812 3645 1935 3700 vice

278 3737 504 3794 domini
567 3737 884 3793 Hermanni
931 3735 1421 3792 archicancellarii
1454 3740 1510 3790 et
1576 3734 1935 3790 Coloniensis

275 3827 728 3899 archiepiscOpi,
782 3843 934 3882 anno
984 3825 1207 3881 domini
1255 3825 1462 3880 Leonis
1511 3842 1672 3897 papa:
1704 3829 1933 3896 quarto,

281 3918 483 3973 indict.
521 3936 580 3976 ν.

995 4004 1234 4060 LXXIII.

276 4095 328 4150 S.
354 4097 460 4152 Leo
488 4097 560 4152 IX
588 4095 852 4179 Ecclesiae
869 4093 1158 4179 Asculum?
1171 4095 1534 4179 possessione?
1553 4103 1603 4149 et
1619 4095 1939 4179 privilegia,

530 4169 749 4238 petente
778 4167 1056 4222 Bernardo
1086 4167 1356 4238 ρρίςσορο,
1388 4167 1691 4235 conﬁrmat.

2044 617 2407 673 auctoritatis
2469 621 2792 677 munimem
2845 623 3247 690 concedentes,
3305 625 3361 677 et
3410 640 3513 694 per
3559 643 3688 682 eam

2044 707 2278 777 praefato
2330 709 2622 780 episcopo,
2674 712 3015 783 cunctisque
3072 713 3200 782 ejus
3250 714 3689 770 successoribus

2045 797 2318 852 canonice
2352 799 2496 853 inibi
2528 800 2956 869 inthronizatis,
2991 819 3116 872 qum
3154 802 3225 856 ad
3273 801 3556 858 honorem
3591 803 3689 860 Dei

2043 885 2340 955 genitricis
2372 905 2717 961 semperque
2772 890 3016 961 virginis
3078 889 3270 945 Mariae
3290 894 3380 946 est
3399 892 3688 962 dedicata,

2046 991 2149 1028 nec
2165 974 2221 1028 in
2244 975 2534 1032 inferioris
2551 977 2922 1034 liberalitatis
2936 979 3340 1051 praescriptum
3352 1025 3364 1046 ,
3385 982 3486 1036 sed
3499 981 3689 1038 obsta.

2046 1062 2240 1118 culum
2275 1069 2331 1120 et
2361 1067 2540 1122 totius
2574 1067 2945 1137 protectionis
2965 1068 3232 1140 clypeum
3253 1068 3542 1142 privilegii
3563 1087 3688 1126 mu-

2045 1151 2242 1208 nimen
2275 1155 2652 1224 conferimus,
2683 1159 2748 1211 ut
2772 1157 3015 1213 ecclesia
3044 1175 3170 1229 quae
3201 1157 3425 1214 nomini
3466 1159 3685 1214 summi

2047 1241 2466 1312 omnipotentis
2484 1245 2655 1316 Regis
2674 1248 3000 1317 martyrum
3015 1250 3102 1300 est
3119 1246 3402 1314 dedicata,
3418 1247 3683 1304 sitetiam

2043 1331 2260 1385 summi
2294 1333 2496 1388 militis
2527 1335 2655 1404 ejus
2686 1333 2788 1388 ﬁlii
2819 1335 3035 1406 scripto
3081 1337 3338 1406 protecta
3375 1335 3685 1408 gladioque

2045 1417 2302 1476 defensa.
2339 1423 2586 1494 Ideoque
2618 1423 2937 1495 apostolica
2951 1423 3295 1478 auctoritate
3316 1424 3686 1495 providentes

2042 1507 2294 1582 singula,
2328 1511 2613 1583 quidquid
2639 1513 2802 1582 juste
2831 1512 3019 1567 eidem
3058 1513 3381 1567 deferretur
3408 1511 3684 1584 ecclesiae,

2041 1600 2459 1656 conﬁrmamus
2491 1606 2547 1656 et
2577 1603 3026 1657 corroboramus
3052 1601 3178 1669 tibi,
3201 1605 3268 1656 ut
3289 1617 3460 1657 nemo
3481 1600 3690 1659 exinde

2041 1705 2175 1744 eum
2210 1691 2422 1746 audeat
2451 1691 2761 1756 devestire,
2792 1691 2881 1746 vel
2915 1692 3246 1756 molestare,
3292 1707 3396 1747 seu
3427 1690 3686 1763 aliquam

2041 1779 2506 1850 inquietudinem
2540 1779 2624 1834 illi
2655 1781 2905 1835 inferre:
2943 1780 2997 1832 id
3034 1783 3123 1834 est
3175 1779 3471 1834 civitatem
3503 1781 3686 1836 Escu-

2042 1866 2238 1922 lanam
2269 1884 2337 1922 ex
2367 1869 2590 1939 integro
2623 1885 2754 1922 cum
2789 1869 2917 1938 ipsa
2948 1884 3053 1922 sua
3084 1866 3349 1938 portione
3380 1868 3451 1921 de
3482 1883 3687 1923 mona-

2041 1957 2218 2013 sterio
2251 1957 2447 2012 Sancti
2478 1957 2702 2028 Angeli,
2738 1958 2892 2028 quod
2924 1957 2984 2010 in
3017 1957 3143 2027 ipsa
3173 1955 3403 2012 civitate
3432 1959 3523 2011 est
3549 1973 3687 2012 con-

2040 2039 2350 2111 structu‘m,
2381 2051 2438 2101 et
2468 2045 2891 2101 monasterium
2914 2046 3136 2101 Sanctae
3158 2043 3372 2113 Mariae,
3396 2044 3455 2099 in
3483 2049 3684 2102 sancto

2041 2140 2237 2190 monte
2267 2136 2546 2206 positum,
2576 2151 2709 2189 cum
2743 2134 3017 2189 omnibus
3031 2133 3192 2204 juste
3209 2131 3321 2188 sibi
3344 2133 3686 2204 pertinenti-

2038 2226 2170 2294 bus,
2230 2224 2316 2279 vel
2376 2242 2502 2296 quae
2560 2224 2797 2279 inantea
2853 2223 3185 2295 aliquorum
3232 2223 3399 2291 justa
3453 2222 3688 2280 datione

2038 2313 2300 2386 legaliter
2330 2315 2622 2385 pertinere
2650 2316 2947 2386 poterunt.
2980 2310 3324 2378 Castellum,
3356 2313 3510 2384 quod
3542 2313 3687 2369 dici-

2039 2407 2134 2457 tur
2162 2403 2375 2459 Trione
2405 2419 2538 2457 cum
2568 2401 2925 2458 monasterio
2969 2400 3169 2456 Sancti
3220 2400 3519 2456 Laurentii
3552 2417 3687 2458 cum

2039 2491 2314 2546 omnibus
2343 2490 2712 2563 pertinentiis
2737 2492 2882 2559 suis,
2933 2494 3157 2545 curtem
3207 2490 3278 2544 de
3327 2490 3523 2546 Massa
3551 2507 3688 2548 cum

2039 2581 2165 2653 ipso
2194 2581 2330 2651 Pojo
2363 2581 2433 2636 de
2463 2579 2609 2636 valle
2638 2579 2851 2647 lucida,
2885 2584 3107 2635 curtem
3132 2579 3202 2634 de
3225 2579 3439 2647 Monte,
3465 2583 3688 2636 curtem

2039 2671 2110 2726 de
2140 2670 2387 2737 Pazano,
2422 2670 2575 2725 sicut
2596 2669 2655 2724 in
2679 2669 2949 2724 chartula
2970 2668 3275 2739 Maynardi
3300 2667 3402 2721 filii
3425 2667 3689 2739 Sigolphi

2037 2759 2287 2813 habetur
2327 2764 2383 2814 et
2414 2758 2644 2830 legitur.
2681 2758 2884 2813 Castra
2915 2773 3041 2827 quae
3074 2755 3352 2810 dicuntur
3390 2754 3684 2825 Seulcula,

2038 2847 2297 2915 Matrice,
2347 2845 2682 2918 Spinetula;
2737 2849 2960 2899 curtem
3005 2843 3074 2897 de
3119 2841 3278 2906 Hica,
3340 2845 3566 2896 curtem
3615 2843 3688 2899 de

2038 2935 2304 3004 Cariano,
2335 2939 2557 2989 curtem
2617 2935 2687 2988 de
2736 2934 2899 2998 Core,
2950 2934 3175 2987 curtem
3231 2931 3302 2986 de
3340 2929 3686 3001 Belenterio,

2039 3027 2266 3078 curtem
2293 3024 2362 3078 de
2396 3022 2781 3089 Flaminiano,
2815 3024 3038 3077 curtem
3070 3019 3140 3075 de
3167 3020 3296 3094 Api,
3349 3026 3571 3076 curtem
3614 3022 3687 3078 de

2037 3113 2370 3177 Tarracina,
2422 3115 2645 3166 curtem
2694 3111 2765 3166 de
2811 3109 3054 3181 Bapino,
3101 3113 3325 3166 curtem
3365 3110 3436 3166 de
3463 3109 3686 3166 Vuasto

2041 3202 2397 3268 Promarese,
2458 3205 2680 3254 curtem
2739 3200 2809 3254 de
2869 3199 3040 3267 Saxa,
3099 3201 3322 3254 curtem
3381 3198 3450 3253 de
3517 3197 3682 3266 Salli,

2042 3295 2264 3345 curtem
2330 3291 2402 3344 de
2459 3290 2716 3355 Patarco,
2781 3291 3007 3344 curtem
3081 3288 3152 3343 de
3219 3285 3372 3343 Villa
3445 3302 3681 3360 magna,

2041 3383 2097 3434 et
2155 3378 2354 3434 omnia
2410 3395 2536 3450 qua:
2616 3377 2889 3449 praedicto
2965 3375 3348 3448 episcopatui,
3423 3377 3546 3430 tam
3623 3374 3686 3430 in

2042 3468 2512 3541 supradictorum
2545 3471 2870 3522 castrorum
2904 3481 3079 3537 quam
3110 3467 3337 3521 curtem
3367 3464 3440 3519 de
3470 3464 3691 3520 Monta-

2043 3557 2361 3613 riolointus
2377 3557 2672 3612 civitatem
2695 3553 3093 3627 Spoletanam,
3117 3556 3345 3610 curtem
3365 3553 3435 3608 de
3447 3553 3691 3608 Paterno

2045 3647 2259 3702 inloco
2303 3646 2401 3718 qui
2450 3647 2628 3701 Ponte
2678 3643 2912 3713 dicitur,
2965 3645 3186 3698 curtem
3232 3643 3303 3697 de
3333 3641 3694 3709 Primocasu,

2045 3735 2336 3792 Gualdum
2357 3736 2428 3790 de
2452 3734 2772 3806 Languine,
2792 3733 2852 3786 in
2876 3731 3376 3795 Nursiamcasam,
3400 3732 3457 3783 et
3472 3732 3697 3784 curtem

2046 3825 2199 3880 infra
2229 3824 2445 3891 locum,
2486 3823 2585 3878 ubi
2619 3821 2756 3876 olim
2792 3819 2901 3874 fuit
2931 3819 3140 3873 civitas
3166 3835 3179 3874 :
3211 3820 3437 3872 curtem
3467 3817 3539 3871 de
3569 3816 3704 3872 Sala

2050 3915 2107 3968 in
2133 3913 2336 3968 eadem
2362 3910 2596 3975 Nursia,
2623 3907 2916 3963 Gualdum
2939 3907 3010 3960 de
3031 3906 3224 3974 Fesso,
3249 3907 3473 3962 curtem
3490 3901 3703 3960 Savelli

2052 4002 2108 4055 in
2144 4000 2423 4055 comitatu
2449 3999 2590 4052 item
2615 3994 2924 4063 Esculano,
2943 3995 3004 4049 in
3023 3994 3150 4050 loco
3165 3993 3264 4066 qui
3279 3995 3446 4066 Aqua
3466 3991 3702 4058 dicitur,

2053 4088 2359 4144 castellum
2393 4088 2462 4142 de
2495 4087 2672 4152 Luco,
2707 4088 2763 4140 et
2786 4084 2997 4140 turrim
3028 4084 3099 4139 de
3124 4083 3390 4151 Fotiano,
3415 4085 3474 4138 et
3503 4081 3708 4153 Pojum

2052 4179 2122 4233 de
2137 4175 2600 4242 Quintodecimo,
2619 4192 2685 4229 cu
2695 4175 3176 4230 rtemMazzanam
3191 4189 3327 4229 cum
3341 4171 3547 4229 salinis
3560 4170 3708 4240 suis,

916 4257 1102 4327 (Anno
1137 4255 1320 4324 1052.)

656 4344 928 4418 [Ughelli,
956 4346 1121 4400 Italia
1149 4360 1330 4411 sacra,
1368 4344 1408 4413 Ι,
1440 4343 1586 4412 Μελ]

2054 4265 2357 4322 castellum
2378 4265 2446 4320 de
2469 4264 2664 4320 Murro
2685 4266 2944 4320 castrum
2968 4262 3710 4329 Fundanianum,montem

2055 4358 2273 4411 Purum
2307 4370 2442 4409 cum
2477 4353 2708 4409 torestis
2739 4357 2795 4407 et
2829 4350 3015 4417 silvis,
3044 4367 3179 4406 cum
3210 4350 3348 4422 Pojo
3398 4349 3553 4420 quod
3584 4345 3714 4402 Cla-

354 4453 477 4508 Lso
535 4450 874 4524 episcopus,
927 4469 1128 4507 servus
1174 4467 1474 4507 servorum
1519 4449 1640 4518 Dei,
1677 4451 1946 4504 Bananno
2059 4444 2373 4501 matorium
2406 4443 2640 4513 dicitur,
2676 4441 2846 4514 Plage
2873 4457 3010 4496 cum
3035 4444 3226 4495 castro
3247 4435 3718 4503 Lusiano,Villa-

284 4543 553 4597 secundo
598 4540 871 4613 episcopo
920 4539 1183 4596 Ecclesiae
1231 4544 1287 4594 et
1334 4538 1705 4610 episcopatus
1754 4539 1810 4593 S.
1853 4538 1945 4593 Dei
2059 4552 2278 4608 magna
2308 4549 2440 4588 cum
2473 4532 2636 4602 Pojo,
2669 4535 2726 4586 et
2754 4528 3012 4594 castello,
3046 4527 3407 4593 Cicilianum,
3459 4524 3717 4580 Montem

281 4629 603 4700 genitricis
667 4628 912 4701 virginis
979 4629 1173 4685 Maria:
1242 4632 1298 4683 et
1355 4626 1681 4682 beatissimi
1741 4626 1955 4682 Christi
1991 4637 2034 4700 ι)
2069 4623 2327 4689 Calvum,
2389 4622 2740 4691 Baiuanum,
2803 4619 3061 4672 castrum
3113 4616 3184 4669 de
3214 4613 3721 4701 Gualdo,_curtem

282 4698 574 4792 martyris
626 4698 897 4790 Emigdii,
949 4718 1150 4790 posite
1222 4719 1280 4772 in
1337 4717 1616 4773 comitatu
1670 4716 1956 4771 lisculano
1991 4698 2020 4700 ⁷
2067 4711 2274 4785 Agelli,
2309 4714 2566 4766 castrum
2597 4705 3267 4792 Ligunianum,_curtem
3305 4698 3725 4792 Pupillianam,

277 4789 784 4877 intrahivitatem,
807 4789 1152 4880 cunctisque
1177 4807 1300 4863 suis
1324 4805 1763 4862 successoribus
1787 4822 1958 4861 cano-
2070 4804 2300 4856 curtem
2334 4798 2390 4853 S.
2427 4792 2728 4866 Stephani,
2755 4795 2978 4846 curtem
2999 4790 3070 4880 de
3091 4789 3360 4880 Paterno,
3388 4792 3446 4844 et
3465 4789 3730 4845 castrum

285 4895 417 4952 uice
453 4896 608 4952 illuc
640 4895 1000 4952 intrantibus
1033 4877 1090 4951 in
1124 4899 1488 4968 perpetuum.
2072 4891 2142 4945 de
2175 4887 2464 4960 Spelunca
2497 4899 2630 4938 cum
2665 4882 2794 4953 ipsa
2825 4883 2986 4935 curte
3016 4879 3087 4935 de
3129 4877 3462 4948 Valeriano,
3503 4880 3730 4968 curtem

349 4987 507 5052 Quia
523 4985 1019 5059 divinalargitate
1033 4966 1316 5058 gratiaeB.
1344 4987 1533 5049 Petro,
1558 4980 1960 5054 apostolorum
2073 4980 2142 5033 de
2173 4977 2430 5042 Boﬁano,
2453 4968 3555 5059 montemAndreaa,PojumSilvistum,
3574 4966 3732 5041 quod

285 5074 577 5148 principi,
611 5091 830 5147 regere,
853 5058 1226 5147 dispensare,
1264 5079 1318 5128 et
1346 5073 1416 5127 ab
1451 5071 1610 5127 omni
1647 5087 1963 5142 pravorum
2074 5071 2164 5122 est
2195 5069 2328 5121 ante
2361 5060 2669 5119 castellum
2704 5058 3054 5126 Gusianum,
3087 5075 3193 5115 nec
3226 5076 3340 5114 non
3389 5061 3446 5113 et
3473 5060 3732 5112 castrum

288 5163 682 5220 infestatione
700 5164 1025 5230 defensare,
1044 5165 1235 5219 omnis
1255 5161 1573 5218 commissa
1591 5165 1677 5214 est
1693 5158 1964 5225 Ecclesia,
2076 5157 2145 5210 de
2178 5152 2486 5226 Spinetulo
2519 5167 2651 5206 cum
2677 5152 2843 5204 curte
2867 5166 2994 5218 sua,
3020 5165 3149 5220 quae
3168 5146 3477 5204 Francisca
3497 5142 3734 5230 dicitur,

290 5259 354 5308 ut
406 5254 595 5324 cujus
644 5253 908 5325 pascitur
957 5254 1243 5321 doctrina,
1295 5257 1352 5308 et
1402 5251 1530 5321 ejus
1585 5249 1886 5304 muniatur
1915 5252 1970 5303 et
2078 5249 2300 5299 curtem
2337 5240 2706 5306 Fassianam,
2739 5242 2964 5292 curtem
2990 5228 3739 5325 Prostitulam,Poju_mVa-

291 5341 509 5410 tutela,
545 5317 816 5398 convenit
844 5360 973 5410 nos,
1006 5343 1104 5414 qui
1136 5317 1264 5413 ejus
1294 5317 1804 5411 vice—apostolatus
1839 5339 1968 5392 fuu-
2080 5328 2734 5397 lenterium,castellum
2756 5317 3764 5414 deOttavo,liojumGaminaldum,.

292 5432 502 5503 gimur
527 5431 806 5500 culmine,
832 5432 1083 5505 singulis
1110 5409 1570 5502 Ecclesiacjusta:
1593 5427 1973 5501 protectionis
2083 5427 2305 5478 curtem
2339 5417 2754 5479 Ccrvinariain,
2807 5419 3031 5468 curtem
3083 5409 3470 5478 Chrisianam,
3513 5409 3737 5505 curtem

299 5495 538 5576 manus
573 5495 884 5594 porrigere,
919 5495 1230 5594 quatenus,
1257 5495 1413 5592 quod
1435 5517 1551 5573 illis
1572 5495 1640 5572 ad
1667 5515 1974 5571 tutaminis
2083 5513 2153 5568 de
2183 5512 2434 5576 Vivario,
2469 5512 2692 5563 curtem
2727 5504 2785 5559 S.
2822 5500 3334 5594 Felicis,_Pojumr
3377 5499 3448 5556 de
3479 5495 3737 5594 Pigqole,

292 5608 553 5682 proﬁcit
573 5585 1012 5679 lulciinentum,
1065 5629 1170 5668 nos
1219 5585 1488 5682 expediat
1519 5625 1552 5663 a
1581 5606 1776 5661 debito
1820 5604 1974 5677 quod
2084 5605 2303 5656 curtem
2338 5601 2393 5655 S.
2428 5596 2683 5662 Martini,
2725 5595 3001 5682 castrum
3057 5591 3126 5646 de
3153 5589 3380 5682 ‘Corato
3434 5605 3569 5646 cum
3600 5585 3741 5682 Pojo

296 5678 1979 5772 debemusomnibus.ProinderogatuD.supranominati
2085 5690 2324 5747 llcliceti
2381 5694 2436 5745 et
2493 5681 2810 5749 Cisimulcc,
2865 5684 3094 5739 curtem
3153 5678 3474 5752 Popiliano,
3519 5678 3743 5733 curtem
