4088 6174
388 369 514 434 695

1456 370 1522 431 S.
1569 365 1856 430 LEONIS
1891 370 1971 430 ΙΧ
2017 369 2248 432 ΡΑΡιΕ
2289 367 2724 434 OPUSGULA.

3675 369 3796 436 896

392 503 826 573 Lauretianam,
859 506 1081 560 curtem
1112 503 1534 569 Maltinianam,
1591 499 1898 558 castellum
1937 501 2036 557 Ca-
2063 503 2118 572 Α
2147 503 2580 576 archiepiscopo
2598 503 3184 578 Moguntino,dilecto
3199 502 3318 560 ﬁlio
3332 505 3532 561 nostro
3559 503 3797 562 etfratri

393 595 569 665 stelli,
604 597 663 650 in
699 594 1038 664 Frondaria,
1071 598 1294 649 curtem
1326 591 1595 659 Porilem,
1648 595 1869 646 curtem
1901 591 2035 647 Dia-

393 688 784 753 nam,curtem
815 685 884 739 de
916 687 1150 751 Quarto,
1184 681 1498 738 Castellum
1525 682 1595 736 de
1616 682 2034 746 Post-montes,

395 779 617 830 curtem
649 772 1064 845 Capitinulam,
1089 776 1309 825 curtem
1329 770 1712 836 Paternionis,
1735 788 1866 825 cum
1901 771 2037 841 Pojo

391 863 732 936 Avignonis,
767 861 1072 916 castellum
1099 862 1169 914 de
1201 859 1537 914 Callonnnta
1560 877 1689 914 cum
1716 861 1840 915 suis
1866 861 2040 915 curti-

392 953 526 1018 bus,
559 956 781 1007 curtem
813 950 1028 1004 Ciniari
1087 965 1220 1004 cum
1261 966 1366 1004 suo
1425 948 1680 1018 castello,
1715 954 1935 1004 curtem
1969 950 2040 1005 de

393 1040 623 1107 Casule,
653 1042 710 1093 et
734 1037 1041 1093 castellum
1071 1039 1140 1092 de
1160 1038 1325 1093 Vina.

463 1130 595 1184 Haec
626 1118 1320 1198 omniasupranominata
1341 1144 1473 1181 cum
1499 1126 1768 1198 plebibus
1789 1131 1845 1182 et
1867 1127 2040 1183 eccle-

394 1219 500 1275 siis
532 1217 807 1289 singulis,
848 1232 1168 1286 earumque
1217 1215 1533 1282 dotalibus,
1588 1234 1720 1271 cum
1773 1216 1952 1271 servis
1984 1223 2040 1271 et

393 1307 644 1377 ancillis,
675 1306 885 1373 viduis,
921 1305 1288 1373 massaritiis,
1319 1306 1768 1382 commendatiis
1799 1309 1856 1360 et
1885 1305 2040 1361 colo-

395 1397 489 1452 nis
522 1395 795 1467 singulis,
829 1412 964 1448 cum
987 1394 1816 1466 alpibusetmontibus,silvis,
1834 1395 2035 1468 pratis,

394 1485 652 1558 pascuis,
680 1483 884 1553 vineis,
938 1482 1183 1551 olivetis,
1233 1484 1405 1538 cultis
1448 1489 1506 1538 et
1552 1484 1812 1550 incultis,
1847 1485 2036 1557 aquis,

396 1572 770 1639 molendinis,
804 1571 1091 1644 piscariis,
1125 1573 1569 1644 piscationibus,
1603 1573 1829 1642 salinis,
1860 1591 2038 1645 aqua-

397 1679 649 1734 rumque
672 1661 1038 1726 decursibus,
1068 1679 1171 1716 nec
1193 1679 1306 1717 non
1326 1666 1380 1716 et
1402 1663 1703 1728 armentis,
1732 1679 2041 1734 equorum-

397 1767 512 1822 que
543 1750 798 1818 forestis,
831 1767 929 1804 seu
955 1750 1229 1805 omnibus
1253 1751 1413 1820 juste
1445 1751 1557 1806 sibi
1590 1751 2037 1823 pertinentibus,

397 1839 458 1893 in
486 1840 778 1910 integrum
811 1839 1250 1904 conﬁrmamus,
1285 1844 1460 1911 atque
1490 1840 1809 1912 apostolica
1837 1845 2041 1896 aucto-
2069 1874 2117 1940 B

399 1927 570 1982 ritate
596 1928 1066 1982 corroboramus.
1103 1929 1363 1983 Decimae
1387 1929 1581 1996 etiam,
1602 1945 1705 1984 seu
1727 1930 2037 2002 primitias,

397 2019 457 2073 et
484 2019 724 2072 cunctas
755 2015 1078 2072 oblationes
1108 2017 1369 2073 ﬁdelium
1399 2018 1660 2074 vivorum
1691 2023 1749 2074 et
1783 2024 2040 2075 mortuo-

398 2121 531 2161 rum
562 2105 750 2160 eidem
783 2106 1138 2177 episcopatui
1166 2107 1328 2177 juste
1355 2111 1410 2162 et
1439 2108 1714 2164 canonice
1747 2110 2040 2181 pertinen-

398 2208 486 2254 tes
514 2193 823 2264 tibi,juxta
844 2194 1184 2250 canonicam
1205 2195 1637 2252 institutionem
1655 2199 1756 2253 SS.
1782 2198 2042 2266 Patrum,

401 2283 798 2340 concedimus.
815 2283 929 2338 Nec
951 2301 1067 2338 non
1092 2289 1148 2339 et
1164 2283 1309 2339 illud
1325 2287 1632 2341 statuendo
1655 2288 2044 2354 decernimus,

401 2390 474 2429 ne
505 2371 719 2444 aliquis
750 2372 1081 2445 episcopus,
1115 2373 1365 2446 alicujus
1415 2375 1775 2442 auctoritate,
1833 2376 1916 2431 vel
1946 2395 2045 2449 po-

401 2465 608 2519 testate
642 2461 918 2516 suﬁultus
950 2463 1160 2518 audeat
1191 2464 1412 2536 absque
1443 2464 1679 2520 licentia
1710 2465 1852 2520 inibi
1879 2467 2049 2537 juxta

402 2551 625 2624 praefati
677 2551 956 2622 episcopi,
1009 2552 1404 2609 ordinationes
1462 2570 1561 2608 seu
1595 2555 2045 2610 constitutiones

404 2639 634 2712 aliquas
663 2641 870 2706 facere,
921 2640 1008 2695 vel
1034 2641 1259 2711 judicia
1288 2641 1617 2714 disponere,
1651 2660 1752 2699 seu
1785 2643 2047 2714 clericos,

404 2733 506 2788 aut
537 2730 906 2802 presbyteros
919 2731 1138 2802 synodo
1157 2732 1551 2804 qualicunque
1565 2733 1940 2804 distringere,
1959 2733 2045 2789 vel

404 2819 668 2891 fatigare.
721 2819 1054 2875 Statuentes
1101 2820 1280 2892 igitur
1332 2821 1653 2894 apostolica
1682 2822 2050 2890 auctoritate,

407 2925 535 2980 quae
566 2910 850 2964 servanda
879 2910 1050 2964 estab
1069 2911 1506 2978 omnibus,etin
1541 2913 1818 2968 omnibus
1850 2911 2049 2968 statui-

409 3011 565 3065 mus,
589 2999 646 3051 et
675 2997 784 3051 sub
819 2997 1187 3054 anathemate
1224 3000 1704 3073 constringimus,
1757 3006 1822 3056 ut
1854 3002 2052 3058 nullus

409 3085 746 3157 imperator,
779 3086 897 3142 sive
929 3104 1046 3156 rex,
1081 3087 1280 3144 nullus
1329 3090 1464 3159 dux,
1514 3090 1602 3146 vel
1643 3090 1925 3159 marchio,
1955 3108 2049 3147 co-

409 3189 554 3243 mes,
613 3174 952 3244 vicecomes,
1009 3177 1324 3245 castaldus,
1395 3177 1480 3234 vel
1531 3179 1776 3251 quilibet
1823 3179 2054 3252 publice

2147 591 2460 664 spirituali.

2218 681 2278 737 Si
2310 685 2570 752 pastores
2602 681 2796 737 ovium
2827 681 3009 738 solem
3039 681 3293 756 geluque
3317 697 3420 753 pro
3454 683 3654 755 gregis
3703 684 3798 739 sui

2147 770 2412 826 custodia
2442 771 2534 826 die
2564 788 2629 826 ac
2661 777 2827 826 nocte
2859 772 3005 827 ferre
3035 770 3290 827 contenti
3323 774 3481 836 sunt,
3509 775 3568 825 et
3588 789 3660 828 ne
3682 789 3800 844 qua
3853 785 3858 789 ‘

2147 876 2215 915 ex
2238 860 2322 914 eis
2353 864 2454 914 aut
2481 861 2727 916 errando
2761 865 2977 931 pereat,
3011 865 3113 916 aut
3142 859 3343 915 ferinis
3368 859 3592 917 laniata
3643 878 3802 917 mor-

2149 948 2312 1005 sibus
2343 950 2625 1022 rapiatur,
2656 950 2841 1006 oculis
2872 967 3104 1023 semper
3133 949 3514 1022 vigilantibus
3547 950 3800 1007 circum-

2149 1042 2414 1110 spectant
2439 1057 2452 1106 ;
2486 1043 2705 1110 quanto
2738 1041 2968 1106 sudore,
2994 1043 3330 1110 quantaque
3354 1056 3494 1096 cura
3513 1039 3802 1096 debemus

2148 1142 2274 1183 esse
2306 1127 2633 1200 pervigiles,
2668 1145 2774 1183 nos
2806 1129 2905 1200 qui
2953 1132 3218 1200 pastores
3269 1127 3602 1183 animarum
3653 1129 3799 1184 dici-

2149 1232 2300 1271 mur.
2335 1217 2744 1283 Attendamus,
2774 1221 2830 1272 et
2860 1220 3201 1289 susceptum
3233 1216 3491 1272 ofﬁcium
3523 1217 3799 1274 exhibere

2149 1321 2288 1378 erga
2313 1306 2638 1362 custodiam
2663 1306 3099 1363 Dominicarum
3126 1305 3321 1362 ovium
3339 1323 3454 1362 non
3475 1323 3800 1374 cessemus,

2151 1411 2220 1450 ne
2250 1396 2309 1450 in
2343 1396 2434 1451 die
2464 1395 2713 1451 districti
2745 1395 3030 1452 examinis
3062 1413 3166 1467 pro
3191 1395 3418 1452 desidia
3438 1401 3641 1452 nostra
3662 1401 3800 1452 ante

2149 1501 2448 1541 summum
2482 1489 2780 1541 Pastorem
2826 1485 3190 1558 negligentiae
3235 1488 3432 1542 reatus
3481 1486 3796 1552 excruciet,

2149 1574 2305 1629 unde
2336 1574 2507 1630 modo
2537 1575 2776 1643 honore,
2811 1575 3149 1642 reverentia,
3174 1574 3327 1630 inter
3351 1577 3589 1629 caeteros
3612 1573 3798 1630 subli-

2151 1663 2365 1720 miores
2387 1664 2748 1735 judicamur.

2219 1752 2470 1809 Pallium
2489 1757 2683 1809 autem
2709 1753 3057 1810 fraternitati
3075 1757 3191 1809 tuae
3216 1769 3284 1808 ex
3299 1767 3480 1820 more,
3503 1753 3576 1808 ad
3592 1752 3799 1808 missa-

2150 1859 2282 1897 rum
2304 1841 2589 1898 solemnia
2611 1843 2955 1899 celebranda
2976 1843 3372 1908 concedimus,
3398 1858 3515 1913 quo
3529 1841 3657 1910 tibi,
3684 1858 3796 1897 non

2152 1931 2339 1999 aliter,
2372 1931 2640 1988 Ecclesiae
2671 1939 2782 1988 tuae
2815 1931 3132 2005 privilegiis
3160 1932 3220 1986 in
3244 1947 3349 1986 suo
3375 1934 3532 1986 statu
3555 1946 3794 1987 manen-

2151 2021 2311 2077 tibus
2342 2021 2426 2075 uti
2459 2022 2857 2090 concedimus,
2889 2037 3068 2093 quam
3099 2021 3441 2076 decessores
3475 2020 3798 2091 predeces-

2153 2126 2431 2182 soresque
2455 2114 2588 2166 tuos
2627 2127 2767 2167 usos
2815 2125 2964 2179 esse,
3014 2109 3378 2180 incognitum
3427 2125 3535 2162 non
3584 2107 3788 2163 habes.

2152 2197 2435 2254 Videlicet
2467 2199 2524 2253 in
2559 2199 2650 2255 die
2681 2197 2891 2254 natalis
2921 2196 3175 2263 Domini,
3225 2196 3285 2251 in
3336 2195 3674 2268 Epiphania,
3729 2195 3792 2249 in

2155 2304 2319 2342 coena
2348 2287 2598 2355 Domini,
2633 2287 2688 2341 in
2721 2287 2972 2343 Sabbato
3013 2289 3241 2354 sancto,
3288 2284 3348 2340 in
3397 2285 3489 2341 die
3535 2301 3797 2340 resurre-

2157 2375 2366 2431 ctionis
2392 2375 2639 2441 Domini,
2663 2376 2721 2430 in
2744 2376 3099 2431 Ascensione
3120 2373 3371 2442 Domini,
3396 2374 3456 2428 in
3481 2373 3577 2429 die
3599 2377 3799 2429 sancto

2158 2465 2544 2533 Pentecostes,
2577 2465 2637 2520 in
2684 2464 3102 2520 festivitatibus
3137 2464 3193 2519 S.
3246 2462 3463 2529 Maria),
3517 2462 3801 2518 natalitiis

2158 2553 2577 2625 apostolorum,
2608 2554 2666 2608 in
2691 2553 3004 2609 festivitate
3024 2554 3082 2608 S.
3098 2551 3356 2618 Martini,
3371 2556 3430 2608 et
3445 2552 3546 2608 SS.
3570 2551 3799 2620 Albani,

2157 2642 2337 2716 Sergii
2370 2646 2427 2698 et
2457 2643 2687 2709 Bacchi,
2722 2643 2890 2698 Aurei
2922 2647 2980 2698 et
3006 2641 3291 2709 Justinae;
3333 2641 3393 2696 in
3439 2639 3804 2696 ordinatione

2159 2731 2564 2804 episcoporum
2596 2737 2653 2788 et
2682 2731 3050 2800 clericorum,
3084 2732 3144 2786 in
3165 2730 3257 2786 die
3273 2729 3487 2786 natalis
3503 2729 3611 2798 tui,
3634 2729 3802 2786 inde-

2162 2821 2448 2877 dicatione
2477 2821 2753 2878 ecclesiae.
3043 2864 3048 2872 .

2233 2911 2300 2965 Et
2329 2911 2468 2981 quia
2498 2911 2557 2966 in
2589 2909 2714 2966 loco
2747 2910 2851 2965 ﬁlii
2883 2915 2936 2966 te
2968 2909 3290 2983 diligimus,
3323 2909 3474 2964 duos
3521 2908 3633 2964 hos
3682 2909 3804 2964 dies

2161 3016 2310 3071 quos
2339 3000 2793 3072 praedecessores
2832 3000 2914 3055 tui
2965 3017 3080 3055 non
3129 2999 3486 3065 habuerunt,
3543 3003 3802 3054 octavam

2162 3089 2381 3145 scilicet
2401 3089 2654 3153 Domini,
2677 3093 2735 3145 et
2756 3089 3128 3145 festivitatem
3151 3088 3416 3144 omnium
3441 3091 3804 3154 sanctorum,

2163 3178 2268 3234 tibi
2291 3178 2628 3234 charitative
2650 3179 3042 3235 concedimus.
3073 3180 3315 3250 Insuper
3333 3181 3392 3232 et
3407 3177 3687 3249 cuphiam
3700 3176 3802 3231 tibi

415 3265 630 3336 pariter
676 3271 928 3334 exactor,
973 3283 1076 3322 seu
1131 3267 1447 3337 cujuslibet
1487 3268 1744 3325 hominis
1784 3286 2050 3342 persona,
2085 3243 2127 3310 (ἶ
2166 3268 2658 3339 permittimus,et
2678 3286 2853 3341 super
2874 3271 3101 3324 nattum
3119 3267 3381 3340 equitare
3405 3266 3806 3332 concedimus,

415 3354 822 3424 cujuscunque
873 3354 948 3408 sit
990 3354 1234 3419 ordinis,
1281 3355 1368 3410 vel
1421 3357 1745 3428 dignitatis,
1788 3375 1888 3414 seu
1923 3358 2053 3413 reli-

411 3440 625 3511 gionis,
676 3440 825 3494 hanc
877 3442 1299 3512 pragmaticam
1343 3444 1629 3516 privilegii
1691 3448 2051 3503 sanctionem

406 3526 618 3581 audeat
640 3527 1051 3599 refragare,vel
1075 3530 1132 3583 in
1157 3546 1452 3600 quoquam
1479 3533 1840 3604 confringere
1866 3537 2050 3606 ;quod

399 3613 500 3685 qui
550 3615 859 3670 tentaverit
909 3634 943 3671 a
991 3619 1032 3671 B
1078 3618 1265 3686 Petro,
1319 3620 1717 3690 apostolorum
1760 3623 2044 3696 principe,

394 3701 767 3759 anathemate
813 3705 1006 3760 divino
1060 3722 1376 3778 percussus
1438 3707 1708 3775 intereat,
1760 3709 1897 3782 quia
1944 3712 2045 3767 Dei

389 3791 771 3862 Genitricem,
805 3793 976 3866 eique
999 3795 1349 3852 famulantes
1372 3798 1662 3854 offendere
1687 3816 1800 3854 non
1823 3800 2041 3869 timuit,

391 3879 694 3954 Deumque
752 3883 859 3938 hoc
891 3884 1175 3956 inspicere
1205 3903 1308 3956 pro
1359 3887 1541 3944 nihilo
1591 3889 1775 3959 duxit,
1808 3905 2041 3945 conser-

393 3973 557 4025 vator
583 3988 717 4027 vero
749 3972 1151 4029 benedictione
1180 3975 1459 4032 suffultus
1510 3978 1828 4049 apostolica
1858 3997 1891 4034 a
1923 3980 2038 4036 Deo

2167 3361 2223 3412 et
2253 3374 2479 3414 crucem
2514 3362 2649 3413 ante
2677 3362 2735 3413 te
2767 3357 3061 3413 deferendi
3112 3355 3409 3411 licentiam
3457 3355 3692 3410 damus.
3743 3355 3812 3409 Et

2165 3445 2213 3499 si
2245 3446 2384 3517 quid
2419 3447 2476 3502 in
2507 3446 2753 3502 ecclesia
2779 3450 2901 3513 tua,
2933 3445 3023 3500 vel
3053 3446 3515 3516 suﬁraganorum
3565 3446 3807 3497 tuorum

2161 3535 2457 3606 acciderit,
2491 3535 2943 3608 quodjudioium
2967 3533 3374 3607 apostolicum,
3390 3531 3472 3587 vel
3491 3529 3804 3602 apostolici

2158 3623 2333 3695 legati
2392 3625 2763 3695 praesentiam
2818 3627 3064 3696 expetat,
3126 3627 3186 3678 et
3248 3625 3413 3676 tanta
3475 3618 3805 3675 necessitas

2157 3716 2325 3783 urget
2354 3716 2418 3767 ut
2445 3716 2744 3785 expectare
2775 3713 2936 3768 nulla
2992 3711 3215 3768 ratione
3271 3709 3534 3775 valeatis,
3597 3711 3805 3762 nostra

2152 3801 2274 3857 vice
2304 3818 2405 3856 vos
2453 3802 2770 3856 terminare
2820 3800 3137 3874 apostolica
3184 3798 3529 3855 auctoritate
3569 3796 3803 3869 judica-

2153 3909 2308 3946 H1118.

2218 3980 2472 4043 Quarum
2505 3979 2859 4052 dignitatum
2886 3977 3238 4049 honor,quia
3268 3976 3534 4030 modesta
3557 3977 3798 4030 actuum

396 4058 794 4129 omnipotente
821 4061 996 4114 vitam
1031 4070 1426 4135 consequatur
1453 4070 1746 4122 aeternam.

467 4145 613 4201 Data
641 4146 763 4202 Kal.
796 4147 934 4203 Julii
964 4166 1064 4220 per
1110 4169 1320 4208 manus
1367 4154 1658 4222 Friderici,
1711 4157 1940 4213 diaconi
1973 4159 2030 4214 S.

393 4232 461 4288 Β.
498 4235 560 4288 Ε.
610 4234 1058 4304 bihliothecarii,
1118 4245 1173 4295 et
1212 4241 1538 4297 cancellarii
1613 4245 1730 4300 vice
1775 4246 1840 4302 D.
1870 4247 2031 4302 Heri-

390 4323 592 4378 manni
613 4325 1126 4396 archicancellarii,
1149 4334 1206 4384 et
1227 4329 1553 4386 Coloniensi
1609 4333 2028 4408 archiepiscopi

387 4428 539 4469 anno
572 4414 638 4469 D.
674 4416 884 4472 Leonis
916 4417 1008 4485 IX,
1045 4435 1204 4490 papae
1238 4437 1312 4488 1v,
1349 4420 1548 4476 indict.
1593 4439 1646 4490 ν,
1692 4427 1888 4479 actum
1923 4425 2027 4480 Be-

383 4504 636 4570 neventi,
670 4504 728 4558 in
761 4505 861 4562 Dei
893 4507 1124 4562 nomine
1152 4507 1409 4564 feliciter.
1444 4513 1646 4566 Amen.

1085 4616 1319 4672 LXXIV.

381 4695 436 4750 S.
469 4699 666 4782 Leo
696 4701 1037 4782 Liutlcbnaﬂldo,
1071 4707 1468 4778 archiepiscopo
1499 4707 1830 4778 Moguntina,
1860 4711 2025 4782 pallii

453 4770 794 4855 falpltiwqye
824 4774 970 4855 ([33)
1003 4793 1158 4831 usum
1173 4782 1225 4855 et
1247 4770 1275 4826 ἶ(
1295 4770 1684 4850 διιρὶτνηαιῇιγη
1707 4783 1722 4853 (
1736 4770 2023 4855 134)ἐᾳιιί-

450 4839 606 4892 tandz‘
637 4862 664 4888 »
698 4839 975 4898 licentiam
1005 4849 1260 4903 concedit.

1003 4935 1186 5004 (Anno
1222 4937 1402 5005 1052.)

714 5018 1034 5089 [Gudenus,
1070 5023 1195 5079 Cod.
1229 5023 1453 5096 diplom.
1491 5031 1531 5094 Ι,
1565 5029 1673 5100 ΔΙ7.ι

443 5124 556 5178 Leo
584 5123 915 5198 episcopus,
951 5144 1250 5185 servorum
1285 5150 1486 5189 servus
1513 5136 1630 5202 Dei,
1653 5137 2017 5194 Luxruuamo

437 5239 585 5326 (£33)
617 5242 1016 5326 Cuplt‘z'aAldem
1047 5248 1471 5326 ac_miti‘a,‘_seu
1506 5257 1736 5325 tegmen
1784 5256 2013 5326 capitis,

369 5313 525 5397 quod
557 5319 1298 5397 caputltont‘umftmbiebat.
1326 5313 1666 5393 (Damasus,
1697 5313 1867 5383 διωθεῖ
1891 5327 1930 5382 l.
1961 5313 2014 5397 ν,

367 5385 410 5436 t.
446 5383 707 5461 pag.
749 5388 882 5442 1233
911 5389 1030 5443 edit
1063 5408 1190 5446 nov.
1230 5393 1265 5461 ).

401 5424 410 5436 .
446 5401 540 5436 ιιι.
617 5401 707 5456 ag.
749 5401 882 5442 1233
911 5401 1030 5443 edit
1063 5408 1190 5446 nov.
1233 5401 1265 5452 Ι.

401 5521 413 5533 ⁸
440 5401 866 5576 (134ἷΝίςεζιιω.
903 5461 1146 5516 Nectum
1181 5455 1265 5518 vel
1303 5469 1508 5520 nactus
1541 5469 1770 5537 proprie
1802 5475 1890 5523 cst
1922 5470 2013 5523 in-

401 5539 532 5576 ΙΠΠΘ
587 5533 748 5576 ϐεὶινι
795 5532 926 5576 (mni
1004 5551 1030 5576 Ω
1084 5535 1430 5576 nnihnnrlnrn
1484 5555 1713 5576 nnnnnn
1778 5542 2013 5576 {Vl-nonum

368 5527 532 5607 signa
566 5527 751 5607 festivi
795 5532 972 5607 equi,_
1004 5551 1036 5586 a
1084 5535 1430 5604 quibusdam
1484 5527 1714 5607 quoque
1772 5542 2017 5595 Nucumn

371 5600 671 5679 vocatum.
698 5599 1134 5679 Insternebatu'r
1164 5607 1319 5660 enim
1348 5599 1796 5679 strag'ulototus
1826 5629 2016 5679 equus

373 5668 433 5723 in
465 5668 796 5741 festivitate,
822 5675 908 5728 vel
934 5691 1166 5747 pompa.
1191 5680 1380 5750 Atque
1406 5668 1556 5736 inter
1575 5680 1786 5739 eximia
1807 5668 2014 5739 refere-

2146 4069 2445 4124 vivacitate
2476 4069 2793 4123 servandus
2832 4071 2940 4135 est,
2991 4067 3314 4132 hortamur,
3363 4067 3429 4119 ut
3479 4063 3531 4118 ei
3581 4067 3797 4117 cuncta

2145 4175 2372 4214 morum
2404 4163 2642 4213 tuorum
2693 4160 3036 4212 ornamenta
3082 4153 3446 4219 conveniant,
3499 4154 3797 4224 quatenus

2142 4251 2378 4302 auctore
2397 4248 2509 4302 Deo
2533 4250 2687 4301 recte
2709 4244 3022 4316 utrobique
3041 4243 3232 4316 possis
3261 4258 3390 4298 esse
3402 4240 3798 4312 conspicuus.

2139 4337 2340 4408 Itaque
2370 4336 2487 4390 vita
2516 4339 2616 4389 tua
2650 4333 2782 4388 ﬁliis
2817 4333 2932 4388 tuis
2964 4333 3041 4388 sit
3071 4331 3272 4405 regula
3320 4330 3378 4384 in
3412 4330 3558 4400 ipsa.
3588 4328 3642 4383 Si
3675 4344 3798 4399 qua

2135 4425 2418 4480 tortitudo
2445 4422 2560 4480 illis
2591 4423 2802 4494 injecta
2831 4426 2938 4489 est,
2972 4421 3229 4493 dirigant
3255 4437 3268 4487 ;
3303 4419 3360 4473 in
3393 4434 3462 4474 ea
3491 4416 3794 4488 quidimi-

2134 4518 2330 4570 tentur
2357 4513 2664 4585 aspiciant,
2699 4512 2756 4566 in
2789 4511 2919 4584 ipsa
2970 4527 3031 4566 se
3080 4525 3312 4582 semper
3361 4506 3793 4562 considerando

2060 4612 2102 4676 ι)
2134 4604 2459 4677 proﬁciant,
2494 4605 2558 4656 ut
2586 4605 2776 4669 tuum,
2812 4604 2944 4673 post
2973 4600 3180 4667 Deum,
3214 4598 3483 4653 videatur
3512 4611 3644 4652 esse
3686 4596 3794 4650 bo-

2135 4709 2275 4748 num
2307 4693 2460 4764 quod
2493 4690 2757 4746 vixerint.
2791 4691 2901 4746 Cor
2925 4705 3061 4761 ergo
3095 4703 3285 4759 neque
3317 4701 3619 4759 prospera,
3671 4702 3796 4757 qua

2135 4779 2529 4854 temporaliter
2557 4778 2963 4845 blandiuntur,
2998 4775 3302 4843 extollant,
3326 4791 3515 4846 neque
3539 4773 3795 4829 adversa

2129 4872 2424 4943 dejiciant,
2440 4870 2538 4926 sed
2555 4867 2842 4942 quidquid
2865 4866 3007 4922 illud
3035 4865 3231 4935 fuerit,
3255 4865 3472 4920 virtute
3491 4862 3794 4936 patientiae

2129 4962 2490 5018 devincatur.

2197 5049 2435 5107 Nullum
2469 5049 2621 5119 apud
2654 5052 2707 5103 te
2737 5047 2932 5103 locum
2962 5044 3114 5113 odia,
3144 5042 3347 5099 nullus
3387 5043 3552 5097 favor
3594 5039 3791 5097 indis-

2127 5145 2318 5196 cretus
2353 5138 2626 5193 inveniat.
2662 5137 3085 5193 Discretionem
3120 5133 3257 5190 mali
3290 5135 3634 5205 agnoscant.
3691 5131 3788 5187 In-

2128 5257 2300 5312 batur
2328 5253 2650 5326 privilegia.
2686 5253 2733 5307 si
2752 5249 3235 5326 cunepiscopoin
3263 5246 3640 5326 processione
3655 5246 3788 5326 Pal-

2129 5318 2380 5392 marum,
2415 5330 2471 5380 et
2501 5318 2642 5379 feria
2672 5318 2941 5379 secunda
2974 5318 3106 5392 post
3152 5318 3409 5392 Pascha,
3438 5335 3601 5392 equo
3648 5318 3786 5374 albo

2127 5399 2224 5471 qui
2260 5389 2448 5471 udone
2481 5412 2582 5471 seu
2616 5401 2785 5471 nacta
2804 5389 3112 5471 coopertus
3133 5396 3276 5471 erat,
3295 5389 3634 5471 insidereet
3649 5406 3785 5471 prof

2126 5461 2327 5526 cedere
2361 5467 2608 5522 facultas
2641 5468 2774 5521 data
2798 5461 3005 5522 fuerat.
3027 5465 3188 5532 Quod
3211 5463 3357 5519 nulli
3381 5461 3789 5534 planelicehat

2125 5543 2346 5609 absque
2378 5537 2612 5610 speciali
2640 5539 3042 5610 concessione.
3068 5569 3136 5578 —-
3157 5537 3340 5610 (Idem
3374 5550 3513 5588 voco
3557 5535 3782 5604 Equus,

2127 5619 2166 5668 t.
2206 5613 2299 5681 III,
2333 5630 2387 5683 p.
2412 5609 2546 5677 7119,
2582 5609 2704 5664 add.
2741 5616 2781 5664 t.
2818 5611 2886 5677 Il,
2920 5627 2975 5681 p.
3011 5610 3133 5676 434,
3171 5625 3224 5663 v.
3257 5609 3521 5663 Nactum.
