4088 6174
465 413 584 485 899

1532 395 1597 464 S.
1640 390 1921 462 LEONIS
1962 386 2044 453 IX
2085 383 2318 450 ΡΑΡιΕ
2358 384 2798 452 OPUSCULA.

3751 371 3867 442 700

464 568 600 611 cum
630 553 687 607 et
716 541 932 612 omnia,
968 559 1094 616 quae
1125 538 1344 598 ibidem
1376 541 1490 592 Deo
1523 536 1840 605 sanctoque
1885 532 2048 587 Petro
2080 545 2116 584 a
2143 521 2195 587 A
2229 522 2339 578 bus
2369 520 2459 576 vel
2490 521 2682 577 aetiam
2713 515 3155 593 praelationibus
3195 511 3383 588 ipsius
3411 507 3522 569 loci
3553 509 3865 582 emineant,

469 639 652 696 felicis
701 633 992 692 memoriae
1032 630 1321 696 Heinrico,
1371 625 1624 682 secundo
1676 639 1807 692 rege.
1838 625 1892 675 et
1923 619 2110 691 primo

467 731 838 801 imperatore,
869 721 1084 776 tradita
1114 721 1269 784 sunt,
1304 719 1360 770 et
1392 732 1517 786 quae
1550 713 1607 766 in
1641 718 1940 783 posterum
1980 710 2113 779 jure

467 797 692 889 acquiri
740 814 987 885 possunt
1035 808 1123 862 vel
1164 807 1326 876 juste
1350 802 1639 874 acquisita
1680 803 1839 865 sunt,
1874 797 2107 870 praedia,

469 903 786 974 mancipia,
802 914 1032 963 aurum,
1049 898 1354 964 argentum
1367 891 1583 963 ,pallia,
1598 908 1758 956 vasa,
1775 892 2116 944 ornamenta

465 993 552 1050 vel
579 991 694 1046 alia
715 984 1040 1051 ustensilia,
1064 999 1235 1037 nemo
1254 980 1537 1036 audeatin
1562 982 1907 1050 perpetuum
1930 975 2117 1030 subri-

468 1097 625 1154 pere,
650 1077 877 1133 auferre
895 1077 994 1127 aut
1011 1075 1393 1134 commutare,
1414 1069 1522 1123 nisi
1540 1068 1609 1122 ad
1631 1065 1939 1121 utilitatem
1960 1064 2115 1132 ejus-

469 1151 602 1225 dem
625 1164 878 1222 ecclesiae
903 1181 915 1228 ;
943 1162 1044 1217 sed
1067 1160 1376 1231 episcopus
1394 1157 1655 1228 ejusdem
1680 1155 1810 1221 loci,
1826 1152 1914 1207 vel
1937 1151 2035 1223 qui
2058 1152 2117 1205 in

470 1261 815 1330 perpetuum
849 1251 1109 1322 ejusdem
1140 1248 1356 1303 fuerint.
1373 1261 1761 1308 successores,
1787 1258 1990 1297 secura
2020 1257 2118 1295 eas

469 1343 897 1415 tranquillitate
924 1337 1286 1410 possideant,
1319 1351 1385 1390 ac
1414 1335 1657 1389 liberam
1696 1333 1950 1387 habeant
1970 1334 2122 1401 pote-

471 1439 681 1490 statem
709 1445 913 1485 omnes
935 1444 1026 1481 res
1048 1430 1106 1480 et
1128 1424 1515 1496 proprietates
1539 1423 1801 1492 ejusdem
1829 1420 1936 1474 loci
1964 1418 2118 1473 ordi-

471 1539 610 1578 nare
640 1524 815 1589 atque
842 1531 1188 1587 componere
1207 1513 1295 1568 vel
1318 1513 1492 1568 etiam
1525 1514 1924 1583 augmentare,
1947 1506 2118 1563 dissi-

472 1627 609 1684 pare
658 1624 791 1663 vero
841 1610 1015 1676 atque
1060 1603 1413 1658 confundere
1444 1599 1667 1656 nullam
1700 1599 1954 1654 habeant
1985 1597 2120 1651 inde

471 1700 820 1773 potestatem
851 1698 951 1748 aut
981 1691 1463 1747 dominationem.
1508 1691 1754 1760 Insuper
1783 1705 1886 1760 pro
1921 1689 2121 1742 nostra

473 1786 782 1845 autoritatc
831 1782 1130 1838 sancimus
1160 1785 1225 1835 ut
1254 1780 1313 1834 in
1343 1779 1612 1834 terminis
1662 1795 1728 1833 ac
1759 1778 1932 1832 rebus
1963 1776 2118 1846 ejus-

2221 611 2314 668 his
2332 611 2601 666 videlicet
2621 610 2848 674 diebus,
2872 609 2932 664 in
2959 607 3264 663 nativitate
3285 602 3518 661 Domini
3540 607 3598 658 et
3617 599 3871 658 Salvato-

2220 701 2363 756 toris
2394 699 2576 755 nostri
2623 699 2760 756 Jesu
2792 697 3028 763 Christi,
3059 700 3116 751 et
3146 697 3203 749 in
3237 710 3401 749 omna
3429 690 3684 758 Domini,
3720 695 3777 745 et
3804 689 3858 747 in

2221 791 2470 847 Sabhato
2518 793 2716 845 sancto
2763 792 2818 842 et
2859 788 2918 842 in
2965 785 3058 840 die
3107 783 3369 857 gloriosa
3402 779 3863 837 Resurrectionis

2223 880 2510 949 ejusdem,
2563 882 2620 933 et
2658 880 2859 932 sancto
2911 875 3305 939 Pentecostes,
3339 875 3396 926 et
3443 870 3497 923 in
3543 868 3635 923 die
3687 867 3866 922 sancti

2226 968 2476 1040 Georgii,
2512 971 2568 1022 et
2597 967 2656 1022 in
2690 966 2783 1021 die
2813 968 3149 1022 sanctorum
3184 960 3334 1016 Petri
3367 963 3424 1014 et
3456 955 3642 1022 Pauli,
3677 960 3742 1010 et
3766 957 3866 1011 Αε-

2226 1056 2580 1128 sumptionis
2628 1054 2980 1111 beatissima:
3026 1051 3220 1107 Mariae
3269 1052 3326 1104 et
3367 1045 3555 1102 sancti
3587 1045 3862 1115 Dionysii,

2227 1163 2330 1218 pro
2346 1144 2665 1201 reverentia
2687 1143 2870 1200 nostri
2892 1139 3174 1214 praelibati
3198 1133 3640 1210 praedecessoris
3671 1132 3864 1188 domui

2227 1233 2540 1291 Clementis
2590 1251 2769 1306 papae,
2819 1233 2990 1303 cujus
3021 1225 3410 1284 aniversarius
3443 1225 3568 1279 dies
3608 1226 3756 1276 tunc
3801 1220 3864 1275 ab

2228 1323 2745 1379 eisdemfratribus
2767 1320 2976 1393 agitur,
3002 1317 3127 1373 etin
3151 1313 3546 1372 anniversario
3563 1309 3866 1366 diedomni

2229 1412 2480 1468 Heinrici
2511 1409 2902 1484 imperatoris,
2929 1407 3194 1477 ejusdem
3225 1403 3332 1457 loci
3363 1398 3718 1457 venerabilis
3748 1413 3866 1453 con-

2229 1501 2554 1558 structoris.
2607 1500 2710 1554 His
2755 1514 2887 1553 vero
2919 1493 3293 1552 concedimus
3325 1491 3476 1546 hanc
3525 1486 3861 1560 dignitatern

2230 1590 2330 1662 qui
2379 1593 2611 1644 tantum
2671 1585 3000 1660 specialiter
3057 1581 3346 1638 excubant
3399 1576 3487 1633 vel
3535 1574 3863 1631 deserviunt

2229 1679 2383 1750 apud
2407 1676 2666 1749 praedicti
2682 1671 3131 1748 praedecessoris
3146 1667 3328 1724 nostri
3342 1665 3704 1738 sepulcrum.
3728 1663 3861 1717 Con-

2227 1771 2418 1822 tentos
2449 1770 2646 1820 tamen
2667 1763 2762 1819 his
2783 1761 3084 1818 sancimus
3113 1756 3319 1812 diebus
3349 1755 3488 1819 fore,
3522 1769 3630 1808 nec
3662 1750 3807 1807 ultra
3832 1767 3863 1804 a

475 1878 609 1933 dem
631 1872 886 1931 ecclesiae
909 1870 1067 1926 nulla
1082 1869 1468 1926 sitinfestatio
1487 1873 1868 1940 tyrannorum
1882 1865 1967 1920 vel
1987 1863 2121 1920 alio-
2150 1886 2198 1950 B
2230 1871 2526 1928 quoquam
2557 1857 2776 1909 temere
2804 1847 3099 1920 usurpari,
3118 1863 3190 1901 ne
3220 1844 3408 1898 honor
3431 1840 3705 1914 proprius
3734 1854 3860 1910 apo-

2322 1944 2358 1950 --
2559 1943 2596 1950 -.
2702 1941 2734 1950 ..
2884 1945 2891 1950 .
2968 1938 3012 1950 ιη
3360 1949 3365 1950 ,
3388 1932 3469 1950 ηε-
3512 1946 3685 1950 __-____
3727 1927 3860 1950 32-1-

473 1982 609 2026 rum
641 1961 1040 2036 quorumlibet
1059 1959 1367 2015 hominum
1399 1973 1730 2029 pravorum,
1766 1956 1884 2010 sive
1912 1955 2028 2009 sint
2058 1954 2117 2008 in

476 2056 703 2113 civitate
747 2053 875 2124 ipsa
914 2047 1308 2114 Babenherch,
1361 2047 1479 2102 sive
1514 2045 1573 2100 in
1624 2044 1897 2111 castellis,
1944 2042 2119 2109 villis,

476 2145 680 2209 servis,
713 2139 962 2202 ancillis,
997 2136 1343 2204 tributariis,
1375 2134 1639 2198 decimis,
1662 2133 1911 2201 forestis,
1937 2132 2120 2199 silvis,

474 2230 912 2294 venationibus,
963 2225 1407 2298 piscationibus,
1457 2222 1832 2292 molendinis,
1873 2221 2120 2292 campis,

476 2321 682 2394 pratis,
718 2315 972 2388 pascuis,
1007 2314 1164 2386 agris
1201 2311 1376 2367 cultis
1408 2316 1465 2366 et
1504 2310 1774 2380 incultis;
1811 2314 1912 2365 aut
1950 2309 2122 2382 quid-

479 2409 617 2481 quid
650 2406 821 2460 modo
872 2403 1009 2456 illuc
1062 2402 1311 2473 pertinet
1371 2404 1470 2455 aut
1528 2400 1587 2454 in
1647 2401 1909 2455 futurum
1960 2399 2123 2469 juste

479 2494 703 2568 acquiri
749 2491 977 2564 poterit,
1036 2507 1139 2562 per
1183 2494 1392 2545 nostrae
1445 2489 1773 2561 apostolica:
1809 2487 2122 2543 auctorita-

478 2584 556 2641 tis
584 2580 955 2656 privilegium
989 2579 1452 2644 corrohoratum,
1477 2578 1536 2632 in
1562 2594 1766 2633 secura
1788 2582 2126 2649 permaneat

479 2674 696 2746 quiete.
719 2669 928 2726 Nullus
957 2668 1037 2724 ibi
1069 2684 1263 2723 comes
1296 2669 1590 2738 autjudex
1613 2666 1892 2739 placitum
1913 2682 2013 2721 seu
2037 2664 2122 2718 di-

479 2761 842 2819 strictionem
893 2757 1149 2829 aliquam
1181 2757 1369 2812 facere
1397 2756 1484 2811 vel
1516 2761 1711 2811 tenere
1748 2755 1976 2821 audeat,
2010 2753 2125 2808 nisi

481 2868 657 2923 quam
701 2865 802 2920 per
833 2845 1269 2902 concessionem
1302 2845 1713 2917 gloriosissimi
1757 2842 2126 2916 imperatoris

480 2937 724 2996 secundi
767 2935 1041 3001 Heinrici,
1083 2933 1170 2991 vel
1203 2951 1608 2990 successorum
1647 2934 1775 3002 ejus
1818 2933 2127 3003 episcopus

480 3027 744 3098 ejusdem
768 3024 877 3080 loci
900 3023 1323 3080 deliberaverit.
1347 3022 1520 3078 Nulla
1543 3022 1601 3076 in
1626 3022 1823 3092 aliqua
1843 3021 2128 3093 dignitate

480 3114 670 3188 posita
682 3130 894 3186 magna
904 3130 1197 3184 parvaque
1209 3129 1456 3184 persona
1470 3110 1908 3183 perviolentiam
1922 3109 2126 3163 irruat.

483 3204 569 3260 Sit
596 3203 691 3259 ille
731 3203 1102 3275 episc0patus
1131 3202 1298 3267 liber,
1332 3202 1594 3256 Romano
1623 3202 1852 3255 tantum
1887 3197 2127 3252 mundi-

2230 1927 2444 2000 stolicae
2476 1943 2634 1999 sedis
2662 1941 2921 1996 vilescat.
2967 1938 3098 1994 Haec
3129 1950 3262 2010 vero
3285 1932 3481 1989 omnia
3509 1946 3693 2002 supra
3721 1927 3868 1982 dicta

2230 2033 2521 2088 observari
2552 2036 2609 2087 et
2637 2028 2918 2086 custodiri
2939 2027 2999 2083 in
3020 2028 3388 2099 perpetuum,
3412 2025 3611 2075 nostra
3641 2020 3866 2089 aposto-

2229 2123 2342 2177 lica
2370 2120 2714 2177 auctoritate
2737 2116 3128 2181 decernimus,
3154 2111 3562 2168 confirmamus
3583 2109 3640 2159 et
3669 2119 3869 2159 corro-

2231 2213 2529 2268 boramus.
2564 2208 2673 2275 Qui
2694 2223 2850 2273 vero,
2883 2204 3038 2277 quod
3073 2201 3244 2269 absit,
3277 2199 3452 2270 hujus
3479 2193 3664 2250 nostri
3695 2190 3870 2264 privi-

2231 2299 2370 2373 legii
2401 2297 2748 2355 temerarius
2777 2300 3176 2366 transgressor
3194 2285 3496 2353 exstiterit,
3518 2282 3642 2350 Dei,
3666 2286 3726 2337 et
3741 2281 3870 2336 bea-

2232 2370 2476 2446 tissimae
2508 2387 2722 2455 Mariae,
2748 2385 3120 2440 etbeatorum
3145 2377 3295 2434 Petri
3317 2381 3374 2432 et
3387 2373 3547 2429 Pauli
3577 2370 3869 2426 omnium-

2233 2497 2347 2552 que
2369 2480 2706 2534 sanctorum
2729 2479 2786 2531 et
2805 2475 3004 2529 nostra
3023 2474 3238 2525 aeterna
3267 2460 3676 2520 maledictione
3698 2457 3870 2514 male-

2233 2548 2482 2633 dicatur,
2506 2570 2563 2621 et
2580 2563 2844 2637 perpetui
2868 2549 3518 2617 anathematisvinculis
3541 2548 3869 2637 innodetur,

2235 2657 2346 2714 nisi
2378 2655 2557 2729 digna
2578 2636 2975 2710 satisfactione
2999 2644 3308 2719 resipuerit
3327 2647 3384 2698 et
3404 2639 3683 2696 canonice
3712 2636 3870 2693 satis-

2235 2723 2471 2802 fecerit:
2487 2743 2593 2808 Qui
2627 2747 2822 2798 autem
2855 2739 2950 2813 pio
2982 2737 3154 2794 corde
3182 2734 3362 2805 hujus
3400 2731 3738 2786 observator
3772 2723 3875 2797 pri-

2233 2834 2426 2908 vilegii
2453 2831 2760 2897 exstiterit,
2784 2830 2886 2887 Dei
2903 2822 3321 2899 omnipotentis
3341 2824 3398 2877 et
3416 2818 3582 2875 alma:
3604 2816 3794 2908 Mariae
3821 2816 3873 2868 et

2235 2903 2542 2980 beatorum
2572 2919 2971 2994 apostolorum
3011 2915 3162 2972 Petri
3193 2918 3249 2968 et
3281 2909 3446 2966 Pauli
3479 2903 3872 2963 benedictione

2237 3014 2478 3080 ditatus,
2513 3010 2709 3067 aeterni
2741 3007 2904 3082 regni
2939 3005 3229 3079 particeps
3263 2999 3386 3055 fieri
3418 3000 3736 3054 mereatur.

2310 3077 2472 3156 Data
2498 3116 2599 3171 per
2641 3077 2853 3153 manuve
2884 3077 3158 3152 Friderici
3189 3085 3426 3145 Diaconi
3454 3077 3872 3140 bibliothecarii

2240 3194 2296 3245 et
2325 3186 2652 3244 cancellarii
2693 3188 2906 3242 sanctae
2939 3183 3211 3237 Romanae
3241 3174 3540 3231 catholica:
3567 3173 3626 3226 et
3651 3172 3872 3242 aposto-

481 3256 690 3348 hurdio
710 3256 1318 3360 siibditdgquatenus
1341 3289 1648 3360 episcopus
1668 3288 1911 3343 liberius
1942 3289 1999 3341 et
2026 3286 2124 3342 de-
2158 3256 2200 3322 C
2239 3277 2360 3333 lica
2392 3275 2679 3344 Ecclesiae,
2713 3289 2865 3330 anno
2904 3268 3218 3326 Dominicis
3262 3259 3689 3360 incarnationis
3722 3258 3874 3322 1052,

486 3379 818 3434 lectabilius
853 3394 984 3431 cum
1019 3377 1246 3431 clericis
1278 3375 1402 3431 suis
1435 3376 1666 3431 servitio
1701 3375 1801 3431 Dei
1832 3374 2127 3446 possitin-

481 3465 706 3532 sistere,
738 3470 796 3519 et
815 3464 1066 3519 Heinrici
1101 3464 1273 3535 primi
1306 3464 1697 3536 imperatoris,
1723 3464 1985 3533 ejusdem
2016 3462 2126 3518 loci

482 3551 831 3609 venerabilis
885 3552 1231 3618 fundatoris,
1265 3552 1587 3623 nostrique,
1647 3550 1870 3606 scilicet
1920 3550 2128 3606 Leonis

483 3643 620 3699 noni
666 3659 849 3716 papae,
893 3658 958 3696 ac
1008 3645 1344 3696 nostrorum
1386 3656 1814 3706 successorum,
1875 3639 2130 3694 Heinrici

484 3748 716 3806 quoque
729 3732 794 3786 ch
805 3729 1060 3786 arissimi
1075 3729 1176 3784 filii
1194 3729 1375 3785 nostri
1389 3728 1628 3785 secundi
1644 3727 2031 3799 imperatoris,
2051 3731 2134 3784 at-

482 3839 595 3893 que
626 3820 914 3884 omnium,
945 3818 1161 3889 quibus
1179 3817 1470 3873 debitores
1493 3819 1654 3880 sunt,
1675 3814 2016 3871 memoriam
2033 3816 2130 3885 ju-

485 3911 635 3982 giter
661 3909 890 3963 habere.
931 3907 1018 3962 Sit
1047 3911 1241 3963 tamen
1267 3907 1419 3962 idem
1444 3905 1750 3977 episcopus
1781 3921 1886 3960 suo
1920 3908 2134 3960 metro-

485 3996 743 4069 politano
782 3997 1055 4066 episcopo
1104 3995 1466 4067 Moguntino,
1503 3994 1561 4048 in
1609 3992 1903 4048 canonicis
1943 3992 2136 4049 causis

487 4084 918 4150 tantummodo,
944 4084 1245 4153 subjectus
1267 4087 1322 4139 et
1339 4080 2011 4138 obediens.‘Deliberatis
2029 4081 2135 4154 igi-

485 4177 603 4238 tur,
638 4170 860 4226 sanctis
909 4187 974 4224 ae
1009 4172 1399 4227 corroboratis
1443 4171 1720 4225 omnibus
1761 4187 1940 4241 supra
1970 4169 2139 4225 dictis

489 4262 685 4329 rebus,
720 4260 907 4315 eidem
933 4264 1134 4315 sancto
1159 4259 1282 4314 loco
1311 4257 1534 4331 placuit
1555 4259 1889 4313 addendum
1911 4257 2139 4330 insigne

489 4349 727 4406 honoris
750 4347 1124 4404 ecclesiastici
1157 4366 1190 4403 a
1219 4345 2136 4418 nostraapostolicaauctoritate,

491 4437 648 4494 ducti
683 4454 878 4493 amore
910 4442 966 4493 et
995 4437 1317 4492 reverentia
1345 4435 1682 4503 Clementis,
1709 4435 1813 4506 pia:
1846 4435 2142 4491 memoria:

490 4527 937 4602 praedecessoris
969 4526 1174 4594 nostri,
1196 4542 1371 4598 quem
1393 4525 1547 4581 Deus
1570 4524 1718 4580 miro
1740 4523 2142 4597 dispositionis

2238 3382 2389 3422 anno
2422 3364 2798 3436 pontificatus
2829 3359 3031 3415 domni
3061 3353 3272 3412 Leonis
3297 3349 3436 3408 noni
3467 3365 3628 3422 papae
3661 3363 3738 3402 ιν.

2955 3463 3168 3522 LXXVI

2241 3564 2294 3619 S.
2330 3563 2430 3616 Leo
2480 3561 2546 3616 IX
2579 3559 2872 3625 Hartwigo,
2922 3554 3169 3627 episcopo
3218 3543 3617 3627 Bainocrgeusi,
3654 3543 3882 3627 .rogatu

2309 3615 2556 3688 Heinrici
2611 3615 2978 3700 imperatoria,
3027 3615 3265 3696 pallium
3308 3619 3472 3674 mittit
3514 3618 3595 3670 ter
3641 3615 3706 3668 in
3738 3625 3882 3667 anno

2313 3703 2593 3760 utendum.

2873 3789 3057 3860 (Anno
3091 3783 3268 3850 1053.)

2378 3881 2584 3952 [Pertz,
2617 3878 2858 3934 Monum.
2888 3874 3064 3931 Germ.
3097 3861 3232 3928 Hist.
3265 3869 3477 3942 Script.
3511 3865 3603 3932 IV,
3635 3862 3755 3933 80.]

2317 3989 2430 4043 Leo
2471 3984 2804 4057 episcOpus,
2846 3995 3048 4037 servus
3105 3993 3404 4034 servorum
3451 3972 3574 4036 Dei,
3609 3969 3885 4025 ﬂammeo

2247 4070 2751 4146 Babenhergeusis
2772 4069 3038 4126 Ecclesiae
3079 4064 3397 4124 venerabili
3435 4061 3732 4134 episcopo,
3764 4070 3888 4127 per-

2249 4171 2485 4240 petuam
2515 4162 2575 4217 in
2608 4160 2852 4217 Domino
2881 4159 3020 4215 Jesu
3049 4156 3277 4213 Christo
3307 4153 3579 4210 salutem.

2319 4256 2374 4309 Si
2407 4256 2670 4326 pastores
2700 4247 2896 4305 ovium
2927 4247 3110 4303 solem
3143 4245 3390 4319 geluque
3420 4257 3521 4315 pro
3566 4235 3765 4311 gregis
3806 4229 3893 4288 sui

2250 4325 2517 4401 custodia
2547 4339 2640 4396 die
2669 4355 2735 4395 ac
2767 4341 2932 4394 nocte
2963 4337 3108 4392 ferre
3139 4332 3399 4391 contenti
3437 4331 3599 4394 sunt,
3640 4328 3702 4381 et
3734 4325 3802 4378 ut
3829 4334 3894 4374 ne

2254 4451 2369 4507 qua
2398 4449 2467 4489 ex
2504 4430 2589 4486 eis
2620 4433 2722 4484 aut
2749 4427 2996 4484 errando
3042 4429 3261 4498 pereat,
3308 4425 3409 4478 aut
3437 4416 3637 4476 ferinis
3684 4411 3898 4468 laniata

2254 4521 2551 4580 morsibus
2579 4518 2860 4591 rapiatur,
2894 4497 3080 4572 oculis
3113 4528 3346 4586 semper
3383 4503 3770 4581 vigilantibus
3795 4497 3898 4555 cir-

489 4593 695 4673 ordine
727 4634 760 4672 a
799 4616 1136 4688 praelatione
1166 4593 1348 4686 hujus
1381 4614 1490 4670 loci
1523 4615 1593 4669 ad
1627 4593 2141 4669 sanctze‘Romanze
2175 4628 2221 4692 D
2252 4613 2678 4684 cumspectant,
2711 4611 2928 4678 quanto
2975 4604 3190 4660 sudore
3233 4603 3568 4674 quantaque
3612 4593 3902 4648 debemus

490 4705 790 4761 catholicae
805 4711 859 4760 et
872 4705 1201 4776 apostolicae
1218 4703 1480 4760 Ecclesiae
1505 4703 1729 4774 apicem
1747 4703 2023 4774 dignatus
2057 4706 2146 4758 est

492 4793 796 4859 accersire,
831 4799 888 4848 et
918 4793 1247 4848 mirabilius
1277 4811 1307 4848 e
1339 4791 1621 4848 Romanis
1644 4789 1910 4845 finitimis
1940 4790 2141 4846 defun-

493 4886 656 4937 ctum
691 4897 905 4952 corpus
933 4883 1062 4953 ejus
1094 4883 1389 4948 reducere,
1423 4879 1622 4936 volens
1645 4879 1794 4934 hanc
1816 4877 2145 4951 ecclesiam,

499 4974 565 5026 ut
594 4969 976 5039 aestimamus,
1011 4973 1183 5043 quasi
1216 4988 1422 5027 novam
1451 4974 1614 5024 tanto
1644 4969 1984 5024 decoratum
2015 4985 2146 5026 esse

494 5063 766 5132 patrono,
809 5060 1251 5133 Romanamque
1283 5062 1616 5116 contentam
1649 5062 1707 5113 et
1737 5058 2145 5128 sufficientem,

495 5147 802 5222 prateritis
821 5154 876 5204 et
902 5149 1114 5206 futuris
1138 5151 1406 5205 Patribus
1430 5164 1666 5203 manere
1689 5151 1971 5202 ornatam.
1997 5147 2146 5212 Quin

495 5239 694 5307 etiam,
721 5257 916 5295 arnore
938 5246 993 5296 et
1010 5240 1298 5296 desiderio
1322 5240 1587 5307 fratrum,
1608 5237 1707 5309 qui
1729 5237 1904 5294 nosin
1923 5236 2046 5292 suis
2069 5253 2151 5293 re-

499 5345 703 5399 cepere
730 5328 1464 5401 ecclesiasticisstipendiis
1485 5331 1544 5382 et
1560 5326 1941 5398 quotidianis,
1964 5341 2147 5380 unum

497 5421 699 5470 nostra
728 5417 1131 5474 vicissitudine
1149 5435 1346 5490 regere
1365 5403 1627 5482 fratrem,
1655 5414 1859 5470 mitras
1879 5413 2148 5486 gestandi

496 5505 873 5560 concedimus
903 5506 1221 5573 licentiam,
1252 5525 1318 5562 ea
1352 5505 1574 5560 scilicet
1609 5504 1830 5558 ratione
1852 5508 1917 5558 ut
1939 5505 2012 5559 ab
2033 5504 2150 5576 epi-

500 5608 674 5662 scopo
699 5595 1110 5663 provideantur
1129 5595 1424 5669 digniores
1454 5593 1888 5648 ethonestiores
1908 5594 2147 5665 presby-

499 5679 607 5737 teri
630 5684 686 5735 et
707 5681 958 5752 diaconi,
985 5685 1082 5756 qui
1103 5685 1273 5742 bonis
1302 5682 1562 5740 moribus
1581 5681 1669 5738 vel
1692 5682 1941 5740 maturis
1963 5682 2147 5740 aetati-

2255 4683 2564 4776 pervigiles
2585 4713 2714 4752 esse
2728 4693 3032 4768 diligentia
3045 4711 3152 4748 nos
3166 4691 3265 4764 qui
3286 4694 3552 4763 pastores
3565 4683 3902 4739 animarum

2249 4769 2922 4848 dicimur‘Mttendamus
2935 4787 2992 4839 et
3004 4787 3346 4853 susceptum
3359 4775 3617 4834 ofticium
3630 4769 3908 4826 exhibere

2255 4895 2392 4952 erga
2409 4873 2734 4933 custodiam
2757 4871 3200 4928 Dominicarum
3222 4867 3417 4925 ovium
3440 4879 3555 4919 non
3579 4869 3906 4918 cessemus,

2255 4985 2328 5025 ne
2359 4968 2418 5022 in
2439 4965 2533 5020 die
2569 4962 2752 5020 divini
2783 4959 3092 5027 examinis,
3125 4976 3230 5032 pro
3263 4953 3487 5012 desidia
3516 4951 3749 5012 nostra,
3781 4945 3912 5032 ante

2257 5071 2558 5113 summum
2581 5052 2880 5108 Pastorem
2899 5047 3266 5122 negligentia:
3280 5048 3477 5101 reatus
3489 5055 3597 5096 nos
3618 5031 3914 5093 excruciet

2255 5145 2411 5199 unde
2442 5142 2615 5197 modo
2639 5139 2876 5196 honoris
2902 5137 3222 5194 reverentia
3239 5131 3613 5192 sublimiores
3633 5126 3796 5180 inter
3815 5135 3918 5176 coe-

2256 5229 2777 5302 terosjudicamur.
2798 5228 2888 5283 Ad
2911 5227 3229 5283 missarum
3247 5225 3444 5294 itaque
3458 5213 3751 5275 solemnia
3770 5208 3920 5302 cale:-

2259 5294 2485 5378 branda
2502 5318 2850 5374 fraternitati
2870 5321 2982 5372 tuae
2997 5315 3240 5389 pallium
3258 5306 3743 5369 transmittimus,
3760 5294 3918 5389 quod

2259 5407 2728 5468 antecessoribus
2749 5406 2868 5463 tuis
2886 5386 3188 5479 nun—quam
3205 5406 3339 5459 ante
3354 5409 3724 5460 concessum,
3743 5386 3924 5479 modo

2257 5498 2363 5556 tibi
2381 5496 2570 5570 primo
2584 5495 2982 5565 concedimus,
2999 5472 3206 5570 rogatu
3219 5485 3590 5549 dilectissimi
3605 5479 3710 5538 ﬁlii
3732 5472 3925 5570 nostri

2259 5585 2631 5660 imperatoris
2643 5583 2918 5651 Heinrici,
2942 5589 3000 5641 et
3020 5563 3122 5657 pro
3142 5579 3514 5639 veneratione
3527 5563 3927 5632 antecesseris

2259 5659 2366 5750 tui,
2418 5675 2525 5750 piae
2570 5672 2866 5732 memoriae
2896 5672 3096 5730 domui
3129 5687 3289 5748 papa“:
3339 5660 3679 5736 Clementis,
3728 5659 3793 5712 et
3823 5668 3926 5728 pro
