4088 6174
225 416 228 421 ’
273 461 385 526 τοι

1244 432 1652 531 EPlS'l‘OL/E
1694 466 1796 530 ET
1836 467 2200 530 nscas“
2246 466 2721 531 PONTIFIGIA.

3561 469 3679 538 702

271 595 559 654 memoria
586 596 837 654 Heinrici
870 563 1242 671 imperatoris
1257 601 1710 674 primi,praefatae
1737 600 1919 658 eccle-
1950 603 2005 670 Α
2035 600 2175 674 quia
2204 601 2517 674 postulasti
2537 620 2572 659 a
2599 602 2768 660 nobis
2795 606 3085 676 quatenus
3108 603 3673 679 archiepiscopatum

271 686 368 742 siaa
387 687 812 744 constructoris
835 689 1261 763 benignissimi.
1287 690 1408 755 Quo
1432 691 1538 745 tibi
1560 694 1648 746 ter
1687 691 1747 746 in
1767 708 1921 746 anno

270 775 357 831 uti
374 775 795 847 permittimus,
820 777 977 833 salva
1009 779 1353 835 auctoritate
1382 780 1612 835 domnze
1633 781 1925 852 metropo-

265 864 462 921 litanze
495 866 873 939 Moguntina},
908 868 1185 931 ecclesia,
1218 868 1440 924 scilicet
1469 869 1527 923 in
1569 869 1663 924 die
1711 873 1923 924 sanctae

269 955 759 1022 Resurrectionis,
792 961 850 1012 et
879 957 937 1012 in
971 957 1254 1013 natalitiis
1277 957 1675 1030 apostolorum
1697 958 1849 1013 Petri
1871 962 1928 1013 ct

267 1043 523 1110 Pauli,et
544 1044 605 1100 in
631 1044 1004 1101 solemnitate
1021 1047 1209 1103 sancti
1237 1048 1590 1120 Dionysii,eo
1615 1049 1769 1119 quod
1786 1051 1927 1102 tunc

270 1132 634 1189 anniversari
646 1151 721 1191 us,
734 1133 858 1190 dies
871 1135 1197 1191 celebratur
1216 1138 1416 1192 domni
1432 1154 1594 1210 papae
1611 1136 1928 1193 Clementis

270 1238 458 1292 supra
481 1223 786 1278 memorati
808 1223 1108 1298 ;hancque
1129 1226 1281 1281 diem
1308 1230 1572 1282 sanctam
1610 1224 1929 1297 apostolica

270 1311 619 1366 auctoritate
649 1312 966 1367 statuimus
996 1313 1283 1370 celebrem
1304 1331 1433 1371 esse
1462 1331 1562 1385 per
1581 1318 1771 1370 totum
1805 1313 1926 1385 epi-

270 1404 601 1471 scopatum.
625 1400 805 1470 Cujus
823 1402 1103 1472 quoniam
1122 1403 1450 1460 indumenti
1464 1402 1652 1459 honor
1664 1403 1931 1459 modesta

269 1493 513 1545 actuum
549 1489 853 1546 vivacitate
889 1493 1213 1549 servandus
1262 1496 1371 1564 est,
1428 1493 1734 1549 hortamur
1762 1496 1828 1548 ut
1877 1492 1928 1549 ei

270 1596 514 1636 morum
540 1582 775 1637 tuorum
807 1585 1154 1637 ornamenta
1209 1584 1577 1652 conveniant,
1639 1587 1928 1655 quatenus

272 1672 520 1726 auctore
537 1669 651 1725 Deo
674 1672 826 1725 recte
848 1670 1158 1743 utrobique
1180 1673 1374 1744 possis
1404 1688 1531 1728 esse
1549 1672 1923 1743 conspicuus.

268 1760 482 1830 Itaque
510 1757 634 1814 viva
660 1763 763 1814 tua
788 1758 931 1815 ﬁliis
958 1760 1077 1815 tuis
1110 1761 1188 1816 sit
1216 1761 1436 1832 regula.
1472 1764 1533 1817 In
1563 1763 1693 1835 ipsa
1730 1762 1777 1817 si
1812 1780 1927 1833 qua

266 1846 555 1903 fortitudo
584 1845 704 1903 illis
723 1847 939 1918 injecta
968 1853 1055 1904 est
1084 1849 1390 1919 dirigatur,
1424 1850 1483 1906 in
1515 1867 1583 1907 ea
1596 1852 1751 1924 quod
1794 1851 1927 1906 imi-

2035 691 2592 763 Ilammaburgensis
2614 693 2876 749 Ecclesiae
2907 697 3095 750 totum
3126 694 3185 749 in
3220 694 3512 767 integrum
3570 697 3675 752 tibi

2033 781 2590 852 successoribusque
2610 781 2728 837 tuis
2752 783 3254 850 conﬁrmaremus,
3280 784 3454 840 sicuti
3476 802 3510 840 a
3532 801 3679 856 prae-

2033 869 2439 926 decessoribus
2466 856 2706 933 nostris,
2736 871 3003 926 videlicet
3024 872 3261 928 Nirolao
3279 877 3337 928 et
3356 874 3603 946 Agapito
3626 878 3683 929 et

2035 959 2342 1015 Benedicto
2373 959 2554 1031 hujus
2583 960 2913 1032 apostolicae
2946 961 3105 1017 sedis
3134 962 3444 1033 episcopis,
3478 963 3680 1019 decre-

2034 1051 2163 1102 tum
2180 1052 2286 1103 est.
2312 1047 2578 1103 Inclinati
2607 1048 2876 1120 precibus
2898 1050 3127 1117 vestris,
3146 1050 3466 1121 apostolica
3488 1056 3681 1107 aucto-

2035 1136 2202 1191 ritate
2225 1137 2600 1193 concedimus
2622 1142 2678 1194 et
2696 1139 3114 1194 conﬁrmamus
3134 1156 3267 1194 cum
3286 1140 3560 1196 omnibus
3583 1157 3680 1213 ge-

2036 1223 2310 1280 neraliter
2333 1228 2506 1297 atque
2544 1225 2872 1296 specialiter
2917 1228 2989 1282 ad
3046 1228 3321 1283 eumdem
3369 1229 3676 1299 prtefatum

2036 1311 2601 1383 archiepiscopatum
2616 1318 2872 1369 vestrum
2889 1315 3028 1386 perti
3041 1315 3562 1381 nentibus,scilicet
3582 1334 3677 1372 om

2038 1401 2137 1457 nia
2165 1417 2291 1473 quae
2314 1400 2489 1457 vestri
2516 1406 2911 1458 antecessores
2932 1403 3057 1459 suis
3086 1403 3385 1459 laboribus
3399 1405 3681 1476 acquisie-

2037 1494 2194 1555 runt,
2227 1489 2315 1545 vel
2347 1490 2524 1546 etiam
2556 1507 2751 1547 amore
2781 1495 3005 1547 internae
3038 1493 3235 1564 patriae
3268 1492 3347 1547 ibi
3378 1510 3411 1547 a
3439 1492 3682 1549 Christi-

2038 1577 2297 1634 colarum
2322 1578 2592 1635 fidelibus
2619 1578 2832 1653 largita
2863 1584 3004 1636 sunt
3030 1580 3118 1635 vel
3150 1579 3502 1653 largiuntur.
3539 1580 3683 1636 Cum

2036 1668 2156 1724 illis
2185 1668 2490 1736 etiam,qui
2522 1668 2631 1724 hoc
2652 1672 2995 1741 temporead
3019 1669 3231 1725 Christi
3263 1670 3524 1726 conversi
3548 1673 3687 1726 sunt

2039 1758 2235 1822 fidem,
2269 1762 2605 1831 protegente
2635 1759 2737 1813 Dei
2769 1758 2976 1829 gratia,
2999 1758 3272 1814 videlicet
3300 1759 3604 1830 episcopos
3624 1759 3685 1814 in

2038 1844 2313 1902 omnibus
2345 1846 2618 1917 gentibus
2647 1847 2944 1901 Sueonum
2972 1862 3073 1902 seu
3108 1846 3426 1912 Danorum,
3451 1847 3684 1903 Norwe—

258 1939 470 1992 tentur
490 1936 799 2008 aspiciant,
824 1937 883 1992 in
908 1937 1035 2007 ipsa
1048 1938 1470 1995 considerando
1493 1957 1727 2012 semper
1752 1940 1923 2011 profi-
1952 1969 1999 2033 Β
2039 1935 2306 2002 chorum,
2340 1934 2539 1997 Islant,
2573 1933 2995 1999 Scridevinum,
3028 1934 3312 1990 Gronlant
3339 1938 3396 1989 et
3452 1933 3683 1989 univer-

261 2024 446 2089 ciant,
479 2028 548 2079 ut
579 2029 749 2080 tuum
781 2030 913 2097 post
945 2030 1124 2081 Deum
1154 2027 1423 2083 videatur
1451 2045 1578 2084 esse
1591 2029 1745 2100 quod
1777 2029 1922 2084 bene

262 2113 543 2170 vixerint.
577 2114 690 2169 Cor
717 2131 853 2187 ergo
883 2120 1054 2170 tuum
1086 2132 1276 2188 neque
1308 2133 1602 2189 prospera,
1627 2134 1752 2188 quae
1780 2121 1924 2174 tem-

262 2202 550 2277 poraliter
570 2202 978 2269 blandiuntur,
999 2204 1297 2272 extollant,
1321 2222 1509 2278 neque
1525 2207 1922 2274 adversadeji-

264 2292 451 2359 ciant,
485 2293 587 2347 sed
623 2291 912 2363 quidquid
942 2292 1086 2348 illud
1119 2293 1313 2360 fuerit,
1368 2294 1583 2349 .virtute
1632 2293 1922 2365 patientiae

262 2382 641 2437 devincatur.
670 2380 913 2437 Nullum
944 2384 1099 2454 apud
1118 2387 1173 2439 te
1201 2383 1396 2439 locum
1417 2383 1569 2449 odia,
1593 2383 1823 2439 nullum
1846 2384 1925 2438 fa-

260 2487 360 2526 vor
394 2469 760 2525 indiscretus
789 2469 1104 2526 inveniant.
1140 2472 1573 2529 Misericordem
1622 2476 1699 2537 te,
1752 2476 1926 2543 prout

258 2560 455 2615 virtus
481 2559 726 2631 patitur,
749 2560 1107 2631 pauperibus
1124 2560 1373 2616 exibeto.
1398 2560 1706 2632 Oppressis
1727 2561 1924 2616 defen-

262 2648 347 2704 sio
378 2651 495 2703 tua
528 2647 855 2713 subveniat,
890 2648 1359 2720 opprimentibus
1384 2637 1690 2704 moderata
1716 2650 1925 2706 erectio

264 2737 660 2793 contradicat.
684 2735 893 2792 Nullus
907 2736 1110 2793 faciem
1131 2742 1332 2793 contra
1336 2737 1630 2809 justitiam
1650 2739 1924 2811 accipias,

265 2826 505 2883 nullum
556 2829 910 2896 quaerentem
950 2827 1119 2897 justa
1165 2826 1472 2898 despicias.
1506 2827 1927 2883 Custodiainte

262 2914 570 2988 aquitatis
588 2914 826 2971 excellat
837 2920 921 2980 ,ut
933 2932 1037 2972 nec
1050 2916 1289 2972 divitem
1311 2916 1570 2987 potentia
1583 2933 1689 2971 sua
1706 2916 1926 2987 aliquid

265 3005 426 3077 apud
455 3007 518 3060 te
535 3008 699 3059 extra
713 3004 865 3060 viam
889 3006 1133 3061 suadeat
1150 3005 1391 3062 rationis
1407 3005 1631 3072 audire,
1657 3022 1761 3060 nec
1784 3022 1926 3076 pau-

266 3109 471 3165 perem
486 3092 562 3148 de
577 3108 641 3148 se
654 3110 762 3148 sua
775 3093 948 3148 faciat
959 3094 1264 3151 humilitas
1285 3084 1597 3165 desperare
1613 3096 1923 3165 quatenus,

270 3186 386 3237 Deo
420 3182 764 3245 miserante,
797 3181 935 3238 talis
961 3183 1153 3254 possis
1182 3183 1428 3238 existere
1472 3181 1707 3254 qualem
1765 3198 1930 3237 sacra

268 3269 449 3325 lectio
469 3270 751 3341 praecipit,
771 3270 1004 3327 dicens:
1030 3272 1248 3344 Oportet
1261 3274 1572 3344 epis'cOpum
1585 3271 1927 3343 irreprehen-

2033 2041 2231 2081 sarum
2258 2022 2807 2096 septentrionalium
2831 2024 3269 2085 nationummec
3284 2040 3398 2078 non
3422 2023 3600 2080 etiam
3621 2022 3677 2078 in

2032 2114 2151 2171 illis
2181 2113 2449 2185 partibus
2487 2112 2823 2168 Sclavorum
2844 2130 2970 2184 quae
3004 2116 3145 2167 sunt
3173 2129 3207 2167 a
3238 2111 3481 2167 ﬂumine
3531 2115 3684 2167 Pene

2033 2220 2221 2275 usque
2241 2203 2314 2259 ad
2342 2202 2584 2257 ﬂuvium
2611 2202 2841 2274 Egidre,
2872 2202 2954 2258 ita
2976 2206 3037 2257 ut
3061 2203 3171 2258 sub
3196 2205 3301 2257 tua
3321 2205 3684 2273 tuorumque

2035 2292 2990 2364 successorum,Ammaburgensis
3010 2290 3278 2348 Ecclesiae
3301 2290 3688 2362 archiepisco-

2035 2398 2243 2454 porum
2275 2386 2551 2436 maneant
2571 2379 2971 2452 potestate,vel
2990 2380 3277 2452 quidquid
3301 2384 3402 2435 tuo
3422 2382 3687 2435 tuorum-

2035 2486 2147 2542 que
2179 2487 2583 2526 successorum
2616 2469 2834 2529 laboris
2862 2470 3201 2536 certamine,
3236 2469 3435 2525 divina
3451 2470 3688 2527 favente

2033 2558 2240 2627 gratia,
2276 2558 2348 2613 ab
2389 2574 2583 2613 errore
2615 2557 2868 2629 perfidiae
2901 2558 3021 2614 sive
3051 2557 3360 2613 hominum
3384 2558 3503 2613 sive
3532 2557 3687 2613 loco-

2034 2663 2166 2703 rum
2198 2646 2266 2701 ad
2294 2645 2633 2719 religionem
2655 2645 3046 2701 Christianam
3062 2645 3284 2717 acquiri
3312 2645 3686 2716 potestis,tibi

2033 2736 2270 2807 tuisque
2312 2734 2752 2791 successoribus
2793 2732 3205 2806 perpetualiter
3233 2738 3431 2789 tenere
3488 2747 3686 2789 cense-

2036 2825 2523 2896 mus.Etinsuper
2543 2823 2914 2879 decrevimus
2936 2826 2992 2877 et
3014 2821 3314 2877 sancimus
3327 2820 3562 2877 nullum
3587 2838 3686 2877 ar-

2036 2911 2658 2984 chiepiscoporum,vel
2682 2911 3086 2967 Coloniensem
3113 2909 3404 2965 vel'alium
3444 2910 3688 2982 quemli-

2034 3000 2218 3068 bet,in
2238 2999 2582 3055 tuadioecesi
2601 2999 2782 3054 ullam
2816 2999 2929 3055 sibi
2973 2998 3270 3054 vindicare
3309 3002 3681 3071 potestatem.

2037 3088 2308 3155 Quinimo
2321 3088 2535 3159 etipsis
2556 3092 2610 3143 et
2629 3087 2903 3143 omnibus
2917 3087 3156 3143 omnino
3170 3087 3488 3143 suademus
3502 3088 3686 3145 culto-

2036 3179 2200 3234 ribus
2220 3194 2366 3233 vera
2385 3176 2705 3248 religionis,
2740 3180 2806 3231 ut
2823 3176 2890 3232 ad
2893 3175 3183 3247 jutorium
3200 3180 3257 3231 et
3273 3175 3549 3231 solatium
3580 3176 3687 3231 tibi

2037 3267 2273 3337 tuisqne
2302 3264 2743 3321 successoribus
2797 3264 2856 3318 in
2917 3264 3194 3319 omnibus
3252 3263 3685 3331 administrent,

270 3337 505 3413 sibilent
532 3337 705 3427 casei!
726 3361 859 3416 Tim.
878 3378 962 3429 III,
994 3337 1189 3431 2).'Sed
1211 3337 1305 3415 his
1329 3337 1606 3416 omnibus
1619 3337 1932 3415 salubriter
1961 3337 2004 3404 C
2043 3358 2335 3427 quatenus
2365 3371 2466 3426 pro
2480 3352 2667 3425 gratia
2687 3352 2868 3423 hujus
2883 3353 3150 3410 beneﬁcii
3174 3352 3407 3425 plenam
3435 3352 3689 3424 recipere

274 3444 365 3500 uti
396 3445 687 3516 poteris,si
709 3449 1057 3515 magistram
1071 3448 1422 3504 charitatem
1440 3448 1931 3513 habueris.Quam

273 3533 375 3606 qui
407 3538 648 3591 secutus
677 3537 872 3602 fuerit,
903 3554 935 3592 a
966 3541 1122 3593 recto
1153 3536 1468 3610 aliquando
1522 3536 1760 3592 tramite
1815 3554 1930 3592 non

265 3621 516 3679 recedit.
551 3623 712 3688 Ecce,
745 3625 923 3681 frater
973 3625 1339 3692 charissime,
1390 3625 1542 3681 inter
1589 3625 1774 3681 multa
1819 3625 1933 3680 alia

262 3711 383 3767 ista
411 3713 755 3781 sacerdotii,
787 3713 901 3770 ista
924 3718 1065 3771 sunt
1095 3713 1276 3787 pallii.
1300 3714 1435 3777 Quae
1457 3714 1505 3769 si
1529 3714 1790 3769 studiose
1811 3731 1930 3769 ser-

258 3800 519 3871 vaveris,
555 3802 712 3873 quod
735 3802 877 3858 foris
902 3803 1196 3875 accepisse
1213 3802 1729 3871 ostenderis,intus
1750 3802 1931 3858 hahe-

260 3888 354 3944 bis
385 3892 607 3945 saneta
662 3890 918 3947 Trinitas
964 3891 1387 3949 fraternitatem
1436 3895 1691 3947 vestram
1745 3890 1935 3962 gratia

261 3994 383 4033 suae
416 3978 811 4051 protectionis
860 3979 1199 4047 circumdet,
1256 3984 1431 4051 atque
1459 3979 1543 4034 ita
1595 3979 1655 4034 in
1703 3978 1933 4034 itineris

259 4066 352 4122 sui
374 4067 606 4122 vianos
628 4067 862 4141 dirigat,
884 4073 950 4124 ut
970 4072 1103 4140 post
1123 4069 1302 4139 hujus
1325 4068 1453 4122 vitae
1477 4066 1931 4123 amaritudinem

260 4156 330 4211 ad
344 4159 641 4211 aeternam
665 4156 842 4213 simul
865 4159 1165 4229 pervenire
1185 4156 1555 4213 dulcedinem
1576 4172 1925 4211 mereamur.

323 4244 494 4301 Data
523 4261 590 4299 III
616 4244 811 4301 Nonas
840 4246 1109 4315 Januar.,
1134 4262 1287 4302 anno
1311 4244 1510 4301 domni
1536 4243 1747 4300 Leonis
1770 4261 1930 4316 pasz

257 4334 397 4389 noni
432 4349 526 4399 Iv,
555 4332 877 4391 indictione
907 4353 985 4391 v1.

974 4440 1240 4497 LXXVII.

252 4526 307 4601 S.
318 4529 438 4601 _Leo
465 4529 504 4582 1
507 4527 549 4581 X
554 4528 813 4601 Ecclesiae
826 4530 1254 4599 Hamburgensz's
1266 4530 1561 4601 privilegia
1573 4546 1671 4584 con
1677 4529 1868 4601 ﬁrmat
1878 4534 1931 4584 et

249 4598 564 4657 Adalberto
575 4600 976 4671 archiepiscopo
990 4598 1159 4672 pallii
1167 4598 1458 4672 mitrasque
1469 4598 1630 4656 nsum
1662 4598 1925 4657 Concedit.

901 4689 1088 4760 (Anno
1121 4690 1307 4763 1053.)

450 4777 891 4851 [Lappenberg,
919 4779 1220 4848 Hamburg.
1249 4778 1515 4847 Urkund.,
1555 4780 1591 4843 [,
1622 4779 1739 4849 74.]

322 4865 446 4922 Leo
499 4864 829 4939 episcopus,
862 4883 1064 4924 servus
1086 4884 1388 4924 servorum
1419 4866 1541 4932 Dei,
1565 4865 1772 4923 dilecto
1795 4884 1929 4923 con-

246 4952 424 5010 fratri
460 4958 673 5011 nostro
709 4957 1065 5028 Accessero,
1122 4955 1441 5013 venerabili
1486 4955 1926 5029 archiepiscopo

248 5041 837 5117 Hammaburgensis
865 5045 1155 5113 Ecclesiae,
1184 5046 1291 5102 tibi
1311 5046 1549 5118 tuisque
1571 5046 1925 5103 successori-

250 5130 368 5188 bus
401 5133 471 5188 in
518 5137 892 5206 perpetuum.

323 5219 624 5276 Convenit
645 5223 961 5293 apostolico
985 5223 1366 5280 moderamini
1384 5223 1481 5295 pia
1500 5222 1779 5295 religione
1800 5222 1924 5294 pol-

247 5305 531 5365 lentibus
551 5309 818 5366 benivola
835 5313 1241 5384 compassione
1255 5313 1666 5381 succurrerefet
1682 5329 1924 5384 poscen-

244 5396 411 5452 tium
448 5397 671 5453 animis
703 5397 880 5454 alacri
899 5401 1199 5457 devotione
1229 5401 1530 5472 impertire
1588 5417 1920 5457 assensum.

240 5484 327 5540 Ex
361 5486 490 5540 hoc
512 5486 670 5541 enim
702 5487 851 5543 lucri
876 5489 1253 5560 potissimum
1276 5489 1583 5562 praemium
1606 5490 1761 5561 apud
1784 5507 1919 5546 con-

243 5572 527 5630 ditorem
567 5575 831 5632 omnium
864 5577 1180 5635 Dominum
1212 5577 1416 5651 procul
1440 5577 1617 5635 dubio
1636 5595 1927 5649 promere-

242 5663 371 5729 tur,
410 5661 570 5717 dum
596 5666 950 5723 venerabilia
978 5665 1105 5724 loca
1160 5670 1487 5740 opportune
1536 5666 1804 5723 ordinata
1850 5668 1921 5723 ad

242 5749 580 5808 meliorem
612 5751 828 5812 fuerint
858 5772 960 5828 per
982 5773 1088 5814 nos
1118 5760 1340 5815 statum
1396 5753 1696 5827 perducta,
1746 5754 1926 5827 igitur

2040 3442 2368 3498 mercedem
2382 3459 2416 3497 a
2432 3441 2670 3497 Domino
2688 3444 3040 3508 mereantur,
3055 3440 3334 3511 quoniam
3353 3440 3550 3496 omnia
3563 3456 3689 3511 quas

2041 3532 2300 3605 proficua
2328 3529 2593 3586 Ecclesia:
2616 3529 2943 3602 probantur
2971 3528 3215 3584 existere
3246 3532 3304 3584 et
3329 3527 3543 3584 divinis
3573 3545 3689 3584 non

2040 3621 2391 3693 impugnant
2420 3619 2930 3692 przeceptionibus,
2960 3617 3262 3673 efﬁcienda
3282 3620 3339 3672 et
3360 3617 3687 3689 praebenda,

2039 3709 2460 3781 omnipotentis
2495 3708 2593 3764 Dei
2628 3708 2978 3763 auctoritate
2999 3710 3054 3760 et
3081 3707 3384 3760 beatorum
3402 3703 3690 3774 apostolo-

2040 3816 2172 3854 rum
2205 3798 2354 3853 Petri
2385 3802 2443 3853 et
2482 3795 2641 3852 Pauli
2674 3813 2802 3851 esse
2830 3812 2945 3850 non
2976 3793 3339 3848 dubitamus.
3374 3789 3560 3845 Ethoc
3583 3808 3686 3846 no-

2041 3891 2161 3943 stro
2192 3888 2422 3942 decreto
2452 3885 2842 3948 decernimus,
2894 3882 3219 3937 secundum
3280 3878 3684 3950 praanominati

2039 3977 2202 4031 bona:
2234 3973 2526 4029 memoriae
2552 3971 2770 4026 Nicolai
2805 3988 2965 4043 papae
3004 3974 3061 4025 et
3092 3969 3387 4025 Benedicti
3420 3985 3581 4041 papas
3630 3970 3688 4024 et

2038 4062 2268 4136 Agapiti
2294 4078 2455 4134 papae
2496 4059 2878 4127 sanctionem,
2902 4059 3064 4130 ipsas
3085 4058 3386 4123 diceccses,
3410 4056 3687 4114 Hamme-

2041 4153 2393 4224 burgensem
2424 4146 2645 4205 scilicet
2673 4152 2731 4203 et
2787 4148 3186 4215 Bremensem,
3232 4163 3347 4202 non
3392 4146 3542 4202 duas
3587 4148 3686 4203 sed

2040 4257 2218 4297 unam
2246 4255 2374 4295 esse
2404 4241 2463 4294 et
2488 4236 2700 4292 vocari.
2737 4236 2985 4292 Omnem
3018 4252 3252 4310 quoque
3281 4237 3686 4291 adversantem

2039 4329 2129 4385 vel
2158 4326 2644 4384 contradicentem
2677 4328 2852 4397 atque
2883 4325 2995 4397 piis
3027 4324 3244 4381 nostris
3266 4323 3479 4379 studiis
3499 4322 3684 4396 quoli-

2039 4419 2138 4473 bet
2167 4416 2340 4473 modo
2360 4414 2737 4470 insidiantem
2762 4413 3152 4469 anathematis
3174 4412 3537 4485 percutimus
3560 4427 3685 4465 mu-

2040 4523 2213 4563 crone
2242 4508 2637 4577 perpetuaque
2694 4501 2933 4558 ultionis
2977 4518 3138 4557 reum
3191 4497 3478 4554 diabolica
3527 4502 3682 4555 sorte

2040 4598 2412 4658 damnamus,
2446 4595 2509 4648 ut
2529 4591 2762 4647 culmen
2776 4589 3351 4662 apostolicum,more
3368 4586 3681 4658 praedeces-

1958 4705 2006 4770 D
2039 4700 2237 4742 eorum
2261 4684 2593 4737 nostrorum
2614 4693 2971 4748 causamque
2996 4675 3097 4730 Dei
3145 4675 3239 4747 pio
3270 4676 3508 4744 aspectu
3559 4672 3679 4748 [pro

2039 4773 2271 4843 affectu]
2304 4769 2577 4835 zelantes,
2634 4767 2706 4821 ab
2737 4765 2996 4821 adversis
3039 4764 3177 4819 hinc
3226 4762 3363 4818 inde
3414 4762 3681 4835 partibus

2039 4876 2399 4919 muniamus.

2110 4954 2130 5007 Ι
2138 4943 2687 5022 nsuperapostolica
2712 4943 3342 5015 auetoritatejubemus
3365 4945 3540 5015 atque
3553 4959 3685 4998 sua-

2036 5042 2243 5097 demus
2260 5034 2549 5110 episcOpis
2562 5030 3086 5088 Halverscethensis
3099 5036 3157 5088 et
3168 5030 3683 5088 Hildedeneshem-

2036 5129 2115 5185 sis
2130 5121 3273 5184 etBodalbruniensisetMimindensiset
3286 5117 3594 5176 Ferdensis
3606 5118 3683 5172 Ec

2034 5211 2613 5277 clesiarum,utsalva
2636 5211 2689 5265 in
2712 5212 2986 5267 omnibus
3011 5211 3205 5265 debita
3218 5205 3577 5276 subjectione
3589 5222 3682 5259 ar-

2032 5305 2539 5377 chiepiscoporum
2569 5316 2833 5365 suorum,
2851 5299 2957 5353 tibi
2985 5298 3219 5368 tuisque
3243 5292 3682 5350 successoribus

2034 5393 2309 5451 solatium
2342 5393 2865 5462 quantumcunque
2896 5389 3162 5457 possunt,
3193 5400 3293 5455 per
3309 5380 3505 5436 omnia
3536 5399 3681 5453 prae-

2034 5486 2208 5541 beant
2239 5481 2310 5537 ad
2342 5480 2505 5535 lucra
2535 5478 2865 5532 animarum
2898 5472 3230 5544 quaerenda,
3258 5471 3342 5526 sic
3389 5476 3585 5526 tamen
3618 5474 3684 5528 ut

2027 5575 2153 5646 jam
2182 5569 2427 5626 Domino
2461 5564 2731 5637 acquisiti
2752 5568 2808 5619 et
2837 5559 3179 5632 acquirendi
3202 5564 3303 5615 tuo
3330 5564 3683 5631 tuorumque

2034 5674 2440 5719 successorum
2455 5650 2980 5725 archiepiscopatui
3004 5649 3253 5719 subjecti
3283 5654 3680 5721 permaneant.

2107 5752 2175 5807 Et
2203 5748 2343 5822 quia
2371 5744 2660 5817 legatione
2681 5738 3012 5815 apostolica
3044 5738 3205 5797 sedis
3236 5743 3293 5795 et
3315 5738 3435 5794 vice
3484 5738 3689 5792 nostra
