4088 6174
264 214 307 271 7
311 213 394 274 09

1244 213 1650 292 ΕΡιδΤοω
1692 214 1793 278 E’I‘
1837 214 2200 278 DECRE'I‘A
2247 167 2711 286 PONTIFICIA.

3559 237 3681 300 710

260 345 480 410 riatur,
507 349 626 438 et_a
652 345 896 403 canibus
918 362 1020 403 seu
1044 345 1253 419 alupis
1275 347 1616 416 devoretur;
1652 349 1752 403 sed
1785 365 1918 404 cum
1948 352 2003 418 Α
2034 350 2397 408 llabitatores
2439 359 2575 407 sunt
2612 354 2717 408 viri
2761 358 2817 410 et
2866 356 3160 429 mulieres,
3212 364 3546 438 quicunque
3579 369 3677 425 ha-

259 437 465 489 vestra
495 432 796 491 voluntate
841 439 897 492 et
927 436 1152 508 judicio
1184 441 1505 505 mutentur,
1557 437 1656 492 ubi
1683 454 1918 509 compe-

2031 439 2218 492 bitant
2253 440 2308 493 in
2352 442 2628 497 domibus
2660 444 2932 516 propriis,
2977 451 3079 501 aut
3109 448 3166 502 in
3207 451 3480 510 domibus
3529 474 3675 528 quas

257 522 492 614 tentius
537 523 621 579 eis
669 525 975 614 serviatur,
1025 530 1200 597 atque
1250 543 1352 614 pro
1384 527 1818 614 isustentatione
1866 531 1923 583 et
2029 533 2246 593 tenent,
2282 547 2396 583 non
2431 547 2532 601 per
2550 548 2736 586 unum
2761 533 2937 598 diem,
2961 551 3066 591 nec
3098 553 3201 608 per
3217 555 3397 596 unum
3431 522 3673 614 annum,

255 611 522 668 sanitate
543 612 823 684 corporis,
843 630 912 670 ex
929 614 1054 670 suis
1067 615 1240 670 rebus
1264 613 1514 670 fideliter
1533 614 1918 684 ministretur;

255 715 330 755 ne
367 717 479 772 per
508 700 798 758 incuriam
835 703 948 775 ipsi
980 707 1240 774 pereant,
1273 707 1330 758 et
1359 703 1511 758 bona
1536 719 1738 758 eorum
1775 703 1920 758 dila-

252 789 565 861 pidentur.
607 791 715 846 Sed
750 791 799 846 si
829 796 1005 847 tanta:
1036 791 1390 847 valetudinis
1421 792 1596 847 fuerit
1626 791 1919 860 inﬁrmus,

252 880 320 932 ut
381 878 456 932 ad
487 877 737 950 patriam
785 897 953 935 suam
987 880 1174 935 redire
1230 879 1439 952 possit,
1474 879 1598 935 suis
1647 880 1923 936 omnibus

251 967 539 1038 receptis,
572 985 706 1023 cum
740 973 932 1024 vestra
971 969 1357 1042 providentia,
1393 969 1476 1024 ire
1506 969 1919 1040 permittatur;

252 1053 436 1109 nulla
468 1072 562 1111 res
593 1055 797 1111 exinde
817 1073 920 1128 pro
941 1055 1175 1112 licentia
1195 1057 1515 1112 retineatur
1533 1056 1764 1112 etiamsi
1786 1074 1922 1129 pro-

252 1143 459 1200 missa
490 1144 686 1212 fuerit,
711 1144 854 1200 nihil
883 1145 1222 1218 accipiatur.
1246 1147 1316 1201 Et
1337 1147 1658 1202 secundum
1687 1145 1923 1202 locatio-

253 1249 435 1303 nem,
471 1249 646 1305 quam
678 1232 837 1288 omni
879 1233 1092 1306 populo
1123 1233 1375 1290 civitatis
1426 1234 1751 1290 Leoniania:
1792 1235 1925 1291 fecit

249 1321 520 1378 ecclesia
550 1321 736 1378 sancti
767 1322 1106 1392 Salvatoris,
1157 1323 1228 1378 de
1256 1322 1629 1396 hospitandis
1669 1323 1924 1379 Oratori-

249 1410 372 1466 bus
409 1410 584 1482 (144),
620 1415 676 1466 et
705 1411 1027 1466 vendendis
1071 1411 1443 1480 necessariis,
1493 1411 1648 1467 sicut
1688 1411 1798 1484 ipsi
1853 1411 1925 1466 ad

248 1499 875 1572 recompensationem
909 1499 1182 1557 utilitatis
1204 1500 1510 1557 locationis
1530 1501 1588 1555 in
1621 1500 1928 1573 presentia

249 1588 489 1644 Leonis
524 1588 707 1660 quarti
730 1593 1152 1644 concesserunt
1178 1589 1537 1644 monasterio
1566 1588 1749 1644 sancti
1782 1589 1928 1644 Mar-

246 1676 400 1742 tini,
435 1681 495 1732 et
521 1676 770 1733 ecclesiae
803 1677 1144 1744 Salvatoris,
1187 1677 1343 1748 quod
1376 1694 1482 1732 nos
1525 1677 1924 1742 concedimus,

245 1769 310 1820 et
327 1766 856 1834 conﬁrmamus,ut
876 1767 1212 1838 quicunque
1239 1766 1311 1820 de
1340 1765 1765 1821 habitatoribus
1787 1765 1928 1821 civi-

243 1854 400 1910 tatis
436 1854 746 1910 Leonianae
776 1860 835 1910 et
863 1860 1025 1910 extra
1059 1855 1129 1910 ad
1163 1871 1350 1910 unum
1383 1853 1754 1923 milliarium,
1801 1855 1928 1910 sine

245 1943 378 1999 ﬁlio
414 1942 510 1998 vel
537 1943 655 1998 tilia
685 1943 1035 2015 delegitimo
1053 1942 1326 2015 conjugio
1359 1943 1695 2009 decesserit,
1721 1959 1926 1998 omnes

244 2047 342 2087 res
371 2031 635 2087 mobiles
648 2036 704 2086 et
723 2031 1054 2088 immobiles
1074 2049 1221 2104 quas
1243 2036 1382 2087 tunc
1400 2031 1669 2088 habuerit
1691 2033 1749 2087 in
1771 2033 1925 2088 dicto

244 2120 629 2176 monasterio
661 2121 734 2176 ad
769 2120 1080 2176 utilitatem
1115 2122 1362 2177 fratrum
1405 2121 1557 2192 (148)
1604 2121 1839 2189 vadant,
1869 2126 1927 2176 et

244 2209 410 2265 nulli
447 2210 668 2265 audeat
697 2209 921 2281 aliquid
954 2211 1025 2266 de
1057 2210 1227 2266 bonis
1258 2210 1381 2266 suis
1413 2209 1761 2281 relinquere,
1812 2210 1924 2266 nisi

249 2315 561 2371 expensas
611 2315 715 2371 pro
747 2298 1070 2370 sepultura,
1104 2299 1212 2354 etsi
1262 2299 1402 2371 quid
1433 2298 1608 2354 alicui
1638 2298 1923 2354 debuerit.

250 2387 458 2444 Simili
494 2388 671 2443 modo
702 2388 1038 2459 quicunque
1069 2387 1140 2442 de
1170 2387 1579 2451 servientibus,
1609 2391 1712 2442 aut
1741 2387 1811 2442 de
1840 2391 1924 2442 ta-

247 2477 580 2544 bernariis,
600 2478 1005 2548 cujuscunque
1017 2475 1446 2544 conditionis,si
1463 2476 1685 2548 absque
1703 2475 1928 2531 haerede

250 2565 480 2622 obierit
535 2565 737 2621 omnia
782 2566 910 2635 ejus
960 2565 1114 2620 bona
1147 2566 1268 2636 juri
1300 2568 1491 2621 vestro
1523 2566 1760 2634 cedant;
1793 2569 1849 2621 et
1878 2565 1928 2620 si

252 2654 565 2710 haeredem
593 2653 887 2726 habuerit,
926 2653 986 2710 in
1019 2654 1310 2725 praedictis
1352 2655 1698 2710 ccemeteriis
1730 2655 1926 2711 Sancti

253 2744 591 2800 Salvatoris
643 2748 699 2798 et
727 2743 920 2798 Sancti
950 2743 1191 2812 Justini,
1227 2747 1290 2798 ut
1331 2744 1553 2800 advena
1590 2745 1926 2817 sepeliatur.

338 2994 490 3072 (147)
516 2992 581 3072 Id
605 2996 696 3047 est
710 2990 1036 3072 peregrinis
1053 2991 1374 3072 apostolica
1395 2992 1620 3072 limina,
1644 2993 1928 3050 orationis

255 3062 608 3137 ac’pietatis
640 3062 821 3119 causa
859 3062 1288 3130 invisentibus;
1325 3065 1461 3135 quia
1490 3065 1725 3120 notione
1757 3082 1927 3120 voca-

254 3136 480 3192 bulum
529 3136 727 3190 Orator
773 3135 1058 3192 accinitur
1107 3151 1141 3189 a
1178 3133 1412 3190 Nicolao
1464 3136 1531 3192 Il.
1574 3136 1632 3190 in
1693 3136 1920 3192 decreto

256 3152 480 3192 nulum
529 3152 727 3216 υναιρν
773 3152 1058 3216 accipitur
1107 3152 1141 3189 a
1178 3152 1412 3190 meonao
1464 3152 1531 3202 ιι,
1574 3153 1632 3190 in
1693 3152 1920 3216 decreto

256 3225 345 3263 an
377 3207 542 3272 1059,
575 3212 630 3262 et
658 3223 717 3260 in
749 3206 992 3262 concilio
1026 3205 1286 3262 Romano
1317 3223 1410 3262 an.
1445 3207 1608 3274 1078,
1638 3211 1704 3261 ut
1731 3208 1926 3263 Videre

256 3283 362 3332 est
403 3277 607 3356 apud
641 3277 936 3356 Cap-giiim
985 3278 1044 3331 in
1100 3276 1356 3356 Glossar.
1416 3278 1530 3356 sed
1599 3294 1753 3356 u_nu_s
1783 3295 1922 3356 “ca-

258 3347 479 3403 nonici
521 3347 666 3402 Petri
713 3347 888 3403 Mallii
926 3349 1087 3404 locus
1131 3365 1164 3402 a
1195 3349 1440 3404 Severan
1471 3347 1574 3404 lib.
1608 3350 1678 3404 de
1705 3351 1738 3401 7
1783 3349 1920 3406 Urb.

261 3417 433 3492 Eccl:
467 3433 596 3491 pag.
629 3419 746 3492 172,
776 3419 1098 3492 productus
1129 3420 1272 3474 satis
1295 3424 1382 3474 est
1412 3420 1482 3474 ad
1515 3435 1635 3492 rem
1659 3437 1924 3491 compro-

262 3489 572 3545 banda‘m:
618 3489 794 3557 Multi,
833 3493 1035 3561 inquit,
1068 3506 1138 3545 ex
1165 3492 1394 3546 diversis
1429 3491 1627 3545 mundi
1673 3489 1925 3558 partibus

255 3562 336 3617 ob
398 3564 760 3616 reverentiam
817 3562 1053 3632 ejusdem
1126 3563 1355 3632 apostoli
1420 3562 1526 3616 huc
1596 3565 1924 3617 conveniunt

255 3633 547 3704 Oratores,
581 3634 640 3688 in
670 3637 900 3687 tantum
935 3633 1254 3703 siquidem,
1300 3633 1456 3704 quod
1501 3632 1800 3690 multoties
1831 3637 1922 3689 vix

253 3706 342 3760 ad
380 3703 909 3776 altarepossumus
943 3704 1238 3776 accedere.

340 3777 494 3844 ('48)
527 3772 707 3830 ld—est
731 3778 1168 3830 canonicorum.
1209 3773 1346 3828 Vide
1376 3772 1616 3840 Molan.,
1639 3778 1924 3831 tractatus

254 3846 342 3901 de
375 3846 652 3900 Canonic.

336 3917 492 3986 (149)
514 3916 701 3987 Hujus
721 3914 1304 3971 meminitBertoldus
1322 3916 1623 3987 presbyter
1643 3916 1924 3972 Constan-

249 3988 479 4041 tiensis
529 3987 838 4043 undecimo
877 4005 1002 4042 tera:
1032 3987 1375 4042 Christiana;
1420 3987 1629 4043 saeculo
1678 3987 1872 4043 clarus
1907 4005 1919 4042 :

248 4076 406 4114 nam
443 4060 514 4113 de
547 4059 790 4114 Henrico
817 4059 904 4124 IV,
931 4058 1283 4114 Leonianam
1315 4057 1607 4113 civitatem
1630 4057 1920 4130 ingresso,

247 4131 446 4186 verba
478 4131 615 4185 facit
640 4131 699 4185 in
732 4130 887 4186 hunc
920 4131 1162 4186 modum
1186 4131 1336 4200 apud
1365 4130 1600 4196 Baron.,
1629 4145 1724 4183 an.
1761 4131 1918 4198 1083,

250 4219 436 4256 num.
467 4204 503 4254 2
536 4220 548 4256 :
581 4202 758 4258 Juxta
787 4204 844 4257 S.
883 4203 1116 4257 Petrum
1149 4201 1465 4267 quemdam
1507 4200 1919 4267 monticulum,

251 4272 511 4327 nomine
540 4274 898 4339 Palatiolum,
930 4274 988 4327 in
1019 4271 1326 4328 castellum
1358 4272 1559 4337 erexit,
1583 4271 1754 4342 eique
1775 4271 1924 4326 mili-

248 4343 630 4416 tesmultos,
655 4350 718 4399 ut
747 4345 1164 4416 impugnarent
1185 4344 1497 4416 Romanos,
1530 4342 1844 4416 imposuit:
1871 4343 1920 4398 is

247 4413 436 4470 collis
469 4414 589 4470 sive
613 4413 969 4470 monticulus
993 4433 1026 4470 a
1051 4414 1317 4470 Bertoldo
1341 4415 1678 4469 Palatiolum
1694 4431 1920 4469 nuncu-

246 4463 587 4558 satagis;
604 4463 747 4558 ἑὲ]ῐῖ
758 4463 1090 4542 ἲιΐὲεῇῙίῆιῖλ
1098 4463 1147 4552 ἒξ
1164 4463 1214 4558 ’ᾇ
1222 4463 1356 4542 at;
1390 4463 1918 4558 Bc"éi'é§i3':ss'.__1i1{-
1951 4463 1998 4527 D

247 4556 492 4612 chaelis
520 4562 579 4631 et
601 4557 816 4631 Magni,
843 4575 947 4614 nec
979 4575 1094 4613 non
1120 4556 1385 4631 urbanus
1408 4556 1638 4631 familiae
1660 4556 1919 4631 Barberi-

247 4645 482 4683 norum
518 4627 726 4685 hortus
747 4647 904 4684 nunc
926 4631 1209 4684 obtinent.
1236 4647 1352 4684 non
1371 4627 1542 4700 longe
1563 4627 1701 4683 hinc
1719 4628 1920 4700 aberat

245 4716 437 4755 sacra
483 4701 636 4755 aedes
683 4701 862 4756 beataa
897 4701 1090 4756 Mariae
1121 4703 1180 4755 in
1213 4699 1530 4769 Palazzola,
1567 4701 1686 4754 sive
1717 4699 1774 4753 in
1807 4705 1916 4754 Pa-

245 4772 455 4825 latiolo
487 4771 661 4840 dicta,
696 4773 767 4827 de
797 4788 912 4842 qua
943 4773 1113 4828 intra.
1181 4773 1450 4827 Fundum
1484 4787 1616 4825 vero
1663 4770 1917 4842 Palatio-

244 4842 525 4924 lum‘ita
571 4841 1013 4924 den‘ominatum
1066 4842 1356 4924 o‘pinorﬁa
1377 4842 1644 4924 “Neronis
1668 4841 1914 4924 palatio,

298 4912 424 4967 uod
465 4929 600 4968 cum
632 4914 779 4969 liber
810 4912 1164 4969 Pontilicalis
1193 4914 1249 4970 in
1284 4915 1342 4969 S.
1377 4913 1528 4968 Petri
1557 4913 1758 4983 gestis,
1793 4917 1913 4966 tam

309 5000 572 5040 omanus
615 4986 930 5040 canonieus
979 4987 1065 5040 tit.
1121 4988 1201 5052 l6,
1238 4986 1391 5054 apud
1424 4983 1772 5038 Vaticanum
1808 5001 1912 5054 p0-

245 5058 434 5120 nunt,
468 5059 524 5110 et
543 5057 612 5111 ad
639 5063 1022 5112 memoratam
1054 5057 1250 5112 Sancti
1280 5054 1579 5111 Michaelis
1609 5054 1914 5110 ecclesiam

244 5127 420 5181 locat
446 5132 615 5209 vetus
648 5145 977 5209 marmorea
997 5128 1301 5209 inscriptio
1332 5127 1390 5180 in
1425 5127 1553 5209 ipso
1583 5125 1822 5209 templp',
1853 5130 1918 5180 ut

244 5215 445 5269 supra
475 5199 700 5254 dictum
732 5206 839 5264 est,
869 5198 1197 5256 asservataf
1221 5198 1497 5262 Quamvis
1539 5202 1734 5252 autem
1767 5198 1916 5252 Nero

243 5270 484 5326 domum
517 5287 707 5339 suam,
755 5278 819 5327 ut
849 5271 1162 5328 Suetonius
1201 5269 1482 5342 loquitur,
1516 5285 1550 5323 α
1579 5270 1797 5340 palatio
1826 5270 1911 5323 Es-

245 5342 678 5415 quiliasusque
724 5345 931 5413 fecerit,
983 5344 1375 5415 incongruum
1399 5346 1620 5415 tamen
1654 5357 1768 5395 non
1796 5344 1912 5415 est,

250 5411 421 5484 quod
453 5411 642 5488 eidem
677 5411 1014 5488 imperatori
1047 5411 1251 5488 alia'in
1281 5412 1562 5488 Vaticano
1593 5412 1759 5488 juxta
1787 5411 1914 5488 Cir-

251 5481 398 5540 cum
432 5490 491 5540 et
519 5485 722 5542 hortos
756 5481 893 5544 suos
925 5487 1101 5542 fuerit
1129 5486 1302 5552 aedes,
1334 5484 1406 5541 ab
1438 5481 1708 5554 imperito
1738 5481 1914 5555 vulgo

245 5561 476 5642 postea
490 5556 740 5642 {omnis
774 5556 1409 5642 palatiumhappel‘lata..
1422 5578 1452 5607 »
1627 5595 1664 5642 ,ι

327 5629 480 5714 (150)
511 5628 670 5703 Qum,
700 5627 850 5690 teste
877 5630 1000 5690 Jac.
1042 5627 1362 5699 Grifnaldo,
1393 5627 1454 5688 in
1479 5627 1913 5688 constructione

1959 1724 2007 1788 B

2031 617 2130 671 sed
2153 615 2324 689 longo
2349 636 2456 673 usu
2482 636 2582 692 per
2603 620 2896 676 chartulas
2915 623 3291 683 locationum.
3317 629 3454 686 Item
3480 651 3682 691 conce-

2031 705 2228 760 dimus
2257 710 2313 760 et
2337 709 2756 763 confirmamus
2779 727 2962 765 unum
2987 713 3230 769 fundum
3261 720 3417 784 quod
3441 728 3679 778 vocatur

2029 792 2374 864 palatiolum
2393 796 2558 866 (149),
2585 801 2641 850 et
2661 797 2774 852 duo
2797 798 3079 872 Burgura,
3104 820 3285 859 unum
3312 808 3406 878 qui
3443 816 3680 866 vocatur

2035 881 2370 948 Frisonum,
2402 888 2458 938 et
2488 884 2872 951 Saxonorum,
2905 904 3037 942 cum
3066 892 3330 948 terminis
3359 894 3678 956 limitibus-

2032 986 2144 1040 que
2164 976 2453 1036 eorum,et
2475 973 2748 1029 omnibus
2773 990 2975 1030 eorum
3009 979 3372 1048 pertinentiis
3395 1002 3513 1041 una
3541 1005 3675 1044 cum

2031 1057 2276 1113 ecclesia
2307 1060 2500 1114 Sancti
2531 1062 2775 1117 Zenonis
2808 1065 2976 1134 (150),
3013 1072 3068 1120 et
3099 1068 3342 1125 ecclesia
3360 1072 3555 1129 Sancti
3587 1077 3678 1130 Ni-

2033 1145 2177 1202 colai
2209 1149 2355 1218 (15])
2395 1154 2451 1202 et
2496 1149 2743 1205 ecclesia
2794 1153 2989 1207 Sancti
3035 1155 3334 1214 Michaelis
3365 1162 3510 1234 (152)
3551 1181 3676 1234 quae

2031 1242 2268 1290 vocatur
2309 1237 2518 1292 Schola
2574 1239 2904 1306 Frisonum,
2957 1248 3132 1314 atque
3178 1247 3421 1304 ecclesia
3455 1251 3675 1308 Sanctae

2034 1324 2133 1378 Dei
2175 1324 2474 1395 genitricis
2523 1326 2764 1395 virginis
2816 1328 3006 1383 Maria:
3063 1333 3208 1404 (I53)
3261 1351 3388 1406 qua:
3439 1346 3678 1396 vocatur

2035 1412 2246 1468 Schola
2274 1414 2564 1468 Saxonum
2589 1417 2735 1486 (154)
2764 1434 2775 1470 :
2799 1416 2854 1470 in
2887 1417 2993 1472 hac
3023 1426 3216 1476 tamen
3247 1423 3490 1481 ecclesia
3518 1430 3677 1483 ordi-

2036 1500 2194 1555 natio
2225 1502 2713 1576 archipresbyteri
2747 1505 2987 1560 consilio
3037 1513 3233 1564 nostro
3267 1511 3396 1580 ﬁat;
3430 1513 3678 1572 aliorum

2034 1605 2167 1644 vero
2217 1591 2712 1662 presbyterorum,
2755 1599 2929 1664 atque
2987 1595 3383 1656 scholensium
3435 1619 3538 1675 per
3575 1622 3680 1662 vos

2037 1679 2156 1745 ﬁat,
2191 1679 2413 1750 absque
2446 1681 2604 1735 omni
2633 1681 2942 1738 venalitate
2975 1702 2985 1737 :
3021 1690 3076 1740 et
3107 1693 3327 1757 quanta
3357 1691 3510 1748 inter
3540 1696 3680 1751 sub-

2035 1765 2286 1838 scriptos
2321 1769 2526 1822 attines
2557 1769 2852 1824 continere
2884 1771 3170 1828 videntur.
3221 1778 3377 1832 Inter
3409 1781 3615 1839 afﬁnes
3648 1803 3682 1841 a

2035 1856 2224 1927 primo
2274 1855 2449 1910 latere
2496 1856 2808 1929 incipiente
2858 1878 2890 1913 a
2939 1861 3199 1928 flumine,
3234 1882 3266 1918 a
3297 1865 3420 1922 loco
3452 1871 3551 1940 qui
3582 1890 3678 1927 vo-

2035 1949 2201 2000 catur
2273 1943 2540 2016 Spcllari,
2614 1951 2670 2000 et
2734 1953 2909 2003 eunte
2969 1965 3070 2020 per
3135 1969 3370 2010 murum
3431 1957 3678 2017 civitatis

2037 2032 2340 2088 Leoniana:
2399 2050 2586 2104 usque
2643 2034 2702 2088 in
2771 2041 2937 2106 porta
3005 2055 3130 2108 quae
3203 2047 3441 2099 vocatur
3497 2047 3680 2104 Saxo-

2035 2139 2176 2176 num
2233 2122 2400 2193 (155),
2453 2122 2662 2178 deinde
2719 2141 2818 2194 per
2863 2125 3015 2180 viam
3076 2129 3131 2182 in
3189 2130 3450 2188 Formale
3500 2153 3678 2194 manu

2035 2211 2253 2279 dextra,
2287 2215 2343 2265 et
2373 2212 2724 2266 ascendente
2764 2229 2867 2283 per
2909 2214 3104 2285 ipsum
3154 2219 3438 2290 Formale,
3492 2242 3680 2298 usque

2036 2300 2174 2354 dum
2235 2304 2386 2354 recte
2445 2299 2653 2370 aspicit
2691 2302 2922 2356 tertiam
2972 2307 3215 2374 turrem,
3258 2324 3388 2379 quae
3436 2317 3524 2369 est
3553 2332 3702 2387 pro--

2038 2388 2252 2460 prietas
2284 2388 2406 2458 jam
2465 2387 2603 2442 dicti
2649 2391 3012 2458 monasterii,
3066 2398 3124 2448 et
3167 2402 3340 2453 eunte
3398 2417 3501 2472 per
3550 2419 3679 2460 mu-

2038 2494 2167 2531 rum
2210 2477 2268 2531 in
2317 2476 2514 2532 cilium
2567 2479 2801 2547 montis,
2847 2484 2905 2534 et
2952 2480 3088 2537 inde
3137 2501 3238 2555 per
3267 2489 3537 2547 semitam
3579 2493 3683 2548 de-

2037 2567 2415 2621 scendentem
2474 2565 2530 2619 in
2593 2566 2745 2622 viam
2797 2569 2968 2638 juxta
3025 2570 3240 2640 locum,
3292 2577 3448 2646 juris
3479 2597 3681 2638 mona-

2039 2653 2194 2710 sterii
2246 2654 2442 2710 Sancti
2498 2655 2776 2726 Stephani
2829 2658 3071 2728 majoris
3116 2661 3286 2733 (156),
3336 2670 3392 2719 et
3440 2667 3572 2724 inde
3619 2670 3679 2726 in

2037 2744 2298 2811 Fossato,
2332 2744 2480 2799 ortui
2508 2743 2838 2812 Salvatoris,
2872 2747 3079 2802 deinde
3115 2766 3298 2821 usque
3331 2753 3387 2807 in
3420 2756 3678 2829 Fossato,

2038 2991 2246 3069 palatii
2269 3009 2454 3069 sacrm.
2474 2991 2872 3069 inquisitionis
2900 2993 3024 3049 solo
3054 3005 3280 3069 aequata
3312 3002 3437 3059 fuit.

2108 3064 2254 3139 (15l_)
2286 3063 2409 3116 Non
2441 3061 2610 3139 longe
2640 3064 2839 3139 aberat
2870 3061 3140 3139 atemplo
3173 3072 3272 3126 SS.
3299 3074 3596 3134 Michaelis
3624 3084 3682 3138 et

1960 3093 2003 3159 Ο
2108 3093 2254 3143 μοι.)
2287 3093 2409 3116 nun
2441 3093 2610 3144 ιυμὸῠ
2640 3093 2839 3144 ιιιζῠηιι.
2870 3093 2902 3119 α
2925 3093 3140 3146 ιξςιυμιυ
3173 3093 3272 3126 DD.
3299 3093 3596 3134 Micnaens
3624 3093 3682 3138 Θῐ

2040 3134 2264 3206 Magni,
2301 3142 2365 3187 ut
2400 3151 2467 3188 ex
2497 3151 2626 3204 lpSO
2661 3135 2997 3206 diplomatls
3036 3147 3304 3197 contextu
3340 3146 3424 3200 fas
3457 3157 3544 3203 est
3567 3153 3686 3205 col-

2034 3205 2232 3276 ligere.

2107 3276 2252 3346 (152)
2285 3276 2416 3339 Quae
2446 3274 2505 3329 in
2557 3281 2750 3330 monte
2787 3281 2842 3331 S.
2881 3278 3181 3337 Michaelis
3227 3284 3364 3340 olim
3405 3287 3517 3343 sita
3557 3296 3682 3346 erat

2036 3347 2107 3401 ad
2158 3346 2770 3418 Cassiorumivineam,
2824 3350 2922 3403 ubi
2968 3366 3036 3404 ex
3087 3353 3382 3412 Grimaldo
3421 3363 3683 3418 referunt

2034 3417 2422 3482 Martinellus,
2457 3417 2691 3488 aliique.
2727 3419 3055 3476 Vocabatur
3084 3425 3141 3478 S.
3178 3426 3370 3482 Mariae
3402 3430 3460 3484 in
3513 3417 3680 3488 Palaé

2032 3488 2176 3556 zola,
2237 3489 2324 3563 v_el
2377 3489 2432 3542 in
2478 3488 2892 3563 Palatiolo,de
2925 3509 3039 3563 quo
3085 3512 3217 3551 mox
3260 3499 3398 3554 dixi.
3437 3502 3679 3559 Roman.

2034 3566 2195 3642 pont.
2259 3561 2580 3642 Innocentii
2638 3561 2730 3642 Ill,
2783 3561 3042 3642 Gregorii
3094 3566 3183 3632 IX,
3220 3569 3543 3642 Clementis
3585 3575 3681 3642 VI,

2033 3631 2400 3708 aliorumque
2436 3631 2758 3702 diplomata
2806 3631 3046 3690 inferius
3095 3640 3468 3708 producenda
3518 3631 3678 3700 illam

2033 3719 2184 3778 saepe
2206 3705 2422 3778 saepius
2465 3711 2883 3778 me‘morarunt,
2918 3710 2974 3758 et
3005 3723 3038 3760 a
3069 3705 3123 3762 S.
3157 3710 3341 3765 Leone
3383 3714 3472 3778 IV,
3507 3732 3679 3771 cano-

2033 3774 2179 3829 nicis
2223 3775 2500 3828 donatam
2544 3775 2723 3829 fuisse
2767 3780 3064 3830 Romanus
3107 3779 3195 3832 tit.
3232 3795 3269 3835 ιι
3302 3774 3510 3838 litteris
3541 3802 3678 3840 con-

2032 3845 2302 3927 signa‘vit.
2333 3845 2640 3927 Templum
2674 3845 2745 3927 de
2763 3861 2878 3914 quo
2900 3846 3152 3927 agimus,
3179 3852 3519 3927 crediderim
3552 3855 3680 3927 ipse

2033 3915 2812 3994 abibliographdejusdem
2846 3915 3030 3994 sancti
3065 3917 3272 3994 Leonis
3305 3915 3675 3994 designath

2031 3987 2124 4067 his
2147 3985 2532 4067 verbisapud
2564 3988 2851 4067 Ana_stas._
2884 3987 2940 4040 in
2977 3989 3233 4067 ecclesia
3265 3994 3320 4048 S.
3358 3985 3462 4049 Dei
3506 3999 3674 4067 geni-
3757 4027 3766 4048 ι

2031 4058 2193 4139 tricis
2221 4057 2436 4139 Mariae,
2471 4072 2650 4139 quam
2684 4058 2808 4127 ipse
2838 4058 3218 4139 beatissimus
3251 4057 3674 4139 pontit‘ex"(Leo

2032 4129 2120 4198 IV)
2154 4145 2187 4182 a
2217 4127 2616 4199 Iundamentis
2661 4144 2839 4199 super
2882 4131 3175 4188 Saxonum
3225 4127 3413 4193 vicum
3457 4127 3679 4197 noviter

2031 4199 2376 4270 construxit,
2427 4198 2640 4253 obtulit
2688 4198 2898 4270 vestes,
2940 4209 3048 4259 etc.
3102 4206 3180 4262 De
3224 4209 3346 4265 vico
3378 4211 3675 4270 Saxonum

2029 4271 2162 4324 Vid.
2197 4275 2316 4324 not.
2353 4269 2410 4322 h.
2447 4271 2701 4341 pag.r23.

2101 4343 2248 4413 (153)
2300 4341 2427 4396 Haec
2469 4340 2636 4396 titulo
2688 4342 2744 4396 S.
2796 4343 2995 4398 Jacobi
3047 4347 3112 4402 de
3155 4353 3305 4404 (ἕο.ῑά
3346 4354 3558 4410 caballo
3613 4353 3673 4409 in

2029 4411 2237 4483 Burgo'
2269 4416 2512 4483 prostat,
2549 4413 2702 4486 dicta
2731 4414 2905 4486 etiam
2939 4415 3254 4486 aliquando
3288 4423 3344 4475 S.
3379 4423 3580 4478 Jacobi
3614 4427 3677 4479 in

2032 4486 2122 4538 via
2151 4490 2466 4562 sacrm-aut
2496 4484 2791 4562 S._Jacobi
2840 4484 3084 4552 Coxano,
3136 4491 3270 4562 1649
3323 4494 3477 4562 typis
3519 4494 3676 4550 edita

2028 4572 2253 4632 sacram
2280 4555 2602 4632 aedemtde
2633 4573 2750 4625 qua
2781 4561 3119 4632 tractamus,
3140 4555 3483 4632 illustravit.
3518 4565 3670 4632 Flor,

2027 4626 2334 4705 Martinell.
2387 4627 2445 4679 in
2481 4627 2723 4680 Romam
2771 4643 2839 4680 ex
2886 4628 3084 4705 Ethen.
3131 4630 3314 4705 Sacr.,
3359 4650 3492 4705 pag.
3548 4626 3669 4703 116,

2028 4698 2326 4778 Bordoniic
2385 4713 2594 4778 nomen
2637 4714 2703 4778 ex
2736 4698 3172 4778 peregrinorum
3225 4698 3469 4778 baculis“,
3521 4698 3670 4778 quos

2023 4775 2231 4845 vocant
2262 4769 2548 4845 bordones,
2583 4768 2687 4821 aedi
2723 4783 2899 4822 sacra:
2934 4771 3183 4828 inditum
3231 4768 3669 4845 opinatur.'Alii

2026 4841 2194 4895 aliter
2224 4839 2504 4895 sentiunt.

2097 4913 2242 4984 (154)
2275 4911 2443 4984 Modo
2475 4910 2531 4964 S.
2562 4909 2819 4984 Spiritus
2850 4910 2908 4966 in
2937 4912 3129 4984 Saxia.

2087 4981 2242 5060 (15:5)
2279 4982 2400 5036 Una
2429 4999 2496 5035 ex
2527 4981 2781 5060 civitatis
2809 4983 3106 5060 Leoniana:
3161 4990 3360 5060 portis.
3398 4992 3669 5049 hostem-

2025 5051 2139 5133 lam
2162 5055 2455 5133 Saxonum
2481 5051 2735 5133 appellat
2767 5055 2972 5133 Leonis
2998 5057 3066 5133 lV_
3090 5051 3552 5133 bibliographus,
3578 5067 3671 5120 de-

2023 5123 2373 5205 dicationem
2405 5123 2668 5194 ejusdem
2689 5124 2990 5205 ALeonian‘ae
3022 5123 3303 5205 civitatis:
3327 5123 3448 5188 a'S.
3485 5123 3670 5205 ponti-

2025 5195 2128 5250 Iice
2151 5195 2405 5274 habitam
2441 5201 2738 5274 accurrate
2768 5198 3123 5255 describens.
3163 5204 3418 5265 Tertiam,
3452 5195 3664 5274 inquit,

2021 5269 2323 5342 orationem
2353 5268 2550 5342 cecinit
2578 5284 2742 5338 super
2766 5275 3097 5338 posterulam
3117 5275 3307 5339 aliam,
3339 5289 3457 5341 qua:
3489 5268 3668 5342 réspzi

2021 5340 2095 5392 cit
2122 5338 2191 5392 ad
2232 5339 2471 5392 scholam
2515 5339 2819 5401 Saxonum,
2871 5355 3012 5408 qua},
3044 5357 3113 5394 ea:
3161 5338 3359 5396 eorum
3408 5338 3664 5403 vocabulo

2023 5409 2321 5476 Saxonum,
2357 5411 2630 5480 posterula
2663 5410 2988 5480 appellatur.

2092 5483 2238 5552 (156)
2275 5486 2351 5536 De
2382 5481 2490 5536 hoc
2522 5481 2872 5552 monasterio
2914 5481 3182 5538 dicemus
3210 5483 3363 5540 infra
3405 5487 3476 5543 ad
3523 5488 3664 5546 alte-

2019 5568 2160 5638 rem.
2197 5550 2255 5609 S.
2306 5553 2514 5638 Lepnis
2563 5552 2635 5610 IX
2674 5550 2918 5621 bullam,
2967 5552 3104 5610 edit.
3163 5554 3403 5618 Kalend.
3451 5561 3663 5638 April.,

2018 5627 2188 5688 Pent.
2221 5641 2318 5688 an.
2348 5628 2418 5690 γ.
