4080 6176
414 320 531 385 ’718

1481 311 1546 379 s.
1593 311 1871 377 LEONIS
1915 265 2009 373 IX.
2039 306 2266 371 PAPzE
2309 303 2746 368 OPUSCULA.

3697 297 3816 368 716

423 463 480 514 et
507 454 781 514 omnibus
810 455 938 526 ejus
964 451 1354 526 pertinentiis,
1375 449 1528 505 inter
1551 448 1643 503 am
1656 464 1774 502 nes.
1803 448 1849 500 A
1876 444 2063 516 primo
2094 448 2149 512 Α
2177 445 2233 526 st
2261 440 2399 495 viris
2429 438 2698 526 litteratis
2722 455 2753 526 ;1
2768 431 3152 526 praesentibus
3175 435 3676 526 etiam‘di‘scretisn
3678 437 3817 492 viris

425 546 603 603 latere
648 543 908 601 viculum
939 560 973 599 a
1017 542 1240 598 cortina
1264 541 1323 595 in
1372 538 1681 611 porticum.
1716 538 1760 588 A
1811 533 2066 589 secundo

426 634 519 692 via
547 652 650 708 per
678 634 990 708 porticum.
1021 634 1068 687 A
1096 629 1266 687 tertio
1295 627 1387 683 via
1409 644 1534 698 quae
1559 624 1678 680 exit
1699 640 1801 696 per
1826 625 2068 687 Areum,

427 727 696 798 aquarto
756 723 916 780 silice
975 737 1160 792 usque
1216 719 1274 773 in
1336 715 1576 772 cortina.
1612 715 1678 768 Et
1737 711 1875 784 quia
1906 710 2068 782 pium

427 815 680 886 gaudere
691 812 1008 869 Martinum
1026 805 1618 878 scribitur,gaudeant
1630 803 2071 858 commanentes

427 902 488 958 in
515 903 641 973 ejus
673 898 1046 964 monasterio,
1072 900 1134 952 ut
1164 897 1223 950 in
1245 894 1346 950 Dei
1373 891 1788 964 omnipotentis
1812 888 2065 951 servitio,

429 993 486 1046 et
515 989 668 1046 beati
700 987 851 1044 Petri
899 984 1297 1059 apostolorum
1354 981 1660 1055 principis,
1710 979 1896 1035 devoti
1947 982 2068 1032 stu-

431 1075 654 1132 diosius
698 1091 930 1148 semper
976 1075 1258 1141 existant;
1320 1071 1482 1127 nulla
1533 1071 1675 1125 hora
1721 1069 1913 1123 tardet
1951 1083 2069 1120 eos.

429 1165 500 1221 Et
528 1165 666 1237 quia
696 1164 859 1237 pium
891 1165 1028 1220 ﬂere
1057 1161 1394 1226 Martinum,
1428 1160 1604 1214 fleant
1642 1163 1700 1212 et
1748 1155 1830 1210 illi
1880 1155 1978 1226 qui
2013 1169 2074 1208 se

432 1254 752 1311 ostendunt
780 1257 939 1310 tanto
989 1266 1232 1306 munere
1268 1248 1562 1319 indignos,
1623 1245 1720 1316 qui
1777 1243 2076 1298 mundana

435 1346 725 1416 quaerunt,
768 1357 883 1396 non
915 1357 1041 1412 quae
1073 1339 1174 1394 Dei
1207 1342 1365 1402 sunt,
1401 1336 1501 1392 sed
1559 1335 1649 1406 pie
1703 1334 1957 1387 viventes
2015 1331 2074 1384 in

432 1431 661 1487 Christo
679 1444 1142 1486 remuneramus.
1163 1429 1475 1497 Propterea
1497 1421 1812 1495 apostolica
1832 1435 2079 1476 censura

436 1517 753 1575 statuimus
774 1523 835 1573 ut
852 1517 1050 1572 nullus
1072 1520 1407 1572 nostrorum
1421 1527 1827 1568 successorum
1853 1507 2078 1581 pontifi-

436 1623 597 1677 cum,
622 1605 823 1663 nullus
843 1606 1180 1678 imperator,
1202 1602 1400 1660 nullus
1431 1601 1760 1673 episcopus,
1787 1597 1945 1653 nulla
1967 1596 2080 1652 alia

436 1700 716 1768 potestas,
749 1694 911 1751 nulla
941 1711 1191 1766 persona
1237 1691 1544 1748 hominum
1587 1693 1787 1745 contra
1832 1687 1941 1742 hoc
1972 1702 2078 1742 no-

2177 513 2398 567 Joanne
2430 510 2692 574 Andreae,
2724 507 2946 564 Joanne
2977 508 3238 578 Thema},
3269 512 3327 563 et
3351 508 3602 562 Antonio
3637 509 3818 563 Fran-

2179 583 2316 662 cisci
2350 579 2864 662 notariispubiicis
2886 580 3277 662 infrascriptis
3299 580 3371 634 ad
3394 579 3545 662 hanc
3567 578 3826 650 publica-

2177 656 2394 710 tionem
2427 651 2663 718 decreti,
2696 656 2752 705 et
2773 652 3136 707 auctoritatis
3168 651 3672 722 interpositionem
3695 667 3822 722 spe-

2180 725 2404 781 cialiter
2433 722 2673 788 vocatis,
2707 728 2762 776 et
2816 723 3035 795 rogatis
3082 724 3190 777 sub
3224 739 3375 778 anno
3427 723 3556 778 Nat.
3583 723 3824 795 Domini

2180 795 2493 852 millesimo
2523 793 2928 849 trecentesimo
2987 795 3347 866 sexagesimo
3379 794 3654 863 secundo,
3689 811 3823 866 apo:

2182 867 2387 922 stolica
2416 866 2552 937 sede
2582 868 2812 937 pastore
2860 865 3286 937 vacante,’post
3329 870 3578 921 mortem
3623 865 3824 920 domni

2181 936 2514 1009 Innocentii
2536 954 2698 1007 papae
2727 936 2819 1004 VI,
2860 936 3176 992 indictione
3206 937 3416 1009 prima,
3456 937 3682 993 mensis
3716 937 3824 993 No-

2181 1010 2434 1064 vembris
2461 1008 2554 1062 die
2584 1025 2706 1064 vm.

2256 1080 2651 1151 EgoJoannes
2696 1078 2935 1151 Andreae
2968 1079 3038 1133 de
3070 1079 3427 1151 Cangniano,
3489 1078 3826 1151 Deirgratia

2184 1149 2471 1222 imperiali
2489 1149 2830 1204 auctoritate
2847 1150 3130 1222 notarius,
3156 1149 3498 1221 praedictum
3523 1149 3825 1220 publicum

2187 1221 2553 1292 privilegium
2584 1237 2776 1275 coram
2810 1221 3142 1291 supradicto
3175 1222 3388 1293 domno
3420 1223 3694 1293 episcopo
3726 1238 3825 1293 pro

2186 1291 2464 1348 tribunali
2498 1293 2757 1359 sedente,
2791 1296 2853 1346 ut
2880 1309 3059 1363 supra
3087 1293 3226 1361 vidi,
3259 1299 3318 1348 et
3347 1291 3480 1364 legi,
3512 1291 3824 1364 ipsumque

2187 1382 2321 1420 cum
2375 1363 2639 1435 praesenti
2672 1368 3064 1435 transumpto,
3097 1381 3215 1418 una
3245 1380 3382 1418 cum
3412 1363 3643 1419 Joanne
3675 1363 3824 1419 Tho-

2187 1453 2317 1504 mre,
2351 1434 2407 1489 et
2434 1434 2681 1489 Antonio
2713 1434 2998 1490 Francisci
3034 1452 3099 1489 ac
3145 1435 3323 1490 Paulo
3373 1435 3536 1490 Sabae
3586 1435 3826 1490 notariis

2188 1506 2438 1579 publicis
2469 1506 2896 1579 infra__scr_iptis
2953 1505 3296 1579 auscultavi,
3327 1511 3384 1561 et
3441 1506 3579 1576 quia
3634 1507 3826 1578 ipsum

2189 1575 2471 1649 originale
2503 1575 2870 1649 privilegium
2898 1577 3198 1647 publicum
3220 1593 3356 1649 cum
3385 1575 3828 1649 praesnti—trans

2189 1647 2423 1720 sumpto
2456 1647 2806 1720 concordare
2836 1648 3048 1716 inveni,
3083 1649 3166 1704 nil
3204 1647 3426 1713 addito,
3461 1648 3710 1714 minuto,
3741 1647 3828 1704 vel

2190 1724 2434 1784 mutate,
2471 1721 2624 1790 quod
2660 1719 2792 1790 facti
2838 1720 3229 1774 substantiam
3269 1725 3477 1785 mutet,
3510 1721 3595 1775 vel
3651 1720 3833 1775 variet

437 1788 568 1841 strae
599 1783 1057 1839 conﬁrmationis
1107 1786 1164 1838 et
1192 1779 1586 1838 concessionis
1617 1776 1987 1850 privilegium
2004 1775 2078 1875 .in
2109 1809 2159 1875 B
2191 1775 2568 1874 ῇηφιιθοξυὶῃ,
2627 1789 2756 1875 ideo
2815 1791 2886 1870 de
2924 1792 3220 1871 .mandato
3280 1775 3596 1862 supradicti
3627 1791 3828 1846 domui

435 1874 598 1944 parte
626 1888 796 1944 agere
825 1874 1180 1944 praesumat;
1214 1874 1270 1924 et
1320 1869 1369 1923 si
1419 1865 1814 1938 suprascripta
1861 1862 2079 1931 omnia,

435 1975 563 2031 qua:
591 1958 652 2014 in
687 1975 890 2015 eorum
941 1958 1220 2014 alimonia
1250 1961 1306 2012 et
1359 1954 1824 2011 substentatione
1873 1953 2082 2008 contir-

437 2052 600 2105 mata
628 2050 786 2117 sunt,
821 2051 886 2104 ut
914 2049 1028 2103 Deo
1062 2047 1188 2103 sine
1238 2061 1541 2101 murmure
1580 2042 1858 2111 serviant,
1915 2046 1972 2097 et
2022 2041 2082 2096 in

432 2138 560 2209 jam
620 2138 774 2192 dicto
833 2135 1191 2191 monasterio
1238 2139 1376 2190 sunt
1407 2149 1683 2189 concessa
1713 2135 2084 2187 contemnere

438 2225 708 2292 voluerit,
768 2229 825 2280 et
879 2224 939 2284 in
1009 2239 1211 2279 eorum
1270 2225 1554 2294 potestate
1611 2225 1668 2275 et
1723 2219 2086 2276 ordinatione

438 2328 782 2370 conservare
829 2311 1102 2378 noluerit,
1135 2311 1280 2366 sciat
1332 2328 1393 2366 se
1426 2314 1624 2365 nostro
1657 2326 1820 2364 sacro
1855 2310 2086 2363 Latera-

437 2401 602 2457 nensi
631 2399 844 2472 palatio
876 2399 1344 2472 compositurum
1377 2398 1686 2453 duodecim
1720 2397 1843 2451 auri
1895 2395 2085 2469 puris-

441 2488 579 2545 simi
608 2488 808 2556 libras,
859 2493 914 2544 et
961 2489 1203 2560 insuper
1260 2486 1651 2542 anathematis
1709 2485 1940 2540 vinculo
1998 2484 2086 2539 in-

442 2579 710 2648 nodetur,
742 2582 962 2634 etcum
1011 2577 1210 2650 impiis
1251 2580 1308 2632 et
1351 2576 1648 2632 sceleratis
1698 2579 1908 2630 aeterno
1957 2574 2091 2645 igne

449 2672 759 2736 cremetur,
783 2671 840 2722 et
869 2683 1003 2721 cum
1025 2666 1056 2721 J
1065 2667 1198 2733 uda,
1231 2665 1461 2721 Domini
1495 2665 1674 2720 nostri
1706 2664 1844 2720 Jesu
1877 2661 2090 2718 Christi

445 2756 745 2826 traditore,
767 2755 829 2811 in
850 2755 1076 2810 inferno
1105 2756 1413 2810 crucietur.
1447 2753 1552 2817 Qui
1584 2770 1716 2808 vero
1749 2753 1844 2823 pio
1874 2751 2090 2807 intuitu

447 2849 680 2902 curator
708 2849 764 2900 et
817 2845 1154 2900 observator
1203 2843 1382 2914 hujus
1439 2843 1622 2898 nostri
1681 2840 1963 2913 privilegii
1995 2857 2088 2896 ex-

445 2935 679 3002 stiterit,
737 2932 1162 2989 benedictionis
1220 2932 1469 3004 gratiam
1503 2948 1535 2986 a
1587 2929 1833 2985 Domino
1892 2933 2089 2985 nostro

443 3023 585 3080 Jesu
615 3022 862 3091 Christo,
895 3025 952 3078 et
997 3021 1214 3093 gaudia
1261 3020 1616 3092 sempiterna
1659 3018 1935 3089 consequi
1969 3035 2092 3092 me-

442 3116 657 3168 reatur.

511 3201 808 3273 Scriptum
867 3217 969 3272 per
1025 3215 1269 3255 manum
1325 3197 1519 3253 Albini
1588 3196 1876 3252 scriniarii
1935 3195 2086 3252 sacri
2119 3173 2162 3242 (ἶ

436 3288 659 3360 palatii,
693 3305 845 3344 anno
869 3288 1072 3360 quinto
1102 3286 1305 3343 domni
1325 3286 1533 3342 Leonis
1559 3287 1696 3353 noni
1719 3303 1901 3357 papae,
1935 3285 2088 3341 indi-

437 3377 626 3433 ctione
656 3381 839 3443 sexta,
873 3375 1080 3430 Martio
1113 3391 1335 3446 mense,
1365 3393 1440 3429 xx
1470 3375 1585 3430 die.

512 3463 724 3519 Datum
753 3481 836 3520 xu
864 3463 1157 3518 Kalendas
1186 3461 1403 3534 Aprilis
1435 3478 1537 3533 per
1561 3478 1771 3517 manus
1805 3461 2089 3517 Frederici

442 3552 671 3609 diaconi
703 3555 916 3610 sanetae
951 3553 1224 3607 Romanae
1272 3549 1534 3605 Ecclesiae
1580 3548 2001 3605 bibliothecarii
2034 3553 2090 3605 et

441 3641 792 3713 cancellarii,
824 3642 947 3698 vice
978 3641 1177 3697 domni
1209 3639 1548 3695 Herimanni
1596 3637 2089 3693 archicancellarii

440 3734 497 3787 et
525 3730 886 3788 Coloniensis
932 3729 1374 3802 archiepiscOpi,
1427 3743 1580 3783 anno
1630 3726 1830 3782 domni
1882 3727 2089 3784 Leonis

437 3821 577 3877 noni
609 3838 772 3895 papae
801 3839 859 3892 v,
890 3819 1209 3876 indictione
1239 3822 1417 3875 sexta.

509 4141 653 4197 Acta
683 4141 838 4207 data,
875 4140 1113 4210 scripta,
1171 4143 1626 4210 transumptata,
1685 4138 2002 4210 publicata,
2034 4143 2092 4194 et

429 4212 762 4270 auscultate
790 4216 930 4268 sunt
960 4210 1248 4283 praedicta
1275 4210 1510 4283 orn‘nia_
1529 4226 1722 4283 coram
1756 4211 2088 4266 reverendio

427 4285 490 4340 in
527 4285 754 4340 Christo
786 4280 1197 4356 patre'domno
1217 4280 1457 4356 Jacobo,
1481 4280 1796 4356 Dei_gratia
1817 4282 2089 4356 episcopo

432 4351 806 4428 Crapritanof
826 4351 1282 4428 pro_tribunali_
1307 4351 1544 4428 sedente
1575 4351 1768 4428 Romae
1810 4351 1971 4422 apud
1996 4351 2089 4408 e'c-

435 4421 682 4484 Ole-siam
713 4421 907 4479 Sancti
933 4422 1248 4495 Triprhonis
1269 4421 1406 4475 huic
1430 4423 1695 4495 praesenti
1721 4421 2090 4495 transumpto

440 4497 883 4576 scripto,_lecto,
918 4491 1246 4576 public-ato,
1269 4491 1621 4576 esemplato,
1634 4499 1709 4574 _et
1738 4491 2089 4576 auscultato,

430 4541 502 4625 £5
531 4541 824 4638 o‘um’ipso
858 4541 1127 4637 originali
1163 4541 1469 4638 privilegio
1483 4541 1717 4638 publico
1736 4541 2089 4638 concordare
2127 4541 2174 4607 D

429 4642 683 4719 reperto,
719 4635 911 4691 "suam
954 4635 1373 4717 auctoritatem
1405 4635 1797 4716 episcopalem
1828 4636 2080 4709 interpo-

429 4714 569 4764 suit.
607 4712 663 4763 et
696 4709 1031 4764 decretum:
1073 4711 1129 4762 et
1158 4708 1347 4762 eidem
1397 4705 1580 4761 voluit
1635 4712 1690 4761 et
1739 4707 1992 4763 decrevit
2023 4709 2081 4764 in

429 4776 710 4834 omnibus
773 4785 830 4834 et
879 4796 982 4850 per
1038 4779 1256 4850 omnia,
1326 4778 1565 4850 tamin
1619 4778 1842 4848 judicio
1903 4796 2081 4850 quam

428 4853 611 4920 extra,
637 4848 918 4922 tanquam
944 4849 1213 4922 originali
1233 4848 1532 4921 privilegio
1556 4850 1788 4922 publico
1808 4848 2081 4921 prm‘dicto

427 4922 606 4976 fidem
656 4921 976 4994 plenariam
1034 4921 1319 4994 adhiberi.
1373 4922 1653 4994 Quodque
1712 4921 1866 4976 idem
1921 4927 2078 4977 tran-

422 4991 735 5065 sumptum
766 4995 836 5049 de
868 4998 1072 5048 caetero
1096 4992 1341 5065 ubilibet
1365 4992 1540 5065 iaciat
1564 4991 1796 5063 plenam
1822 4994 1992 5048 ﬁdem
2019 4995 2075 5049 in

419 5063 689 5138 agendis,
722 5065 1013 5138 mandans
1045 5081 1218 5138 suum
1267 5063 1760 5138 si_gillpm_eidem
1824 5067 2077 5135 appendi

416 5134 489 5194 ad
527 5137 728 5207 ﬁdem,
759 5142 817 5192 et
850 5136 1093 5207 majoris
1134 5134 1359 5207 roboris
1407 5135 1766 5207 firmitatem,
1819 5134 2074 5206 praesen-

2193 1862 2446 1935 episcOpi
2500 1878 2592 1916 me
2650 1861 2959 1933 subcripsi,
2991 1868 3049 1917 et
3099 1866 3338 1934 rogatus
3356 1861 3598 1934 osignum
3627 1877 3828 1919 meum

2193 1934 2437 2006 apposui
2468 1937 2836 2006 c_onsuetu

2265 2001 2331 2060 Et
2359 2020 2462 2075 ego
2482 2004 2739 2058 Joannes
2761 2003 2996 2058 Thomas
3020 2003 3044 2075 Ι
3076 2043 3089 2057 .
3127 2045 3138 2057 .
3179 2046 3190 2059 .
3223 2003 3289 2058 de
3313 2003 3476 2070 Urbe,
3509 2002 3608 2057 Dei
3630 2001 3821 2075 gratia

2192 2074 2480 2147 imperiali
2503 2075 2846 2130 auctoritate
2863 2074 3145 2147 notarius,
3170 2074 3821 2147 praedictumpublicum

2194 2145 2561 2226 privilegium
2588 2163 2787 2226 coram
2820 2145 3398 2226 supradictodemno
3429 2145 3690 2226 episcopo
3712 2161 3821 2216 pro

2194 2215 2474 2275 tribunali
2507 2218 2763 2284 sedente,
2797 2221 2861 2271 ut
2891 2215 3089 2288 supra,
3120 2217 3259 2286 vidi,
3291 2221 3347 2272 et
3371 2215 3482 2288 legi
3513 2215 3828 2288 ipsquue

2195 2307 2328 2346 cum
2361 2289 2630 2361 praesenti
2663 2293 3053 2360 transumpto,
3079 2305 3219 2361 una
3252 2305 3383 2343 cum
3441 2289 3694 2361 Joanne_
3717 2289 3835 2342 An-

2197 2359 2378 2428 dreae,
2415 2361 2487 2414 de
2510 2361 2842 2431 Cangniano
2875 2359 3230 2431 supradicto,
3275 2364 3333 2414 et
3355 2359 3604 2431 Antonio
3647 2359 3835 2431 fran-

2197 2434 2332 2488 cisci
2376 2448 2441 2503 ac
2471 2429 2657 2503 Paulo
2677 2432 2838 2486 Saba
2870 2429 3216 2503 subscriptis
3266 2430 3510 2503 notariis
3543 2429 3836 2503 publicis,

2198 2502 2541 2574 auscultavi.
2593 2503 2661 2556 Et
2700 2500 3410 2574 quia‘ipsumbriginale
3469 2500 3838 2573 privilegium

2199 2573 2503 2647 publicum
2533 2590 2680 2647 cum
2699 2571 2973 2647 pradic’to
2998 2571 3272 2647 prasenti
3299 2571 3838 2647 transumpto’con-

2200 2643 2437 2701 oordare
2491 2643 2717 2711 inveni;
2769 2644 2850 2698 nil
2903 2643 3118 2707 addito,
3167 2644 3414 2711 minuto,
3447 2643 3534 2699 vel
3574 2643 3838 2709 omutato,

2199 2717 2353 2788 quod
2405 2716 2534 2768 facti
2583 2715 2974 2788 substantiam
3026 2720 3231 2788 mutet,
3261 2715 3348 2788 vel
3399 2715 3584 2788 variet
3613 2714 3839 2788 intellej

2200 2786 2381 2852 ctum,
2415 2788 2543 2841 ideo
2576 2787 2645 2840 ile
2677 2787 2945 2842 mandato
2978 2787 3298 2858 supradicti
3330 2787 3532 2842 domni
3581 2786 3840 2858 episcopi

2200 2875 2293 2914 me
2323 2858 2666 2930 subscripsi,
2696 2864 2752 2912 et
2784 2862 3020 2930 rogatus
3054 2857 3294 2929 signum
3348 2875 3548 2914 meum
3596 2857 3856 2932 apposui.

2201 2934 2565 2986 consuetum.
3468 2968 3480 2978 .

2272 3002 2339 3056 Et
2368 3017 2471 3072 ego
2501 3000 2791 3072 Antonius
2824 2998 3112 3055 Francisci
3143 2999 3403 3072 Picardi,
3426 2998 3718 3072 imperiali
3749 3015 3847 3054 au-

2200 3069 2462 3128 ctoritate
2485 3071 2764 3137 notarius,
2781 3073 3124 3143 praidictum
3147 3069 3841 3143 privilegiumfpublicum

2200 3160 2395 3200 ceram
2418 3143 2752 3214 supradicto
2773 3141 2987 3214 domno
3007 3141 3298 3214 episcopo,
3322 3141 3426 3214 pro
3451 3141 3738 3198 tribunali
3757 3159 3846 3214 se:

2200 3216 2393 3283 dente,
2412 3219 2478 3270 ut
2493 3212 2694 3286 supra,
2713 3214 2829 3269 vidi
2852 3219 2908 3269 et
2923 3212 3058 3286 legi,
3084 3212 3398 3284 ipsumque
3419 3231 3552 3269 cum
3571 3212 3845 3286 praesenti

2196 3285 2588 3358 transumpto,
2623 3303 2741 3340 una
2775 3302 2920 3358 cum
2959 3285 3455 3358 JeepneAtidreze
3502 3285 3588 3358 et:
3615 3285 3845 3340 Joanne

2197 3359 2434 3413 Thomas
2465 3355 2643 3428 supra
2664 3357 2930 3428 scriptis,
2961 3373 3027 3411 ac
3059 3356 3235 3411 Paulo
3269 3356 3429 3428 Sabm
3484 3355 3844 3428 subscripta,

2197 3375 2434 3413 'i'nomaa
2465 3375 2530 3413 su
2581 3375 2643 3412 ra
2674 3375 2909 3428 scriptis
2961 3375 3027 3411 ac
3060 3375 3235 3411 ramo
3269 3375 3429 3412 eanec
3484 3375 3844 3428 subscripta,

2197 3429 2438 3500 notariis
2460 3375 2708 3500 puhlicis
2730 3400 3074 3484 auscultavi.
3095 3428 3161 3482 Et
3183 3428 3322 3498 quia
3340 3427 3528 3499 ipsum
3554 3427 3848 3500 originale

2197 3499 2566 3572 privilegium
2599 3499 2902 3572 publicum
2933 3516 3068 3572 cum
3090 3500 3367 3572 praedicto
3396 3499 3664 3572 praesenti
3696 3506 3858 3572 tran;

2198 3569 2433 3643 sumpto
2465 3569 2814 3643 concordare
2843 3570 3057 3636 inveni,
3079 3569 3173 3643 nil
3208 3569 3429 3637 addito,
3459 3570 3713 3643 minuto,
3763 3569 3857 3643 vel

2199 3641 2445 3710 mutato,
2469 3643 2623 3712 quod
2641 3642 2779 3697 facti
2801 3641 3190 3697 substantiam
3218 3646 3420 3708 mutet,
3445 3641 3532 3696 vel
3551 3641 3747 3697 variet
3768 3642 3856 3696 in-

2196 3714 2521 3769 tellectum:
2555 3712 2685 3768 ideo
2717 3714 2786 3767 de
2802 3714 3074 3769 mandato
3097 3730 3277 3785 supra
3300 3713 3438 3769 dicti
3472 3712 3677 3768 domni
3712 3714 3863 3785 epis-

2198 3785 2324 3869 copi
2357 3799 2449 3840 me
2477 3785 2823 3869 subscripsi,
2846 3789 2903 3840 et
2932 3789 3167 3858 rogatus
3189 3786 3424 3857 signum
3448 3801 3647 3840 meum
3673 3802 3864 3857 appo-

2199 3859 2293 3913 sui
2324 3859 2691 3912 consuetum.

2269 3929 2337 3983 Et
2356 3943 2466 4000 ego
2491 3927 2705 4000 Paulus
2727 3927 2891 3983 Sabe
2906 3926 3150 4000 Romani
3173 3926 3460 4000 scriniarii
3481 3925 3625 3982 civis
3646 3926 3881 4000 Roma-.

2200 4018 2332 4066 nus,
2349 3997 2446 4054 Dei
2463 3998 2649 4071 gratia
2661 4015 2837 4053 sacrae
2853 3998 3120 4071 praefecte
3131 4016 3203 4053 rae
3221 3997 3566 4071 auctoritate
3583 3997 3858 4071 notarius

2199 4067 2492 4143 publicus,
2511 4067 3233 4143 pradictum'privilegium
3252 4069 3557 4143 publicum
3579 4067 3862 4143 transcri-

2199 4141 2312 4214 psi,
2344 4141 2788 4214 transumptavi,
2820 4141 3140 4214 eXemplaVi
3173 4141 3277 4213 per
3300 4141 3518 4214 omnia,
3566 4146 3768 4214 prout,
3799 4141 3856 4196 in

2199 4212 2354 4270 dicto
2374 4212 2655 4296 originali
2678 4212 3070 4296 priviiegioiie
3091 4212 3265 4296 verbo
3288 4214 3357 4294 ad
3380 4213 3623 4296 verbum
3647 4212 3773 4296 vidi
3804 4214 3858 4296 et

2201 4286 2387 4357 reperi
2419 4283 2724 4357 contineri,
2759 4284 2840 4338 nil
2867 4283 3102 4357 addito,
3118 4285 3204 4340 vel
3228 4285 3483 4357 minuto,
3509 4283 3596 4338 vel
3621 4299 3680 4338 m
3695 4287 3854 4357 atate

2200 4353 2353 4428 quod
2375 4355 2771 4428 substantiam
2796 4360 3002 4428 mutet,
3019 4355 3106 4411 vel
3125 4357 3306 4411 variet
3329 4355 3723 4422 intellectum,
3743 4353 3853 4410 nisi

2197 4426 2344 4500 forte
2373 4427 2627 4482 litteram
2657 4426 2744 4481 vel
2778 4426 3056 4500 syllabam
3092 4427 3341 4500 positam
3374 4444 3476 4499 per
3492 4443 3782 4491 errorem,
3803 4427 3857 4500 et

2200 4499 2396 4570 ipsum
2429 4497 2891 4570 transumptum,
2917 4497 3112 4553 coram
3136 4497 3410 4570 praedicto
3442 4499 3769 4570 reverenda
3799 4497 3856 4550 in

2194 4569 2624 4651 Christqpatre
2653 4569 2867 4651 domno
2896 4571 3111 4625 Jacobo
3141 4569 3856 4651 episcop‘oprzefatozopro

2193 4639 2478 4697 tribunali
2492 4643 2730 4697 sedente
2754 4647 2816 4696 ut
2839 4659 3034 4711 supra,
3060 4658 3126 4696 ac
3149 4639 3534 4712 praesentibus
3556 4639 3859 4712 praedictis

2191 4713 2463 4768 litteratis
2485 4714 2624 4767 viris
2647 4717 2703 4767 et
2735 4712 3004 4784 pluribus
3028 4712 3159 4768 aliis
3183 4712 3429 4768 testibus
3446 4713 3519 4768 ad
3545 4712 3860 4783 praemissa

2191 4785 2410 4839 vocatis
2442 4783 2793 4856 specialiter,
2827 4789 2883 4839 et
2913 4785 3152 4856 rogatis,
3194 4801 3298 4840 nec
3331 4801 3445 4840 non
3477 4784 3713 4839 Joanne
3743 4786 3858 4856 An-

2191 4857 2338 4910 dreae
2362 4856 2431 4910 de
2453 4853 2819 4926 Cangniano;
2843 4853 3065 4911 Joanne
3083 4856 3320 4910 Thema:
3341 4858 3360 4910 Ι
3385 4898 3399 4911 .
3428 4897 3440 4908 .
3470 4897 3483 4910 .
3518 4858 3575 4909 et
3599 4853 3858 4926 Antonio

2191 4925 2738 4998 Franciscil’ioardi
2775 4928 3021 4982 notariis
3043 4927 3292 4998 publicis
3316 4926 3755 4998 suprascriptis
3787 4925 3858 4981 ad

2190 4998 2338 5052 hanc
2367 4997 2848 5069 publicationem,
2876 5004 2933 5053 et
2955 4997 3188 5064 decreti,
3210 5003 3268 5054 et
3293 4997 3661 5069 auctoritatis
3683 4999 3860 5053 inter.

2190 5068 2561 5141 positionem,
2599 5077 2663 5123 ut
2693 5087 2872 5139 supra
2903 5070 3137 5136 dicitur,
3171 5071 3385 5125 vocatis
3411 5068 3776 5141 specialiter,
3801 5072 3858 5123 et

2187 5139 2425 5212 rogatis,
2457 5140 2814 5213 videntibus,
2868 5140 3216 5213 legentibus,
3271 5146 3328 5213 et
3374 5139 3855 5213 auscultantibus

412 5211 574 5265 tibus
611 5206 884 5266 diseretis
944 5206 1083 5261 viris
1142 5206 1372 5260 domnis
1433 5206 1708 5261 fratribus
1769 5207 1945 5262 Paulo
2003 5209 2073 5262 de

413 5281 725 5347 Columna,
751 5285 809 5337 et
826 5279 1044 5352 Angelo
1069 5279 1138 5352 de
1161 5279 1364 5352 Itonia,
1389 5277 1664 5352 fratribus
1697 5279 2069 5352 c_rernitsrum

413 5353 640 5432 ordinis
673 5353 864 5432 sancti
893 5349 1227 5432 ﬂugustin‘i,
1261 5349 1680 5432 domnoni’etro
1716 5349 1855 5404 Lelli
1908 5351 2070 5406 Man-

410 5422 734 5493 gialicerda
773 5417 1124 5493 beneficiato
1161 5417 1632 5493 dictaebasilieze,
1670 5437 1916 5493 necnon
1952 5439 2070 5478 ma-

408 5491 604 5564 gistro
636 5495 805 5550 Petro
837 5495 990 5549 Berti
1032 5492 1384 5549 Calzectario
1416 5491 1484 5544 de
1517 5491 1751 5562 regione
1780 5492 2065 5559 Parionis,

2184 5211 2318 5266 cum
2353 5212 2629 5284 praedicto
2658 5211 3263 5284 originali'privilegio
3311 5212 3455 5284 legi,
3479 5216 3536 5267 et
3597 5211 3858 5284 ﬁdeliter

2182 5282 2533 5356 auscultavi.
2561 5284 2692 5338 Ideo
2725 5282 2795 5338 de
2827 5282 3104 5340 mandato
3138 5282 3461 5356 supradicti
3495 5283 3704 5356 domni
3729 5282 3855 5355 epi-

2181 5355 2342 5427 scopi
2372 5355 2576 5427 ipsum
2624 5359 3094 5426 transumptum,
3126 5360 3183 5410 et
3212 5355 3549 5427 exemplum
3585 5356 3647 5408 in
3695 5355 3854 5410 hanc

2178 5426 2482 5500 publicam
2516 5426 2779 5500 formam
2797 5427 2994 5499 redegi
3026 5443 3157 5483 mea
3178 5426 3416 5500 propria
3446 5443 3650 5491 manu,
3685 5442 3853 5482 meo-

2179 5497 2292 5569 que
2327 5497 2522 5570 sigillo
2555 5497 2784 5571 signavi
2817 5497 3076 5570 rogatus.

409 5606 670 5676 Mallius,
699 5609 1061 5665 celebrandis
1079 5607 1316 5664 addicti.
1339 5605 1663 5662 Canonicus
1683 5612 1882 5664 noster
1894 5609 2069 5666 Bene-

408 5679 602 5753 dictus
631 5682 933 5753 num.r67.,
957 5681 1093 5753 0rd.
1133 5680 1307 5753 R_o_m._
1333 5694 1515 5753 agens
1539 5679 1614 5753 _d_e
1646 5678 1891 5753 solemni
1927 5699 2064 5753 sup-

405 5751 866 5834 plicaiiongdig
901 5752 958 5806 S.
1011 5751 1190 5834 Marci
1217 5749 1420 5834 haberi
1455 5749 1662 5834 solita.
1694 5773 1722 5834 ε(
1753 5749 2064 5834 Venientes

404 5821 621 5899 inquit,
653 5824 725 5885 ad
753 5823 816 5907 8,
841 5821 1223 5884 Laurentium
1251 5821 1314 5884 in
1341 5821 1570 5898 porticu
1596 5823 1818 5898 majore
1848 5824 1949 5884 ubi
1977 5825 2065 5886 in-

2176 5612 2320 5684 cipit
2354 5611 2682 5685 simplicem
2718 5611 2996 5685 iitaniam
3029 5630 3219 5685 usque
3249 5615 3320 5669 ad
3349 5613 3566 5669 lectum
3613 5609 3853 5667 cantari

2176 5683 2310 5758 ante
2335 5685 2400 5739 S.
2434 5683 2677 5740 Mariam
2717 5683 3213 5758 Yirgariorurmin
3247 5686 3361 5742 fine
3384 5685 3639 5756 cortina,
3664 5705 3694 5734 ››
3728 5688 3850 5744 etc.

2173 5757 2231 5815 id
2267 5759 2358 5815 est
2392 5771 2538 5815 areae
2569 5771 2672 5815 seu
2699 5754 2909 5834 platéw
2937 5757 3255 5820 Vaticanus.
