4080 6176
417 312 538 375 .719

1487 304 1552 365 S.
1597 299 1879 364 LEONIS
1923 298 2006 361 IX
2037 296 2284 360 ῬΑΡΛΕ
2327 295 2762 360 OPUSCULA.

3703 290 3830 360 720

421 459 556 501 rum
585 446 644 499 et
670 457 804 498 cum
826 439 1103 496 omnibus
1124 435 1594 511 possessionibus
1617 438 1673 490 et
1699 431 2064 506 pertinentiis
2092 431 2149 500 Α
2178 430 2272 486 Sic
2303 412 2681 485 concedimus
2737 433 2794 484 et
2841 427 3260 483 confirmamus
3305 423 3452 480 alios
3500 423 3716 479 fundos
3766 422 3830 480 in

423 535 573 606 ejus.
607 530 996 588 Concedimus
1022 529 1197 585 etiam
1230 532 1288 583 et
1325 525 1772 582 corroboramus
1815 521 2064 577 fundum

423 619 999 687 cumTerrione,cum
1014 617 1229 683 lacu,et
1245 631 1376 670 cum
1392 612 1668 668 omnibus
1680 611 1751 666 ad
1765 626 1898 665 eum
1915 609 1971 663 in
1987 609 2068 663 in-

2178 520 2304 592 ipso
2337 518 2625 574 territorio
2680 517 2937 585 Galeriae,
3000 517 3248 572 fundum
3311 513 3412 588 qui
3468 516 3834 569 vocatur.....

2178 610 2330 664 infra
2356 608 2719 679 subscriptos
2753 608 2917 675 fines,
2952 624 3069 662 una
3099 623 3232 662 cum
3266 603 3528 660 ecclesiis
3559 606 3615 660 et
3654 601 3838 674 perti-

423 715 588 783 tegro
618 708 1064 783 pertinentibus,
1096 711 1154 760 et
1184 704 1430 758 fundum
1463 699 1782 773 Casagurdi
1814 698 2068 770 positum
2181 697 2394 753 nentiis
2424 697 2553 768 ejus
2577 695 3035 768 ;aprimolatere
3053 695 3217 759 silex,
3242 693 3340 766 qui
3361 696 3601 749 vocatur
3614 693 3840 760 Strata,

426 809 521 864 via
533 806 1114 878 Gornelia(l86),quae
1131 800 1377 856 mittitin
1394 799 1699 855 basilicam
1722 799 2070 853 Sanctarum
2181 793 2236 878 et
2267 787 2515 878 fundum
2534 785 2925 878 ΔΟρῐεξνὶιξῐηιῐῐὶ
2949 801 3136 878 usque
3158 785 3216 838 in
3241 784 3428 878 forma
3453 799 3578 855 quae
3595 787 3846 878 vocatur

432 897 653 953 Ruﬁnaa
683 899 740 950 et
769 893 1045 948 Secundae
1079 892 1244 962 (187),
1278 891 1522 961 etjuxta
1543 889 1792 942 formam
1816 885 2071 941 sabbati-

431 1001 567 1046 nam
581 979 1142 1055 (188).Concedimus
1155 979 1328 1034 etiam
1343 976 1532 1033 casale
1545 994 1670 1048 qua:
1687 980 1926 1031 vocatur
1938 975 2077 1029 Sue-

2180 873 2485 942 Artiones;
2518 873 2727 928 deinde
2759 872 2817 928 in
2851 890 3049 929 massa
3067 871 3277 928 'I‘oroni
3307 889 3320 937 ;
3346 871 3654 926 asecundo
3678 873 3847 926 tenet

2185 963 2610 1019 monasterium
2642 962 2838 1018 Sancti
2871 963 3055 1031 Sabae,
3084 966 3141 1017 et
3169 966 3324 1016 terra
3354 958 3613 1033 praedicti
3634 976 3845 1014 mona-

429 1076 557 1129 retu
587 1049 736 1143 (489)
757 1071 914 1142 juris
945 1069 1143 1125 Sancti
1176 1067 1466 1124 Laurentii
1500 1065 1761 1120 Palatina
1791 1082 1823 1120 a
1865 1065 2076 1118 Sancto
2186 1053 2344 1143 sterii
2377 1053 2572 1107 Sancti
2602 1052 2917 1143 Stephani;
2950 1069 2984 1106 θ.
3011 1050 3180 1107 tertio
3205 1049 3574 1143 fund‘um‘qui
3598 1054 3848 1143 vocatur

428 1170 596 1226 Petro
625 1168 795 1241 (190),
827 1172 884 1224 et
914 1168 1162 1224 fundum
1196 1167 1295 1237 qui
1353 1169 1590 1220 vocatur
1649 1165 1818 1235 Zaga.
1893 1206 1903 1216 .
1977 1205 1988 1216 .
2063 1204 2075 1214 .

427 1263 486 1316 et
515 1259 762 1314 fundum
794 1257 1045 1323 Bialum,
1101 1259 1157 1312 et
1199 1254 1386 1311 casale
1446 1254 1542 1325 qui
1600 1257 1838 1307 vocatur
1894 1250 2079 1306 Brecti

429 1364 566 1404 cum
596 1346 872 1402 omnibus
889 1347 959 1401 ad
991 1343 1608 1415 eosdeminintegrum
1629 1340 2077 1414 pertinentibus.

431 1437 820 1492 Concedimus
852 1439 910 1491 et
940 1434 1361 1490 confirmamus
1395 1433 1647 1486 fundum
1698 1430 1797 1502 qui
1844 1433 2084 1484 vocatur

431 1533 631 1590 Sancti
662 1531 927 1589 Cassiani
954 1551 967 1600 ;
1001 1535 1056 1587 et
1088 1531 1336 1587 fundum
1360 1531 1460 1604 qui
1484 1529 2011 1593 vocaturMemorc,
2031 1531 2086 1581 et

431 1623 704 1692 fundum,
738 1625 838 1696 qui
868 1625 1108 1678 vocatur
1139 1620 1397 1693 Scuppla
1426 1618 1654 1675 Ancilla
1688 1618 1781 1674 Dei
1808 1618 1956 1703 (191)
1985 1636 1996 1684 ;
2031 1620 2087 1673 et

438 1712 711 1780 fundum,
730 1712 827 1784 qui
847 1714 1080 1766 vocatar
1099 1709 1597 1776 Palombarolum,
1617 1725 1820 1763 omnes
1839 1705 2085 1762 invicem

441 1801 802 1856 cohaerentes
834 1816 1017 1869 usque
1046 1799 1104 1852 in
1137 1797 1300 1853 silice
1336 1797 1434 1869 qui
1467 1796 1680 1851 dicitur
1710 1797 1923 1863 Strata,
1956 1811 2090 1851 cum
2121 1804 2170 1869 B

438 1895 708 1951 terminis
739 1900 796 1950 et
815 1895 1176 1968 appendiciis
1197 1895 1345 1966 ejus,
1371 1899 1582 1950 etcum
1608 1894 1880 1949 omnibus
1894 1895 1965 1950 ad
1983 1911 2081 1950 eos

440 1983 790 2058 generaliter
819 1988 876 2040 et
919 1983 1141 2056 integre
1189 1983 1650 2056 pertinentibus;
1695 1983 1892 2039 omnia
1930 1982 2085 2054 juris

442 2072 702 2148 praedicti
735 2072 1072 2130 monasterii
1098 2073 1294 2128 Sancti
1313 2072 1590 2146 Stephani
1617 2072 1876 2145 Majoris,
1898 2072 2089 2145 posita

444 2163 538 2242 via
566 2161 962 2236 Clodia(192),
995 2160 1269 2217 milliario
1312 2161 1446 2234 plus
1506 2161 1702 2216 minus
1751 2166 1957 2234 quarto
2002 2159 2090 2215 vel

447 2261 672 2338 quinto.
705 2261 820 2318 Nec
851 2279 966 2318 non
1000 2261 1378 2318 concedimus
1403 2261 1654 2316 fundum
1707 2261 1806 2332 qui
1859 2264 2096 2326 vocatur

449 2339 597 2412 Casa
627 2350 802 2420 mala,
836 2350 1008 2407 sicuti
1039 2350 1192 2406 infra
1220 2368 1360 2406 suos
1406 2350 1735 2406 continetur
1782 2349 1946 2404 ﬁnes.
1996 2349 2096 2404 Isti

451 2445 590 2522 sunt
615 2440 838 2514 antiqui
861 2440 1122 2496 conﬁnes
1147 2458 1159 2510 ;
1182 2457 1216 2496 a
1235 2439 1424 2512 primo
1457 2439 1635 2494 latere
1665 2443 1755 2494 est
1787 2440 1894 2493 P...
1913 2456 1964 2504 a,
1989 2442 2045 2493 et
2069 2454 2101 2492 a

452 2538 710 2596 secundo
741 2536 992 2592 fundum
1026 2536 1268 2603 Menori,
1295 2540 1352 2591 et
1374 2533 1842 2591 Palombarolum
1871 2553 1883 2603 ;
1909 2552 1942 2590 a
1963 2534 2104 2590 duo-

457 2628 570 2684 bus
635 2626 920 2702 lateribus
977 2625 1122 2681 silva
1177 2625 1354 2680 vestri
1413 2624 1772 2680 monasterii.
1825 2623 2108 2680 Similiter

460 2718 878 2778 confirmamus
896 2716 1144 2784 fundum
1169 2716 1269 2788 qui
1295 2719 1532 2771 vocatur
1559 2712 1928 2779 Peritanella,
1953 2713 2108 2786 posi-

461 2811 590 2868 tum
616 2806 710 2863 via
725 2805 988 2862 Cornelia
1009 2805 1080 2860 ad
1100 2808 1335 2877 pontem
1357 2802 1761 2873 Sofﬂarijuxta
1777 2801 2109 2870 Talianum,

467 2909 526 2960 et
553 2903 796 2974 Menori,
827 2908 884 2958 et
915 2907 1070 2960 terra
1101 2901 1257 2958 tituli
1287 2901 1484 2957 Sancti
1517 2901 1732 2972 Angeli.
1755 2901 1898 2956 Item
1917 2917 2116 2956 conce-

475 2992 672 3058 dimus
702 2995 759 3047 et
787 2992 1235 3049 corroboramus
1288 2991 1538 3046 fundum
1587 2989 2012 3058 Gamelianum,
2064 2993 2121 3044 et

477 3080 708 3140 Olibula
720 3080 1010 3156 Agellum,
1032 3081 1196 3138 Pium
1214 3083 1625 3147 Camaranum,
1645 3080 1958 3134 Lauretum
1973 3078 2119 3151 (192)

2187 1142 2513 1206 Decimum,
2537 1146 2594 1196 et
2613 1142 2984 1197 Farotianum
3015 1159 3027 1209 ;
3053 1158 3086 1194 a
3104 1143 3308 1212 quarto
3335 1139 3582 1194 fundum
3607 1138 3850 1194 Attilia-

2190 1248 2353 1298 num,
2387 1237 2444 1285 et
2475 1229 2846 1286 Villarustica
2868 1247 2936 1286 ex
2959 1246 3196 1302 corpore
3212 1227 3381 1285 vallis
3403 1229 3633 1300 Prmytae
3652 1244 3846 1299 usque

2191 1321 2261 1376 ad
2288 1320 2475 1374 rivum
2497 1318 3102 1390 quivocaturGalera;
3135 1317 3433 1389 simulque
3464 1317 3848 1373 concedimus

2193 1411 2440 1464 fundum
2472 1409 2570 1480 qui
2602 1413 2840 1464 vocatur
2864 1408 3266 1474 Cosarianum,
3293 1411 3348 1462 et
3365 1407 3614 1462 fundum
3633 1405 3847 1478 Agolli,

2195 1500 2250 1552 in
2285 1515 2400 1570 quo
2433 1502 2519 1552 est
2547 1496 2740 1553 insula
2784 1497 3004 1569 Agolli,
3061 1498 3392 1565 Sulianum,
3452 1495 3731 1566 Calciam,
3793 1498 3855 1550 et

2196 1588 2663 1659 Margaritarum,
2697 1587 2918 1658 positos
2950 1604 3018 1643 ex
3048 1585 3163 1642 alia
3193 1590 3355 1659 parte
3379 1586 3602 1642 Stratae.
3629 1583 3853 1641 Simili-

2196 1682 2283 1732 ter
2313 1676 2710 1744 concedimus,
2744 1679 2800 1730 et
2830 1676 3250 1731 conﬁrmamus
3281 1675 3528 1730 fundum
3578 1673 3857 1730 Octavia-

2203 1782 2344 1820 num
2376 1768 2434 1819 et
2464 1763 2711 1818 fundum
2742 1765 3031 1819 Cesanum
3065 1779 3200 1819 cum
3233 1768 3353 1819 toto
3401 1763 3691 1820 territorio
3743 1778 3858 1818 suo

2203 1855 2426 1925 absque
2456 1869 2653 1908 massa
2683 1853 2859 1907 Trani
2889 1869 3020 1908 cum
3053 1853 3293 1925 cryptis,
3335 1852 3742 1908 mansionibus
3792 1855 3859 1906 et

2201 1943 2462 2008 lamiliis,
2493 1945 2548 1996 et
2580 1942 2828 1997 fundum
2860 1941 3226 1998 Pisinianum
3257 1957 3381 1996 cum
3414 1945 3608 1997 monte
3639 1939 3851 1995 Sancti

2198 2031 2428 2103 Angeli.
2461 2031 2527 2084 Et
2548 2030 2922 2086 concedimus
2942 2047 3200 2086 massam
3213 2029 3535 2086 Clodianam
3552 2045 3690 2084 cum
3711 2027 3848 2084 loco

2202 2121 2502 2192 Paparann)
2533 2123 2589 2174 et
2620 2119 2771 2174 sicut
2803 2120 2931 2191 ipsa
2951 2107 3160 2175 massa
3190 2117 3530 2184 extenditur,
3563 2133 3756 2190 usque
3784 2116 3857 2172 In

2201 2211 2479 2265 Soranam
2509 2225 2640 2264 cum
2705 2208 2834 2264 lacu
2866 2209 3226 2275 Baccanis,et
3255 2207 3527 2264 omnibus
3545 2207 3670 2262 suis
3686 2206 3875 2278 perti-

2206 2299 2438 2355 nentiis.
2471 2299 2540 2354 Et
2569 2298 2990 2353 confirmamus
3020 2297 3326 2354 ecclesiam
3361 2296 3558 2352 Sancti
3604 2295 3869 2351 Alexan-

2209 2388 2297 2443 dri
2329 2405 2455 2460 quaa
2487 2392 2575 2442 est
2603 2387 2662 2441 in
2695 2387 2996 2452 Baccanis,
3034 2391 3091 2442 et
3139 2386 3390 2442 fundum
3439 2385 3758 2453 Visanum,
3814 2388 3876 2441 et

2213 2477 2656 2550 Perpinianum.
2705 2477 2770 2531 Et
2801 2478 3221 2532 confirmamus
3247 2476 3498 2531 fundum
3529 2473 3876 2531 Germanel-

2216 2567 2339 2621 lum
2373 2565 2628 2638 positum
2676 2563 2768 2620 via
2825 2565 3145 2632 Flammea,
3203 2563 3495 2620 territorio
3553 2563 3876 2636 Nepesino,

2219 2655 2468 2710 miliario
2503 2655 2638 2726 plus
2668 2655 2866 2709 minus
2895 2655 3170 2710 vicesimo
3203 2654 3481 2710 secundo.
3529 2653 3876 2724 Pariterque

2221 2745 2596 2801 concedimus
2628 2750 2683 2799 et
2715 2745 3134 2800 conﬁrmamus
3184 2744 3398 2799 fundos
3444 2742 3544 2815 qui
3590 2746 3880 2799 vocantur

2221 2836 2570 2906 Tracquata,
2613 2833 3044 2901 Cornelianum,
3093 2832 3475 2902 Vivariolum,
3535 2831 3760 2904 positos
3817 2830 3880 2886 in

2228 2925 2534 2980 Macorano
2559 2924 2730 2994 juxta
2759 2923 3149 2994 Capracorum
3181 2922 3330 2992 (194)
3363 2927 3421 2976 et
3463 2921 3636 2992 juxta
3683 2921 3883 2976 rivum

2229 3013 2428 3080 Gralli,
2462 3017 2518 3068 et
2549 3028 2725 3085 pr0pe
2755 3016 2976 3067 curtem
3012 3011 3081 3067 de
3112 3011 3439 3067 Macorano.
3483 3011 3627 3066 Item
3671 3026 3884 3066 conce-

2234 3103 2429 3158 dimus
2463 3102 2710 3156 fundum
2743 3101 2841 3173 qui
2874 3105 3114 3156 vocatur
3136 3099 3441 3156 Balneolas
3463 3098 3712 3156 Faticlas
3735 3099 3886 3155 alias

478 3185 537 3239 et
565 3184 856 3253 (ἰυοίίίυοίι
884 3180 1038 3236 infra
1091 3180 1453 3252 snbscriptos
1511 3178 1656 3232 ﬁnes
1716 3177 2119 3245 continentur;
2153 3171 2195 3237 (ἶ
2237 3196 2431 3248 monte
2462 3190 2641 3262 Lupis
2673 3171 2850 3263 supra
2869 3191 3149 3246 Sanctum
3171 3189 3562 3246 Alexandrum
3585 3189 3645 3244 in
3675 3190 3888 3245 Bacca-

477 3270 712 3344 aprimo
734 3269 914 3326 latere
938 3269 1296 3324 territorium
1319 3269 1389 3322 de
1404 3272 1661 3338 Buccege
1666 3265 1819 3335 juris
1839 3268 2126 3321 monaste-

475 3358 547 3410 rii
579 3357 776 3430 Sancti
810 3356 1042 3412 Martini
1071 3374 1085 3424 ;
1119 3375 1153 3410 a
1205 3356 1483 3420 secundo,
1545 3353 1734 3408 casale
1792 3353 2122 3410 Celisanum

466 3453 626 3522 juris
648 3453 989 3510 monasterii
1014 3451 1209 3507 Sancti
1231 3452 1415 3518 Sabae,
1433 3456 1490 3505 et
1502 3455 1654 3505 terra
1658 3451 1811 3521 juris
1831 3457 2122 3507 monaste-

472 3540 542 3596 rii
574 3541 769 3597 Sancti
798 3539 1079 3611 Stephani
1113 3540 1387 3610 Majoris;
1422 3557 1454 3593 a
1485 3539 1655 3594 tertio
1687 3540 1875 3594 rivum
1907 3540 2007 3610 qui
2024 3558 2120 3595 vo-

473 3635 642 3686 catur
672 3629 916 3697 Galero;
976 3646 1009 3685 a
1039 3633 1247 3700 quarto
1280 3629 1469 3684 rivum
1503 3628 1604 3700 qui
1625 3632 1862 3682 vocatur
1880 3630 2120 3700 Arrone,

469 3719 729 3796 positum
755 3718 1046 3782 territorio
1073 3716 1337 3774 Galeria.
1361 3717 1644 3773 Similiter
1668 3717 2119 3774 concedimusin

470 3809 626 3868 dicto
659 3808 1016 3865 monasterio
1047 3807 1194 3864 alios
1225 3806 1466 3874 casales,
1495 3807 1595 3878 qui
1616 3811 1896 3862 vocantur
1915 3807 2119 3875 Galdo,

468 3907 686 3962 Mensae
716 3905 1040 3973 Palumbae,
1062 3905 1223 3960 Valle
1245 3906 1315 3960 de
1339 3904 1534 3971 Paulo,
1566 3904 1893 3972 Ortianum,
1920 3905 2122 3976 Spina-

471 3995 647 4062 hleta,
706 3994 1127 4063 Barbulanum,
1187 3995 1408 4067 positos
1459 3995 1631 4065 juxta
1679 3994 1869 4049 casale
1925 3993 2118 4050 Celsa-

472 4099 644 4140 num.
677 4082 792 4138 Nec
825 4099 940 4137 non
995 4083 1373 4139 concedimus
1431 4084 1680 4138 fundum
1736 4083 2117 4151 Actitianum,

467 4174 526 4226 et
549 4169 800 4226 fundum
829 4168 1204 4226 Villarustica
1234 4189 1303 4227 ex
1361 4187 1597 4243 corpore
1653 4171 1823 4228 vallis
1879 4173 2116 4245 Preytze.

465 4294 568 4367 sed
600 4292 1020 4367 interpolatum
1051 4294 1253 4367 edidit,
1287 4311 1388 4366 pro
1429 4296 1657 4367 Gajanz’o
1709 4297 1882 4352 habet
1940 4301 2119 4354 vicum

465 4365 822 4442 Qajqnqrunz.
859 4365 1391 4442 Gajanivocabulo
1443 4365 1784 4442 Paneirolus
1837 4369 2120 4442 intelligit

462 4435 586 4513 Caji
617 4435 963 4513 obeliscum,
997 4438 1098 4509 qui
1133 4439 1271 4513 ejus
1291 4439 1507 4513 circum
1542 4439 1600 4513 in
1625 4439 1903 4495 Vaticano
1928 4435 2116 4513 quoh-

460 4509 596 4566 dam
627 4509 958 4565 nobilitavit
987 4516 1044 4565 et
1072 4526 1227 4567 nunc
1258 4510 1316 4564 in
1350 4513 1406 4567 S.
1441 4512 1590 4567 Petri
1625 4529 1757 4567 area
1797 4509 2036 4568 eminet.

535 4583 682 4654 (186)
713 4581 922 4654 Confer
950 4582 1356 4639 antecedentes
1377 4585 1434 4640 S.
1471 4584 1679 4639 Leonis
1711 4583 1782 4638 IX
1821 4585 2108 4641 constitu-

462 4653 788 4726 tiones(§x
817 4653 1030 4710 Bullar.
1050 4725 1053 4726 ν
1072 4655 1289 4726 Vatia).

508 4721 797 4802 .(187)'De
825 4741 941 4849 qua
971 4725 1198 4797 egimus
1230 4721 1289 4781 in
1337 4724 1622 4797 superiori
1674 4726 1731 4779 S.
1777 4726 1986 4781 Leonis
2034 4727 2104 4782 IX

508 4793 782 4849 Inlomate
819 4798 833 4849 (
866 4795 1025 4849 bid.l.
1273 4817 1302 4840 ο

464 4793 782 4866 diplomate
819 4793 1034 4866 (Ibid):
1273 4817 1302 4840 ο

563 4864 1051 4940 t8S)_Hanc_supra
1064 4868 1517 4924 memoravimus
1540 4868 1596 4922 in
1621 4868 1883 4940 proxima
1898 4869 2104 4925 Leonis

465 4931 550 4990 IX'
568 4931 737 5004 bulla
763 4931 966 5004 (me):

532 5002 683 5075 (189)
711 5002 967 5087 .IOannes
981 5006 1291 5087 gajetanus
1309 5011 1501 5066 Sancti
1515 5010 1801 5087 Theodori
1823 5010 2105 5087 diaconus

459 5079 636 5152 terres
664 5079 953 5152 vinearum
979 5079 1226 5152 Suvereti
1253 5084 1530 5152 totumque
1549 5084 1722 5151 ipsius
1747 5085 2105 5138 tenimcntum

459 5147 713 5206 basilicae
743 5147 1033 5222 vaticana:
1067 5149 1332 5216 donavit;
1381 5147 1877 5222 quemadmodum
1933 5154 2105 5209 habet

459 5237 570 5278 ms.
605 5219 914 5296 cujusdam
951 5221 1185 5296 lacinia,
1243 5219 1807 5296 apud'i'l‘urrigium,
1865 5225 1964 5280 lib.
2027 5231 2104 5281 De

458 5297 644 5366 crypt.
666 5291 888 5366 Vatic.,
910 5309 1052 5366 pag.
1092 5295 1212 5361 161,
1246 5291 1385 5350 θᾶίι.
1419 5295 1577 5350 1639.

530 5364 679 5502 (190)
711 5364 960 5448 Consule
991 5364 1264 5437 superius
1288 5367 1495 5448 Leonis
1520 5367 1587 5421 IX
1612 5367 1872 5438 diploma
1894 5368 2098 5438 (ΗΜΛ).

559 5435 646 5489 191
710 5437 1054 5493 Benedictus
1088 5439 1176 5502 IX,
1211 5439 1270 5494 in
1312 5439 1610 5502 privilegio
1662 5457 1762 5502 pro
1814 5439 2098 5502 episcopis

504 5435 695 5514 ,(191)
710 5435 1270 5514 Ben_edictus_ll(,_in
1293 5439 1610 5514 privilegio
1661 5435 1788 5514 pro_
1814 5435 2102 5514 episcopis

459 5503 627 5560 Silva
657 5503 1228 5583 Candidzememi‘nit
1258 5503 1411 5566 silvae
1445 5503 1572 5582 quae
1604 5503 1931 5583 appellatur
1982 5503 2100 5568 Ma.

456 5591 595 5658 gna,
629 5591 762 5632 cum
796 5581 1072 5637 omnibus
1094 5581 2101 5654 sibipertinentibusiabunolatere

456 5663 621 5704 rivus
653 5647 723 5705 de
753 5648 979 5712 Galera.
1013 5653 1083 5709 ab
1114 5653 1226 5710 alio
1259 5653 1436 5710 latere
1467 5671 1636 5710 mons
1657 5655 2102 5712 auiannellalur

456 5673 621 5704 l‘lvua
653 5673 723 5705 uu
753 5673 979 5717 uatem,
1013 5673 1083 5709 (ID
1114 5673 1226 5715 auo
1259 5673 1436 5710 latere
1467 5673 1636 5710 IIIOIIS
1699 5673 1758 5709 Ill
1776 5673 2095 5729 appellatur

450 5719 684 5798 Stupha
711 5721 937 5786 Ancilla
964 5723 1088 5782 Dei.
1121 5725 1216 5784 Sic
1253 5726 1409 5801 apud
1457 5725 1609 5785 Bull.
1657 5673 1827 5786 Bom.
1879 5728 2095 5787 noviss.

2139 4544 2187 4608 1)

2233 3283 2344 3348 nis,
2379 3285 2434 3336 et
2465 3280 2711 3336 fundum
2743 3279 2843 3350 qui
2873 3283 3111 3335 vocatur
3141 3278 3272 3334 Fisa
3302 3295 3434 3334 cum
3466 3279 3659 3351 Burgo
3683 3277 3887 3334 Sancti

2231 3369 2561 3427 Alexandri.
2599 3371 2841 3440 Insuper
2869 3367 3046 3424 etiam
3073 3368 3448 3423 concedimus
3471 3373 3526 3422 et
3546 3367 3889 3422 corrobora-

2233 3476 2366 3515 mus
2423 3457 2675 3514 insulam
2713 3457 3039 3512 Martanam
3069 3457 3236 3528 (195),
3281 3474 3398 3511 una
3440 3472 3565 3510 cum
3612 3453 3893 3510 ccclesiis

2233 3549 2426 3605 Sancti
2460 3545 2757 3618 Stephani,
2783 3549 2839 3601 et
2855 3545 3050 3602 Sancti
3067 3544 3380 3613 Valentini,
3397 3541 3685 3611 domibus,
3705 3543 3894 3600 fami-

2231 3637 2343 3704 liis,
2374 3635 2640 3708 piscariis
2657 3639 2862 3690 etcum
2881 3635 3155 3690 omnibus
3177 3635 3250 3690 ad
3273 3651 3402 3690 eam
3432 3632 3892 3706 pertinentibus,

2231 3727 2301 3782 ad
2333 3743 2506 3781 usum
2540 3729 2597 3781 et
2627 3726 3114 3780 sustentationem
3151 3722 3653 3779 monachorumin
3677 3738 3892 3776 mona-

2231 3815 2404 3871 sterio
2435 3816 2625 3870 Sancti
2659 3813 2939 3886 Stephani
2962 3813 3358 3880 existentium,
3383 3811 3533 3868 sicut
3562 3811 3892 3884 praedeces-

2229 3923 2326 3960 sor
2356 3908 2553 3960 noster
2582 3903 2903 3972 Paschalis,
2933 3902 3031 3974 qui
3056 3903 3244 3959 fuerat
3257 3906 3444 3958 rector
3473 3901 3664 3974 ipsius
3682 3918 3894 3957 mona—

2229 3994 2387 4051 sterii
2418 3995 2567 4066 (196)
2589 3993 2747 4048 dedit
2770 3993 2877 4048 hoc
2901 3992 3320 4064 patrimonium
3345 4007 3520 4048 suum
3547 3991 3618 4045 ad
3643 3996 3892 4048 susten-

2226 4083 2507 4138 tationem
2540 4076 2961 4138 monachorum
2993 4081 3188 4136 Sancti
3221 4079 3500 4153 Stephani
3535 4079 3808 4151 Majoris,
3832 4079 3889 4134 in

2227 4173 2402 4229 choro
2433 4172 2587 4228 beati
2617 4169 2772 4226 Petri
2803 4170 3208 4238 servientium,
3238 4174 3295 4226 et
3345 4169 3456 4225 sub
3509 4167 3892 4224 anathemate

2227 4299 2365 4354 edit.
2395 4302 2536 4353 tom.
2572 4298 2614 4351 Ι.
2649 4299 2717 4351 At
2747 4295 2992 4351 Joannis
3023 4295 3147 4350 XIX
3180 4293 3341 4350 bulla
3363 4295 3433 4350 ad
3460 4293 3699 4350 Petrum
3719 4293 3891 4349 Silvae

2225 4369 2492 4441 Candida:
2533 4368 2873 4441 episcopum
2905 4368 3061 4437 data,
3095 4368 3152 4422 in
3184 4367 3388 4423 eodem
3417 4365 3678 4422 Bullario
3711 4364 3894 4421 habet

2225 4440 2458 4513 Huppla
2488 4439 2714 4495 Ancilla
2738 4439 2868 4513 Dei.

2223 4508 2444 4672 (mag?)
2477 4513 2556 4567 De
2588 4529 2704 4584 qua
2733 4511 2793 4565 in
2827 4509 3113 4582 superiori
3167 4511 3374 4566 Leonis
3423 4509 3491 4564 IX
3539 4508 3887 4579 diplomate.

2309 4601 2324 4638 ι
2372 4626 2381 4637 .

2292 4650 2889 4727 (193)ADomuncuI.t_am
2919 4654 3216 4727 Lauretum
3247 4670 3287 4727 ᾳ
3310 4653 3373 4727 S._
3403 4650 3701 4727 Zachario‘
3720 4650 3885 4727 novi-

2216 4722 2308 4782 ter
2332 4722 2661 4782 ordinatam
2694 4724 2945 4798 legimus
2975 4725 3130 4798 apud
3150 4722 3665 4798 Bioliotbecarium
3689 4725 3752 4777 in
3777 4723 3882 4798 hoc

2215 4795 3193 4879 pontifice;Lauresinmdiplomate
3207 4795 3561 4879 recensitum
3579 4797 3887 4878 memorat

2215 4867 2363 4941 saepe
2395 4869 2632 4924 laudata
2661 4867 2956 4925 Benedicti
2977 4870 3053 4923 IX
3081 4867 3422 4924 constitutio
3445 4883 3547 4938 pro
3568 4867 3871 4939 episcopis

2218 4943 2382 4996 Silva:
2413 4941 2704 4996 Candidre.

2286 5013 2432 5083 (19.1)
2464 5013 2541 5067 De
2573 5029 2686 5083 quo
2719 5028 2850 5066 mox
2872 5011 3132 5066 dicemus
3154 5011 3498 5083 ingproximo
3521 5008 3870 5083 diplomate.

2213 5081 2451 5140 Interim
2485 5081 2612 5140 uua—3
2635 5101 2668 5138 a
2693 5088 2893 5138 nostro
2914 5083 3187 5138 Suaresio
3219 5081 3278 5136 in
3302 5081 3562 5136 dratriba
3594 5081 3668 5135 de
3696 5081 3872 5136 Fora-

2215 5156 2472 5238 minibus
2504 5151 2788 5226 lapidum,
2819 5159 2953 5219 etc.,
2975 5153 3155 5210 relata
3176 5158 3285 5221 est,
3312 5151 3762 5224 inscriptionem
3790 5167 3874 5206 ac-

2213 5245 2264 5354 51'
2267 5245 2407 5380 iis
2437 5297 2982 5380 TPEBEMMEIPA
2991 5296 3337 5380 essent:
3350 5295 3582 5380 lege
3611 5295 3876 5380 Mitti:

2284 5372 2406 5426 TIA
2458 5368 2948 5426 CAPRACOBUM
2997 5369 3338 5425 TEMPORE
3387 5367 3554 5425 DOM.
3613 5365 3871 5422 LEONIS

2284 5442 2551 5506 QUARTI
2585 5442 2688 5496 PP.
2717 5440 2809 5496 GO
2872 5440 3165 5495 AGATHO
3195 5441 3301 5496 Ο...

2280 5514 2430 5580 (195)
2457 5513 2601 5567 Vide
2633 5511 2969 5567 Cluverium
3003 5511 3131 5567 Ital.
3161 5512 3346 5584 antiq.
3370 5510 3472 5565 lib.
3499 5528 3558 5578 II,
3587 5509 3870 5584 pag1559.

2283 5586 2429 5655 (t96)
2462 5585 2554 5638 Sic
2591 5584 2767 5640 habet
2797 5588 3075 5641 Anastas.
3125 5583 3274 5640 Bibl.
3314 5581 3384 5638 Vin
3445 5581 3628 5640 Leone
3660 5581 3759 5637 III.
3811 5582 3877 5635 ut

2208 5673 2390 5733 supra
2421 5655 2704 5714 diximus.
