4088 6174
441 334 561 409 ἠπ

443 618 719 680 mandato
750 617 888 676 dicti
918 621 1118 677 domni
1150 618 1342 689 legati,
1378 622 1436 672 et
1464 618 1545 689 ad
1578 617 1919 673 instantiam
1949 635 2078 689 ven.

438 694 697 750 virorum
716 688 1326 761 dominorum,prioris
1345 688 1756 761 canonicorum
1774 688 2082 761 etcapituli

440 769 823 822 sacrosancta
836 760 1097 818 basilica
1108 760 1389 833 principis
1407 760 1802 831 apostolorum
1825 762 1895 815 de
1908 760 2079 826 Urbe,

439 838 659 908 ibidem
688 834 1088 908 praesentium,
1121 833 1314 908 ipsum
1346 837 1787 903 transumptum
1806 836 1862 886 et
1886 848 2081 908 exem-

481 910 605 986 lum
635 903 879 962 in'hanc
916 903 1211 986 publicam
1244 904 1490 986 formam
1525 919 1703 984 manu
1732 903 1965 986 propria
1993 918 2083 957 re-

482 926 605 965 tum
635 926 695 962 1n
726 926 879 961 nano
916 926 1211 986 pumlcum
1246 926 1490 984 lorulatu
1526 926 1703 984 [natm
1732 926 1920 974 propri

440 926 594 1051 gegi,
630 992 873 1049 meoque
895 992 1064 1048 signo
1093 978 1370 1032 consueto
1403 990 1625 1046 signaw
1660 978 1920 1046 rogatus.

1129 1082 1385 1137 LXXXII.

442 1173 497 1232 S.
551 1178 656 1231 Leo
718 1175 785 1229 IX
832 1174 1094 1244 episcOpis
1143 1173 1373 1229 Venetiae
1411 1179 1461 1225 et
1508 1170 1688 1226 Istria?
1728 1171 2084 1244 praecipitat

504 1241 1158 1320 patriarcha'Gradensi,
1185 1244 1345 1320 cujus
1376 1243 1676 1320 primatum
1699 1241 2083 1320 abapostotica

509 1313 633 1374 sede
672 1332 982 1373 concessum
1028 1315 1230 1387 synodo
1285 1314 1659 1384 conﬁrmarat,
1722 1313 2082 1370 obedientiam

504 1390 802 1463 praebeant.

1064 1476 1249 1547 (Anno
1282 1473 1466 1545 1053.)

837 1565 1070 1639 [Mansi,
1105 1566 1309 1622 Concil.
1353 1563 1493 1629 XIX,
1527 1564 1678 1635 657.]

504 1663 615 1715 Leo
657 1657 985 1730 episcopus,
1036 1670 1236 1711 servus
1286 1669 1585 1708 servorum
1635 1652 1757 1721 Dei,
1804 1654 2079 1710 omnibus

432 1746 722 1820 episcopis
740 1743 995 1800 Venetia
1024 1746 1081 1799 et
1110 1742 1289 1798 Istria
1323 1740 1569 1797 salutem
1602 1746 1659 1797 et
1697 1742 2077 1815 apostolicam

434 1835 922 1893 benedictionem.

504 1922 742 1983 Noverit
784 1927 979 1979 vestra
999 1921 1351 1979 charissima
1394 1922 1566 1977 nobis
1612 1921 1673 1976 in
1703 1921 1932 1978 Christo
1963 1922 2077 1978 fra-

431 2015 695 2083 ternitas,
727 2014 836 2070 hac
868 2013 927 2067 in
954 2010 1224 2085 prasenti
1255 2010 1571 2066 indictione
1600 2015 1781 2078 sexta,
1815 2010 2075 2067 clarissi-

433 2122 602 2165 mum
623 2104 973 2161 confratrem
1006 2105 1272 2158 nostrum
1306 2098 1673 2155 Dominicum
1696 2100 2073 2170 Gradensem,

434 2196 554 2252 imo
621 2209 781 2250 nova
839 2189 1119 2262 Aquileia
1184 2188 1599 2261 patriarcham,
1654 2189 1725 2244 ad
1786 2190 2073 2262 synodum

430 2288 692 2340 nostram
712 2283 905 2337 Romae
922 2279 1183 2334 habitam
1204 2276 1455 2341 venisse,
1473 2281 1531 2332 et
1546 2278 1972 2347 querimoniam
2005 2280 2075 2335 de

429 2388 539 2428 sua
554 2375 611 2427 et
631 2370 795 2441 Foroj
806 2367 1018 2424 uliensi
1037 2364 1310 2434 Ecclesia,
1336 2382 1512 2437 quam
1532 2366 1826 2422 credimus
1841 2383 1938 2423 vos
1956 2385 2071 2424 non

426 2458 715 2533 ignorare,
760 2454 1206 2529 lacrymabiliter
1235 2470 1431 2509 coram
1469 2454 1692 2510 fecisse.
1728 2456 1905 2527 Cujus
1944 2458 2071 2512 tan-

427 2548 560 2606 dem
592 2546 825 2603 relectis
846 2543 1184 2617 privilegiis,
1209 2560 1243 2598 a
1260 2547 1463 2599 sancta
1484 2543 1745 2599 Romana
1765 2547 1822 2600 et
1837 2548 2068 2615 aposto-

423 2637 538 2693 lica
558 2637 695 2694 sede
715 2635 828 2691 sibi
848 2632 1160 2703 concessis,
1177 2632 1403 2703 judicio
1422 2632 1603 2688 totius
1624 2637 1839 2688 sancta
1861 2634 2068 2706 synodi

422 2726 534 2783 hoc
555 2724 860 2782 deﬁnitum
884 2722 1020 2779 fuit:
1040 2722 1113 2777 Ut
1151 2738 1298 2777 nova
1325 2720 1592 2793 Aquileia
1612 2722 1794 2777 totius
1814 2723 2067 2778 Venetia

424 2821 484 2874 et
507 2814 690 2872 Istria
721 2816 896 2886 caput
941 2815 998 2868 et
1036 2809 1376 2883 metropolis
1406 2814 1685 2884 perpetuo
1733 2810 2065 2879 haberetur,

423 2905 749 2963 secundum
771 2902 925 2974 quod
949 2900 1389 2957 evidentissima
1406 2901 1900 2972 praedecessorum
1929 2917 2066 2956 nos-

422 2997 649 3050 trorum
698 2991 1041 3047 astruebant
1098 2988 1421 3062 privilegia.
1481 2989 1896 3061 Forojuliensis
1934 3005 2067 3046 vero

423 3083 692 3151 antistes,
713 3078 1120 3137 tantummodo
1143 3078 1358 3133 finibus
1384 3077 1893 3149 Langobardorum
1917 3082 2071 3134 esset

422 3174 756 3240 contentus,
770 3171 940 3243 juxta
961 3167 1331 3242 privilegium
1348 3166 1607 3240 Gregorii
1636 3166 1685 3223 II
1708 3170 1765 3223 et
1789 3170 2063 3224 retracta-

417 3264 639 3322 tionem
668 3260 866 3318 Tertii.
901 3260 970 3315 Et
999 3258 1107 3314 hoc
1138 3256 1375 3328 quidem
1406 3259 1567 3312 extra
1595 3256 1939 3327 patientiam
1969 3273 2066 3313 ca-

417 3366 642 3407 nonum
665 3348 718 3404 ei
748 3364 852 3419 pro
876 3362 1089 3417 magno
1109 3344 1529 3411 concessimus,
1550 3344 1690 3415 quia
1711 3350 1919 3416 quater
1937 3346 2063 3416 jam

413 3440 655 3494 vocatus
686 3453 719 3491 a
747 3433 938 3501 nobis,
962 3449 1067 3488 nec
1087 3431 1264 3498 venit,
1289 3448 1394 3487 nec
1414 3433 1728 3501 excusavit,
1754 3449 1889 3489 cum
1920 3435 2060 3490 Gra-

416 3523 640 3593 densis,
672 3523 731 3579 id
755 3526 1027 3588 est,nova
1048 3519 1325 3592 Aquileia
1356 3521 1710 3592 patriarcha,
1747 3522 2061 3594 quinquies

413 3617 625 3671 nostra
654 3610 896 3686 synodo,
912 3610 1088 3665 etiam
1106 3625 1222 3665 non
1243 3613 1499 3675 vocatus,
1524 3608 1870 3665 interfuerit.
1896 3610 2059 3668 Unde

410 3703 702 3761 monendo
732 3700 1087 3757 mandamus
1116 3702 1174 3753 et
1200 3696 1571 3771 pracipimus
1622 3698 1865 3755 vobisex
1895 3704 2057 3771 parte

407 3792 510 3852 Dei
541 3796 598 3849 et
627 3790 813 3849 sancti
845 3786 1020 3857 Petri,
1067 3792 1123 3844 et
1152 3791 1371 3855 nostra,
1406 3792 1471 3843 ut
1503 3787 1738 3860 praefato
1771 3788 2054 3845 Gradensi

407 3880 751 3956 patriarcha
802 3877 1361 3949 successoribusque
1377 3878 1525 3949 ejus,
1550 3876 1608 3931 in
1632 3876 1930 3949 omnibus,
1962 3895 2049 3934 se-

406 3970 667 4026 cundum
688 3969 829 4038 jura
855 3966 1152 4033 canonica,
1185 3965 1519 4022 obedientes
1553 3966 1705 4032 sitis,
1748 3966 1903 4021 sicut
1932 3967 2051 4038 pri-

405 4056 550 4112 mati
580 4060 770 4111 vestro
800 4060 858 4111 et
887 4054 1228 4126 patriarcha
1258 4072 1385 4111 esse
1416 4055 1661 4125 debetis,
1694 4058 1750 4111 et
1780 4055 1931 4111 sicut
1952 4073 2051 4111 an-

404 4144 794 4201 tecessoribus
824 4143 951 4214 ejus
988 4143 1173 4197 nostri
1199 4149 1477 4215 perpetuo
1509 4144 1945 4201 confirmarunt.
1980 4145 2050 4200 Et

404 4233 455 4291 si
495 4233 637 4307 quid
684 4232 777 4289 sui
818 4232 973 4303 juris
1020 4231 1079 4285 in
1111 4230 1357 4287 urbibus
1396 4234 1603 4289 vestris
1635 4233 1722 4289 vel
1755 4234 2047 4306 parochiis

403 4324 734 4381 continetur
752 4322 909 4394 quod
931 4336 1038 4377 suo
1052 4319 1377 4376 dominatui
1393 4320 1597 4377 merito
1618 4322 1825 4377 debeat
1846 4323 2044 4391 subdi,

401 4411 600 4467 nullus
626 4414 885 4468 vestrum
907 4408 1021 4465 sibi
1038 4409 1433 4464 contradicere
1462 4414 1793 4481 prasumat.
1819 4411 1878 4467 Si
1909 4412 2042 4484 quis

396 4515 530 4557 vero
549 4504 809 4557 vestrum
832 4499 1155 4572 quidquam
1170 4497 1194 4569 j
1203 4501 1344 4554 usta
1359 4498 1747 4569 quarimonia
1764 4500 2041 4558 adversus

1510 338 1576 400 S.
1622 338 1904 403 LEONIS
1947 337 2029 404 lX
2075 334 2306 403 PAPJE
2349 338 2787 407 OPUSCULA.

444 476 741 564 dentibus:
763 478 821 564 et
842 474 1312 564 3959",!t99iibus
1328 474 1777 564 Cumaeae?
1794 474 2079 564 sesami:
2110 476 2166 542 Α

443 550 529 623 cis
557 545 905 623 litterislegi
934 553 990 623 et
1008 548 1257 623 fideliter
1277 545 1623 623 auscultavi,
1651 545 1986 623 ipsumque,
2010 547 2095 602 de

2817 476 3005 549 (Anno
3039 470 3223 549 1053.)

2607 602 2830 671 [Mansi,
2866 602 3071 659 Concil.
3105 601 3251 671 XIX,
3283 603 3434 672 657.]

2263 746 2371 798 Leo
2404 743 2711 815 episcopus
2740 760 2942 800 servus
2974 758 3273 801 servorum
3298 743 3422 813 Dei,
3443 743 3672 802 Tnomn
3702 762 3841 803 con-

2194 829 2353 885 fratri
2387 831 2737 888 charissimo
2756 836 2823 906 ~et
2843 831 3490 905 coepiscopo,salutem.

2260 938 2404 993 Cum
2434 954 2502 993 ex
2529 938 2949 995 venerabilium
2971 956 3265 996 canonum
3299 941 3648 999 auctoritate
3679 960 3838 1001 reco-

2189 1024 2368 1081 limus
2407 1025 2689 1083 ducentos
2730 1027 2992 1101 quinque
3030 1025 3334 1100 episcopos
3378 1028 3623 1086 concilio
3658 1031 3840 1089 inter-

2190 1113 2370 1170 fuisse
2400 1115 2866 1189 Carthaginensi,
2900 1120 2956 1173 et
2985 1134 3141 1173 nunc
3163 1134 3198 1174 a
3225 1121 3329 1174 tua
3348 1118 3713 1177 fraternitate
3739 1138 3841 1178 au-

2188 1202 2385 1260 dimus
2399 1204 2660 1276 quinque
2672 1205 2765 1260 vix
2780 1205 3083 1280 episcopos
3096 1223 3403 1280 superesse
3416 1208 3475 1264 in
3490 1210 3834 1281 totaAfrica,

2190 1292 2573 1366 utiquetertia
2589 1293 2768 1368 hujus
2781 1295 3174 1368 corruptibilis
3186 1296 3392 1352 mundi
3405 1302 3593 1371 parte,
3608 1315 3838 1372 compa-

2189 1383 2373 1440 timur
2389 1387 2560 1441 tanta
2580 1390 2782 1442 vestra
2795 1384 3192 1442 imminutioni
3210 1386 3347 1442 totis
3367 1387 3689 1445 visceribus
3716 1390 3838 1447 ani-

2189 1474 2290 1530 mi.
2310 1474 2455 1530 Cum
2472 1479 2669 1532 autem
2693 1475 2851 1548 ipsas
2865 1473 3317 1532 Christianitatis
3335 1476 3618 1550 reliquias
3630 1478 3835 1535 edisci-

2188 1580 2322 1620 mus
2344 1563 2573 1620 interna
2592 1569 2649 1620 et
2665 1563 3248 1621 mutuadissensione
3266 1565 3530 1622 discendi
3541 1569 3601 1622 et
3611 1568 3833 1640 disper-

2187 1652 2265 1725 gi,
2298 1657 2354 1708 et
2382 1653 2661 1710 adversus
2681 1671 2743 1710 se
2776 1654 3024 1711 invicem
3055 1654 3179 1711 zelo
3204 1658 3261 1710 et
3285 1655 3657 1712 contentione
3676 1657 3834 1729 prin-

2187 1740 2415 1813 cipatus
2444 1741 2657 1809 inflari,
2697 1742 2781 1798 nil
2811 1741 2970 1799 aliud
2991 1741 3160 1799 nobis
3184 1743 3372 1816 primo
3400 1743 3717 1801 dicendum
3747 1763 3837 1803 oc-

2108 1838 2157 1912 Β
2187 1830 2369 1887 currit
2388 1848 2566 1904 quam
2589 1830 2732 1887 illud
2745 1832 2930 1888 sancti
2960 1834 3138 1889 Amos
3151 1833 3302 1890 vatis
3325 1848 3339 1889 :
3363 1835 3560 1906 Parce,
3582 1835 3827 1905 Domine,

2183 1937 2367 1992 parce,
2399 1921 2612 1978 obsecro
2643 1940 2661 1975 :
2694 1922 2812 1993 quis
2839 1921 3124 1978 suscitabit
3167 1922 3360 1989 Iacob,
3390 1925 3519 1995 quia
3557 1926 3833 1996 parvulus

2185 2013 2302 2065 est?
2330 2010 2509 2082 (Amos
2531 2013 2656 2080 vn.)
2675 2010 2783 2066 Sed
2807 2009 3078 2082 quamvis
3100 2010 3160 2065 in
3181 2009 3285 2066 tali
3306 2014 3577 2083 tantoque
3598 2012 3831 2070 defectu

2184 2098 2483 2171 religionis
2501 2098 2824 2172 plurimum
2846 2097 3178 2167 doleamus;
3203 2099 3448 2156 multum
3469 2103 3663 2156 tamen
3684 2117 3831 2173 gau-

2184 2186 2412 2256 demus,
2428 2188 2567 2259 quia
2582 2191 2795 2243 sancta
2810 2187 3083 2244 Romana
3101 2186 3370 2245 Ecclesia
3389 2187 3587 2244 matris
3616 2193 3830 2246 vestra

2184 2275 2534 2332 sententiam
2558 2275 2853 2349 requiritis
2872 2281 2930 2332 et
2950 2276 3296 2348 exspectatis
3309 2292 3482 2349 super
3492 2276 3833 2350 quastioni-

2182 2364 2294 2420 bus
2323 2364 2535 2422 vestris
2567 2382 2579 2420 :
2613 2369 2670 2421 et
2692 2365 2859 2440 quasi
2882 2363 3087 2421 rivulis
3110 2366 3180 2421 ab
3203 2382 3318 2422 uno
3341 2365 3498 2421 fonte
3519 2381 3832 2439 erumpen-

2182 2451 2361 2523 tibus,
2384 2455 2521 2510 etin
2548 2471 2653 2511 suo
2675 2471 2735 2511 se
2757 2472 2933 2511 cursu
2952 2471 3056 2527 per
3068 2454 3296 2511 diversa
3319 2454 3735 2528 spargentibus
3758 2456 3831 2513 ad

2180 2541 2368 2614 ipsius
2420 2543 2595 2599 fontis
2635 2543 2888 2616 primam
2932 2542 3349 2616 scaturiginem
3380 2542 3590 2599 reverti
3622 2544 3830 2601 debere

2177 2630 2467 2703 Optimum
2489 2632 2729 2704 putatis,
2744 2637 2808 2688 ut
2823 2631 2960 2688 inde
2974 2632 3287 2688 resumatis
3309 2631 3651 2690 directionis
3664 2633 3831 2691 vesti-

2176 2720 2362 2792 gium,
2384 2721 2539 2777 unde
2570 2721 2913 2793 sumpsistis
2939 2722 3121 2778 totius
3142 2720 3486 2778 Christiana
3528 2720 3829 2795 religionis

2176 2808 2500 2866 exordium.
2524 2809 2762 2866 Noveris
2778 2826 2914 2883 ergo
2947 2808 3148 2883 procul
3170 2809 3348 2866 dubio
3369 2809 3527 2883 quia,
3547 2815 3684 2883 post
3713 2810 3829 2867 Ro—

2178 2916 2420 2955 manum
2444 2899 2799 2971 pontificem,
2823 2899 3049 2973 primus
3071 2898 3547 2973 archiepiscopus
3570 2905 3629 2957 et
3647 2901 3828 2958 totius

2175 2986 2377 3044 Africa
2409 2988 2701 3045 maximus
2723 2988 3210 3062 metrOpolitanus
3229 2995 3317 3044 est
3346 2988 3828 3063 Carthaginensis

2177 3077 2515 3150 episcopus:
2533 3094 2657 3147 nec,
2678 3078 3035 3151 quicumque
3049 3078 3147 3146 sit,
3160 3076 3258 3133 ille
3272 3078 3695 3135 Gummitanns
3707 3079 3827 3153 epi-

2176 3182 2394 3239 scopus
2443 3166 2702 3240 aliquam
2753 3166 3050 3223 licentiam
3082 3166 3465 3223 concserandi
3496 3167 3828 3241 episcopos,

2175 3255 2265 3312 vel
2311 3258 2659 3329 deponendi,
2706 3274 2811 3312 seu
2860 3255 3209 3329 provinciale
3265 3255 3581 3312 concilium
3621 3274 3832 3315 convo-

2174 3346 2347 3401 candi
2389 3345 2585 3415 habet,
2620 3345 2747 3402 sine
2785 3363 3075 3402 consensu
3106 3344 3585 3418 Carthaginensis
3632 3347 3827 3403 archi-

2172 3433 2452 3507 episcopi,
2484 3433 2797 3506 cujuslibet
2825 3433 3129 3507 dignitatis
3151 3438 3254 3491 aut
3282 3434 3580 3507 potestatis
3602 3435 3703 3503 sit,
3728 3454 3831 3493 ex-

2170 3523 2354 3594 ceptis
2387 3522 2480 3579 his
2511 3539 2637 3595 qua
2669 3524 2740 3578 ad
2775 3523 3076 3595 propriam
3108 3522 3443 3595 parochiam
3485 3522 3829 3594 pertinent;

2168 3616 2373 3666 caetera
2392 3615 2609 3680 autem,
2643 3612 2795 3668 sicut
2825 3616 2882 3668 et
2910 3611 3009 3669 alii
3044 3610 3291 3669 Africani
3321 3611 3593 3685 episcopi,
3623 3613 3831 3670 consi-

2166 3697 2242 3754 lio
2273 3699 2750 3772 Carthaginensis
2781 3700 3203 3773 archiepiscopi
3220 3705 3371 3775 aget.
3400 3699 3561 3756 Unde
3594 3699 3823 3757 charis-

2165 3786 2299 3843 simi
2330 3788 2653 3845 confratres
2682 3789 2867 3845 nostri
2899 3789 3229 3862 coepiscOpi
3259 3789 3466 3844 Petrus
3482 3791 3539 3844 et
3556 3791 3829 3847 Joannes

2163 3880 2316 3932 recte
2345 3878 2607 3933 sentiunt
2626 3878 2696 3933 de
2724 3877 3201 3950 Carthaginensis
3222 3876 3488 3933 Ecclesia
3511 3876 3829 3950 dignitate,

2159 3981 2263 4021 nec
2294 3966 2667 4023 consentiunt
2697 3966 2877 4022 errori
2909 3966 3300 4023 Gummitana
3349 3964 3642 4023 Ecclesia.
3699 3966 3823 4024 Hoc

2159 4058 2357 4111 autem
2389 4055 2521 4112 nolo
2548 4073 2650 4112 vos
2678 4056 2876 4125 lateat,
2911 4073 3027 4112 non
3071 4056 3282 4113 debere
3323 4059 3535 4128 prater
3581 4061 3827 4113 senten-

2159 4143 2554 4200 tiamRomani
2569 4145 2859 4217 pontiﬁcis
2876 4144 3198 4202 universale
3210 4143 3524 4201 concilium
3536 4142 3828 4202 celebrari

2157 4236 2261 4287 aut
2289 4234 2590 4306 episc0pos
2621 4234 2889 4289 damnari
2923 4233 3011 4290 vel
3042 4234 3287 4307 deponi;
3334 4234 3495 4305 quia,
3535 4234 3647 4289 etsi
3684 4234 3829 4291 licet

2154 4320 2317 4377 vobis
2351 4322 2578 4394 aliquos
2607 4323 2913 4395 episcopos
2943 4322 3298 4390 examinare,
3322 4320 3708 4378 difﬁnitivam
3740 4328 3827 4381 ta-

2156 4425 2289 4465 men
2304 4411 2912 4483 sententiam,absque
2928 4410 3201 4467 consultu
3218 4409 3466 4466 Romani
3482 4410 3826 4483 pontiﬁcis,

2154 4502 2219 4553 ut
2246 4498 2469 4555 dictum
2507 4504 2617 4571 est,
2650 4517 2767 4555 non
2786 4499 2924 4555 licet
2944 4500 3079 4555 dare
3104 4517 3118 4555 :
3144 4499 3379 4572 quodin
3395 4497 3617 4555 sanctis
3638 4515 3828 4556 cano-

394 4606 529 4647 eum
559 4589 788 4646 videtur
815 4588 1051 4655 habere,
1084 4592 1185 4643 aut
1226 4603 1420 4643 coram
1450 4588 1613 4643 vobis
1643 4588 2033 4646 confratribus
2066 4587 2112 4651 D
2143 4586 2635 4653 nibusslatutum,
2667 4588 3262 4660 siquaritis,potestis
3285 4587 3564 4643 invenire.
3599 4588 3831 4653 Quam-

395 4682 452 4734 et
472 4676 1062 4751 comprovincialibus
1076 4693 1315 4732 causam
1337 4692 1506 4732 suam
1528 4676 1801 4748 proferat,
1825 4681 1883 4733 et
1903 4694 2037 4735 cum

392 4783 485 4835 eo,
515 4767 565 4823 si
596 4767 869 4838 potuerit,
895 4766 1133 4838 pacifice
1152 4766 1417 4834 definiat;
1452 4771 1556 4821 aut
1576 4765 1634 4820 in
1666 4768 2035 4838 prasentiam

392 4857 655 4911 nostram
684 4859 933 4925 utraque
949 4872 1085 4926 pars
1106 4854 1495 4911 examinanda
1508 4854 1719 4925 veniat,
1745 4854 1905 4912 salva
1925 4857 2035 4913 sibi

389 4942 625 4997 interim
674 4957 778 5012 per
825 4942 1023 4998 omnia
1070 4948 1127 4998 et
1176 4942 1549 5014 patriarchali
1582 4943 1923 5011 reverentia,
1979 4950 2036 4999 et

387 5029 740 5103 proprietate
770 5046 896 5085 sua.
930 5030 1090 5093 Quod
1144 5030 1193 5086 si
1225 5036 1383 5087 extra
1424 5030 1695 5100 feceritis,
1743 5033 2032 5088 sententia

388 5118 670 5175 canonica
702 5134 878 5190 super
904 5135 1004 5174 vos
1036 5118 1321 5192 vigilabit.

1064 5226 1345 5282 LXXXIII.

382 5320 443 5374 8.
504 5316 696 5372 Leonis
740 5315 807 5370 IX
846 5315 1072 5384 epistola
1112 5315 1181 5369 ad
1221 5315 1475 5369 Thomam
1539 5317 1848 5385 episcOpum
1894 5316 2032 5385 afri-

455 5403 677 5442 canum.
712 5417 778 5426 —
812 5384 1057 5442 Ostendit
1114 5384 1601 5455 Carlhaginenscm
1636 5384 2033 5457 archiepisco-

450 5474 586 5529 pum
631 5459 796 5512 totius
841 5458 1044 5528 Africae
1088 5473 1202 5512 esse
1248 5460 1570 5528 primatem;
1620 5455 2031 5512 Gummitanum

453 5544 577 5583 vero
609 5531 915 5599 episcopum
955 5531 1073 5583 sine
1114 5531 1270 5583 illius
1311 5544 1574 5600 consensa
1621 5543 1718 5582 nec
1754 5530 2030 5600 episcopos

452 5614 788 5672 consecrare,
844 5616 943 5653 nec
994 5601 1335 5672 provinciale
1380 5599 1677 5672 concitinm
1737 5599 2030 5655 convocare

447 5687 628 5743 posse;
661 5671 832 5743 solius
877 5669 1058 5725 autem
1099 5672 1327 5726 Romam
1370 5669 1645 5743 pontificis
1674 5685 1787 5743 esse
1815 5674 1869 5724 et
1910 5673 2024 5742 epi-

446 5739 625 5815 scopos
655 5740 919 5812 deponere
949 5745 997 5795 et
1027 5743 1311 5811 generalia
1338 5739 1575 5798 concilia
1605 5739 1862 5797 indicere.

2145 4675 2232 4731 vis
2262 4677 2419 4731 enim
2442 4677 2717 4732 omnibus
2740 4675 3087 4750 generaliter
3113 4676 3395 4750 apostolis
3414 4674 3642 4733 dictum
3677 4677 3771 4733 sit
3794 4695 3831 4734 a

2147 4764 2392 4821 Domino
2420 4782 2433 4820 :
2459 4766 2825 4837 Quacumque
2842 4766 3153 4836 ligaveritis
3178 4769 3422 4831 interra,
3446 4766 3624 4834 ligata
3648 4769 3827 4822 mni

2146 4859 2196 4909 et
2233 4856 2290 4909 in
2340 4855 2509 4922 caelo;
2547 4858 2596 4910 at
2628 4870 2961 4927 quacunque
2990 4856 3263 4912 solveritis
3300 4857 3361 4910 in
3411 4858 3580 4919 terra,
3623 4855 3829 4911 soluta

2146 4947 2307 4998 erunt
2336 4945 2463 5000 etin
2480 4942 2615 4998 calo
2645 4943 2858 5013 (Matth.
2879 4944 3071 5013 xvm):
3097 4946 3292 4998 tamen
3322 4957 3439 4998 non
3472 4939 3601 4996 sine
3623 4955 3826 4999 causa

2143 5030 2471 5103 specialiter
2500 5035 2557 5087 et
2587 5031 2936 5087 nominatim
2964 5031 3191 5087 dictum
3214 5033 3302 5087 est
3330 5030 3393 5086 B.
3428 5029 3595 5085 Petre
3627 5045 3826 5102 apos-

2142 5119 2394 5174 tolorum
2445 5120 2695 5192 principi
2745 5137 2757 5176 :
2808 5120 2880 5174 Tu
2927 5134 2982 5175 es
3005 5121 3220 5186 Petrus,
3253 5125 3305 5174 et
3337 5132 3502 5188 super
3530 5114 3682 5171 hanc
3716 5135 3825 5191 pe-

2139 5218 2282 5264 tram
2309 5208 2585 5277 aediﬁcabo
2632 5209 2929 5264 Ecclesium
2969 5223 3150 5263 meam
3180 5223 3193 5262 :
3227 5213 3281 5263 et
3306 5206 3412 5261 tibi
3437 5204 3573 5261 dabo
3621 5204 3829 5263 claves

2139 5300 2295 5369 regni
2338 5298 2598 5353 caelorum
2648 5314 2662 5352 :
2692 5298 2902 5353 -Matth.
2936 5296 3074 5366 xw).
3110 5296 3181 5351 Et
3207 5295 3267 5351 in
3295 5293 3409 5351 alio
3441 5293 3566 5350 loco
3602 5308 3617 5349 :
3653 5293 3824 5353 Con-

2138 5388 2301 5458 ﬁrma
2329 5389 2531 5457 fratres
2564 5390 2681 5441 tuos
2714 5387 2863 5457 (Luc.
2897 5386 3062 5458 xxu).
3093 5384 3325 5441 Scilicet
3354 5382 3495 5455 quia
3524 5384 3822 5442 omnium

2137 5474 2524 5530 Ecclesiarum
2577 5474 2830 5542 majores
2890 5478 2948 5529 et
3004 5472 3362 5529 difﬁciliores
3417 5486 3633 5539 causa,
3709 5491 3822 5546 per

2137 5566 2401 5618 sanctam
2452 5567 2509 5616 et
2556 5560 2939 5633 principalem
2971 5563 3032 5617 B.
3066 5562 3221 5618 Petri
3263 5562 3462 5617 sedem
3494 5576 3529 5615 a
3558 5576 3821 5618 succes-

2137 5650 2368 5706 soribus
2398 5651 2525 5722 ejus
2556 5653 2695 5705 sunt
2719 5649 3096 5706 difﬁnienda.
3117 5650 3253 5707 Jam
3284 5649 3423 5721 quia
3442 5647 3515 5703 ad
3546 5646 3821 5706 interro-

2138 5743 2271 5813 gata
2316 5739 2491 5796 etiam
2540 5738 2898 5796 confratrum
2946 5742 3283 5797 nostrorum
3335 5736 3488 5795 Petri
3518 5739 3575 5793 et
3604 5739 3813 5796 Joa‘n-
