4088 6174
279 334 396 413 ’199

1237 335 1642 412 EPlSTOL/E
1682 337 1784 409 ET
1824 331 2190 410 DECRETA
2239 341 2714 413 PONTIFICIA.

3464 429 3477 442 _
3555 359 3676 432 730

284 484 374 542 nis
403 483 814 558 episcoporum
845 473 1207 542 decrevimus
1237 484 1623 556 respondere;
1648 486 1922 571 optamus
1947 485 2005 551 Α
2033 481 2275 571 consilio
2305 476 2780 556 Carthaginensis
2800 483 3219 566 archiepiscopi
3243 498 3500 571 aget,qui
3515 503 3674 561 solus

280 578 344 630 ut
372 577 638 629 sanctam
659 577 824 629 tuam
842 574 1263 630 fraternitatem
1269 573 1493 646 jugiter
1519 570 1920 644 invigilantem

278 662 632 719 utilitatibus
652 667 869 719 sanctm
895 662 1188 720 catholica:
1210 662 1497 729 Ecclesiae,
1518 665 1691 733 atque
1723 661 1923 716 devote

277 769 379 825 pro
412 752 583 808 nobis
604 756 1098 820 orantem,sancta
1111 758 1166 808 et
1179 751 1485 808 individua
1506 750 1763 805 Trinitas
1777 764 1923 804 sem-

275 857 378 914 per
407 845 728 907 conservet,
763 840 1110 897 charissime
1141 842 1336 897 frater.

344 931 561 987 Datum
593 948 689 986 va
719 930 1013 986 Kalendas
1042 930 1326 998 Januarii,
1351 946 1504 986 anno
1535 929 1757 985 domini
1787 929 1923 984 Leo-

274 1020 367 1075 nis
397 1037 561 1094 papte
591 1037 649 1076 Ix
680 1021 904 1093 quinto,
938 1020 1257 1076 indictione
1287 1038 1385 1075 vn.

957 1137 1242 1192 LXXXIV.

273 1228 331 1279 S.
360 1227 468 1298 Leo
496 1226 562 1280 IX
585 1229 810 1281 Petrum
854 1230 904 1281 et
951 1228 1215 1282 Joannem
1243 1228 1516 1298 episcopos
1567 1223 1756 1280 laudat
1786 1223 1924 1298 quod

333 1297 499 1368 jussu
525 1313 622 1352 suo
651 1299 947 1353 concilium
984 1298 1049 1353 de
1077 1300 1236 1354 rebus
1270 1295 1653 1353 ecclesiasticis
1682 1295 1920 1351 celebra-

346 1370 526 1442 qerint
551 1373 603 1423 et
630 1369 765 1439 jura
814 1370 1207 1442 archiepiscopi
1256 1369 1705 1442 carthaginens‘is
1732 1371 1922 1423 contra

345 1437 758 1497 Gummitaimm
785 1437 1100 1514 episcopum
1129 1437 1500 1513 defenderint.

893 1533 1081 1602 (Anno
1115 1532 1297 1602 1053.)

804 1617 1014 1691 [Mansi
1040 1619 1197 1688 ibid.,
1230 1620 1383 1689 658.]

351 1735 466 1790 Lso
493 1735 816 1808 episcopus,
851 1753 1055 1791 servus
1096 1750 1398 1790 servorum
1431 1732 1552 1801 Dei,
1604 1732 1920 1789 dilectissi-

263 1823 386 1924 mis
414 1823 473 1878 in
503 1822 728 1880 Christo
774 1824 1052 1880 fratribus
1084 1829 1270 1879 Psrno
1301 1827 1358 1878 et
1392 1823 1597 1878 JOANNI
1630 1821 1920 1894 episcopis
1951 1859 1998 1924 B

260 1909 522 1967 salutem
553 1915 608 1968 et
638 1912 1018 1985 apostolicam
1049 1911 1530 1968 benedictionem.

328 2001 524 2056 Decus
542 2000 934 2058 Ecclesiarum
960 2002 1368 2057 Africanarum
1398 2001 1480 2056 ita
1510 1999 1917 2055 conculcatum

261 2107 294 2146 a
319 2088 606 2162 gentibus
653 2090 905 2146 nimium
938 2091 1203 2146 dolemus
1237 2094 1299 2144 ut
1329 2090 1500 2144 modo
1529 2089 1622 2142 vix
1656 2088 1918 2161 quinque

256 2177 642 2235 inveniantur
670 2179 948 2252 episcopi,
973 2179 1069 2234 ubi
1104 2179 1245 2234 olim
1281 2178 1515 2233 ducenti
1545 2177 1808 2249 quinque
1831 2193 1919 2232 so-

257 2268 466 2326 lebant
495 2284 600 2341 per
630 2268 876 2324 concilia
905 2267 1165 2342 plenaria
1185 2267 1545 2340 computari;
1580 2271 1636 2321 et
1668 2266 1745 2320 ibi
1780 2283 1918 2338 pau-

255 2357 425 2413 culas
457 2373 591 2414 oves
624 2358 979 2430 quotidianae
1010 2357 1286 2430 occisioni
1338 2357 1650 2428 deputatas
1682 2371 1913 2410 reman-

253 2447 429 2515 sisse,
464 2447 566 2502 ubi
595 2447 889 2519 quondam
914 2446 1516 2518 innumerabilisgrex
1545 2444 1776 2500 Domini
1801 2444 1910 2499 sub

251 2535 598 2592 numerosis
623 2536 904 2592 arietibus
934 2535 1262 2592 exsultabat
1290 2535 1407 2590 alta
1456 2551 1615 2606 pace.
1650 2534 1760 2589 Sed
1793 2533 1912 2590 haec

251 2625 516 2698 peccatis
579 2625 795 2680 nostris
844 2625 1224 2696 imputantes,
1276 2624 1568 2695 justitiam
1625 2622 1912 2678 Creatoris

253 2713 684 2782 collaudantes,
715 2714 1051 2780 timeamus,
1085 2717 1140 2768 et
1170 2712 1635 2768 misericordiam
1667 2713 1795 2781 eius
1824 2711 1912 2766 in-

254 2807 488 2859 stanter
515 2801 886 2877 postulemus
901 2807 964 2859 ut
985 2817 1180 2858 servos
1204 2819 1341 2858 suos
1357 2803 1593 2858 tandem
1625 2800 1913 2873 respicere

255 2890 558 2964 dignetur.
593 2892 756 2957 Quod
790 2897 983 2947 autem
1007 2885 1328 2963 scripsistis
1359 2890 1530 2946 nobis
1563 2907 1666 2962 pro
1698 2893 1914 2945 sanctae

255 2981 544 3037 Romanae
576 2981 844 3036 Ecclesiae
864 2984 1023 3037 statu
1045 2985 1364 3052 nostraque
1386 2978 1786 3034 incolumitate
1811 2994 1913 3032 vos

259 3069 588 3126 Dominum
620 3071 840 3143 gratias
889 3071 1112 3143 agendo
1144 3085 1450 3125 exorasse:
1501 3067 1777 3123 noveritis
1805 3083 1913 3122 nos

250 3163 469 3215 vestrae
502 3159 882 3216 fraternitatis
913 3159 1132 3232 gratias
1170 3174 1360 3232 agere,
1417 3161 1473 3212 et
1503 3173 1606 3230 pro
1639 3155 1910 3211 consola-

255 3249 421 3305 tione
449 3252 642 3304 vestra
671 3264 902 3320 semper
918 3229 1115 3304 orare.
1170 3229 1237 3303 Et
1285 3263 1502 3311 revera,
1545 3246 1773 3310 fratres,
1806 3244 1914 3299 hoc
1945 3229 1988 3295 C

254 3337 630 3408 acceptabile
656 3343 739 3392 est
763 3338 1012 3394 Domino
1035 3341 1233 3392 nostro
1249 3337 1388 3392 Jesu
1403 3335 1634 3391 Christo
1656 3337 1721 3388 ut
1741 3336 1916 3405 caput

256 3424 546 3480 omnibus
574 3425 849 3482 membris
881 3426 1194 3499 prospiciat
1224 3429 1280 3481 et
1307 3423 1572 3496 invigilet
1601 3442 1613 3491 ;
1649 3423 1914 3478 membra

247 3529 392 3570 vero
428 3513 522 3569 sui
556 3515 760 3587 capitis
783 3515 1033 3571 salutem
1049 3514 1628 3571 sineintermissione
1646 3516 1912 3584 quaerant

248 3609 307 3660 et
335 3607 567 3676 optent.
595 3605 745 3660 Bene
767 3605 1042 3676 equidem
1065 3603 1308 3672 fecistis,
1334 3604 1490 3675 quod
1508 3603 1663 3673 jussi
1685 3620 1719 3657 a
1739 3601 1911 3656 nobis

245 3691 574 3748 concilium
608 3693 678 3749 de
708 3695 882 3750 rebus
931 3692 1341 3749 ecclesiasticis
1389 3692 1719 3748 habuistis:
1754 3691 1908 3762 quod

245 3784 433 3838 etiam
465 3782 626 3837 omni
660 3799 811 3838 anno
841 3782 929 3838 vel
963 3781 1142 3838 semel
1175 3799 1346 3854 agere
1386 3782 1630 3837 debetis.
1665 3781 1911 3852 Insuper

239 3876 406 3928 recte
440 3873 646 3926 contra
693 3871 1138 3927 Gummitanum
1187 3871 1528 3943 episcOpum
1560 3870 1905 3942 dignitatem

241 3958 739 4032 Carthaginensis
770 3959 1034 4016 Ecclesiae
1065 3960 1450 4028 defendistis;
1485 3959 1622 4032 quia
1651 3960 1776 4015 sine
1797 3960 1905 4014 du-

240 4049 338 4106 bio
365 4055 513 4123 post
544 4048 875 4105 Romanum
905 4049 1238 4121 pontiﬁcem
1270 4049 1498 4122 primus
1521 4049 1903 4122 archiepisco-

239 4153 352 4211 pus
386 4141 454 4194 et
482 4139 668 4196 totius
695 4138 898 4194 Africae
942 4140 1235 4194 maximus
1285 4138 1768 4210 metropolitanus
1817 4143 1906 4194 est

234 4215 735 4298 Carthaginensis
767 4226 1100 4300 episcopus,
1131 4243 1238 4282 nec
1267 4243 1370 4294 pro
1404 4226 1601 4299 aliquo
1629 4228 1902 4300 episcopo

235 4315 297 4372 in
349 4321 489 4372 tota
533 4316 726 4371 Africa
773 4320 965 4388 potest
1015 4316 1254 4388 perdere
1305 4315 1672 4389 privilegium
1722 4315 1903 4372 semel

234 4408 598 4478 susceptum
630 4421 664 4459 a
693 4410 895 4462 sancta
942 4406 1206 4462 Romana
1253 4409 1310 4461 et
1356 4404 1677 4478 apostolica
1727 4406 1900 4461 sede:

233 4493 339 4550 sed
373 4493 678 4551 obtinebit
707 4493 853 4550 illud
884 4511 1070 4567 usque
1098 4495 1158 4550 in
1184 4495 1358 4550 finem
1387 4493 1605 4562 saeculi,
1639 4498 1696 4550 et
1721 4495 1904 4550 donec

231 4582 292 4638 in
317 4597 392 4638 ea
424 4582 799 4638 invocabitur
819 4600 1032 4639 nomen
1052 4583 1286 4640 Domini
1308 4583 1490 4639 nostri
1510 4583 1646 4639 Jesu
1667 4583 1903 4651 Christi,
1937 4603 1986 4666 Ι)

231 4671 359 4728 siVe
393 4671 636 4728 deserta
653 4672 848 4744 jaceat
868 4672 1176 4745 Carthago",
1201 4673 1320 4728 sive
1352 4677 1620 4745 resurgat
1651 4671 1906 4745 gloriosa

229 4753 715 4832 aliquandolioc
745 4777 814 4816 ex
840 4760 1084 4816 concilio
1117 4761 1269 4817 beati
1301 4761 1574 4832 martyris
1606 4760 1898 4833 Cypriani,

224 4849 345 4905 hoc
371 4865 452 4905 ex
484 4849 722 4922 synodis
752 4849 997 4917 Aurelii,
1028 4850 1138 4906 hoc
1190 4867 1258 4906 ex
1310 4849 1584 4905 omnibus
1612 4849 1901 4905 Africanis

228 4936 539 5004 conciliis,
591 4937 720 5006 hoc,
775 4939 932 5011 quod
964 4940 1157 5010 majus
1215 4943 1322 5008 est,
1369 4957 1437 4994 ex
1481 4939 1900 4995 venerabilium

225 5027 754 5100 praedecessorum
785 5031 1123 5084 nostrorum
1156 5028 1553 5085 Romanorum
1584 5028 1900 5101 praesulum

228 5116 500 5174 decretis
527 5120 724 5189 aperte
754 5121 1124 5174 monstratur
1150 5133 1163 5172 :
1196 5134 1300 5174 nec
1331 5117 1666 5191 quicunque
1695 5116 1792 5173 ille
1826 5117 1904 5173 sit

223 5205 664 5263 Gummitanus
696 5207 1030 5279 episcOpu‘s,
1065 5205 1323 5278 aliquam
1353 5206 1646 5263 licentiam
1696 5224 1902 5262 conse-

226 5295 450 5351 crandi
502 5295 810 5369 episcOpos
857 5295 948 5352 vel
999 5295 1350 5368 deponendi,
1401 5311 1504 5351 seu
1549 5295 1904 5368 provinciale

225 5383 564 5440 concilium
595 5384 953 5440 convocandi
981 5384 1158 5439 habet
1190 5384 1315 5440 sine
1347 5401 1634 5440 consensu
1665 5385 1903 5441 Cartha-

223 5473 513 5546 ginensis
547 5472 1316 5546 archiepiscopi,cujuslibet
1345 5473 1648 5546 dignitatis
1680 5479 1782 5530 aut
1804 5491 1906 5546 po-

221 5561 480 5619 testatis
509 5561 606 5617 sit.
640 5563 1081 5619 Tantummodo
1124 5563 1465 5636 procurabit
1511 5562 1610 5618 ille
1640 5563 1904 5618 Gummi-

219 5655 422 5706 tanus
455 5651 767 5725 episcopus
798 5670 927 5726 quac
950 5653 1022 5709 ad
1051 5653 1347 5725 prOpriam
1376 5651 1711 5724 parochiam
1735 5653 1907 5723 perti-

220 5741 381 5797 ne'n‘t
415 5757 431 5808 ;
464 5744 670 5797 caetera
699 5745 917 5810 autem,
944 5741 1099 5798 sicut
1129 5739 1186 5799 et
1217 5740 1314 5798 alii
1337 5740 1592 5813 episcopi
1623 5741 1902 5809 Africani,

2033 570 2092 625 in
2123 571 2314 627 Africa
2341 571 2584 644 pallium
2625 575 2696 630 ab
2751 577 3068 648 apostolica
3098 581 3233 638 sede
3263 570 3475 645 habere
3505 593 3671 650 solet.

2033 659 2196 715 Unde
2225 664 2280 715 et
2309 661 2612 734 episcopos
2661 669 3039 723 consecrandi
3089 671 3408 745 principale
3439 684 3495 731 et
3525 682 3674 736 anti-

2031 765 2214 819 quum
2238 750 2341 820 jus
2373 751 2598 820 retinet,
2631 752 2784 808 sicut
2803 757 3076 813 exverbis
3107 761 3322 818 Aurelii
3353 763 3411 818 in
3432 769 3676 826 concilio

2031 838 2474 931 Carthaginensi
2505 841 2734 912 (Concil.
2765 847 3020 917 Carthag.
3055 850 3163 920 III.)
3210 853 3466 925 capitulo
3499 857 3673 931 trige-

2032 927 2178 1018 simo
2210 944 2362 982 nono
2393 931 2878 1005 potest'intelligi,
2907 951 3039 992 cum
3075 937 3251 994 dicit:
3305 942 3366 997 In
3400 927 3674 1018 Ecclesia,

2032 1016 2103 1071 ad
2144 1033 2319 1087 quam
2374 1018 2614 1090 dignata
2655 1026 2742 1076 est
2792 1029 2982 1080 vestra
3025 1029 3304 1085 sanctitas
3349 1016 3676 1103 convenire,

2033 1105 2233 1194 crebro
2265 1123 2330 1160 ac
2363 1123 2508 1178 pene
2544 1123 2646 1178 per
2684 1111 2837 1166 diem
2871 1112 3232 1172 Dominicam
3264 1120 3568 1194 episcopos
3589 1141 3676 1180 or-

2032 1193 2322 1250 dinandas
2355 1195 2662 1264 habemus,
2714 1204 2822 1255 etc.
2882 1202 2991 1257 Sed
3042 1204 3148 1260 hoc
3194 1224 3295 1263 vos
3329 1225 3444 1266 non
3468 1193 3672 1284 lateat,

2033 1299 2148 1338 non
2176 1284 2383 1339 debere
2414 1289 2621 1356 praeter
2643 1287 2945 1344 scientiam
2970 1293 3390 1370 [sententiam.}
3423 1301 3670 1358 Romani

2032 1372 2324 1444 pontiﬁcis
2355 1374 2684 1447 universale
2715 1378 3028 1436 concilium
3063 1383 3358 1455 celebrari,
3407 1395 3508 1444 ant
3555 1394 3675 1463 epi-

2033 1476 2241 1532 scopos
2271 1463 2539 1519 damnari
2569 1463 2654 1521 vel
2687 1467 2920 1538 deponi,
2969 1472 3129 1542 quia,
3187 1477 3292 1529 etsi
3349 1477 3481 1534 licet
3508 1481 3674 1538 vobis

2033 1549 2262 1623 aliquos
2310 1552 2612 1624 episcopos
2664 1557 3016 1627 examinare,
3068 1561 3438 1622 difﬁnitivam
3481 1572 3675 1626 tamen

2032 1641 2380 1697 sententiam
2414 1643 2636 1716 absque
2669 1648 2940 1703 consultu
2974 1651 3219 1707 Romani
3265 1657 3578 1729 pontificis,
3614 1665 3680 1717 ut

2033 1731 2254 1786 dictum
2291 1737 2399 1800 est,
2430 1750 2542 1788 non
2577 1734 2713 1790 licet
2743 1737 2900 1793 dare.
2953 1739 3113 1802 Quod
3164 1742 3220 1796 in
3255 1748 3473 1802 sanctis
3505 1766 3676 1805 cano-

2033 1819 2208 1876 nibus
2261 1824 2573 1886 statutum,
2634 1824 2683 1878 si
2743 1826 3023 1895 quaeritis,
3083 1832 3328 1900 potestis
3378 1834 3675 1892 invenire:

2029 1909 2248 1964 scilicet
2278 1910 2416 1981 quia
2445 1911 2708 1966 omnium
2743 1914 3134 1972 Ecclesiarum
3181 1921 3433 1991 majores
3455 1927 3510 1978 et
3531 1925 3678 1980 difﬁ-

2029 1997 2259 2054 ciliores
2289 2015 2498 2066 causa,
2543 2018 2646 2072 per
2692 2006 2956 2058 sanctam
3007 2009 3063 2060 et
3111 2006 3491 2080 principalem
3522 2012 3680 2070 beati

2029 2086 2180 2142 Petri
2213 2088 2410 2143 sedem
2442 2106 2475 2144 a
2504 2092 2951 2148 successoribus
2983 2093 3112 2164 ejus
3135 2096 3485 2155 diffiniendaa
3517 2107 3678 2171 sunt,

2029 2179 2228 2247 utpote
2261 2177 2352 2231 cui
2384 2177 2662 2234 divinitus
2711 2180 2963 2238 dicitur:
3015 2185 3291 2255 Canﬁrma
3329 2190 3532 2259 fratres
3561 2196 3681 2250 tuos

2028 2265 2183 2336 (Luc.
2236 2266 2420 2338 xxn);
2473 2273 2576 2323 et:
2632 2270 2748 2326 Tibi
2804 2272 2942 2328 dabo
2999 2275 3174 2330 claves
3220 2280 3380 2348 regni
3419 2281 3681 2338 caelorum

2027 2354 2234 2425 (Matth.
2268 2355 2403 2427 xvr),
2439 2361 2547 2412 etc.

2096 2442 2290 2512 Nunc,
2324 2445 2463 2516 quia
2492 2447 2561 2501 de
2602 2448 3054 2523 archiepiscopis
3103 2457 3156 2509 et
3216 2457 3682 2530 metropolitanis

2026 2534 2374 2589 sententiam
2407 2539 2668 2591 nostram
2724 2539 3042 2611 requiritis,
3073 2545 3497 2602 venerabilium
3523 2553 3682 2605 ante-

2025 2635 2320 2677 cessorum
2353 2628 2687 2680 nostrorum
2721 2627 2876 2683 dicta
2906 2634 3102 2701 aperte
3133 2632 3558 2701 demonstrant,
3620 2638 3674 2693 id

2023 2715 2112 2766 est
2141 2712 2478 2780 Clementis,
2513 2715 2795 2781 Anaclcti,
2829 2719 3053 2773 Aniceti
3087 2724 3143 2774 et
3174 2719 3564 2790 a‘liorum,ubi
3597 2723 3680 2779 ita

2023 2799 2274 2871 legitur:
2308 2802 2685 2858 Sacerdotum
2717 2806 2858 2860 ordo
2912 2806 3227 2878 bipartitus
3274 2813 3382 2880 est,
3418 2826 3524 2866 nec
3554 2827 3675 2876 am-
3723 2859 3730 2863 .

2024 2887 2180 2960 plius
2211 2906 2387 2960 quam
2432 2891 2579 2946 duos
2627 2894 2882 2960 ordines,
2930 2894 2988 2950 id
3037 2901 3128 2951 est
3177 2898 3588 2972 episcoporum
3621 2906 3679 2958 et

2023 2976 2516 3049 presbyterorum.
2561 2981 2730 3036 nobis
2799 2982 2990 3038 collati
3039 2989 3198 3052 sunt,
3282 3003 3384 3044 nec
3429 2990 3678 3062 apostoli

2023 3065 2364 3122 docuerunt.
2424 3069 2845 3142 Episcoporum
2905 3077 3100 3129 autem
3158 3075 3297 3131 ordo
3355 3093 3510 3134 unus
3558 3085 3670 3147 est,

2025 3155 2294 3225 quamvis
2326 3155 2422 3210 alii
2469 3158 2851 3229 preferantur
2897 3160 3050 3229 aliis,
3102 3162 3222 3217 sive
3265 3179 3368 3236 pro
3420 3181 3486 3221 eo
3517 3169 3672 3237 quod

2027 3243 2255 3314 primus
2287 3244 2545 3301 civitates
2593 3251 2650 3302 et
2704 3249 2892 3320 magis
2940 3251 3291 3318 nominatas,
3344 3256 3668 3311 secundum

2024 3333 2342 3404 potentiam
2381 3340 2482 3390 aut
2511 3335 2666 3409 leges
2715 3337 2910 3392 saeculi
2962 3339 3232 3408 retinent,
3283 3341 3403 3398 sive
3452 3344 3606 3414 quod
3641 3362 3675 3400 a

2022 3423 2241 3478 sanctis
2275 3425 2547 3481 Patribus
2578 3443 2682 3498 pro
2727 3426 2924 3499 aliqua
2974 3430 3296 3486 reverentia
3341 3432 3670 3490 sanctitatis

2022 3511 2256 3584 aliquod
2291 3513 2658 3587 privilegium
2682 3515 2987 3587 dignitatis
3013 3519 3676 3592 possident.Nam,sicut

2021 3602 2214 3658 omnis
2245 3604 2545 3659 mundana
2566 3609 2825 3676 potestas
2847 3605 3234 3679 hisgradibus
3267 3610 3621 3683 dignitatum
3643 3630 3676 3668 a

2020 3707 2081 3746 se
2113 3691 2363 3748 invicem
2395 3693 2592 3758 distat,
2637 3695 2691 3749 id
2735 3698 2843 3762 est,
2890 3699 2953 3749 ut
3000 3696 3230 3767 primus
3262 3697 3338 3751 sit
3368 3699 3672 3770 Augustus

2017 3779 2102 3834 vel
2135 3780 2472 3852 imperator,
2504 3782 2713 3837 deinde
2762 3783 3033 3849 Caesares,
3091 3784 3300 3838 deinde
3344 3801 3529 3856 reges,
3564 3786 3670 3840 du-

2018 3886 2112 3924 ces
2144 3874 2200 3924 et
2231 3871 2474 3925 comites
2524 3875 2696 3942 atque
2743 3871 3003 3925 tribuni:
3054 3872 3133 3925 ita
3175 3876 3232 3926 et
3279 3871 3672 3931 ecclesiastica

2017 3958 2273 4031 dignitas
2297 3959 2566 4014 ordinata
2596 3977 2630 4014 a
2660 3959 2878 4014 sanctis
2910 3960 3184 4016 Patribus
3233 3961 3542 4033 invenitur,
3576 3963 3668 4019 di-

2015 4051 2180 4103 cente
2210 4048 2377 4102 beato
2408 4047 2702 4102 Clemente
2749 4047 2938 4118 (Epist.
2987 4049 3040 4115 l,
3090 4052 3234 4105 tom.
3274 4051 3314 4118 Ι,
3347 4067 3406 4122 p.
3440 4050 3571 4120 91):
3606 4052 3670 4108 In

2014 4135 2106 4191 his
2135 4135 2488 4202 civitatibus,
2524 4135 2580 4190 in
2613 4137 2830 4208 quibus
2858 4136 2995 4192 olim
3027 4139 3182 4209 apud
3208 4138 3471 4194 ethnicos
3500 4139 3672 4212 primi

2016 4225 2285 4280 ﬂamines
2315 4240 2517 4280 eorum
2549 4230 2724 4297 atque
2767 4225 2937 4296 primi
2968 4225 3113 4298 legis
3157 4228 3328 4282 docto
3345 4243 3438 4284 res
3488 4234 3672 4296 erant,

2014 4314 2294 4385 primates
2325 4312 2411 4368 vel
2441 4314 2778 4386 patriarcha}
2805 4313 2977 4386 positi
3009 4317 3273 4387 sunt,qui
3310 4317 3671 4388 reliquorum

2005 4401 2230 4473 judicia
2259 4407 2317 4457 et
2347 4404 2570 4474 majora
2600 4403 3000 4475 negotiajuste
3021 4403 3469 4475 diffinircnt,qui
3493 4406 3669 4460 etiam

2015 4507 2130 4546 non
2163 4491 2265 4547 uni
2298 4492 2628 4564 provinciae,
2664 4492 2763 4548 sed
2798 4492 3067 4564 pluribus
3099 4497 3433 4562 praeessent.
3451 4493 3672 4550 Deinde

2017 4579 2118 4635 ubi
2148 4580 2583 4636 archiﬂamines
2613 4583 2778 4636 erant
2818 4597 3204 4653 paganorum,
3247 4579 3667 4656 archiepiscopi

2014 4670 2268 4724 instituti
2301 4673 2440 4725 sunt
2468 4668 2930 4725 Christianorum
2957 4667 3322 4740 quisingulis
3354 4669 3670 4740 provinciis

2011 4763 2343 4830 praeessent.
2380 4757 2486 4813 Ubi
2517 4774 2649 4813 vero
2673 4755 3012 4828 metropolis
3045 4760 3188 4822 erat,
3221 4773 3348 4827 qua:
3376 4758 3665 4830 interpre-

2010 4851 2170 4904 tatur
2195 4855 2374 4903 mater
2401 4847 2612 4914 civitas,
2649 4845 3079 4918 metrOpolitani
3111 4850 3277 4902 erant
3310 4847 3544 4920 :quippe
3566 4849 3667 4921 qui

2013 4937 2082 4992 de
2113 4937 2301 4992 tribus
2330 4939 2431 4991 aut
2447 4934 3045 5007 quatuorcivitatibus
3074 4936 3232 4991 intra
3261 4935 3520 5009 aliquam
3543 4953 3670 5010 pro-

2012 5026 2262 5082 vinciam
2297 5025 2503 5097 majori
2535 5029 2592 5081 et
2622 5025 2796 5081 matri
2829 5025 3080 5082 aliarum
3119 5025 3416 5082 civitatum
3471 5029 3667 5099 praesi-

2014 5116 2254 5172 debunt.
2286 5114 2386 5171 Isti
2420 5115 2736 5187 aliquando
2770 5115 3200 5188 metropolitani
3225 5118 3453 5170 tantum
3478 5116 3668 5171 nomi-

2015 5210 2253 5271 nantur,
2287 5203 2602 5276 aliquando
2653 5220 2785 5258 vero
2838 5203 3285 5276 archiepiscopi,
3333 5203 3378 5256 si
3430 5202 3490 5256 in
3539 5203 3669 5273 ipsa

2016 5293 2314 5366 provincia
2344 5293 2597 5363 majores
2651 5308 2767 5345 non
2817 5291 3035 5345 fuerint
3079 5288 3280 5359 aliqui.
3315 5288 3420 5344 Ubi
3471 5294 3666 5346 autem

2017 5382 2272 5438 minores
2291 5381 2552 5438 civitates
2567 5377 2880 5434 habuerint
2903 5377 3272 5432 solummodo
3295 5375 3564 5432 ﬂamines
3579 5379 3665 5435 vel

2016 5471 2281 5538 comites,
2315 5469 2570 5542 episcopi
2605 5472 2744 5522 sunt
2773 5465 3052 5521 instituti.
3087 5465 3260 5519 Porro
3292 5465 3514 5521 tribuni
3549 5468 3667 5540 ple-

2015 5560 2107 5615 bis
2139 5576 2252 5614 non
2285 5559 2537 5614 absurde
2570 5555 2980 5627 intelliguntur
3011 5554 3355 5626 presbyteri,
3382 5556 3500 5611 sive
3531 5556 3662 5612 reli-

2017 5649 2117 5721 qui
2150 5648 2440 5703 inferioris
2471 5646 2695 5702 ordinis
2722 5644 2932 5701 clerici.
2961 5643 3059 5698 llis
3091 5642 3367 5699 omnibus
3398 5644 3663 5700 divinoot

2016 5737 2274 5796 humano
2308 5735 2606 5809 privilegio
2639 5733 2912 5808 prwlatus
2941 5736 3028 5788 est
3054 5729 3311 5804 pontifex
3342 5732 3660 5789 Romanus.
