4088 6174
467 319 579 386 πει
624 393 640 410 ο

1534 312 1600 378 S.
1645 308 1926 376 LEONIS
1969 305 2056 374 IX
2093 301 2325 369 ΡΔΡΔΕ
2365 305 2803 372 OPUSCULA.

3753 306 3884 370 733

468 455 580 517 Sed
609 455 681 512 de
711 451 907 510 Africa
937 449 1287 525 primatibus
1318 447 1486 506 aliter
1521 447 1968 522 intelligendum
1999 448 2108 515 est,
2139 441 2196 511 Α
2225 419 2453 500 decreti
2489 441 2662 498 fuerit
2713 443 3100 510 conservator,
3161 439 3596 499 intercessionis
3653 440 3879 500 auxilio

470 546 607 618 quia
638 544 696 599 in
729 541 978 615 singulis
1000 543 1126 613 ejus
1147 539 1459 612 provinciis
1483 536 1808 608 antiquitus
1833 536 2111 608 primates

467 633 926 690 instituebantur
974 647 1087 684 non
1141 629 1464 684 secundum
1516 626 1833 698 potentiam
1865 624 2112 695 alicujus

467 723 740 788 civitatis,
776 721 874 776 sed
908 719 1230 774 secundum
1263 721 1495 788 tempus
1540 733 1658 771 sua
1689 713 2109 779 ordinationis;

468 812 684 884 quibus
715 814 911 864 tamen
944 807 1217 861 omnibus
1254 809 1496 877 praerat
1527 822 1698 872 unus,
1729 803 1948 859 scilicet
1978 803 2112 857 Car-

465 897 833 972 thaginensis
863 895 1358 966 archiepiscopus,
1413 894 1512 965 qui
1553 893 1730 948 etiam
1766 910 1878 948 non
1912 893 2112 946 incon-

465 1005 608 1061 grue
637 987 749 1041 dici
784 989 978 1056 potest
1010 983 1496 1054 metropolitanus
1547 987 1782 1054 propter
1812 981 2111 1053 Carthagi-

466 1094 598 1132 nem
635 1075 1007 1147 metropolim
1039 1073 1216 1127 totius
1247 1073 1468 1137 Africa,
1505 1088 1754 1142 quorum
1787 1087 1968 1141 supra
2000 1086 2114 1123 me-

464 1166 767 1222 minimus.
822 1164 904 1219 Ita
959 1162 1172 1234 legitur
1219 1162 1276 1215 in
1335 1161 1577 1216 consilio
1645 1159 2109 1231 Carthaginensi,

463 1255 720 1326 capitulo
751 1252 1032 1324 vigesimo
1055 1255 1212 1306 sexto
1237 1250 1462 1304 :Prima
1485 1248 1639 1305 sedis
1656 1249 1967 1320 episcopus
1996 1266 2110 1303 non

463 1343 787 1414 appelletur
815 1341 1087 1411 princeps
1117 1339 1512 1408 sacerdotum,
1545 1342 1643 1392 aut
1685 1354 1959 1392 summus
2013 1355 2110 1393 sa-

463 1432 683 1496 cerdos,
716 1433 817 1484 aut
845 1427 1065 1498 aliquid
1097 1426 1461 1497 hujusmodi,
1510 1427 1610 1481 sed
1647 1431 1874 1481 tantum
1909 1426 2109 1497 prima

459 1519 617 1576 sedis
648 1517 980 1590 episcopus.
1047 1517 1322 1571 Sanctam
1376 1519 1627 1570 vestram
1684 1514 2108 1570 fraternitatem

452 1607 674 1681 jugiter
702 1603 1103 1677 invigilanlem
1119 1604 1473 1659 utilitatibus
1496 1606 1706 1658 sancta
1721 1603 1820 1658 Dei
1842 1601 2107 1658 Ecclesia

459 1701 633 1768 atque
653 1695 853 1750 devote
877 1711 979 1765 pro
999 1693 1168 1748 nobis
1191 1695 1690 1757 orantem,sancta
1721 1694 1777 1745 et
1807 1690 2108 1745 individua

457 1783 712 1842 Trinitas
739 1799 970 1854 semper
995 1786 1314 1848 conservet,
1349 1780 1682 1837 charissimi
1716 1779 1942 1834 fratres.

1147 1887 1405 1942 LXXXV.

454 1981 509 2037 S.
543 1980 646 2036 Leo
678 1981 739 2034 I.\
769 1994 964 2033 navem
990 1993 1089 2047 pro
1111 1993 1215 2031 usu
1245 1978 1565 2032 monasterii
1613 1976 1950 2042 Casinensis,
1981 1991 2105 2029 cum

523 2052 781 2106 nauclero
827 2052 878 2104 et
925 2050 1106 2115 sociis,
1158 2049 1389 2102 liberam
1435 2052 1487 2102 et
1516 2052 1824 2118 exemptam
1854 2047 1921 2101 ab
1953 2048 2104 2101 omni

527 2123 732 2179 teloneo
762 2129 814 2176 et
842 2121 1114 2175 solutione
1141 2119 1404 2175 concedit.

1085 2209 1272 2279 (Anno
1304 2209 1483 2275 1053.)

737 2297 1070 2369 [Margarini
1119 2298 1336 2352 Bullar.
1371 2298 1555 2354 Casin.
1591 2298 1664 2364 Il,
1697 2297 1812 2368 85.]

526 2406 637 2460 Leo
673 2405 1004 2477 episcopus,
1062 2420 1361 2459 servorum
1407 2420 1611 2458 servus
1668 2403 1789 2466 Dei,
1847 2402 2099 2458 ecclesia

453 2511 554 2550 seu
600 2494 956 2549 monasterio
1005 2492 1438 2564 praclarissimi
1500 2492 1711 2547 Christi
1745 2491 2100 2547 confessoris

453 2582 768 2652 Benedicti,
799 2581 858 2635 in
911 2585 1106 2636 monte
1158 2580 1364 2637 Casino
1405 2581 1709 2649 adificato,
1753 2584 1810 2636 et
1841 2598 1941 2653 per
1969 2597 2095 2636 cam

449 2671 717 2728 Richerio
739 2671 934 2727 abbati
955 2669 1298 2740 cunctisque
1319 2670 1446 2740 ejus
1473 2669 1912 2726 successoribus
1932 2686 2100 2725 cano-

448 2761 574 2817 nice
606 2760 723 2816 illic
755 2759 1141 2827 intrantibus,
1177 2760 1234 2814 in
1270 2764 1640 2831 perpetuum.

519 2850 736 2905 Divina
767 2849 1001 2921 pietatis
1032 2852 1301 2921 reSpcctu
1333 2849 1532 2903 attacti
1577 2849 1958 2921 ejusdemque
2002 2864 2093 2902 ec-

449 2939 635 2994 clesia
691 2942 1025 3010 augmento,
1087 2937 1308 3008 praefati
1361 2935 1614 2999 Richerii
1668 2937 1848 2992 nostri
1896 2935 2091 2991 dilecti

448 3025 718 3100 precibus
749 3025 982 3098 pulsati,
1016 3026 1261 3100 dignum
1295 3026 1672 3095 duximus,ob
1692 3042 1947 3082 amorem
1967 3043 2092 3080 san-

446 3115 693 3172 ctissimi
725 3116 1016 3172 Benedicti
1040 3116 1169 3186 jam
1198 3115 1359 3185 dicti,
1386 3115 1824 3187 sapissimeque
1840 3113 2090 3183 dicendi,

2137 1811 2184 1876 B

2223 532 2408 605 ipsius
2426 531 2783 590 sanctissimi
2807 531 3335 604 Benedicti,portus
3358 531 3570 587 salutis
3599 531 3880 604 adeptus,

2222 640 2256 678 a
2286 623 2397 679 Deo
2428 623 2825 696 omnipotente
2839 621 3300 677 misericordiam
3323 624 3379 675 et
3404 619 3880 677 benedictionem

2222 713 2281 768 in
2313 716 2598 768 aeternum
2625 715 3040 784 consequatur.

2293 803 2502 858 Datum
2535 819 2591 857 1v
2620 800 2746 856 Kal.
2797 800 2958 856 Junii
2997 816 3100 872 per
3147 815 3358 855 manus
3412 799 3700 855 Frederici
3745 799 3884 855 dia-

2223 892 2374 960 coni,
2431 894 2642 946 sancta
2688 890 2958 946 Romana
3008 887 3276 944 Ecclesia
3329 887 3784 953 bibliothecarii,
3826 894 3882 944 et

2223 978 2551 1035 cancellarii
2583 980 2705 1035 vice
2750 978 2969 1035 domini
3019 976 3320 1033 Herimani
3355 976 3875 1043 archicancellarii,

2223 1074 2281 1124 et
2311 1068 2676 1124 Coloniensis
2724 1066 3169 1140 archiepiscopi,
3224 1083 3375 1122 anno
3407 1066 3630 1121 domini
3663 1066 3874 1122 Leonis

2222 1158 2359 1214 noni
2393 1174 2556 1230 papa
2585 1158 2652 1225 V,
2684 1157 2889 1213 indict.
2923 1174 3003 1212 vi.

2213 1381 2275 1437 'S.
2308 1384 2408 1437 Leo
2437 1380 2516 1436 IX
2552 1380 2884 1444 Uldaricum,
2908 1289 3382 1449 Ιᾶξὲἷιξεῖἕὲεοραηι
3402 1378 3869 1445 Beneventanum,

2394 1453 2568 1525 pallio
2599 1452 2784 1517 donat,
2815 1452 3040 1522 ejusque
3057 1450 3356 1520 privilegia
3381 1450 3690 1520 conﬁrmat.

2845 1558 3032 1628 (Anno
3063 1555 3247 1627 4053.)

2537 1664 2807 1738 [Ughelli,
2840 1664 3010 1720 Italia
3038 1680 3215 1728 sacra,
3248 1663 3397 1730 VIII,
3429 1664 3546 1735 78.]

2292 1827 2304 1838 .
2315 1821 2328 1837 .
2340 1825 2352 1836 .
2364 1784 2770 1837 Beneventana
2783 1777 3050 1835 Ecclesia
3064 1777 3608 1848 considerautes,ad
3627 1779 3676 1851 ej
3688 1797 3759 1835 us
3765 1781 3861 1852 jus

2217 1876 2272 1929 et
2292 1871 2706 1944 proprietatem
2720 1885 3059 1924 revocamus
3076 1871 3253 1939 atque
3274 1867 3332 1922 in
3356 1873 3704 1940 perpetnum
3725 1870 3860 1924 sub-

2215 1963 2411 2017 dimus
2442 1965 2499 2016 et
2527 1959 2818 2015 tradimus
2848 1975 2860 2013 :
2893 1955 3160 2012 videlicet
3188 1955 3492 2012 ecclesiam
3524 1957 3721 2012 Sancti
3755 1959 3859 2013 Mi-

2213 2049 2431 2106 chaelis
2461 2049 2520 2104 in
2549 2051 2745 2104 monte
2775 2047 3042 2118 Gargano
3074 2045 3410 2118 positam,et
3439 2045 3630 2116 ipsum
3655 2046 3860 2103 castel-

2211 2139 2336 2196 lum
2394 2139 2493 2194 ubi
2553 2138 2670 2208 iam
2717 2136 2875 2191 dicta
2917 2151 3085 2190 sacra
3137 2138 3193 2189 et
3249 2132 3587 2189 venerabilis
3619 2133 3733 2189 sita
3764 2139 3860 2190 est

2211 2228 2658 2299 ecclesia,atque
2688 2224 3056 2298 Sipontinam
3079 2223 3384 2280 ecclesiam
3415 2239 3544 2278 cum
3573 2223 3861 2280 omnibus

2201 2314 2452 2387 justitiis
2483 2311 2871 2385 sibilegaliter
2892 2310 3158 2384 pertinen
3173 2309 3734 2378 tibus,Lucerinam,
3759 2314 3864 2368 As-

2210 2403 2433 2473 culum,
2474 2403 2779 2470 Bovinum,
2841 2400 3138 2469 Larinum,
3185 2400 3542 2469 Triventum,
3595 2405 3860 2457 sanctam

2207 2493 2515 2567 Agatham,
2540 2489 2892 2558 Avellinum,
2928 2489 3208 2555 Quintum
3242 2489 3857 2556 decimum,Arianum

2208 2583 2622 2650 Vulturanum,
2636 2578 3855 2649 Thelesiam,Alifem,Sessulam,Lesinam,

2207 2669 3032 2743 'l‘ermulum,simulqueduas
3045 2668 3605 2725 abbatiasSanctum
3619 2669 3854 2726 Petrum

2206 2762 2278 2818 de
2307 2761 2518 2828 Duddi,
2568 2765 2742 2832 atque
2789 2761 3064 2814 Sanctum
3116 2758 3402 2813 Joannem
3462 2757 3645 2813 situm
3689 2760 3855 2829 juxta

2203 2855 2432 2923 portam
2483 2853 2736 2906 Auream
2767 2864 2902 2904 cum
2933 2845 3183 2919 singulis
3205 2845 3855 2919 pr0prietatibus,justi-

2202 2937 2752 3011 tiis,parochiis,seu
2779 2935 3128 2992 dioecesibus
3160 2934 3468 3003 suis,nihil
3501 2935 3848 3008 excipimus,

2203 3029 2304 3085 sed
2337 3027 2552 3092 omnia,
2589 3025 2739 3082 sicut
2760 3025 2994 3098 justitia
3022 3041 3222 3082 eorum
3253 3023 3511 3093 est,huic
3534 3025 3660 3096 jam
3698 3041 3850 3099 sape

2206 3117 2516 3174 nominata
2548 3115 2802 3172 ecclesia
2832 3115 3244 3170 Beneventana
3271 3112 3331 3168 in
3354 3112 3636 3170 honorem
3663 3115 3724 3170 S.
3749 3115 3849 3170 Dei

451 3205 668 3278 aliquid
701 3223 769 3261 ex
799 3205 976 3261 rebus
995 3179 1912 3276 beatissimiBetri,apostolorum
1939 3179 2095 3274 prin-
2125 3179 2168 3245 Ο
2205 3206 2504 3280 genitricis
2535 3205 2728 3262 Maria
2761 3203 3164 3269 dedicata,uhi
3196 3202 3691 3275 pretiosissimum
3726 3220 3851 3259 cor-

451 3295 617 3366 cipis,
651 3295 839 3349 eidem
872 3293 1228 3348 monasterio
1288 3293 1344 3346 in
1395 3310 1568 3349 usum
1600 3294 1848 3347 fratrum
1879 3291 2095 3347 ibidem

449 3381 1052 3453 degentium,Deoque
1083 3381 1458 3436 servientium
1492 3380 1688 3453 largiri
1721 3385 1778 3436 et
1808 3381 1866 3435 in
1898 3395 2098 3453 perpe-

448 3474 616 3524 tuum
647 3469 942 3535 conferre;
975 3473 1265 3538 quatenus
1301 3469 1704 3526 nobilissimus
1735 3486 1894 3542 grex,
1926 3473 1984 3524 et
2015 3471 2094 3524 fe-

449 3556 641 3612 cunda
672 3555 860 3628 proles
892 3556 1036 3610 tanti
1069 3556 1252 3628 patris
1284 3557 1659 3613 omniumore
1691 3559 2090 3627 benedicendi,

448 3639 839 3711 Benedicti,ut
869 3649 1100 3718 portum
1123 3644 1333 3700 salutis
1351 3646 1420 3701 ad
1441 3649 1714 3702 aternam
1733 3647 2096 3720 ingrediatur

448 3736 646 3802 vitam,
701 3751 804 3807 per
861 3751 1071 3790 manus
1138 3734 1370 3790 atherei
1429 3737 1765 3809 summique
1821 3735 2095 3810 clavigeri

446 3824 600 3881 Petri
631 3823 814 3880 attolli
847 3824 1128 3880 subsidiis
1171 3828 1226 3878 et
1271 3825 1690 3882 munificentiis
1734 3826 1962 3899 repleri.
1998 3827 2092 3882 In-

443 3919 675 3970 tuentes
717 3914 898 3986 igitur
953 3931 986 3968 a
1045 3913 1310 3969 saculari
1369 3932 1468 3970 eos
1529 3916 1759 3987 negotio
1809 3921 2090 3984 remotos,

442 4001 679 4073 propria
726 4019 856 4073 qua
903 4004 1316 4073 quoquomodo
1365 4004 1764 4075 possederant,
1798 4010 2081 4077 pracepto

444 4089 681 4156 Christi,
715 4090 913 4161 piique
945 4091 1129 4160 patris
1175 4091 1458 4163 exemplo,
1509 4092 1838 4164 reliquisse,
1890 4095 2088 4150 animo

443 4177 717 4250 gratanti,
750 4177 1044 4244 benevole,
1094 4195 1294 4234 eorum
1341 4181 1556 4248 navim,
1595 4181 1890 4254 aliquibus
1932 4201 2087 4240 mer-

441 4267 606 4322 cibus
638 4267 910 4321 reiertam
944 4267 1014 4321 ad
1069 4267 1296 4321 abbatis
1346 4274 1808 4342 cunctarumque
1836 4272 2084 4329 fratrum

441 4372 615 4412 usum
638 4372 770 4410 cum
787 4355 911 4410 suis
927 4355 1320 4410 mercimoniis
1343 4355 1664 4429 delegatam
1688 4363 2085 4420 concessimus

439 4462 567 4502 esse
598 4444 950 4508 absolutam,
987 4461 1120 4500 cum
1152 4443 1436 4500 Nauclero
1467 4462 1532 4500 ac
1568 4448 1818 4504 nauticis
1849 4451 1992 4518 suis,
2013 4453 2084 4506 ab

2205 3315 2319 3370 pus
2366 3294 2691 3352 beatissimi
2750 3292 3156 3349 Bartholomai
3209 3292 3456 3365 apostoli
3514 3292 3850 3364 requiescit,

2205 3386 2364 3444 salva
2393 3383 2738 3442 auctoritate
2769 3385 2994 3439 sancta
3035 3382 3308 3438 Romana
3339 3387 3395 3438 et
3416 3381 3751 3455 apostolica
3774 3400 3856 3440 se-

2203 3477 2315 3545 dis,
2343 3473 2742 3531 concessimue
2786 3489 2851 3528 ac
2895 3470 3350 3528 irrevocabiliter
3394 3471 3452 3526 in
3496 3475 3855 3543 perpetuum

2203 3565 2640 3621 confirmamus.
2688 3560 3073 3618 Concedimus
3125 3560 3305 3616 etiam
3359 3559 3708 3615 fraternitati
3736 3567 3857 3616 tua

2202 3653 2362 3726 pallii
2396 3669 2570 3708 usum
2602 3651 2674 3707 ad
2706 3651 3022 3707 missarum
3055 3649 3340 3706 solemnia
3366 3648 3717 3705 celebranda
3742 3651 3857 3706 sci-

2202 3743 2336 3798 licet
2348 3742 2406 3796 in
2422 3739 2839 3797 festivitatibus
2856 3739 3186 3796 Nativitatis
3209 3738 3439 3795 Domini
3455 3742 3513 3795 et
3529 3738 3858 3811 Apparitio-

2203 3831 2293 3888 nis
2323 3831 2533 3903 ipsius,
2567 3833 2624 3886 et
2655 3830 2714 3884 in
2744 3830 2917 3885 Cana
2947 3829 3122 3886 etiam
3157 3828 3411 3896 Domini,
3435 3832 3612 3899 atque
3638 3831 3854 3884 sancta

2202 3918 2666 3977 Resurrectionis
2707 3919 2801 3974 die
2849 3918 3176 3984 Dominico,
3223 3916 3603 3973 Ascensionis
3635 3915 3852 3973 Christi

2199 4011 2271 4065 ad
2302 4008 2499 4076 caelos,
2533 4023 2598 4062 ac
2621 4006 2714 4062 die
2761 4005 3064 4062 Dominico
3115 4007 3336 4061 Sancta
3368 4005 3761 4071 Pentecostes,
3794 4006 3853 4059 in

2199 4096 2483 4154 natalitiis
2532 4095 2934 4168 apostolorum
2989 4111 3055 4150 ac
3087 4093 3414 4150 beatissimi
3468 4093 3854 4149 Pracursoris

2197 4186 2410 4242 Christi
2443 4184 2715 4258 Baptista
2743 4184 3009 4253 Joannis,
3033 4184 3091 4239 in
3123 4181 3536 4254 Assumptione
3561 4181 3854 4236 B.M.V.in

2195 4276 2288 4332 die
2316 4271 2638 4348 S.Apostoli
2663 4272 3088 4342 Bartholomai,
3107 4271 3165 4327 in
3216 4271 3518 4327 nativitate
3547 4269 3855 4326 sanctissi-

2196 4382 2300 4420 ma
2332 4363 2433 4420 Dei
2465 4361 2783 4419 Genitricis
2823 4362 3038 4427 Maria,
3098 4365 3154 4417 et
3203 4360 3262 4414 in
3314 4359 3855 4416 consecrationibus

2192 4453 2626 4526 episcoporum,
2655 4454 2711 4506 et
2742 4450 2801 4506 in
2835 4450 2927 4506 die
2951 4448 3406 4506 consecrationis
3429 4447 3780 4512 ecclesia,et
3800 4447 3856 4502 in

439 4533 598 4590 omni
629 4533 822 4589 debito
877 4532 1194 4606 pensionis,
1246 4535 1436 4606 quoad
1482 4552 1669 4607 usque
1702 4537 1783 4593 ita
1812 4540 2088 4610 praefatus
2118 4549 2166 4613 D
2199 4540 2448 4598 natalitii
2478 4540 2565 4596 tui
2596 4539 2872 4606 die,sicut
2895 4539 2966 4594 ab
2999 4537 3468 4594 antecessoribus
3487 4535 3860 4603 nostris,tuis

438 4621 600 4678 locus
634 4622 692 4676 in
725 4623 954 4690 eadem,
1000 4639 1117 4694 qua
1147 4639 1301 4677 nunc
1354 4627 1462 4690 est,
1497 4623 1606 4680 fuit
1637 4625 1914 4699 religione
1946 4645 2082 4684 con-

439 4711 717 4778 stitutus;
744 4729 860 4766 una
891 4711 1052 4767 navis
1087 4713 1425 4768 monasterii
1457 4711 1645 4785 ipsius
1687 4715 1745 4768 in
1775 4733 1949 4773 usum
1973 4717 2086 4774 fra-

437 4802 615 4864 trum,
667 4799 997 4854 necessaria
1055 4800 1432 4870 deferentem,
1490 4806 1555 4856 ut
1609 4802 1886 4872 diximus,
1951 4823 2084 4862 cum

439 4878 710 4940 nauclero
741 4890 797 4941 et
829 4888 1082 4943 nauticis
1113 4889 1238 4944 suis
1269 4891 1340 4945 ab
1372 4890 1530 4946 omni
1564 4891 1865 4962 pensionis
1888 4895 2084 4950 condi-

438 4974 596 5029 tione
627 4973 828 5029 libera.
863 4975 1099 5031 Nullum
1154 4977 1406 5033 telonem
1438 4995 1506 5034 ex
1534 4980 1809 5035 omnibus
1842 4999 1966 5053 qua
1998 4988 2087 5040 at-

436 5061 822 5119 tuleritalicui
841 5065 1344 5138 persolvat,neque
1361 5067 1676 5138 quisquam
1695 5068 1914 5141 aliquid
1937 5087 2086 5129 exea

435 5151 662 5224 exigere
691 5157 1026 5223 praesumat.
1062 5153 1120 5208 Si
1152 5155 1285 5226 quis
1319 5160 1512 5210 autem
1545 5155 1724 5227 hujus
1755 5163 1967 5216 nostra
1989 5162 2085 5217 do-

437 5241 690 5297 nationis
721 5246 894 5314 atque
925 5243 1318 5300 concessionis
1357 5243 1552 5316 aliquo
1597 5249 1904 5304 temerario
1933 5267 2081 5306 ausu

433 5330 717 5385 exstiterit
748 5332 1068 5404 refragator
1098 5333 1182 5388 vel
1219 5333 1479 5405 violator,
1507 5335 1914 5408 cujuscunque
1945 5355 2080 5394 con-

433 5417 671 5473 ditionis
704 5418 801 5473 ille
833 5420 914 5474 sit
961 5428 1064 5476 aut
1117 5424 1420 5493 potestatis
1471 5440 1574 5479 seu
1609 5425 1912 5496 dignitatis
1943 5445 2082 5485 ana-

434 5505 689 5560 themate
722 5525 1038 5577 pcrcussus
1088 5517 1384 5583 perpetuo,
1437 5511 1840 5571 benedictione
1889 5524 2083 5574 careat

431 5596 664 5661 aterna,
699 5594 880 5650 donec
908 5598 1232 5669 resipiscat.
1264 5599 1368 5665 Qui
1394 5615 1548 5663 vero,
1591 5603 1836 5673 propria
1871 5604 2080 5663 salutis

433 5686 679 5753 amator,
713 5683 1042 5756 apostolica
1073 5686 1398 5761 largitionis
1423 5692 1600 5761 atque
1623 5689 1935 5753 oblationis
1961 5695 2078 5755 sive

2192 4631 2528 4687 institutum
2551 4645 2616 4685 ac
2631 4627 2910 4701 largitum
2923 4631 3012 4684 est
3027 4625 3586 4694 antecessoribus;in
3605 4628 3862 4680 secreta-

2197 4721 2283 4777 rio
2313 4736 2448 4775 vero
2480 4723 2579 4774 tua
2608 4716 2943 4773 fraternitas
2973 4715 3153 4789 pallio
3183 4715 3704 4771 induatur..........
3740 4713 3858 4769 Hoc

2196 4809 2372 4866 etiam
2403 4807 2510 4863 tibi
2543 4805 2939 4875 concedimus,
2973 4809 3038 4860 ut
3067 4821 3170 4876 per
3199 4803 3433 4877 singula
3461 4802 3589 4858 loca
3617 4819 3750 4874 qua
3775 4801 3860 4857 di-

2195 4899 2342 4955 tioni
2373 4895 2909 4968 archiepiscopatus
2947 4893 3336 4949 Beneventani
3381 4892 3720 4964 subjacent,
3753 4890 3856 4946 ubi

2196 5005 2264 5044 ex
2295 4987 2538 5058 antiqua
2567 4983 2740 5057 legali
2763 4982 3134 5039 institutione
3153 4980 3518 5054 episcopales
3549 4980 3723 5036 sedes
3747 4980 3854 5036 ha-

2193 5075 2427 5141 bentur,
2459 5073 2764 5145 episcopos
2795 5071 3072 5127 canonice
3099 5071 3422 5127 constituas
3451 5075 3509 5125 et
3538 5083 3854 5124 consecres

2194 5164 2652 5236 etquodcunque
2665 5159 2835 5216 aliter
2847 5175 3025 5231 quam
3046 5160 3242 5216 decuit
3255 5177 3320 5216 ac
3332 5159 3480 5216 sacri
3496 5157 3668 5231 praei
3679 5156 3856 5230 piunt

2192 5269 2464 5319 canones,
2497 5249 2840 5306 institutum
2871 5249 3277 5322 est,exstirpes
3306 5253 3363 5305 et
3391 5243 3857 5314 emendes,scili-

2193 5347 2282 5398 cet
2309 5347 2592 5412 tanquam
2620 5337 2875 5410 peccatis
2906 5337 3274 5412 exigentibus
3305 5343 3506 5394 contra
3517 5338 3660 5409 jura
3677 5350 3856 5390 cano-

2193 5447 2336 5487 num
2367 5434 2423 5486 et
2451 5431 2792 5485 sanctorum
2818 5427 3089 5483 instituta
3117 5427 3379 5496 Patrum,
3411 5427 3553 5482 dum
3603 5423 3853 5480 omnino

2194 5520 2432 5592 quidam
2465 5532 2736 5590 perversa
2766 5519 2962 5573 mente
2993 5533 3108 5572 non
3141 5520 3413 5572 metuunt
3439 5514 3595 5588 quod
3629 5512 3858 5586 episco-

2193 5625 2400 5682 porum
2448 5610 2538 5664 est
2586 5604 2888 5679 proprium
2945 5605 3059 5662 sibi
3107 5622 3416 5679 usurpare,
3441 5607 3624 5661 sacro
3657 5600 3854 5658 ordini

2194 5699 2500 5773 ascriptos,
2527 5693 2797 5758 videlicet
2815 5693 3056 5756 clericos
3076 5711 3194 5755 suae
3217 5695 3423 5754 ditioni
3446 5687 3757 5754 subdendo
3779 5691 3852 5749 de
