4088 6174
244 319 362 382 737

1218 318 1626 384 EPISTOLE
1667 323 1768 386 ET
1812 320 2179 386 DECRETA
2223 321 2698 388 PONTIFICIA.

3507 163 3532 206 ὶ

3540 329 3660 392 ’738

243 451 428 510 nostri
447 455 847 509 antecessores
860 453 1271 522 habuerunt,id
1287 455 1890 528 tamen,quantulum-
1921 455 1979 523 Α
2010 458 2146 510 tatis
2177 455 2396 512 donum
2421 457 2525 512 tibi
2549 458 2619 513 de
2641 462 2761 522 tuo,
2787 457 2954 514 beate
2974 456 3138 512 Petre
3163 458 3444 530 apostole,
3472 461 3660 526 ﬁdeli-

246 559 496 614 cumque
517 541 613 616 sit,
648 542 823 618 digne
844 546 1036 602 tecum
1054 541 1313 616 judicavi
1337 543 1722 608 sortiendum.
1754 546 1900 601 Ecce
2007 547 2097 598 ter
2127 562 2192 599 ac
2218 561 2362 616 pure
2393 545 2695 615 collatum,
2717 546 2916 602 venire
2942 546 3256 601 tentaverit
3276 553 3331 602 et
3350 547 3658 608 intemera-

245 632 402 688 enim
421 633 492 687 dc
506 631 903 688 oblationibus
925 630 1207 699 fidelium,
1227 649 1353 704 quae
1375 631 1480 688 tibi
1502 634 1826 690 offeruntur
1841 635 1900 690 in

243 729 412 786 altari
444 735 564 798 tuo,
623 730 732 785 sub
765 747 879 802 quo
918 747 1151 788 sacrum
1203 735 1260 785 et
1306 732 1637 788 venerabile
1683 749 1896 804 corpus

246 824 417 874 tuum
448 817 768 890 requiescit
792 822 850 875 et
880 818 1054 884 etiam
1075 817 1136 874 in
1157 817 1524 876 confessione
1544 818 1733 891 ipsius
1755 819 1901 875 alta-

251 907 352 974 ris,
388 907 676 962 decimam
706 910 928 979 partem
945 907 1072 974 tibi,
1102 907 1369 979 quamvis
1400 912 1570 964 tuum
1589 912 1779 964 totum
1804 909 1900 978 sit,

249 1013 463 1069 humili
511 1013 814 1070 devotione
854 1016 910 1069 et
939 1017 1060 1070 tota
1089 1013 1279 1070 cordis
1310 1016 1775 1086 prosternatione
1818 1016 1902 1069 of-

246 1103 514 1171 ferimus,
548 1103 858 1171 donamus,
895 1103 1293 1172 concedimus,
1326 1107 1382 1159 et
1411 1103 1589 1160 etiam
1624 1104 1904 1160 corrobo-

251 1209 454 1248 ramus
483 1196 656 1264 atque
688 1193 1107 1249 confirmamus
1125 1193 1198 1248 ad
1219 1194 1716 1250 constructionem
1740 1199 1796 1248 et
1821 1208 1906 1248 re-

253 1281 583 1337 sarcionem
614 1282 732 1354 (sic)
764 1280 952 1353 ipsius
984 1281 1070 1337 tui
1101 1281 1251 1338 sacri
1283 1281 1486 1354 templi
1530 1283 1588 1336 in
1621 1281 1903 1349 aedificiis,

254 1379 600 1452 parietibus,
649 1379 916 1450 picturis,
966 1379 1165 1453 tignis,
1224 1379 1416 1446 tectis,
1448 1379 1816 1446 imbricibus,
1850 1383 1908 1435 et

255 1473 534 1541 praeterea
587 1467 971 1523 luminarium
1029 1468 1576 1524 concinnationibus
1628 1468 1904 1536 assiduis,

256 1557 393 1624 olei,
426 1574 492 1613 ac
533 1573 692 1625 cerae,
728 1572 833 1612 nec
863 1572 979 1612 non
1007 1555 1381 1632 lampadibus
1401 1557 1622 1626 vitreis,
1653 1562 1710 1612 et
1734 1556 1908 1612 cicin-

259 1645 414 1702 delis
467 1645 630 1718 (211),
683 1648 857 1717 atque
907 1645 1276 1720 thymiamati
1326 1645 1664 1720 caterisque
1715 1647 1905 1702 omni-

259 1736 378 1791 bus
431 1733 780 1791 utensilibus
817 1753 942 1806 quae
975 1735 1047 1792 ad
1080 1751 1257 1792 usum
1287 1740 1344 1791 et
1374 1736 1782 1792 necessitatem
1818 1740 1904 1791 at-

260 1839 377 1894 que
407 1823 672 1880 decorem
702 1824 882 1879 totius
914 1823 1103 1894 ipsius
1128 1823 1385 1880 ecclesiae
1416 1825 1725 1896 pertinent.
1749 1825 1906 1880 Deci-
1938 1825 1986 1890 B

262 1928 420 1967 mam
459 1928 591 1969 vero
632 1912 821 1985 ipsam
869 1928 1103 1989 semper
1142 1912 1415 1984 volumus
1445 1930 1574 1970 esse
1621 1914 1910 1969 decimam

263 2001 432 2072 diem,
485 2006 551 2056 ut
589 2000 804 2066 oblatio
835 2019 961 2073 qua:
997 2001 1101 2057 tibi
1144 2003 1410 2069 debetur,
1443 2007 1713 2075 separata
1758 2002 1834 2058 sit
1881 2019 1915 2058 a

264 2089 487 2146 caeteris
520 2089 936 2158 oblationibus,
968 2094 1025 2146 et
1054 2090 1282 2146 nullum
1325 2090 1524 2164 aliqua
1572 2091 1914 2148 confusione

267 2189 520 2258 patiatur
550 2177 829 2244 errorem.
862 2191 1048 2260 Super
1075 2188 1185 2244 hoc
1214 2189 1412 2256 etiam,
1447 2189 1497 2244 si
1530 2205 1647 2260 qua
1671 2205 1831 2254 vasa,
1862 2187 1914 2244 si

270 2293 384 2348 qua
412 2280 760 2350 ornamenta
787 2276 875 2334 vel
919 2277 1268 2334 indumenta
1296 2276 1693 2334 ecclesiastica
1739 2294 1917 2350 super

266 2365 463 2439 ipsum
493 2383 727 2438 sacrum
747 2371 802 2422 et
821 2365 1147 2424 venerabile
1178 2365 1358 2422 altare
1377 2371 1546 2424 tuum
1576 2365 1770 2424 oblata
1792 2366 1914 2432 fue-

269 2455 388 2511 rint
419 2455 492 2510 ad
522 2455 745 2511 cultum
778 2455 898 2523 Dei,
933 2455 1146 2511 divinis
1178 2454 1386 2512 ofﬁciis
1411 2460 1468 2512 et
1499 2455 1792 2528 mysteriis
1815 2471 1915 2512 ne-

267 2544 544 2614 cessaria,
597 2544 952 2602 conferimus
997 2561 1066 2600 ea
1103 2545 1302 2600 omnia
1331 2544 1444 2618 ipsi
1473 2549 1588 2602 tum
1635 2544 1914 2614 ecclesiae,

261 2634 346 2688 ibi
382 2633 668 2706 perpetim
691 2650 1078 2705 permansura
1108 2633 1167 2688 in
1191 2625 1365 2689 usum
1395 2632 1678 2690 solarium
1711 2639 1824 2690 Deo
1863 2638 1920 2689 et

262 2723 375 2778 tibi
424 2722 543 2777 illic
581 2727 708 2777 tum
759 2722 972 2777 servire
1029 2731 1087 2777 et
1131 2722 1504 2779 serviturum.
1565 2723 1918 2786 Addendum

261 2836 506 2892 quoque
534 2817 826 2874 credimus
857 2818 1001 2874 illud
1031 2817 1343 2875 oblationis
1377 2835 1614 2888 munus,
1648 2824 1712 2875 ut
1741 2821 1918 2892 quid-

264 2908 412 2981 quid
445 2906 669 2963 scilicet
707 2924 811 2980 per
841 2907 1040 2968 fideles
1073 2907 1144 2964 ad
1178 2908 1374 2980 ipsum
1413 2911 1583 2964 tuum
1631 2907 1831 2977 altare,
1866 2913 1922 2963 et

268 2997 339 3055 ad
386 2997 580 3070 ipsam
627 2997 1058 3076 confessionem
1108 2996 1348 3052 offertur
1376 2995 1436 3050 in
1461 2995 1676 3068 vigiliis
1697 2995 1921 3052 Natalis

266 3087 383 3152 tui,
409 3090 467 3140 et
497 3084 555 3139 in
587 3085 715 3156 ipsa
744 3083 829 3138 tui
859 3083 1081 3139 Natalis
1108 3083 1220 3151 die,
1252 3084 1419 3139 beate
1446 3083 1607 3140 Petre
1637 3083 1918 3156 apostole,

2010 636 2137 687 tum
2187 651 2300 688 non
2352 635 2716 701 custodierit,
2763 652 2876 690 non
2926 634 3119 690 solum
3153 641 3490 708 segregatus
3523 640 3599 694 sit
3628 657 3662 696 a

2011 722 2423 776 communione
2448 722 2707 778 fidelium
2740 724 2795 777 in
2828 723 2938 777 hoc
2969 723 3271 795 temporali
3301 724 3436 793 vita,
3470 727 3571 780 sed
3603 727 3661 781 in

2011 809 2110 864 illa
2140 826 2372 881 quoque
2394 815 2607 866 (eterna
2639 813 2955 867 damnatus
2979 813 3054 867 sit
3075 813 3373 884 perpetuis
3398 814 3583 886 poenis
3609 819 3664 870 et

2011 898 2434 970 gehennalibus
2458 900 2782 956 tormentis.
2811 909 2854 953 Α
2878 901 3165 956 contrario
3189 901 3388 970 etiam,
3411 902 3660 972 quicun-

2013 1003 2127 1058 que
2175 987 2417 1043 devotus
2467 993 2663 1044 custos
2709 994 2765 1044 et
2823 993 3027 1044 cautus
3072 990 3411 1045 observator
3451 997 3662 1046 nostrae

2013 1075 2327 1131 oblationis
2357 1077 2882 1146 exstiterit,divinis
2915 1078 3420 1132 benedictionibus
3451 1095 3660 1152 augea-

2018 1169 2198 1230 tur,ct
2229 1164 2321 1220 hic
2345 1183 2446 1236 per
2471 1166 2722 1234 tc,beate
2746 1167 2909 1222 Petre
2933 1165 3213 1238 apostole,
3240 1184 3271 1220 a
3293 1171 3665 1238 peccatorum

2013 1253 2261 1308 vinculis
2293 1253 2654 1319 absolvatur,
2685 1260 2741 1309 et
2771 1254 2888 1308 illic
2919 1270 3154 1324 quoque
3176 1271 3276 1325 per
3305 1262 3359 1309 te
3390 1256 3544 1310 intra
3568 1255 3663 1325 ja-

2016 1359 2194 1396 nuam
2228 1342 2389 1414 regni
2423 1342 2676 1397 caelestis
2699 1343 3064 1396 admittatur.
3101 1343 3215 1396 Hoc
3237 1344 3433 1414 itaque
3459 1349 3668 1398 nostra:

2017 1429 2338 1486 devotionis
2363 1429 2756 1503 privilegium,
2783 1435 2843 1484 ut
2867 1431 3057 1485 verius
3085 1432 3357 1484 credatur
3377 1437 3432 1485 et
3455 1432 3671 1487 certius

2016 1519 2321 1588 habeatur,
2355 1519 2784 1592 subscriptione
2808 1525 3007 1574 nostra
3031 1519 3456 1590 roboravimus,
3488 1524 3546 1576 et
3577 1537 3668 1576 ro-

2015 1607 2288 1664 boratum
2322 1613 2518 1663 nostro
2550 1607 2869 1680 signiﬁcari
2895 1607 3088 1680 sigillo
3115 1608 3574 1680 (213)jussimus
3597 1608 3670 1667 ad

2017 1696 2249 1752 laudem
2284 1699 2340 1750 et
2360 1695 2608 1766 gloriam
2629 1696 2861 1751 Domini
2895 1697 3076 1752 nostri
3109 1697 3250 1752 Jesu
3281 1697 3491 1753 Christi
3517 1697 3673 1770 apud

2018 1801 2193 1858 quem
2244 1785 2407 1839 beate
2448 1789 2612 1839 Petre
2663 1784 2942 1855 apostole,
2995 1802 3226 1858 semper
3275 1791 3399 1842 esto
3450 1802 3676 1841 memor

2023 1873 2226 1940 nostri,
2251 1878 2307 1929 et
2337 1875 2601 1929 omnium
2634 1874 2827 1928 ovium
2863 1891 3010 1944 quas
3033 1891 3172 1928 suas
3196 1874 3320 1946 ipse
3349 1874 3674 1945 pascendae

2023 1963 2128 2020 tibi
2158 1961 2472 2029 commisit,
2520 1968 2576 2016 et
2609 1978 2710 2034 per
2740 1979 2846 2016 nos
2880 1961 3192 2017 miseratus
3223 1962 3415 2032 pascit
3445 1966 3502 2016 et
3540 1978 3673 2033 pas-

2023 2057 2113 2108 cet
2143 2051 2334 2107 adhuc
2361 2067 2463 2122 per
2491 2049 2637 2106 alios
2668 2050 2726 2104 in
2767 2049 2979 2105 saecula
3020 2049 3387 2106 smculorum.

2092 2139 2155 2202 ἦ(
2185 2140 2301 2212 Ego
2354 2143 2460 2194 Leo
2508 2139 2819 2211 episcopus
2862 2155 3062 2193 servus
3106 2143 3262 2207 tuus,
3315 2140 3482 2195 beate
3513 2140 3674 2206 Petre

2024 2227 2305 2301 apostole,
2339 2229 2581 2298 donum,
2609 2228 2764 2300 quod
2786 2227 2889 2282 tibi
2923 2228 2992 2282 de
3028 2232 3126 2284 tuo
3161 2227 3289 2298 feci,
3321 2246 3504 2286 manu
3537 2247 3675 2302 pro-

2025 2319 2153 2391 pria
2182 2318 2468 2374 roboravi.

2097 2490 2260 2554 Acta,
2286 2487 2523 2558 scripta,
2543 2489 2935 2558 transumpta,
2960 2484 3254 2558 publicata
3271 2490 3328 2541 et
3347 2485 3681 2543 auscultate

2028 2565 2168 2614 sunt
2193 2556 2468 2631 praedicta
2495 2556 2692 2631 omnia
2709 2556 2904 2631 coram
2929 2556 3413 2631 reverendissimo
3433 2559 3489 2614 in
3514 2559 3678 2614 Chri-

2031 2637 2120 2686 sto
2152 2627 2313 2703 patre
2345 2636 2401 2684 et
2431 2630 2692 2703 domino,
2713 2629 2952 2703 domino
2974 2627 3279 2703 Anibaldu,
3305 2631 3678 2703 miseratione

2029 2698 2227 2756 divina
2257 2703 2528 2772 episcopo
2560 2698 2828 2772 Tuscul.,
2860 2706 3071 2772 sanctae
3105 2701 3379 2772 Romanae
3408 2699 3677 2772 Ecclesia:

2029 2775 2223 2841 Card.,
2261 2770 2595 2844 apostolicae
2624 2772 2780 2844 sedis
2813 2771 3001 2844 legato
3034 2771 3104 2825 de
3134 2770 3468 2844 l_atcre,ip_ro
3501 2771 3679 2826 tribu-

2031 2844 2147 2899 nali
2179 2840 2417 2899 sedénte
2441 2844 2654 2910 Romae,
2681 2843 2737 2895 in
2758 2840 2971 2912 palatio
2991 2840 3184 2913 papali
3206 2840 3677 2912 apud'Sanctum

2033 2917 2286 2982 Petrum,
2319 2914 2420 2985 qui
2445 2914 2578 2968 huic
2599 2916 2970 2985 transumpto
3001 2914 3268 2985 praesenti
3295 2913 3532 2985 scripto,
3558 2913 3678 2968 lec-

2030 2993 2109 3053 to,
2148 2983 2465 3058 public—ato,
2487 2983 2835 3058 exemplato,
2858 2983 2916 3038 et
2936 2983 3285 3058 auscultato,
3311 2983 3478 3040 suam
3511 2990 3568 3040 et
3587 2986 3680 3042 sui

2032 3055 2210 3113 officii
2243 3056 2652 3112 auctoritatem
2683 3055 3051 3126 interposuit,
3077 3061 3132 3110 et
3152 3056 3473 3116 decretum.
3507 3062 3564 3111 et
3596 3057 3682 3111 ei-

2034 3130 2168 3184 dem
2199 3129 2380 3184 voluit
2410 3132 2465 3182 et
2496 3126 2751 3182 decrevit
2781 3125 3026 3180 ubilibet
3073 3127 3129 3180 in
3155 3128 3378 3196 judicio
3409 3133 3465 3182 et
3494 3133 3678 3193 extra,

269 3178 466 3230 totum
501 3172 576 3229 sit
595 3171 846 3244 speciale
867 3177 1035 3228 tuum
1059 3189 1163 3245 pro
1183 3171 1598 3238 luminaribus,
1617 3177 1674 3228 et
1701 3173 1919 3228 caeteris

2039 3197 2516 3278 sicutprincipali
2533 3197 2835 3278 privilegio
2861 3197 3032 3278 fidem
3053 3171 3375 3278 plenariam
3392 3171 3680 3278 adhiberi:

271 3263 530 3318 diversis
561 3262 1026 3329 necessitatibus,
1051 3262 1122 3316 ad
1139 3262 1378 3334 ipsatua
1397 3261 1682 3318 solemnia
1704 3263 1927 3333 agenda

277 3357 710 3432 pertinentibus
725 3359 841 3414 Nec
855 3358 996 3413 illud
1013 3358 1577 3431 praetermittendum
1593 3358 1930 3415 censuimus

284 3451 372 3514 ut,
415 3446 870 3520 quotiescunque
909 3449 980 3503 de
1010 3448 1462 3520 quibuscunque
1493 3448 1688 3521 regnis
1722 3453 1779 3504 et
1822 3453 1931 3504 ter-

272 3538 358 3592 ris
414 3536 650 3606 tributa,
702 3539 824 3592 sive
866 3537 937 3592 ad
970 3537 1149 3594 altare
1197 3542 1366 3594 tuum
1399 3539 1724 3602 offeruntur
1757 3539 1927 3608 (212),

270 3628 396 3680 sive
419 3626 490 3680 ad
517 3626 816 3698 apostolici
843 3627 1018 3697 pedes
1039 3632 1356 3704 ponuntur,
1383 3627 1503 3692 sive
1526 3626 1732 3698 quovis
1759 3626 1928 3681 modo

266 3721 383 3770 tua:
419 3714 751 3787 apostolicae
783 3715 927 3780 sedi,
961 3716 1054 3770 cui
1102 3715 1216 3770 Deo
1248 3719 1484 3770 auctore
1524 3715 1927 3788 praesidemus,

265 3803 708 3876 persolvuntur,
733 3803 960 3858 decima
984 3821 1118 3876 pars
1139 3820 1340 3873 eorum
1363 3820 1594 3876 semper
1614 3804 1740 3872 tibi,
1765 3805 1931 3860 beate

263 3892 439 3948 Petre
470 3892 753 3963 apostole,
789 3894 1088 3962 debeatur,
1122 3893 1191 3948 ad
1226 3893 1700 3948 reformationem
1745 3893 1928 3948 eccle-

261 3981 362 4036 size
395 3986 536 4047 tuae,
569 3985 624 4036 et
645 3987 850 4036 caetera
882 3998 1012 4053 quaa
1047 3982 1319 4054 superius
1352 3981 1628 4038 diximus.
1683 3981 1754 4038 Ut
1793 3999 1927 4040 vero

261 4080 386 4136 haec
437 4079 642 4136 omnia
699 4079 1080 4136 observentur
1136 4079 1380 4150 illibata,
1438 4085 1561 4136 tam
1609 4097 1642 4136 a
1691 4096 1930 4137 succes—

263 4169 510 4224 soribus
544 4169 761 4225 nostris
790 4168 849 4224 in
880 4169 1017 4224 sede
1051 4174 1169 4237 tua,
1200 4186 1232 4224 o
1265 4169 1430 4228 beate
1450 4169 1616 4225 Petre
1647 4169 1927 4241 apostole,

262 4273 462 4329 usque
496 4257 556 4311 in
590 4258 765 4313 ﬁnem
799 4257 995 4314 saeculi
1030 4257 1305 4325 sessuris,
1339 4273 1521 4334 quam
1551 4257 1726 4314 etiam
1758 4273 1933 4324 cunc—

263 4347 340 4402 tis
371 4345 748 4412 hominibus,
782 4351 897 4402 tam
920 4347 1150 4419 magnis
1183 4363 1360 4418 quam
1392 4347 1606 4420 parvis,
1629 4350 1750 4401 tam
1784 4345 1926 4400 divi-

260 4436 430 4491 tibus
484 4451 665 4507 quam
695 4437 1075 4508 pauperibus,
1111 4435 1528 4503 mediocribus,
1577 4434 1790 4491 diversi
1837 4451 1927 4493 se-

259 4539 370 4582 xus
404 4526 468 4578 et
500 4523 1039 4591 zetatis,statuimus
1063 4523 1384 4598 apostolica
1411 4540 1820 4595 censura,qua,
1853 4522 1928 4578 1i-

260 4619 353 4668 cet
406 4611 666 4684 indigni,
708 4613 1010 4686 fungimur
1039 4614 1161 4670 vice
1208 4617 1330 4681 tua,
1362 4613 1471 4668 sub
1504 4612 1684 4668 divini
1713 4611 1925 4684 judicii

258 4701 724 4768 contestatione,
748 4706 806 4757 et
828 4701 1105 4758 terribilis
1128 4701 1520 4758 anathematis
1536 4701 1928 4768 interpositio-

260 4789 357 4844 ne,
393 4776 468 4828 ut
489 4772 712 4829 scilicet
741 4773 1079 4846 quicunque
1101 4778 1303 4830 contra
1324 4772 1434 4828 hoc
1455 4777 1665 4828 nostra)

262 4929 476 4991 ticana
505 4933 753 4992 basilica
783 4941 840 4992 et
883 4937 1074 4994 eidem
1116 4934 1519 5000 inservientes,
1565 4933 1930 4990 oblationum

259 5024 396 5088 quae
422 5007 489 5088 in
521 5005 648 5078 ipso
679 5008 896 5082 templo
929 5010 1152 5075 tierent,
1185 5009 1450 5082 portione
1471 5006 1669 5079 aliqua
1690 5008 1799 5062 rite
1830 5024 1928 5079 po-

259 5083 742 5232 tirgznitlufﬁempe
769 5151 1374 5232 nitrati-lampadibus;
1405 5149 1766 5232 qu'odplan‘e
1795 5165 1931 5232 ροη-

258 5227 380 5277 stat
414 5239 491 5278 ex
521 5225 637 5277 Vit.
672 5225 729 5278 S.
764 5225 996 5278 Caesarii
1029 5225 1412 5290 Arelatensis,
1435 5225 1535 5276 ubi
1570 5225 1687 5277 ι]ωο
1720 5225 1930 5276 haben-

257 5298 359 5348 tur
393 5311 407 5347 :
453 5315 484 5342 α
517 5293 616 5348 ubi
648 5294 718 5349 de
744 5295 1141 5362 cubiculariis,
1167 5296 1308 5350 dum
1330 5293 1674 5350 cicindelam
1697 5293 1930 5348 concin-

259 5369 463 5432 naret,
485 5364 557 5420 de
579 5366 854 5440 manibus
869 5383 1044 5440 super
1065 5366 1322 5440 lapidem
1345 5366 1511 5437 lapsa
1536 5368 1652 5440 est;
1678 5381 1805 5440 quae
1828 5379 1934 5440 nec

253 5453 439 5494 versa
475 5441 586 5502 est,
622 5453 728 5494 nec
770 5435 977 5504 fracta]
1027 5435 1145 5495 nec'
1177 5435 1486 5496 exstincta.
1520 5455 1547 5489 »
1583 5435 1935 5492 ConSulatur

254 5507 478 5582 Cangii
508 5508 794 5582 Glossar.,
825 5514 883 5566 et
915 5509 1209 5582 Indiculas
1232 5510 1504 5582 exoticar.
1529 5524 1763 5574 vocum,
1796 5523 1935 5579 sup-

253 5580 505 5656 positus
528 5580 729 5656 godici
761 5581 944 5656 reguli
971 5581 1144 5656 Luca:
1174 5580 1478 5656 Holstenii.

265 5649 275 5675 ⁷
331 5652 495 5724 (212)
527 5649 1083 5726 Plurimas'quidem
1103 5659 1160 5710 et
1181 5651 1764 5726 maxime'ppulentas
1788 5649 1930 5706 fuis-

255 5738 324 5784 se
340 5721 500 5799 qua
527 5723 592 5784 in
612 5721 893 5788 Vaticana
910 5725 1159 5787 basilica
1178 5726 1320 5789 olim
1341 5721 1562 5788 ﬁebant
1580 5721 1929 5796 oblationes,

1743 4773 1934 4827 umili-

718 5265 729 5276 .
764 5223 996 5278 Caesarii
1029 5221 1535 5290 Arelatensisfubi
1570 5221 1687 5277 haec
1720 5221 1934 5276 haben-

2040 3267 2329 3326 mand’ans
2361 3267 2828 3341 suum’sigillu’m
2860 3267 3329 3340 eidem’appendi
3357 3274 3414 3341 et
3443 3270 3687 3339 majoris

2038 3342 2264 3398 roboris
2291 3340 2650 3395 ﬁrmitatem}
2688 3342 2749 3394 In
2783 3341 3093 3412 praesentia
3123 3340 3571 3412 reverendorum
3600 3342 3685 3394 vi-

2040 3430 2238 3468 rorum
2267 3413 2615 3467 domnorum
2642 3411 2840 3466 fratris
2867 3411 3153 3466 Francisci
3178 3411 3370 3465 abbat.
3396 3418 3690 3466 monaste-

2039 3485 2106 3539 rii
2132 3488 2189 3540 S.
2216 3483 2624 3538 Bartholommi
2643 3483 3105 3606 deCamporegio
3121 3483 3508 3558 Eugubinem.
3535 3483 3685 3537 dioc.

2039 3557 2329 3606 Decretor.
2379 3554 2640 3606 Doctoris
2689 3570 2864 3606 cance
2893 3553 3042 3606 larii.
3080 3559 3136 3606 et
3178 3553 3409 3606 ltobcrti
3445 3556 3512 3606 de
3560 3553 3685 3606 Pla-

2039 3557 2329 3611 Decretor.
2379 3554 2640 3609 Doctoris
2689 3553 3042 3619 cancellarii,
3080 3559 3136 3608 et
3178 3553 3409 3609 l’tobcrti
3445 3556 3512 3609 de
3560 3553 3687 3609 Pla-

2039 3627 2227 3682 centia
2245 3627 2272 3682 J
2285 3625 2529 3698 urisper.
2553 3625 2857 3698 auditoris,
2875 3642 2938 3680 ac
2955 3624 3199 3698 Joannis
3213 3627 3448 3698 Thomas
3468 3626 3536 3679 de
3551 3627 3685 3679 Cec-

2039 3717 2204 3765 cano,
2249 3696 2512 3754 canonic.
2556 3697 2835 3751 Parisien.
2869 3697 3118 3766 nepotis,
3152 3701 3208 3749 et
3248 3696 3686 3766 capellanorum

2039 3770 2356 3842 supradicti
2387 3768 2586 3842 domni
2619 3768 2815 3842 legati,
2848 3783 2918 3842 ac
2951 3767 3206 3842 plurium
3239 3766 3487 3842 aliorum
3521 3771 3686 3820 nota-

2039 3836 2259 3897 rio-rum
2289 3846 2346 3895 et
2376 3839 2612 3894 testium
2645 3836 3051 3903 litteratorum,
3077 3837 3147 3889 ad
3183 3836 3486 3906 praemissa
3516 3852 3684 3906 vocae

2039 3918 2234 3968 torum
2259 3916 2316 3966 et
2337 3907 2673 3982 specialiter
2687 3913 3136 3982 rogatorum,_ac
3242 3907 3549 3982 praesentia
3573 3905 3687 3982 mei

2079 3983 2330 4046 ualterii,
2364 3977 2416 4036 et
2451 3979 2610 4034 Pauli
2643 3979 2714 4033 de
2744 3977 2959 4032 Sancta
3007 3977 3279 4043 Victoria,
3323 3983 3379 4032 ct
3429 3977 3686 4033 Matthaei

2080 4072 2110 4110 e
2138 4053 2369 4124 Spoleto
2408 4050 2871 4124 notorior.infra
2919 4049 3186 4124 scriptor.
3219 4051 3289 4104 ad
3313 4050 3463 4103 hanc
3496 4049 3682 4124 publi-

2039 4120 2349 4190 catidnem,
2399 4120 2909 4188 auscultationem,
2954 4121 3167 4176 decreti
3212 4127 3270 4175 et
3314 4120 3685 4177 auctoritatis

2037 4195 2538 4268 interpositionem
2555 4192 2883 4268 specialiter
2898 4197 3233 4248 vocatorum
3249 4197 3307 4268 et
3329 4199 3688 4268 regulorum,

2039 4270 2150 4324 sub
2179 4263 2330 4322 anno
2368 4263 2603 4338 Domini
2619 4263 2933 4338 millesimo
2959 4263 3367 4338 trecentesimo
3397 4263 3685 4338 quinquaf

2037 4340 2260 4419 gesizno
2279 4337 2558 4419 lubilzeo,
2591 4337 2966 4419 pontificatus
3000 4335 3687 4419 sanctissimiet‘do'mni

2039 4407 2222 4467 nostri
2273 4407 2588 4466 Clementis
2619 4424 2778 4479 papae
2808 4407 2882 4461 Vl
2916 4424 3067 4462 anno
3101 4412 3318 4472 octavo,
3371 4407 3686 4462 indictione

2038 4484 2230 4549 tertia,
2255 4482 2474 4537 mensis
2505 4480 2617 4535 Mai
2643 4482 2735 4534 die
2759 4479 3012 4533 decimo.

1961 4561 2006 4625 1)
2107 4556 2178 4610 Et
2207 4544 2311 4626 ego
2331 4553 2626 4626 Mattheus
2655 4549 2830 4626 Salvi,
2852 4544 3689 4626 clericusSpoletanuspubli-

2037 4644 2141 4682 cus
2188 4618 2508 4698 apostolica
2555 4629 2610 4679 et
2659 4621 2944 4698 imperiali
2997 4618 3685 4698 auctoritate-notarius,

2042 4699 2191 4771 przed
2204 4689 2346 4752 ictas
2362 4689 2942 4771 litterasapostolicas
2955 4707 3148 4771 coram
3166 4689 3496 4771 supradicto
3519 4689 3689 4744 dom-

2038 4761 2114 4824 no
2150 4772 2358 4841 legato,
2393 4784 2494 4839 pro
2513 4761 2790 4821 tribunali
2813 4763 3072 4831 sedente,
3095 4761 3210 4818 vidi
3230 4767 3285 4817 et
3304 4761 3439 4834 legi,
3473 4776 3691 4833 easque

2041 4948 2212 4987 nemo
2245 4926 2614 4990 inﬁciasibit,
2639 4923 2739 4996 qui
2762 4923 2952 4996 prisca
2968 4923 3240 4978 Romanae
3265 4921 3535 4996 Ecclesiae
3563 4939 3690 4996 _mo-

2042 5010 2323 5058 numenta
2352 5000 2435 5055 vel
2469 4993 3119 5068 tantisper'vcrsavcrit.
3157 4997 3298 5068 item
3332 4995 3439 5068 hoc
3469 4995 3524 5048 in
3563 4993 3686 5068 loco

2041 5073 2336 5147 prosequi.
2396 5064 2926 5147 suaen'eeancum:
2988 5066 3252 5147 ειςφωριει
3307 5067 3462 5122 enim
3531 5064 3686 5147 βρυά

2040 5139 2420 5202 Ἁοθείᾶεἰυω
2446 5139 2956 5196 ὺῖὺιίοιὴθρθῐὶυιι]
2993 5140 3206 5211 ubique
3238 5140 3583 5211 occurrunt;
3619 5149 3684 5211 ac

2039 5219 2147 5272 viri
2179 5213 2525 5277 doctissimi,
2543 5213 2744 5285 justus
2769 5205 3152 5285 Fontaninus,
3181 5214 3238 5264 et
3257 5209 3460 5285 Petrus
3484 5205 3688 5285 Moret-

2041 5294 2168 5355 tus;
2200 5289 2301 5342 ille
2332 5286 2387 5340 in
2422 5275 2620 5356 opusc.
2654 5283 2734 5337 De
2764 5283 2925 5337 disco
2957 5288 3230 5356 argenteo
3262 5278 3476 5356 votivo;
3512 5275 3603 5356 hic
3630 5275 3688 5329 in

2041 5346 2223 5433 Opere
2272 5361 2342 5412 de
2393 5346 2848 5433 presbyt.upart.
2905 5371 2946 5418 ι,
2997 5346 3140 5433 εὲοῐ..
3188 5352 3241 5415 4,
3274 5348 3443 5420 plura
3475 5347 3545 5402 ad
3577 5346 3686 5402 hoc

2041 5424 2738 5499 institutum-spectantia
2767 5424 3168 5499 observarunt.
3226 5492 3239 5499 _
3333 5489 3362 5499 Α·

2113 5505 2259 5575 (213)
2283 5489 2542 5575 Extypon
2564 5496 2744 5575 bulla;
2765 5495 3059 5575 plumbeae
3092 5489 3404 5575 pen-dentis
3431 5507 3464 5575 εξ
3491 5489 3688 5575 diplo-

2042 5562 2197 5639 mate
2228 5562 2528 5639 quod'Leo
2563 5569 2633 5624 IX
2650 5562 2832 5623 edidit
2860 5582 2962 5639 pro
2989 5562 3637 5639 monasteriorrFuldensi
3676 5578 3688 5616 :

2042 5590 2197 5630 mate
2269 5590 2383 5627 uoa
2419 5590 2528 5625 Leo
2563 5590 2633 5624 [Α
2650 5590 2832 5623 eum".
2861 5590 2962 5639 pro
2991 5590 3342 5620 iuuuaswriu
3365 5590 3637 5619 ruiucuai
3677 5605 3686 5616 .

2041 5663 2110 5703 ex
2141 5590 2418 5701 Fri‘derici
2447 5641 2748 5699 Schannat
2779 5641 3046 5696 accurate
3066 5637 3299 5696 exhibet
3327 5635 3544 5694 Bullar.
3578 5634 3689 5695 R0-

2042 5733 2308 5793 manum,
2332 5731 2484 5778 nova
2510 5711 2676 5788 edit"
2710 5727 2846 5789 pag.
2875 5710 3004 5770 383.
