4088 6174
458 271 579 336 739

462 476 602 533 cisci
643 471 980 546 subscripto
1019 477 1076 529 et
1105 471 1413 546 ,Gualterio
1461 472 1664 546 domui
1690 471 1993 546 _Erederici
2037 473 2109 546 de

461 549 792 603 Clarmontc
823 541 975 601 inl‘ra
1004 545 1260 617 scriptis,
1293 543 1538 617 notariis
1566 541 1841 615 publicis,
1874 543 2106 617 auscul-

460 619 609 687 tavi;
649 622 706 674 et
740 618 882 689 quia
911 620 1071 689 ipsas
1101 614 1234 689 cum
1268 614 2104 689 predicto’upraasentitran-

462 684 700 755 sumpto
734 684 1084 745 concordare
1134 684 1346 754 inveni,
1381 685 1459 740 nil
1494 684 1690 740 addito
1720 684 1808 740 vel
1856 684 2104 755 minuto,
2162 700 2171 707 '

462 756 619 832 quod
642 760 777 816 facti
799 759 1192 832 substantiam
1214 758 1511 832 immutat,
1532 756 1619 832 vel
1640 756 1822 832 variet
1844 756 2107 832 intellec-

458 826 612 899 tum,
644 832 773 887 ideo
791 832 861 886 de
883 829 1161 884 mandato
1192 828 1515 899 supradicti
1548 827 1751 884 domui
1783 826 1982 899 legati,
2015 842 2111 882 me

459 903 805 974 subscripsi,
837 905 895 956 et
927 906 1166 972 rogatus
1192 900 1429 972 signum
1460 915 1659 955 meum
1691 899 1938 971 apposui
1970 915 2107 957 con-

468 979 734 1115 suﬁtueuglo
765 1041 1125 1115 Giualterius,
1152 1040 1351 1115 domui
1372 1040 1657 1115 Eriderici
1683 1041 1759 1115 de
1781 1039 2111 1115 Clarmonte

460 1110 729 1182 clericu's,
789 1114 1046 1168 Firman.
1072 1113 1222 1168 dioc.
1290 1112 1520 1167 ublicus
1549 1112 1837 1166 catholica
1857 1110 2108 1166 auctori-

460 1190 577 1237 tate
607 1184 894 1237 notarius.
913 1184 1219 1237 nraadictas
1248 1130 1472 1237 litteras
1495 1182 1851 1237 anostolicas
1876 1182 2107 1237 scripsi.

460 1190 577 1242 tate
607 1184 894 1245 notarius.
913 1184 1219 1255 praedictas
1248 1182 1472 1238 litteras
1495 1182 1851 1255 apostolicas
1876 1182 2107 1255 scripsi,

461 1252 931 1337 transumptavi;
947 1263 1003 1337 et
1019 1255 1346 1337 exemplavi
1362 1271 1465 1337 per
1484 1252 1909 1337 omniahprout
1930 1252 2110 1337 inllit:

462 1329 604 1385 teris
633 1324 1170 1409 ipsis‘apostoli'cis,
1192 1324 1273 1409 :de
1302 1324 1476 1406 verbo
1507 1326 1579 1409 ad
1611 1324 1887 1409 verbum,
1909 1324 2025 1380 vidi
2057 1329 2115 1409 et

461 1395 979 1525 regeri—contineri,
1008 1396 1321 1466 niladdito,
1346 1396 1574 1451 minuto
1594 1395 1679 1452 vel
1708 1395 2109 1480 mutatoquod

462 1488 531 1525 su
581 1468 859 1525 stantiam
877 1472 1083 1525 mutet.
1108 1467 1196 1522 vel
1214 1467 1396 1523 variet
1416 1466 1804 1525 intellectum.
1833 1483 1947 1522 [1181
1967 1469 2109 1522 torte

462 1466 859 1549 substantiam
877 1472 1083 1549 mutet.
1108 1467 1196 1522 vel
1214 1467 1396 1523 variet
1416 1466 1804 1549 intellectum,
1833 1466 2112 1549 nisiforte

462 1542 722 1620 litteram
750 1538 837 1594 vel
871 1539 1156 1611 syllabam
1174 1556 1290 1620 per
1316 1539 1695 1620 errorem.“Et
1716 1539 1921 1620 ipsum
1944 1542 2112 1620 trant-

462 1616 768 1683 sumptum
800 1610 995 1666 coram
1037 1611 1313 1682 praedicto
1344 1610 1831 1666 reverendissimo
1862 1613 2028 1681 patre
2056 1614 2114 1664 et

464 1684 682 1739 domno
712 1685 933 1750 nostro,
956 1679 1498 1753 domnoAnibaldo,
1521 1678 1803 1737 cardinali
1835 1679 2110 1753 apostoli-

463 1771 541 1810 cae
571 1753 749 1835 sedis,
782 1753 972 1824 legato
996 1769 1099 1836 pro
1126 1750 1401 1834 tribunali
1433 1754 1693 1835 sedente,
1724 1756 1792 1835 ut
1820 1750 2020 1876 sqpra,
2044 1767 2111 1833 ac
2140 1774 2188 1839 B

463 1824 851 1876 praesentibus
894 1824 1187 1876 praedictis
1243 1824 1494 1876 testibus
1536 1822 1828 1876 htterahs.
1916 1838 2111 1876 omnis

463 1822 867 1898 praesentibus
894 1822 1187 1898 praedictis
1243 1823 1494 1879 testibus
1536 1822 1849 1898 litteralis,_
1875 1822 2111 1898 damnis

462 1892 832 1963 cancellario,
850 1892 1133 1961 auditore,
1150 1900 1378 1966 nepote,
1396 1900 1453 1950 et
1464 1893 1782 1966 capellanis
1795 1892 1935 1949 dicti
1952 1894 2111 1966 dom-

463 1967 522 2039 ni
553 1966 750 2039 legati,
784 1983 851 2021 ac
881 1965 1331 2039 quampluribus
1361 1965 1755 2039 aliisnotariis
1786 1968 1843 2020 et
1860 1965 2109 2039 testibus

463 2036 757 2105 litteratis,
773 2036 998 2093 necnon
1012 2036 1190 2093 Paulo
1213 2037 1505 2093 Francisci
1519 2041 1575 2093 et
1588 2036 1858 2093 Matthazo
1879 2036 1948 2092 de
1964 2036 2107 2107 Sp’o-

464 2109 604 2181 leto,
627 2109 871 2165 notariis
899 2108 1148 2180 publicis
1171 2108 1644 2181 supradictisrad
1667 2108 1819 2181 hanc
1845 2106 2111 2181 publicae

376 2223 385 2227 -
460 2180 701 2248 tionem,
721 2197 792 2252 ac
809 2177 1023 2235 decreti
1040 2184 1095 2235 et
1112 2177 1474 2252 auctoritatis
1496 2177 2020 2252 interpositionem,
2043 2180 2112 2234 ut

461 2269 643 2332 supra
674 2251 910 2332 dicitur,
938 2251 1157 2332 vocatis
1188 2250 1519 2332 specialiter
1546 2254 1605 2306 et
1634 2249 1873 2323 rogatis,
1907 2249 2109 2332 legen—

462 2320 643 2403 tib‘us,
672 2322 1009 2403 videntibus
1036 2326 1095 2403 et
1114 2320 1613 2403 auscultantibus,
1648 2320 1783 2403 cu'm
1814 2320 2109 2403 praedictis

463 2391 798 2464 apostolicis
817 2390 1173 2464 litterislegi,
1187 2396 1243 2447 et
1254 2392 1508 2464 fideliter
1521 2390 1841 2464 auscultavi
1862 2392 2110 2464 ;ipsu_m-

464 2462 602 2535 que,
633 2462 703 2517 de
738 2462 1011 2535 mandato
1056 2462 1377 2535 supradicti
1421 2464 1621 2535 domni
1666 2462 1978 2535 cardinalis
2019 2462 2107 2535 le-

463 2533 603 2606 gati,
637 2537 696 2588 et
742 2534 815 2589 ad
848 2533 1187 2606 instantiam
1219 2534 1641 2606 venerabilium
1670 2534 1950 2606 virorum,
2000 2534 2108 2590 do-

465 2604 780 2679 minorum,
819 2605 1067 2679 prioris,
1120 2605 1534 2679 canonicorum
1598 2605 1861 2679 capituli,
1895 2621 2108 2679 sacro-

462 2681 678 2749 sancta:
709 2675 960 2749 basilica:
982 2676 1265 2749 principis
1285 2675 1688 2749 apostolorum
1713 2678 1784 2733 de
1812 2676 1964 2732 Urbe
1995 2676 2105 2732 ibi-

462 2748 595 2832 dem
644 2748 1289 2832 praesentium,nipsun_1
1321 2748 1763 2830 transumptum
1811 2752 1868 2803 et
1913 2764 2105 2804 exem-

461 2818 624 2892 plum
645 2818 714 2874 in
746 2818 1221 2892 hancppublic’am
1250 2819 1497 2876 formam
1531 2818 1765 2892 propria
1804 2836 1984 2876 manu
2016 2834 2105 2875 re-

461 2889 616 2963 degi,
647 2906 833 2963 eoque
865 2889 1033 2964 signo
1062 2895 1342 2948 consueto
1374 2889 1599 2965 signavi
1629 2889 1887 2965 rogatus.

461 3049 515 3105 s.
569 3049 672 3133 Leo
711 3050 806 3133 IX.
843 3049 1160 3133 ηςμρᾳνιο]
1207 2978 1852 3133 ξξξξὲοηρηωηιίηφτςίη
1874 3047 2104 3132 mandat

527 3123 589 3175 ut
616 3121 858 3206 ecclesiae
886 3121 960 3178 Β.
983 3121 1253 3177 Simeonis
1283 3122 1766 3206 (Padilironensis)
1797 3122 1864 3177 ab
1898 3122 2101 3192 episco-
2132 3140 2175 3206 ρ

523 3207 621 3265 pos
650 3192 942 3249 Mantuano
971 3192 1354 3265 consecranda?
1384 3195 1621 3250 intersit.

526 3264 529 3265 ⁷
1080 3264 1267 3336 (Anno
1298 3265 1482 3337 4054.)

457 3334 700 3406 [Mabill.
747 3336 878 3390 Acta
945 3335 1038 3390 SS.
1092 3335 1477 3473 ogdlngggdlq
1520 3351 1651 3390 saec.
1684 3335 1776 3403 VI,
1828 3337 1992 3406 parte
2040 3350 2103 3399 ιι,

1124 3420 1256 3477 pag.
1293 3420 1414 3460 me.

527 3491 639 3546 Leo
687 3491 1018 3564 episcopus,
1072 3509 1276 3547 servus
1327 3510 1627 3548 servorum
1660 3493 1785 3560 Dei,
1824 3491 1918 3547 W.
1961 3491 2105 3565 [Wi-

456 3579 641 3650 berto]
676 3578 991 3636 Mutinensi
1027 3579 1298 3653 episcopo
1331 3581 1582 3637 salutem
1622 3586 1679 3636 et
1725 3579 2103 3652 apostolicam

458 3668 949 3725 benedictionem.

525 3757 808 3814 Mirabilis
841 3758 1068 3815 Deusin
1099 3760 1321 3816 sanctis
1341 3758 1487 3827 suis,
1521 3757 1810 3832 gloriosus
1833 3762 1883 3812 et
1921 3756 2098 3813 mitis.

454 3863 678 3920 magna:
714 3846 1147 3915 misericordiae,
1180 3852 1237 3903 et
1267 3864 1444 3920 super
1486 3846 1772 3903 malitiam
1806 3847 2101 3918 praestabi-

452 3935 546 4004 lis,
583 3934 904 3990 multorum
948 3935 1209 3992 ﬁdelium
1246 3942 1313 3992 ut
1351 3953 1483 3993 vera
1515 3935 1909 4006 comperimus
1956 3933 2103 3990 rela-

454 4022 631 4088 tione,
665 4022 938 4094 centupla
978 4025 1448 4081 remuneratione
1492 4024 1730 4081 donavit
1784 4024 1972 4079 sancti
2011 4023 2104 4079 sui

454 4109 805 4164 confessoris
830 4110 1106 4166 meritum
1128 4116 1185 4167 et
1204 4112 1460 4169 laborem
1484 4113 1794 4168 Simeonis.
1820 4112 2103 4168 Reveren-

451 4197 685 4252 tissimo
717 4197 914 4253 abbati
946 4204 1149 4254 sancto
1184 4185 1497 4257 Benedicto
1523 4201 1868 4257 exhibeatur
1896 4201 2101 4267 honor,

453 4285 730 4357 adjuncto
761 4284 875 4341 sibi
908 4287 1065 4342 socio
1097 4288 1369 4344 Simeone
1420 4290 1727 4356 monacho,
1773 4290 2020 4345 eremita
2049 4293 2105 4345 et

454 4373 717 4430 diacono.
750 4374 1105 4432 Mantuanus
1126 4376 1436 4449 episcopus
1457 4394 1666 4433 novam
1697 4377 1777 4433 ibi
1801 4394 2103 4434 consecra-

450 4463 538 4518 bit
566 4461 899 4532 ecclesiam,
935 4465 1027 4520 cui
1070 4465 1343 4522 volumus
1392 4470 1457 4521 ut
1495 4466 1769 4522 exhibeas
1821 4466 2101 4523 honorifi-

450 4552 726 4619 centiam,
760 4553 982 4610 scilicet
1010 4553 1293 4611 iuteresse
1325 4559 1380 4610 te
1408 4555 1680 4610 volumus
1728 4555 1867 4610 huic
1897 4571 2096 4611 conse-

449 4641 693 4698 crationi
739 4646 798 4698 et
840 4642 1018 4715 hujus
1057 4644 1316 4716 corporis
1360 4643 1688 4711 elevationi,
1723 4648 1779 4698 et
1808 4643 1987 4699 altare
2035 4644 2094 4699 in

449 4731 579 4799 ejus
614 4731 834 4787 honore
865 4737 1259 4799 consecretur,
1285 4749 1459 4805 quem
1482 4731 1635 4788 Deus
1658 4749 1893 4788 summa
1921 4732 2102 4788 virtu-

448 4822 577 4873 tum
608 4818 949 4874 clariﬁcavit
979 4820 1285 4892 dignitate.

449 4975 506 5031 S.
547 4975 648 5030 Leo
675 4976 886 5048 clerum
914 4986 967 5032 et
993 4979 1255 5048 populum
1301 4981 1677 5034 Auximo-num
1705 4979 1854 5035 docet
1883 4979 2107 5036 anathe-

517 5046 862 5103 matizandos
910 5046 1001 5102 eos
1027 5064 1140 5104 esse
1175 5052 1272 5121 qui
1300 5059 1598 5121 sequantur
1648 5052 1803 5105 illam
1834 5074 1859 5099 ‹‹
1890 5067 2106 5122 perver-

518 5136 640 5175 sam
670 5127 720 5174 et
760 5135 983 5193 prorsus
1023 5123 1413 5176 exsecrabilem
1454 5122 1818 5193 quarumdam
1859 5123 2105 5192 plebium

516 5190 981 5266 consuetudinem,
1014 5192 1375 5266 utvidelicet,
1406 5190 1503 5248 suo
1532 5193 1781 5265 defuncto
1828 5190 2102 5266 episcopo,

519 5263 742 5336 domum
788 5263 1027 5336 episcOpi
1070 5263 1349 5318 hostiliter
1394 5263 1762 5336 irrumpentes
1812 5263 2100 5333 invadunt,

515 5335 807 5406 facultates
835 5335 951 5406 ejus
990 5335 1282 5406 diripiant,
1325 5335 1663 5406 praediorum
1692 5337 1876 5392 domos
1916 5338 2102 5392 incen-

515 5404 674 5477 dant,
708 5404 1112 5477 vites‘insuper'
1132 5408 1184 5461 et
1211 5404 1460 5474 arbusta,
1498 5407 1712 5463 bestiati
1743 5408 2105 5465 immaniores

518 5476 742 5544 feritate
769 5476 1067 5533 succidant.
1110 5498 1137 5525 »

1073 5548 1260 5620 (Anno
1294 5547 1477 5620 10545.)

449 5613 618 5695 [Vide
663 5614 817 5673 inter
860 5615 1045 5695 Opera
1078 5613 1357 5695 ’βε-,Ερμῆ
1412 5613 1704 5695 Demiani,
1761 5621 2104 5693 Patrologia?

908 5688 1053 5747 tom.
1086 5688 1318 5763 CXLIV,
1350 5689 1459 5769 col.
1488 5689 1639 5766 347.]

1550 266 1619 330 S.
1663 266 1946 329 LEONIS
1989 266 2072 328 IX
2113 268 2345 333 ΡΑΡΛΕ
2383 270 2815 337 OPUSCULA.

464 421 599 463 cum
643 400 913 476 praesenti
960 402 1504 476 transumpto,puna
1533 416 1668 476 cum
1700 400 1877 476 Paulo
1927 401 2105 476 Fran-
2137 411 2188 471 Α

3724 271 3870 335 -Ἷω

2946 402 3133 459 XCIII.

2217 494 2271 548 S.
2346 495 2444 548 Leo
2502 495 2657 549 Petri
2699 494 2972 567 ‘Damiani
3048 493 3254 567 librum
3325 491 3870 567 (Gomorrhianum)

2290 588 2317 613 ‹‹
2350 573 2539 620 contra
2566 564 2985 638 quadrimodam
3011 566 3254 620 carnalis
3293 565 3639 633 contagionis
3680 564 3871 638 pollu-

2290 638 2495 692 tionem
2528 658 2556 685 ››
2577 637 2871 692 collaudat.

2838 726 3026 797 (Anno
3051 725 3236 796 4054.)

2292 813 2463 884 [Vide
2519 813 2754 870 Petrum
2803 814 3191 888 Da_mia_n_um._
3233 813 3404 888 Oppi,
3463 816 3805 888 Patrologiae

2693 890 2834 942 tom.
2868 885 3075 954 CXLV,
3107 885 3216 941 col.
3250 887 3397 956 159.]

2949 992 3134 1047 XCIV.

2222 1080 2278 1135 S.
2301 1082 2404 1153 Leo
2430 1084 2585 1138 Petri
2613 1083 2876 1137 Damiani
2911 1097 3152 1138 eremum
3188 1100 3209 1129 ι
3242 1096 3367 1153 σωκ
3395 1068 3600 1138 dicitur
3628 1082 3775 1148 Ocri,
3810 1084 3872 1138 in

2290 1152 2512 1278 Saxjtna
2540 1154 2789 1209 videlicet
2819 1154 3093 1209 territorio
3138 1152 3512 1221 constitutam,
3553 1155 3870 1226 privilegiis

2289 1240 2390 1279 orn
2457 1267 2468 1278 .
2504 1246 2532 1274 »

2844 1313 3031 1385 (Anno
3067 1313 3247 1384 1055.)

2438 1401 2604 1472 [Vide
2632 1402 2965 1471 Patrologiw
2986 1405 3127 1456 tom.
3159 1402 3362 1471 CXLV,
3394 1402 3505 1458 col.
3540 1403 3651 1474 15.]

2966 1509 3124 1564 XCV.

2223 1596 2278 1652 S.
2310 1598 2411 1653 Leo
2430 1598 2498 1671 IX_
2521 1599 2844 1669 facultatem
2870 1598 2966 1653 dat
2994 1598 3233 1653 Berardo
3262 1598 3450 1654 abbati
3476 1600 3731 1671 Far/“ensi
3768 1598 3865 1654 ad-

2292 1669 2521 1743 vocandi
2559 1685 2930 1743 quemcunque
2977 1671 3286 1743 episcopum
3311 1671 3551 1728 voluerit
3578 1669 3648 1726 ad
3676 1686 3865 1728 conse-

2291 1739 3167 1812 crandum‘Farfense’templum.'
3549 1786 3556 1792 .

2834 1829 3027 1901 (Anno
3076 1830 3259 1901 1053.)

2433 1918 2734 1989 [Muratori
2751 1920 2956 1991 Script.
2992 1920 3113 1977 Rer.
3144 1921 3267 1976 Ital.
3306 1922 3376 1991 Il,
3410 1938 3475 1988 ιι,
3499 1922 3650 1995 620.]

2291 2029 2403 2080 Leo
2449 2026 2780 2099 episcopus,
2823 2042 3026 2083 servus
3067 2043 3370 2083 servorum
3417 2027 3537 2092 Dei,
3591 2028 3863 2086 Bsmnno

2219 2114 2414 2170 abbati
2447 2115 2670 2170 Sanctae
2702 2115 2897 2170 Maria:
2929 2115 3000 2170 de
3031 2116 3201 2171 Farfa
3223 2114 3462 2171 salutem
3493 2118 3549 2171 et
3572 2115 3858 2188 apostoli-

2220 2219 2349 2257 cam
2374 2202 2858 2259 benedictionem.

2288 2292 2602 2349 Petitiones
2621 2296 2756 2349 tuas
2777 2293 2975 2364 justas
3006 2294 3325 2366 adimplere
3346 2310 3459 2350 non
3481 2294 3865 2367 denegamus.

2218 2382 2418 2453 Itaque
2450 2381 2554 2436 tibi
2586 2382 2931 2439 auctoritate
2955 2386 3153 2437 nostra
3180 2383 3351 2440 liceat
3379 2382 3724 2456 conquirere
3752 2382 3865 2455 epi-

2220 2486 2487 2542 sc0pum,
2521 2471 2620 2542 qui
2654 2472 2757 2526 tibi
2790 2475 2952 2527 tuam
2985 2477 3285 2528 consecret
3313 2472 3647 2543 ecclesiam,
3679 2473 3859 2528 unde-

2216 2575 2448 2632 cunque
2477 2559 2746 2616 volueris.
2783 2560 2928 2617 Cave
2959 2566 3151 2617 tamen
3187 2578 3257 2617 ne
3294 2562 3373 2618 sit
3400 2562 3791 2619 Simoniacus.

2941 2675 3131 2730 XCVI.

2217 2762 2273 2817 S.
2330 2762 2524 2818 Leonis
2586 2764 2653 2817 IX
2707 2763 2858 2818 bulla
2889 2765 3392 2890 .prglspctzrthenone
3463 2766 3519 2820 S.
3582 2766 3862 2823 Laurentii

2876 2851 2935 2890 in
3061 2853 3095 2890 a
3121 2852 3196 2890 ia.

2876 2851 2935 2890 ιη
2965 2851 3196 2891 Atsana.

2834 2923 3022 2995 (Anno
3054 2925 3235 2995 1054.)

2392 3010 2636 3081 'LMabill.
2670 3012 2895 3080 Amzal.,
2928 3012 3048 3069 0rd.
3079 3014 3138 3068 S.
3164 3013 3362 3070 Benell.
3395 3018 3497 3084 ιν,
3527 3015 3681 3087 736.]

2294 3121 2402 3171 ι.εο
2432 3117 2762 3190 episcopus,
2798 3134 3000 3173 servus
3022 3135 3320 3175 servorum
3344 3120 3469 3187 Dei,
3491 3119 3769 3190 ecclesias,
3800 3121 3861 3177 in

2214 3204 2339 3261 loco
2369 3206 2470 3277 qui
2502 3206 2917 3278 dicit‘urjiesse
2936 3207 3159 3280 positaz,
3185 3209 3243 3263 in
3262 3209 3481 3282 honore
3513 3215 3731 3267 sancta:
3761 3210 3863 3267 Dei

2215 3294 2525 3351 Genitricis
2553 3295 2769 3363 Marias,
2791 3301 2849 3351 et
2867 3296 2926 3350 in
2951 3298 3234 3353 memoria
3263 3303 3601 3355 sanctorum
3629 3299 3862 3357 Martini

2214 3384 2589 3450 confessoris,
2624 3389 2680 3439 et
2712 3385 3002 3440 Laurentii
3029 3384 3216 3441 levitas
3238 3386 3471 3459 gloriosi
3495 3392 3553 3443 et
3572 3387 3709 3460 igne
3730 3405 3866 3460 pur-

2213 3473 2436 3545 gatorio
2470 3473 2651 3529 assati
2684 3474 2975 3547 martyris,
3027 3474 3327 3543 dedicatae,
3377 3480 3434 3531 et
3461 3491 3561 3547 per
3592 3492 3727 3531 eam
3761 3476 3866 3532 Se-

2215 3563 2403 3634 bergae
2427 3563 2513 3633 Μ,
2537 3561 2864 3634 Gerbergaa]
2881 3562 3192 3619 abbatissae
3215 3565 3373 3636 nepti
3394 3568 3619 3633 nostrae,
3642 3567 3702 3619 et
3723 3569 3866 3636 post

2213 3667 2343 3705 eam
2373 3650 2736 3706 successuris
2764 3650 2911 3706 inibi
2942 3651 3043 3707 Dei
3067 3651 3295 3709 ancillis
3325 3653 3386 3708 in
3418 3642 3790 3726 perpetuum.

2287 3739 2594 3807 Martinus,
2629 3738 2724 3794 hic
2747 3755 2969 3812 pauper
2990 3745 3047 3795 et
3067 3742 3352 3807 modicus,
3384 3758 3498 3814 quo
3528 3740 3744 3797 ccelum
3773 3742 3861 3797 di-

2218 3829 2357 3883 vites
2386 3826 2789 3900 ingrediamur
2826 3828 3080 3885 dulciter
3124 3834 3341 3897 monet,
3375 3834 3440 3885 ut
3472 3829 3586 3886 sibi
3618 3830 3862 3903 suisque

2215 3915 2602 3971 amicahiliter
2629 3916 2974 3973 serviamus.
3005 3919 3252 3974 Assatus
3274 3922 3340 3973 ut
3370 3918 3570 3991 piscis,
3606 3925 3860 3975 Lauren-

2213 4005 2354 4076 tius,
2371 4005 2872 4077 quemadmodum
2887 4004 3010 4078 ipse
3031 4005 3190 4074 dicit,
3213 4023 3451 4062 suavem
3471 4006 3723 4079 gloriam
3737 4022 3866 4079 pro-

2215 4092 2447 4162 meruit,
2479 4092 2563 4149 ita
2591 4097 2647 4150 et
2674 4109 2781 4149 nos
2812 4093 2924 4149 sibi
2954 4110 3178 4167 suoque
3207 4095 3452 4151 Domino
3482 4100 3685 4151 nostro
3728 4096 3864 4151 Iesu

2211 4182 2440 4239 Christo
2460 4182 2580 4238 vult
2592 4198 2695 4254 per
2708 4181 3163 4239 multoslabores
3181 4183 3481 4254 inservire,
3507 4184 3681 4240 utsic
3701 4182 3867 4256 digni

2212 4271 2542 4327 efficiamur
2553 4270 2801 4342 operarii
2820 4287 2929 4327 sua
2943 4272 3228 4327 mercede.
3244 4272 3361 4328 Hac
3376 4272 3551 4328 unius
3568 4272 3686 4328 leni
3704 4288 3870 4328 man-

2213 4358 2542 4427 suetudine,
2557 4363 2615 4415 et
2625 4357 2867 4415 alterius
2878 4375 3120 4432 aspersa
3135 4360 3486 4432 impulsione
3498 4360 3866 4427 commoniti,

2213 4449 2368 4520 quod
2399 4446 2658 4504 solemus
2679 4452 2737 4503 et
2760 4448 3064 4513 debemus,
3089 4449 3262 4504 etiam
3288 4449 3425 4505 huic
3453 4449 3708 4505 ecclesia:
3729 4466 3867 4505 con-

2209 4537 2604 4593 ﬁrmationem
2626 4536 2810 4592 nostri
2832 4536 3119 4609 privilegii
3151 4538 3336 4611 gratis
3364 4538 3748 4595 concedimus
3766 4553 3867 4612 pro

2207 4631 2544 4682 sanctorum
2587 4624 2785 4681 debita
2811 4626 3180 4681 veneratione
3204 4630 3262 4681 et
3292 4632 3598 4698 parentum
3630 4632 3869 4684 nostro-

2214 4731 2368 4781 rum,
2402 4713 2549 4769 inibi
2580 4713 2639 4769 in
2671 4713 2900 4769 Christo
2948 4714 3400 4787 quiescentium,
3434 4715 3772 4771 memoriali
3802 4731 3869 4773 ac

2213 4802 2574 4875 praecordiali
2597 4802 2919 4859 devotione.
2943 4803 3110 4876 Tegit
3128 4804 3286 4859 enim
3320 4809 3541 4876 martyr
3568 4803 3867 4876 patrueles

2216 4896 2448 4948 nostros
2469 4890 2731 4957 comites,
2756 4890 3138 4947 Mathiridum
3159 4896 3215 4947 et
3236 4892 3710 4948 bonememorie
3729 4891 3871 4949 Ger-

2217 4980 2493 5049 bardum,
2536 4982 2783 5052 ejusque
2815 4996 3077 5052 uxorem,
3110 4981 3375 5037 devotam
3409 4978 3697 5036 famulam
3729 4980 3870 5048 Deo,

2215 5070 2493 5125 Cunisam
2519 5075 2575 5124 et
2597 5069 2789 5124 cordis
2810 5069 3018 5137 nostri,
3044 5070 3183 5124 dum
3207 5070 3367 5136 vixit,
3392 5068 3562 5125 dulce
3577 5067 3870 5136 solamen,

2216 5159 2455 5214 fratrem
2486 5162 2755 5213 nostrum
2786 5156 3111 5230 Hugonem.
3136 5162 3202 5213 Et
3223 5159 3363 5229 quia
3384 5175 3530 5214 suus
3552 5158 3716 5213 mitis
3737 5174 3872 5213 con-

2214 5248 2403 5303 fessor
2432 5246 2838 5320 cujuscunque
2867 5252 3203 5303 sanctorum
3235 5248 3347 5303 sibi
3384 5247 3701 5303 vindicavit
3739 5261 3869 5302 cor-

2213 5353 2376 5409 pora,
2410 5353 2524 5392 non
2558 5352 2620 5392 se
2648 5335 2898 5409 elonget,
2933 5353 3135 5393 eorum
3168 5336 3437 5410 precibus
3470 5335 3869 5408 exigentibus,

2213 5424 2299 5480 vel
2322 5424 2537 5481 alienet
2566 5424 2638 5480 ab
2670 5425 3005 5483 animarum
3034 5427 3189 5499 apud
3226 5428 3403 5482 Deum
3431 5423 3753 5480 obtinenda
3778 5428 3875 5479 ve-

2214 5512 2330 5581 nia,
2364 5517 2428 5568 ut
2449 5513 2558 5568 sub
2581 5513 2752 5584 cujus
2774 5514 3132 5586 protectione
3153 5514 3440 5582 vixerunt,
3463 5512 3713 5569 tuitione
3739 5526 3874 5583 pro-

2211 5600 2356 5674 pitia
2383 5617 2486 5673 per
2513 5608 2647 5657 eum
2671 5607 2884 5659 eterna
2900 5608 3348 5677 promereantur
3364 5602 3604 5676 gaudia.
3642 5599 3872 5656 Confir-

2186 5750 2193 5773 ,_
2211 5706 2564 5769 mamusque
2590 5690 2781 5757 eidem
2811 5691 2936 5756 loco
2957 5692 3062 5755 illa
3080 5710 3209 5768 quae
3230 5691 3517 5755 nominati
3539 5690 3756 5764 eidem,
3776 5685 3869 5752 vel
