4088 6174
244 287 352 357 711

1214 298 1622 364 EPISTOLIE
1663 303 1765 364 ET
1807 301 2173 364 DECRETA
2214 301 2686 368 PONTIFICIA.

3537 311 3656 374 749

247 429 344 486 alii
375 433 651 502 parentes
673 430 1256 500 nostri,contulerunt
1277 434 1896 508 bona,etquzecunque
1927 440 1980 504 Α
2011 437 2250 490 decima:
2283 438 2538 492 ecclesiae
2595 438 2910 506 inferioris,
2968 445 3024 494 et
3054 439 3181 512 ipsa
3228 443 3470 499 ecclesia
3520 463 3654 502 cum

245 519 534 576 concessit
555 520 681 591 jam
702 519 841 576 illuc
870 520 956 577 vel
979 521 1037 577 in
1067 525 1413 595 perpetuum
1436 529 1891 581 concessuracst

246 608 520 682 quaelibet
553 609 668 666 Deo
703 609 894 667 ﬁdelis
915 627 1184 683 persona.
1217 613 1288 667 Et
1308 616 1370 668 ut
1391 614 1653 670 noverint
1683 631 1886 670 omnes

243 703 532 772 quantum
555 698 837 755 honorem
869 699 1006 756 huic
1037 700 1162 756 loco
1193 717 1425 774 semper
1472 703 1888 774 optaverimus,

233 789 416 859 justis
437 789 713 860 precibus
736 790 961 844 domnae
983 789 1279 846 Mathildis
1297 796 1353 846 et
1370 791 1471 846 ﬁlii
1489 794 1615 863 ejus
1637 793 1889 858 Henrici,

242 877 429 934 nostri
461 878 760 948 quondam
794 877 1256 951 nepotis,altaria
1276 879 1335 934 in
1366 880 1749 954 ipsaecclesia
1778 881 1892 937 tria

241 982 350 1021 nos
382 965 495 1038 ipsi
527 966 1122 1032 dedicavimus.Quod
1142 969 1280 1040 quia
1300 969 1657 1026 eminentius
1686 970 1890 1026 altius-

241 1071 357 1126 que
387 1072 507 1126 prie
539 1055 762 1111 caeteris
793 1061 881 1111 est
897 1057 1304 1128 constitutum,
1324 1059 1689 1115 decrevimus
1713 1059 1888 1114 etiam

240 1143 390 1198 illud
425 1145 897 1216 magniﬁcentius
919 1145 1156 1218 speciali
1187 1147 1403 1204 honore
1417 1148 1892 1220 gloriﬁcandum,

242 1236 313 1286 ut
345 1248 516 1287 nemo
543 1232 619 1286 ibi
647 1231 898 1289 celebret
931 1234 1198 1304 missam,
1239 1236 1354 1290 nisi
1385 1237 1888 1309 archiepiscopus,

239 1320 330 1375 vel
359 1320 666 1393 episcopus
699 1321 887 1393 ipsius
918 1323 1313 1393 dimcesis,vel
1335 1325 1527 1380 idonei
1563 1325 1750 1397 ipsius
1807 1341 1892 1381 ec-

240 1407 436 1464 clesia:
468 1409 930 1467 hebdomadarii.
963 1412 1022 1467 Si
1055 1413 1189 1485 quis
1229 1417 1424 1469 autem
1472 1413 1586 1470 alia
1641 1431 1893 1486 persona

240 1497 532 1555 orationis
558 1498 645 1555 vel
667 1497 919 1572 alicujus
944 1501 1156 1575 negotii
1175 1504 1572 1574 supervenerit
1593 1519 1793 1570 causa,
1816 1503 1889 1558 ad

239 1587 407 1643 idem
437 1586 634 1656 altare,
667 1593 732 1644 ut
753 1589 1067 1646 missarum
1095 1590 1381 1648 solemnia
1395 1596 1891 1664 exsequatur,non

236 1680 568 1746 praesumat
595 1677 881 1744 accedere,
916 1679 1028 1734 nisi
1059 1680 1129 1734 de
1147 1679 1454 1735 abbatissze
1495 1680 1582 1735 vel
1639 1679 1890 1734 aliarum

236 1765 781 1821 sanctimonialium
823 1783 1110 1823 consensu
1168 1778 1226 1822 et
1269 1768 1524 1823 licentia.
1557 1767 1892 1823 Celebretur

236 1853 420 1908 etiam
453 1854 736 1910 dedicatio
767 1857 840 1910 ab
871 1856 1144 1913 omnibus
1186 1855 1296 1912 loci
1345 1857 1610 1928 ejusdem
1657 1857 1885 1924 incolis,

235 1959 312 1997 vn
340 1942 468 1997 Kal.
501 1942 857 1999 Decembris.

306 2075 390 2130 Ut
421 2079 616 2131 autem
638 2077 936 2148 probabile
955 2078 1361 2134 testimonium
1383 2079 1520 2135 huic
1542 2079 1799 2136 ecclesiae
1817 2079 1890 2135 ab

235 2165 522 2221 omnibus
550 2165 622 2220 de
652 2165 821 2222 bonis
843 2167 966 2222 suis
985 2167 1606 2236 adhibeatur,nomina
1626 2169 1889 2240 ipsorum

236 2255 536 2308 bonorum
547 2254 636 2309 vel
649 2255 999 2326 praediorum
1011 2272 1158 2327 ,quaa
1173 2257 1344 2312 modo
1358 2256 1538 2312 libere
1553 2256 1891 2322 habet,ﬁde~

236 2341 378 2398 liter
393 2342 688 2398 subscribi
711 2343 954 2399 fecimus
978 2362 991 2412 ;
1016 2344 1136 2400 haec
1157 2351 1351 2401 autem
1375 2350 1550 2400 sunt:
1583 2345 1642 2400 ln
1662 2345 1891 2400 civitate

235 2429 494 2486 Metensi
524 2430 638 2486 tria
660 2431 906 2498 curtilia,
933 2432 1181 2490 ecclesia
1218 2435 1291 2489 de
1326 2433 1620 2490 Albertorf
1664 2433 1892 2506 integra

235 2536 376 2576 cum
409 2519 725 2588 conductu,
758 2525 815 2575 et
844 2521 1127 2577 medietas
1149 2523 1414 2592 ejusdem
1434 2521 1582 2578 villae
1609 2541 1621 2591 ;
1656 2522 1894 2578 Landel-

233 2609 462 2680 dingen
481 2608 701 2664 datusa
729 2609 1010 2678 Beselmo,
1029 2611 1185 2683 apud
1216 2609 1614 2667 Nunhirchem
1648 2629 1891 2668 mansus

232 2714 373 2753 cum
405 2696 543 2752 lacu
575 2698 887 2768 piscatorio
920 2700 1093 2755 datus
1125 2717 1160 2755 a
1188 2699 1496 2772 Trusingo,
1516 2701 1670 2773 apud
1701 2699 1893 2756 Volte-

233 2786 471 2859 ringem
506 2786 756 2842 forestus
788 2804 821 2843 a
841 2787 1108 2844 Bezolino
1138 2789 1348 2857 datus;
1381 2789 1624 2845 ecclesia
1651 2794 1774 2846 tota
1820 2790 1890 2846 de

231 2874 580 2932 Steinsilide
610 2892 743 2931 cum
777 2877 1063 2933 conductu
1096 2883 1154 2932 et
1200 2878 1358 2933 omni
1400 2877 1748 2951 integritate.
1802 2880 1888 2934 Ad

233 2964 468 3020 curiam
493 2963 733 3037 hospitii
764 2971 820 3021 et
868 2966 1208 3022 hominibus
1257 2967 1650 3039 suscipiendis
1706 2968 1891 3039 perti-

235 3058 334 3108 net
359 3050 773 3126 Volfresingen
796 3059 853 3110 et
873 3057 1027 3128 apud
1052 3055 1810 3111 Halbessurtmolendinum
1833 3059 1891 3112 et

236 3157 494 3196 mansus
518 3147 755 3208 unus,et
785 3144 938 3214 apud
959 3143 1394 3199 Terolnesheim
1417 3145 1584 3199 vinea
1603 3145 1749 3199 duas
1771 3161 1888 3199 car-

234 3234 402 3286 ratas
432 3229 555 3284 vini
585 3230 776 3286 solum
809 3249 914 3305 per
942 3249 1185 3288 annum.
1218 3234 1303 3288 Ad
1341 3233 1637 3288 abbatiam
1694 3237 1888 3288 autem

235 3319 468 3390 ipsam,
501 3318 652 3374 sicut
679 3325 733 3375 et
763 3319 875 3375 alia
897 3321 1190 3392 praedicta,
1217 3321 1464 3394 pertinet
1483 3321 1657 3376 etiam
1684 3325 1893 3393 quarta

237 3423 389 3478 pars
421 3405 667 3462 ecclesiae
688 3409 840 3480 apud
862 3409 1232 3478 Sitterl‘dorﬂ',
1256 3414 1312 3465 et
1331 3409 1503 3465 tertia
1519 3427 1653 3482 pars
1680 3410 1892 3466 telonei

237 3495 403 3566 apud
423 3494 707 3569 Sarburg;
728 3497 982 3552 ecclesias
1001 3498 1296 3554 Monheim
1311 3501 1431 3554 tota
1442 3515 1574 3553 cum
1598 3499 1890 3554 conductu

229 3589 289 3639 et
322 3584 492 3639 omni
524 3584 877 3658 integritate,
898 3591 953 3641 et
983 3583 1191 3658 quarta
1242 3603 1378 3658 pars
1399 3587 1665 3658 ejusdem
1696 3587 1844 3642 villae
1874 3606 1886 3655 ;

227 3674 524 3728 medietas
551 3673 701 3729 villae
723 3692 849 3747 quae
881 3675 1096 3730 dicitur
1117 3675 1596 3748 Meingeringem,
1628 3681 1686 3731 et
1709 3675 1889 3732 eccle-

222 3762 310 3817 sia
335 3779 480 3818 cum
513 3764 803 3819 conductu
831 3769 888 3820 et
914 3764 1084 3820 tertia
1126 3781 1261 3836 pars
1291 3765 1549 3820 decimae.
1585 3765 1891 3821 Sacerdos-

219 3867 333 3922 que
358 3849 532 3906 illius
564 3851 817 3907 ecclesiae
849 3853 1008 3908 omni
1040 3869 1194 3908 anno
1227 3852 1284 3908 in
1309 3853 1497 3908 Natali
1529 3853 1760 3908 Domini
1784 3854 1889 3909 tri-

220 3939 394 4010 ginta
437 3955 720 3995 nummos
742 3957 844 4012 pro
865 3940 1114 4012 eulogiis
1139 3939 1418 4012 persolvit
1450 3940 1888 3998 abbatissae-.Ec-

215 4026 403 4083 clesia
436 4027 795 4100 Berthingen
819 4033 938 4084 tota
969 4045 1104 4084 cum
1135 4029 1427 4084 conductu
1446 4033 1501 4085 et
1531 4030 1690 4084 omni
1731 4030 1886 4085 inte-

215 4117 530 4186 gritate,et
550 4115 833 4172 medietas
849 4115 998 4171 villae
1020 4117 1288 4188 ejusdem
1306 4115 1561 4174 ecclesiae
1585 4118 1884 4190 Igolingen

215 4219 350 4258 cum
366 4203 676 4258 conductu
701 4209 758 4259 et
774 4204 1005 4274 villa,ex
1029 4209 1147 4261 toto
1166 4206 1300 4261 data
1313 4221 1415 4278 per
1427 4221 1638 4261 manus
1650 4205 1882 4261 Mathil-

216 4290 566 4348 disdilectaa
608 4293 778 4348 uxori
807 4293 1484 4366 fratrisnostriﬂugonis
1535 4294 1883 4366 praadicti,et

211 4380 317 4436 ﬁlii
350 4381 497 4452 ejus
551 4380 782 4436 Henrici
819 4399 832 4449 ;
867 4386 1102 4438 moneta
1149 4382 1304 4454 apud
1337 4381 1516 4438 Hesse
1545 4398 1681 4436 cum
1703 4381 1883 4437 totius

213 4469 475 4525 mercati
508 4468 758 4543 utilitate
783 4489 796 4537 ;
821 4476 1030 4542 quarta
1060 4487 1197 4544 pars
1229 4470 1484 4526 ecclesias
1506 4471 1577 4526 de
1595 4469 1884 4526 Tesselin-

2009 526 2297 579 eomlnctn
2336 531 2391 580 et
2425 526 2700 582 omnibus
2758 527 2975 582 ibidem
3025 529 3095 584 ad
3155 529 3652 590 Cbristianitatem

2007 614 2454 685 pertinentibus.
2487 615 2566 670 De
2599 615 2891 684 Dreheim,
2917 617 3076 672 omni
3108 635 3389 685 anno,sex
3419 629 3654 678 carratze

2002 702 2120 756 vini
2154 703 2222 757 ad
2258 702 2557 759 cellarium
2592 704 2936 760 monialium
2997 707 3230 772 dantur,
3273 713 3330 763 et
3387 709 3444 762 in
3509 711 3654 766 festo

2001 791 2185 848 sancti
2219 791 2452 846 Martini
2477 792 2675 848 decem
2709 793 2882 848 solidi
2934 795 3366 866 persolvuntur,
3429 798 3653 870 absque

2000 878 2130 934 aliis
2161 879 2460 935 beneﬁciis
2485 898 2612 952 quae
2664 881 2806 936 inibi
2868 887 3008 937 sunt
3040 885 3250 954 posita.
3287 887 3453 956 Apud
3487 887 3654 943 villas

2002 967 2410 1040 Bosseringcn,
2463 969 2945 1038 Schalhembaeh,
2999 972 3165 1036 Olba,
3211 974 3652 1045 Riehenhofem,

2002 1059 2187 1128 prata,
2219 1057 2364 1129 agri,
2401 1058 2574 1112 curiae
2609 1075 2723 1114 non
2750 1060 3008 1114 modicae.
3059 1061 3138 1115 De
3197 1061 3417 1116 familia
3457 1068 3653 1120 autem

2002 1144 2248 1211 eclesim,
2283 1163 2349 1201 ac
2383 1163 2498 1202 sum
2529 1147 2824 1202 catholica:
2867 1148 2995 1203 ﬁdei
3031 1154 3088 1204 et
3119 1149 3375 1206 honestae
3422 1151 3656 1224 religio-

2003 1233 2113 1299 nis,
2131 1239 2294 1305 pater
2317 1240 2512 1290 noster
2534 1236 2719 1307 l—lugo,
2737 1238 2938 1306 justus
2962 1238 3018 1291 in
3047 1237 3266 1293 eisdem
3286 1239 3456 1296 bonis
3480 1243 3650 1297 advo-

2001 1327 2166 1378 catus
2197 1329 2252 1377 et
2283 1323 2486 1388 haeres,
2519 1323 2669 1378 hanc
2693 1325 2995 1380 constituit
3016 1328 3387 1382 concordiam
3419 1333 3481 1384 ut
3505 1330 3648 1384 invi-

2002 1428 2125 1466 cem
2159 1429 2220 1467 se
2251 1412 2308 1466 in
2340 1411 2510 1485 legali
2552 1413 2947 1478 matrimonio,
2970 1416 3294 1470 secundum
3317 1433 3484 1472 suam
3514 1435 3651 1473 con-

2002 1500 2304 1568 ditionem,
2341 1501 2731 1572 conjungendi
2767 1500 3007 1556 liberam
3032 1502 3286 1558 habeant
3317 1503 3650 1561 licentiam:

2001 1587 2080 1642 ita
2112 1593 2194 1658 ut,
2229 1589 2276 1644 si
2301 1607 2367 1643 ex
2397 1588 2496 1644 illa
2527 1591 2935 1659 conjunctione
2959 1608 3275 1647 numerosa
3298 1592 3490 1664 proles
3521 1611 3650 1666 pro-

2000 1681 2190 1732 creata
2221 1679 2414 1745 fuerit,
2437 1677 2734 1750 mqualiter
2750 1679 3040 1734 dividatur
3055 1679 3312 1736 ecclesiae
3335 1685 3392 1737 et
3413 1682 3651 1742 heredi.

2001 1765 2060 1819 Si
2092 1770 2287 1821 autem
2319 1783 2431 1821 non
2467 1771 2836 1837 procreatum
2883 1769 3056 1822 fuerit
3108 1769 3242 1823 inde
3301 1771 3414 1826 nisi
3466 1790 3650 1830 unum

1999 1855 2285 1926 cujusque
2301 1871 2475 1910 sexus
2495 1856 2989 1926 mancipium,pro
3008 1856 3244 1928 speciali
3261 1874 3368 1914 sua
3394 1876 3654 1916 reveren-

1998 1942 2755 2008 tiahabcatecclesia.0uod
2782 1948 2836 1998 et
2868 1961 2974 1998 nos
3005 1945 3447 2016 confirmamus,
3477 1951 3652 2020 atque

2001 2034 2062 2088 in
2093 2036 2437 2104 perpetuum
2469 2031 2661 2088 taliter
2692 2049 3029 2104 permanere
3061 2033 3649 2103 stabilimus,necnon

2000 2125 2057 2177 et
2085 2121 2282 2176 omnia
2312 2121 2381 2176 ad
2405 2121 2594 2193 ipsam
2623 2120 2926 2176 ecclesiam
2953 2122 3576 2194 pcrtinentia,stabilia
3596 2129 3653 2182 et

2001 2210 2190 2278 ﬁrma,
2225 2215 2280 2265 et
2305 2209 2460 2265 nullo
2485 2211 2656 2265 modo
2709 2210 2997 2275 violanda,
3034 2211 3142 2266 hac
3175 2217 3383 2267 nostra:
3433 2230 3651 2285 praece-

2001 2299 2218 2371 ptionis
2252 2297 2464 2372 pagina
2495 2299 3026 2367 corroboramus,ct
3051 2300 3197 2356 nihil
3221 2301 3650 2375 horum,neque

2001 2389 2336 2461 imperator,
2366 2405 2552 2460 neque
2588 2406 2704 2456 rex,
2731 2405 2920 2460 neque
2955 2389 3094 2460 dux,
3135 2405 3325 2461 neque
3365 2391 3649 2454 marchio,

2002 2493 2189 2548 neque
2219 2494 2434 2544 eomes,
2484 2494 2672 2550 neque
2702 2477 3042 2544 vicecomes,
3077 2495 3267 2550 neque
3308 2479 3650 2550 advocatus,

1999 2582 2188 2637 neque
2207 2565 2420 2638 aliquis
2442 2565 2646 2634 haeres,
2671 2571 2726 2621 et
2750 2583 2935 2638 neque
2958 2566 3651 2641 archiepiscopus,neque

1999 2655 2331 2727 episcopus,
2363 2654 2446 2710 vel
2482 2654 2663 2726 aliqui
2695 2655 3072 2710 ecclesiastici
3105 2655 3456 2720 ordinis,seu
3483 2673 3652 2712 mun-

1998 2744 2161 2798 danze
2193 2743 2567 2812 conditionis,
2601 2760 2814 2816 magna
2836 2760 3130 2815 parvaque
3148 2760 3396 2814 persona
3419 2743 3648 2813 ,infrin-

1999 2849 2154 2904 gere,
2186 2832 2273 2886 vel
2297 2833 2560 2887 minuere
2581 2833 2972 2887 autinvadere
2995 2838 3309 2903 prmsumat
3338 2849 3350 2898 ;
3385 2832 3648 2889 siautem

1999 2919 2214 2991 aliquis
2243 2920 2699 2992 praesumpserit,
2735 2919 2978 2974 liberam
3004 2920 3213 2974 habeat
3235 2919 3530 2976 licentiam
3553 2922 3652 2978 ad-

1998 3008 2174 3062 eundi
2191 3007 2592 3064 auctoritatem
2608 3007 3366 3080 apostolicam.Violatorem
3383 3025 3518 3082 ergo
3540 3010 3648 3066 hu-

1989 3099 2091 3168 jus
2123 3097 2413 3168 prmeepti,
2442 3097 2896 3168 Martinuspius,
2921 3096 3033 3151 nisi
3066 3098 3521 3168 resipuerit,non
3544 3100 3648 3154 de-

1922 3175 1964 3240 C
2004 3187 2222 3252 fendat,
2257 3183 2806 3250 Laurentius,lzesus
2837 3185 2894 3238 in
2929 3184 3118 3249 illum,
3148 3185 3333 3239 iratus
3360 3186 3646 3258 insurgat,

2000 3275 2191 3346 sitque
2217 3274 2491 3330 omnibus
2523 3273 2697 3329 sociis
2716 3273 3001 3345 ingratus,
3027 3279 3200 3345 atque
3222 3273 3483 3329 divinum
3509 3292 3646 3329 ana-

2001 3362 2198 3418 thema
2229 3363 2516 3418 sustineat
2541 3381 2552 3430 ;
2574 3367 3040 3417 conservatorem
3073 3380 3203 3418 vero
3236 3362 3430 3417 divina
3461 3363 3648 3436 gratia

2001 3451 2502 3518 circumveniat,et
2531 3451 2852 3523 apostolica
2878 3451 3206 3507 benedictio
3235 3456 3538 3507 conservet
3591 3456 3649 3508 et

2001 3540 2246 3594 muniat.

2000 3691 2054 3745 S.
2088 3691 2193 3745 Leo
2211 3691 2281 3745 IX
2329 3689 2624 3758 conﬁrmat
2653 3691 3034 3760 fundationem
3091 3691 3326 3743 abbatia:
3375 3691 3430 3743 S.
3478 3693 3644 3745 Joan-

2068 3764 2156 3815 nis
2181 3763 2439 3832 Baptista?
2467 3762 2804 3815 Florinensz's
2833 3776 2930 3832 pro
2961 3761 3242 3832 monachis
3275 3761 3644 3816 Benedzctinis

2070 3835 2127 3886 in
2157 3830 2372 3887 dz'tzécesi
2417 3833 2720 3892 Leodz’ensi,
2755 3830 2902 3884 haud
2953 3830 3167 3902 pridem
3227 3832 3493 3902 institutae
3545 3848 3646 3902 per

2069 3903 2369 3958 Gcrardum
2398 3903 2769 3956 Florine-nsem
2811 3900 3149 3971 toparcham,
3208 3899 3333 3954 dein
3391 3899 3644 3958 Camera-

2066 3991 2276 4030 cansam
2306 3975 2519 4044 episcop
2533 3989 2642 4027 um.

2618 4045 2806 4112 (Anno
2836 4043 3021 4109 1054.)

2349 4114 2606 4184 [Mirzeus
2651 4115 2784 4185 Opp.
2817 4114 3044 4184 diplom.
3082 4113 3174 4183 IV,
3209 4115 3286 4185 4.]

2067 4205 2178 4259 Leo
2201 4203 2537 4275 episcopus,
2586 4218 2787 4258 servus
2843 4219 3142 4258 servorum
3202 4204 3323 4270 Dei,
3377 4203 3643 4260 Ecclesia

1993 4294 2051 4348 S.
2077 4292 2320 4347 Joannis
2354 4291 2646 4362 Baptistae,
2675 4297 2731 4348 et
2753 4308 2854 4363 per
2885 4307 3012 4346 eam
3048 4291 3330 4348 Gomsom
3361 4293 3557 4349 abbati
3579 4309 3644 4348 ac

1991 4382 2120 4452 ejus
2152 4380 2595 4436 successoribus
2617 4381 2672 4435 in
2708 4379 2832 4436 loco
2873 4379 2974 4451 qui
3007 4380 3221 4435 dicitur
3242 4381 3525 4448 Florinas,
3547 4397 3641 4436 sa-

1990 4469 2174 4525 lutem
2206 4474 2264 4524 et
2293 4467 2672 4540 apostolicam
2705 4468 3195 4524 benedictionem.

208 4571 321 4626 gen
358 4573 511 4612 cum
544 4557 834 4612 conductu
867 4563 924 4614 et
954 4559 1112 4614 omni
1136 4559 1468 4631 integritate
1495 4557 1776 4626 ;ecclesia
1819 4559 1888 4613 de
1917 4550 1963 4615 D
2065 4558 2342 4613 Convenit
2364 4557 2677 4629 apostolico
2711 4556 2979 4629 regimini
3013 4561 3075 4610 ut
3107 4556 3166 4610 in
3197 4558 3470 4612 omnibus
3503 4573 3638 4628 pru-

209 4643 536 4718 Belnoylre
565 4650 686 4701 tota
707 4663 775 4701 cu
787 4663 845 4701 1n
861 4647 1151 4704 conductu
1180 4652 1236 4703 et
1256 4647 1416 4704 omni
1445 4646 1883 4720 integritate.De

207 4732 320 4790 hac
353 4733 615 4790 ecclesia
636 4734 895 4807 quinque
909 4736 1081 4792 solidi
1107 4737 1265 4792 omni
1279 4753 1432 4792 anno
1450 4736 1880 4808 persolvuntur.

205 4822 487 4879 Ecclesia
518 4822 864 4879 Malscheidt
893 4829 1015 4880 tota
1044 4842 1178 4880 cum
1201 4825 1488 4880 eonductu
1521 4828 1578 4879 et
1606 4824 1883 4880 omnibus

208 4913 282 4966 ad
304 4911 820 4968 Christianitatem
837 4913 1372 4987 pertinentibus.De
1395 4913 1502 4968 hac
1519 4915 1695 4968 etiam
1719 4914 1885 4984 quin-

207 5017 325 5071 que
358 4998 720 5057 solidiomni
747 5018 900 5057 anno
918 5002 1348 5075 persolvuntur.
1384 5001 1637 5058 Ecclesia
1663 5001 1886 5056 Elbers-

208 5094 408 5161 mytre
449 5095 572 5146 tota
602 5108 736 5147 cum
768 5093 1057 5149 conductu
1092 5098 1148 5148 et
1193 5093 1355 5148 omni
1415 5091 1770 5163 integritate.
1805 5095 1882 5145 De

208 5178 321 5234 hac
355 5181 548 5236 etiam
583 5181 845 5252 quinque
873 5181 1045 5237 solidi
1078 5183 1240 5238 omni
1258 5198 1411 5237 anno
1459 5179 1883 5253 persolventur.

207 5267 485 5324 Ecclesia
516 5269 878 5342 Bettelingeu
908 5275 1029 5326 tota
1058 5288 1192 5326 cum
1220 5271 1512 5326 conductu
1543 5275 1600 5325 et
1632 5267 1769 5323 villa
1816 5285 1885 5323 ex

206 5360 330 5412 toto
387 5361 458 5412 et
487 5357 647 5412 omni
679 5358 1032 5430 integritate.
1068 5359 1148 5414 De
1179 5358 1288 5414 hac
1317 5357 1494 5414 etiam
1525 5357 1684 5412 omni
1733 5374 1884 5414 anno

201 5445 324 5502 duo
339 5445 530 5503 solidi
545 5445 1142 5522 persolventur.Apud
1160 5446 1510 5506 Rodesheim
1527 5451 1645 5504 tres
1659 5451 1885 5520 partres

1995 4648 2198 4703 denter
2212 4646 2608 4702 ecclesiastico
2628 4646 3000 4718 provideatur
3016 4644 3635 4717 honori.Quapropter,

1993 4737 2208 4792 Goniso
2240 4736 2411 4802 abba,
2445 4737 2501 4790 in
2535 4735 2759 4789 Christo
2793 4732 2998 4788 dilecte
3033 4731 3137 4800 ﬁli,
3191 4733 3248 4787 in
3307 4750 3443 4804 quo,
3503 4733 3642 4807 quia

1994 4842 2167 4880 suum
2201 4824 2450 4896 pleniter
2479 4821 3113 4878 honorem’monastica
3142 4823 3368 4878 obtinet
3416 4823 3640 4897 religio,

1995 4914 2138 4968 mihi
2168 4914 2313 4967 bene
2345 4910 2716 4982 complacuit,
2750 4911 2985 4964 ﬁrmum
3028 4911 3106 4966 de
3158 4912 3329 4968 bonis
3385 4912 3641 4970 ecclesiae

1993 5007 2126 5067 tunc,
2160 5001 2217 5055 id
2250 5000 2487 5072 quidem
2521 5015 2894 5070 summopere
2924 5000 3243 5072 postulanti
3267 5003 3643 5058 concedimus

1995 5091 2388 5163 privilegium,
2423 5089 2577 5160 quod
2604 5088 2969 5156 videlicet,ob
3012 5096 3278 5145 mutuam
3313 5091 3563 5160 petentis
3585 5095 3643 5144 et

1994 5179 2266 5235 donantis
2290 5177 3113 5244 benevolentiam,animaatuze
3136 5178 3312 5234 simul
3340 5195 3404 5233 ac
3431 5183 3640 5232 nostrae

1994 5268 2147 5341 apud
2181 5267 2495 5323 Dominum
2529 5264 2781 5321 salutem
2813 5268 3072 5322 obtineat
3099 5273 3155 5322 et
3183 5259 3452 5338 gloriam.

2066 5357 2310 5412 Paterna
2334 5357 2544 5428 pietate
2576 5354 2896 5426 benignum
2927 5371 3236 5410 assensum
3279 5353 3640 5424 prmbuimus

1991 5445 2425 5503 Cameracensis
2437 5443 2693 5517 episcopi
2707 5443 3055 5498 venerabilis
3068 5442 3365 5513 Gerardi(2
3381 5442 3394 5497 l
3409 5443 3642 5514 Aljjustis

299 5568 732 5657 I213)7‘Gera_rdi
770 5571 1228 5657 Cameracensis.
1241 5573 1502 5657 episcopi
1527 5573 1950 5648 fundationem,
1992 5571 2309 5648 diplomate
2344 5571 2401 5628 S.
2435 5569 2668 5627 Henrici
2701 5569 2843 5644 imp.
2885 5567 3289 5625 conﬁrmatam
3322 5583 3475 5626 anno
3504 5569 3642 5627 1012

202 5639 350 5698 vide
383 5640 756 5718 Patroloigiaa
785 5650 930 5706 tom.
962 5645 1118 5717 CXL,
1149 5639 1338 5704 initio.
