4088 6174
439 292 557 356 748

1454 328 1459 331 -
1507 288 1570 351 8.
1618 285 1903 349 LEONIS
1944 286 2025 349 IX
2071 284 2319 348 PAPAE.
2346 284 2781 351 OPUSGULA.

3718 286 3840 362 ⁷44

442 425 735 501 precibus,
770 427 853 493 ut,
884 423 1025 495 quia
1051 422 1177 495 ipse
1205 421 1509 495 praefatam
1529 423 1772 493 sumptu
1800 423 1902 477 tuo
1932 424 1988 476 et
2016 421 2089 476 de
2114 420 2170 487 Α
2199 420 2545 477 auctoritate
2574 417 2909 477 conﬁrmari
2929 422 2986 477 et
3013 416 3358 485 auctorizari
3377 419 3840 492 postulaverunt,

442 516 620 572 rebus
650 512 902 587 propriis
933 529 1064 568 cum
1094 512 1267 568 fratre
1298 510 1609 568 Godefrido
1657 510 1982 566 construxit
2036 512 2094 565 et
2202 515 2261 565 et
2281 508 2464 566 nostri
2483 508 2785 582 regiminis
2804 508 3375 571 tuitioneconfortari
3391 508 3686 581 deprecati
3702 515 3845 579 sunt

442 602 675 660 donavit
705 600 1007 658 ecclesiam
1043 618 1057 669 ;
1089 600 1240 655 hanc
1271 618 1303 656 a
1333 599 1503 655 nobis
1527 602 1820 654 mereatur
1839 598 2093 670 recipere
2201 615 2450 672 quorum
2468 598 2734 670 petitioni
2752 614 3058 659 assensum
3081 598 3401 670 praebentes
3421 597 3842 669 confirmamus

442 690 970 766 gratiam.Annuim
982 688 1315 761 us,inquam
1327 688 1752 757 ,voluntarie,et
1768 687 1881 743 sibi
1892 691 1950 743 et
1962 686 2063 741 tibi
2074 729 2087 753 ,

441 780 619 837 frater
647 779 991 837 charissime
1021 796 1034 847 ;
1068 782 1125 833 et
1143 794 1243 833 vos
1273 776 1531 848 quidem,
1557 793 1705 849 quos
1760 776 1915 849 apud
1946 774 2090 831 alios

441 870 815 926 commendat
856 872 993 923 aetas
1040 870 1097 923 et
1151 866 1405 922 exterius
1461 866 1779 923 reverenda
1821 864 2087 936 canities,

441 958 585 1013 mihi
614 960 810 1029 gratos
840 956 978 1010 fecit
1006 954 1306 1011 moralitas
1338 953 1578 1011 interior
1618 959 1675 1011 et
1732 954 2089 1011 inviolabilis

436 1045 602 1099 fides.
637 1044 921 1099 Memores
941 1042 1117 1098 etiam
1157 1042 1218 1099 in
1248 1043 1359 1100 hac
1382 1048 1484 1100 tua
1521 1042 1801 1115 petitione
1858 1042 2087 1099 fuimus

434 1131 631 1187 fratris
659 1131 746 1186 tui
778 1131 999 1187 domini
1041 1132 1340 1204 Wasonis,
1400 1132 1757 1205 Tungrensis
1813 1131 2083 1188 Ecclesia

431 1220 867 1294 vigilantissimi
893 1221 1166 1292 pastoris,
1206 1222 1329 1293 qui,
1390 1222 1532 1277 dum
1576 1220 1737 1288 vixit,
1792 1222 2085 1293 aequitatis

432 1326 658 1379 norma,
690 1309 987 1365 catholicae
1020 1309 1640 1382 religionis,canonicze
1670 1309 1847 1366 simul
1878 1310 2086 1368 hones-

430 1397 567 1454 tatis
584 1413 817 1469 semper
836 1398 945 1452 fuit
984 1399 1210 1469 regula.

2201 693 2259 747 et
2278 687 2715 745 constitutionis
2740 690 2914 743 tanta:
2941 685 3136 743 locum
3156 685 3403 755 liberali,
3437 690 3503 749 ut
3549 687 3846 761 deprecati

2199 781 2359 845 sunt,
2385 777 2521 848 jure
2549 775 2661 832 sub
2691 779 2892 833 nostra
2920 774 3254 833 defensione
3281 774 3658 848 suscipimus.
3676 775 3847 847 Unde

2198 882 2402 922 omnes
2434 864 2529 922 Dei
2563 863 2764 921 ﬁdeles
2794 863 3134 921 charitativs
3165 865 3592 925 submonemus
3612 882 3687 922 ne
3709 870 3841 923 tan-

2196 959 2324 1010 tum
2355 970 2503 1026 opus
2559 952 2892 1021 disturbare
2929 957 2987 1009 et
3042 952 3329 1025 dissipare
3377 953 3477 1008 Dei
3536 955 3842 1019 servitium

2194 1043 2283 1100 vel
2312 1043 2428 1099 Deo
2476 1044 2710 1100 devotas
2757 1040 3072 1114 patiantur.
3133 1042 3296 1108 Quod
3351 1043 3401 1098 si
3457 1041 3640 1116 aliqui
3698 1043 3840 1104 huic

2195 1132 2391 1188 divino
2422 1133 2580 1205 operi
2605 1130 2873 1188 insidiari
2904 1131 3361 1203 praesumpserit,
3412 1148 3692 1191 concessa
3746 1133 3841 1191 vel

2193 1222 2557 1278 concedenda
2590 1219 3001 1277 calumniando
3031 1224 3089 1276 et
3116 1220 3490 1291 devastando,
3520 1221 3672 1286 iram
3706 1240 3837 1295 per-

2192 1315 2380 1384 petum
2410 1309 2808 1367 damnationis
2839 1310 3119 1376 incurrat,
3152 1313 3211 1366 et
3262 1313 3317 1367 Β.
3361 1310 3463 1367 Dei
3522 1310 3833 1371 Genitricis

2192 1399 2577 1471 omniumque
2603 1402 2949 1455 Sanctorum
2980 1399 3410 1457 accusationem
3440 1417 3556 1459 non
3607 1402 3832 1471 evadat,

500 1487 662 1543 Hanc
693 1486 872 1560 igitur
910 1491 1121 1543 nostrae
1156 1488 1565 1560 praeceptionis
1622 1488 1897 1562 paginam
1955 1488 2080 1545 fieri
2189 1491 2245 1543 et
2267 1491 2536 1544 nostrum
2568 1487 2905 1556 anathema,
2940 1491 3231 1560 quantum
3262 1487 3368 1545 Dei
3392 1487 3619 1559 judicio
3649 1489 3835 1547 tradi-

420 1574 737 1647 jussimus,
770 1579 1093 1632 statuentes
1124 1575 1443 1650 apostolica
1480 1593 1729 1634 censura
1811 1582 1878 1633 ut
1933 1576 2079 1633 nihil
2188 1583 2313 1631 tum
2344 1576 2514 1633 nobis
2535 1580 2644 1645 est,
2677 1575 2999 1649 apostolica
3017 1576 3193 1633 etiam
3225 1576 3573 1645 auctoritate
3597 1594 3834 1641 conces-

427 1662 638 1720 horum
657 1680 784 1737 quae
832 1665 1069 1736 praelato
1119 1666 1472 1722 monasterio
1528 1683 1563 1722 a
1621 1666 2081 1739 quibuscunque
2188 1681 2321 1721 sum
2351 1665 2451 1721 Dei
2474 1665 2781 1722 inimicum
2807 1665 2946 1723 dare
2977 1665 3036 1723 in
3080 1664 3403 1735 interitum,
3439 1666 3501 1729 in
3551 1670 3831 1732 sternam

429 1752 701 1856 fidelibus
714 1752 1086 1853 concessavel
1101 1755 1470 1856 concedenda
1483 1754 1689 1856 suntin
1704 1760 2075 1855 perpetuum,
2104 1790 2153 1856 Β
2186 1756 2470 1856 damnum
2492 1754 3080 1856 sentiat,Hujusvero
3101 1754 3832 1856 conscriptionisehartam

428 1839 643 1913 aliquis
663 1842 972 1897 temerario
1014 1859 1162 1898 ausu
1228 1843 1543 1915 infringere
1588 1842 1678 1899 vel
1724 1844 2074 1902 imminuere

427 1930 659 1997 audeat,
681 1945 773 1998 ne,
808 1931 950 1986 dum
974 1947 1391 2002 praecursorem
1419 1936 1476 1987 et
1491 1932 1816 2004 Baptistam
1840 1933 2074 1990 Domini

428 2018 754 2085 oli'enderit,
784 2034 898 2091 quo
930 2018 1082 2074 inter
1111 2023 1278 2075 natos
1301 2019 1615 2076 mulierum
1640 2022 1830 2094 major
1875 2023 2077 2083 nullus

426 2107 700 2175 surrexit,
731 2106 833 2164 Dei
863 2107 1463 2180 omnipotentis'iram
1496 2108 2071 2169 incautusincurrat.

496 2198 1120 2256 Datum.......

1128 2286 1367 2345 XCVIII.

427 2376 1056 2461 EpistotaseunbreveSA
1075 2378 1271 2461 Leonis
1438 2395 1544 2461 pro
1598 2382 1908 2461 ca’meterio
1957 2381 2075 2452 pri-

577 2448 763 2504 oratu’s
794 2447 987 2504 Sancti
1018 2446 1256 2504 Orientii
1282 2446 1659 2506 Cluniacensis
1689 2451 1921 2507 ordinis.

1068 2521 1232 2593 Anno
1268 2521 1451 2593 1054.)

1045 2521 1232 2647 ΞΑηιιο
1268 2521 1451 2602 1054.)

911 2590 1150 2662 [Butam
1185 2590 1432 2648 Cluniae.
1473 2592 1581 2667 l3.]

494 2683 605 2741 Lso
636 2680 967 2753 episcopus,
1002 2696 1203 2736 servus
1256 2697 1559 2737 servorum
1606 2682 1702 2738 Dei
1761 2683 2074 2739 RAIMUNDO

423 2770 860 2844 archiepiscopo
891 2768 1471 2838 Ausciensi,salutem
1495 2774 1552 2826 et
1579 2770 1960 2844 apostolicam
1981 2772 2076 2827 be-

420 2859 833 2927 nedictionem.

494 2948 761 3005 Pervenit
792 2948 864 3003 ad
888 2962 1063 3003 aures
1095 2950 1327 3003 nostras
1374 2946 1595 3004 clamor
1651 2938 2074 3005 monachoru'm

421 3037 615 3094 Sancti
638 3037 881 3095 Orientii
900 3036 1389 3092 eommorantium
1414 3035 1475 3092 in
1496 3037 1778 3093 suburbio
1800 3036 2071 3106 civitatis,

421 3143 527 3199 pro
559 3124 779 3198 injuria
810 3142 989 3197 quam
1021 3124 1147 3181 loco
1190 3123 1424 3181 illorum
1482 3124 1694 3182 inferre
1740 3126 1943 3181 niteris
1999 3127 2070 3182 de

419 3214 749 3271 ccemeterio
798 3219 960 3271 extra
1016 3230 1192 3270 usum
1258 3214 1514 3287 antiquae
1573 3215 2064 3272 consuetudinis:

417 3321 535 3359 non
561 3304 719 3360 enim
752 3302 1023 3360 meliores
1053 3319 1263 3359 sumus
1285 3319 1465 3374 quam
1494 3307 1689 3375 patres
1712 3303 2070 3369 nostri.0ua-

416 3396 657 3465 propter
685 3392 792 3447 tibi
814 3391 1155 3447 'mandanus
1187 3395 1361 3461 atque
1393 3391 1502 3446 sub
1527 3392 1869 3447 auctoritate
1890 3391 1988 3447 Dei
2012 3396 2070 3447 et

417 3480 607 3537 sancti
638 3480 789 3535 Petri
822 3485 882 3535 et
911 3485 1112 3534 nostra
1167 3478 1545 3550 praecipimus
1604 3484 1669 3533 ut
1725 3480 2067 3550 praedictum

419 3568 839 3625 monasterium
872 3567 1037 3623 novis
1066 3566 1295 3639 legibus
1334 3572 1391 3622 et
1429 3566 1712 3623 inauditis
1752 3574 2065 3624 consuetu-

417 3659 655 3714 dinibus
685 3656 745 3712 in
764 3656 928 3713 nullo
960 3656 1218 3722 infestas,
1248 3655 1307 3710 in
1338 3655 1498 3711 nullo
1529 3655 1825 3722 molestas,
1854 3662 1971 3713 tam
2010 3659 2062 3713 in

415 3747 743 3804 coemeterio
766 3764 942 3820 quam
959 3746 1016 3800 in
1034 3744 1164 3801 aliis
1186 3745 1360 3802 rebus
1373 3745 1445 3800 ad
1467 3744 1661 3818 ipsum
1686 3744 1880 3800 locum
1898 3746 2067 3817 perti-

416 3835 1106 3895 nentibus.Decernimus
1129 3833 1327 3907 itaque
1346 3833 1630 3890 canonica
1659 3837 1715 3891 et
1745 3835 2067 3906 apostolica

416 3927 758 3982 auctoritate
774 3929 841 3981 ut
854 3924 1014 3980 nulla
1030 3923 1564 3980 ecclesiaterminos
1579 3927 1831 3979 statutos
1847 3940 1878 3978 a
1893 3923 2069 3979 Patri-

416 4002 527 4071 bus
557 4015 769 4071 audeat
796 4012 1351 4069 transire.Undevos
1381 4014 1697 4070 admonere
1717 4012 1990 4069 volumus
2009 4016 2067 4069 et

415 4104 787 4176 praecipimus
804 4105 872 4155 ut
900 4100 1053 4171 quod
1074 4116 1260 4171 usque
1281 4101 1454 4156 modo
1480 4118 1596 4157 non
1620 4100 1934 4171 habuistis,
1958 4118 2063 4157 nec

414 4193 568 4247 intra
582 4190 787 4245 urbem
804 4204 909 4242 nec
932 4188 1289 4253 extra,vobis
1313 4189 1530 4258 injuste
1559 4190 1654 4244 vin
1667 4189 2065 4246 dicetis.Scili-

414 4282 502 4333 cet
526 4278 681 4332 sicut
711 4275 821 4330 fuit
860 4274 1258 4331 cmmeterium
1317 4278 1681 4347 temporibus
1730 4283 2061 4335 antecesso-

412 4382 544 4421 rum
576 4363 1018 4429 vestrorum,ita
1039 4367 1379 4435 permaneat
1399 4362 1457 4418 in
1492 4366 1773 4421 saeculum
1797 4367 1855 4422 in
1902 4370 2061 4423 futu-

412 4470 565 4510 rum.

1136 4540 1318 4596 XCIX.

411 4633 465 4690 S.
500 4635 606 4691 Leo
636 4634 701 4690 IX
726 4634 1015 4705 conﬁrmat
1049 4630 1430 4705 fundationem
1456 4633 1782 4701 percelebris
1820 4634 2053 4692 abbatise

837 4706 893 4760 S.
925 4702 1113 4759 Mariae
1142 4702 1288 4775 apud
1322 4703 1613 4761 Santones.

1024 4776 1211 4846 (Anno
1246 4775 1433 4845 1054.)

718 4844 879 4915 [GatL
916 4843 1115 4899 Christ.
1150 4845 1220 4914 II,
1255 4845 1559 4912 Instrum.,
1595 4846 1739 4914 481.]

480 4930 719 4988 Hectore
750 4932 1013 4987 omnium
1046 4933 1349 4989 ordinante
1379 4934 1516 5004 Deo,
1553 4936 1665 4990 Leo
1697 4936 2048 5008 ego,Roma-

408 5037 498 5078 nae
528 5018 685 5077 sedis
715 5037 885 5093 papa.

478 5112 805 5169 Innotescat
832 5108 962 5166 volo
993 5109 1268 5166 omnibus
1298 5111 1592 5168 catholicas
1631 5113 1899 5171 Ecclesiae
1926 5114 2047 5171 cul-

406 5202 634 5257 toribus
665 5198 818 5274 quod
863 5198 1176 5268 Goll‘ridus,
1237 5216 1431 5256 comes
1485 5203 1941 5276 Andegavensis,
1992 5209 2049 5261 et

403 5293 597 5364 Agnes
628 5288 927 5346 comitissa
958 5287 1151 5345 locum
1181 5289 1239 5345 S.
1276 5289 1470 5345 Maria}
1497 5291 1913 5350 Sanctonensis
1943 5312 2049 5351 caa-

2088 4532 2135 4597 D

2188 1845 2580 1901 utﬁrmiorem
2601 1844 2862 1901 obtineat
2888 1843 3357 1917 vigorem,sigilli
3381 1845 3564 1907 nostri
3586 1846 3829 1919 imprae.

2185 1950 2347 1990 810118
2379 1950 2596 2006 Signa”
2630 1950 2981 1990 curavnmus.

2977 2041 3018 2097 C

2181 2130 2237 2186 S.
2272 2131 2463 2187 Leonis
2483 2131 2549 2186 IX
2575 2131 2801 2203 epistola
2821 2130 2894 2187 ad
2948 2126 3281 2203 Michaelem
3338 2129 3822 2203 Constantinopoli-

2254 2206 2449 2274 tanum
2519 2200 2925 2274 patriarcham,
2959 2201 3254 2274 adversus
3328 2202 3440 2274 ejus
3502 2210 3552 2258 et
3631 2200 3827 2258 Leonis

2253 2272 2771 2345 Acridani‘episcopi
2801 2272 3089 2346 inauditas
3115 2272 3568 2346 presumptiones
3613 2281 3668 2329 et
3727 2274 3828 2329 ni-

2250 2346 2394 2400 mias
2420 2347 2689 2401 vanitates
2717 2345 2889 2416 (215).

2254 2451 2369 2506 Leo
2417 2452 2714 2524 epic0pus,
2771 2467 2974 2507 servus
3023 2467 3325 2507 servorum
3382 2449 3506 2520 Dei,
3537 2450 3822 2506 Mrcnanu

2186 2538 2850 2613 Constantinopolitano,
2882 2544 2937 2596 et
2966 2541 3138 2595 Luem
3162 2539 3468 2608 Acridano,
3517 2538 3826 2612 episcopis.

2259 2630 2299 2684 Ι.
2335 2631 2397 2685 1η
2444 2634 2595 2685 terra
2620 2646 2736 2702 pax
2764 2628 3075 2685 hominibus
3116 2630 3271 2686 bona?
3327 2629 3622 2684 voluntatis
3678 2628 3827 2699 (Luc.

2185 2719 2249 2786 ιι)
2270 2717 2619 2791 Hujusmodi
2653 2718 2953 2774 exordium
2986 2717 3185 2774 docuit
3210 2734 3317 2774 nos
3360 2716 3511 2772 illud
3561 2716 3830 2773 Domini-

2184 2823 2319 2862 cum
2346 2825 2358 2862 :
2387 2808 2451 2862 In
2481 2824 2862 2880 quamcunque
2888 2807 3108 2864 domum
3127 2811 3225 2863 aut
3252 2808 3530 2863 civitatem
3584 2807 3827 2863 intrave-

2183 2897 2326 2962 ritis,
2358 2898 2603 2967 primum
2632 2895 2827 2952 diem:
2860 2901 2983 2952 Pax
3002 2896 3132 2951 huic
3149 2895 3337 2952 domui
3353 2912 3376 2958 ;
3404 2898 3456 2950 et
3482 2896 3537 2950 si
3555 2896 3637 2951 ibi
3655 2893 3829 2967 fuerit

2182 2985 2335 3055 ﬁlius
2360 2986 2534 3057 pacis,
2568 2985 2860 3055 requiescet
2886 3001 3051 3057 super
3073 2985 3235 3041 illum
3287 3001 3405 3057 pax
3458 2992 3639 3040 vestra
3668 3001 3682 3051 ;
3740 2985 3827 3039 sin

2184 3077 2385 3139 autem,
2419 3073 2488 3128 ad
2516 3089 2608 3129 vos
2636 3078 2936 3129 revertetur
2964 3075 3114 3144 (Luc.
3149 3073 3230 3145 χ.)
3263 3075 3325 3129 In
3350 3089 3485 3145 pace
3511 3074 3713 3129 etenim
3742 3087 3829 3128 vo-

2101 3162 2143 3229 C
2179 3164 2321 3218 cavit
2354 3179 2451 3218 nos
2475 3164 2614 3217 Deus
2644 3164 2691 3231 (I
2720 3161 2838 3219 Cor.
2865 3162 2991 3234 vn),
3023 3165 3120 3236 qui
3164 3167 3244 3218 est
3284 3179 3400 3234 pare
3453 3168 3678 3231 nostra;
3732 3163 3830 3235 qui

2178 3252 2310 3322 fecit
2339 3260 2567 3323 utraque
2596 3268 2787 3319 unum,
2820 3260 2872 3308 et
2916 3253 3135 3308 veniens
3191 3252 3588 3321 evangelizavit
3635 3267 3829 3323 pacem

2178 3341 2264 3395 his
2290 3343 2388 3412 qui
2416 3343 2591 3413 longe,
2624 3350 2674 3396 et
2706 3340 2792 3396 his
2821 3343 2919 3413 qui
2939 3357 3110 3413 prope
3138 3345 3295 3397 erant
3328 3340 3548 3412 (Ephas.
3585 3358 3623 3396 ιι
3650 3341 3667 3412 )
3703 3358 3717 3396 :
3771 3344 3828 3396 et

2176 3428 2329 3484 inter
2359 3428 2642 3485 nonnulla
2663 3428 2845 3485 dixit:
2898 3431 3055 3486 Beati
3101 3431 3341 3502 paciﬁci,
3400 3431 3663 3501 quoniam
3715 3429 3829 3499 ﬁlii

2176 3519 2274 3572 Dei
2301 3520 2639 3573 vocabuntur
2684 3517 2889 3589 (Matth.
2946 3518 3025 3589 v).
3086 3518 3342 3582 Quorum
3402 3518 3571 3590 pedes
3626 3515 3828 3573 Deilo—

2176 3623 2328 3677 quus
2362 3606 2545 3661 lsaias
2567 3606 2915 3676 admiratus,
2956 3606 3316 3680 proclamat:
3377 3608 3544 3676 Quam
3588 3606 3832 3678 speciosi

2174 3711 2239 3763 pc
2262 3694 2331 3747 ’τις
2361 3695 2857 3765 θυαηθειίῖέαηιίωη
2878 3713 3069 3767 pacem
3092 3702 3110 3750 ,θ
3130 3698 3257 3765 (Isa.
3289 3713 3365 3751 LII
3391 3714 3404 3762 ;
3438 3695 3677 3766 Rom.x.)
3736 3695 3822 3752 Ad

2176 3800 2352 3855 quam
2383 3797 2635 3855 magnus
2674 3784 2890 3840 Paulus
2922 3785 3302 3841 contestando
3352 3785 3434 3840 sic
3492 3783 3821 3859 discipulos

2176 3871 2557 3927 adhortatur:
2592 3872 2786 3927 Pacem
2816 3875 3120 3945 sequimini
3146 3891 3269 3929 cum
3298 3873 3629 3941 omnibus,et
3659 3889 3825 3928 sanc-

2173 3962 2478 4028 timoniam,
2490 3962 2603 4017 sine
2620 3978 2726 4033 qua
2739 3978 2895 4018 nemo
2910 3961 3686 4035 videbitDeum(Hebr.xu).Et
3702 3980 3722 4016 :
3765 3961 3827 4017 Si

2173 4049 2297 4118 ﬁeri
2330 4053 2522 4121 potest,
2547 4050 2687 4121 quod
2716 4068 2786 4107 ea:
2813 4052 2961 4108 vobis
2991 4059 3087 4120 est,
3110 4069 3234 4108 cum
3262 4054 3516 4108 omnibus
3573 4050 3822 4107 homini-

2174 4137 2271 4193 bus
2297 4154 2488 4210 pacem
2517 4139 2776 4196 habentes
2797 4140 2969 4213 (Rom.
3002 4142 3127 4212 x11).
3161 4141 3230 4196 Et
3286 4157 3521 4197 rursum
3548 4156 3562 4195 :
3624 4140 3827 4196 Pacem

2173 4225 2378 4295 habere,
2409 4233 2464 4283 et
2492 4230 2632 4285 Deus
2660 4227 2967 4285 dilectionis
2997 4233 3049 4284 et
3081 4231 3236 4302 pacis
3291 4230 3397 4285 erit
3442 4229 3727 4284 vobiscum
3757 4226 3831 4299 (11

2173 4313 2293 4371 Cor.
2327 4319 2511 4391 xvm).
2543 4318 2659 4374 Nec
2688 4318 3005 4387 immerito,
3037 4318 3264 4375 dicente
3311 4316 3619 4390 discipulis
3669 4317 3824 4382 suis,

2172 4402 2290 4460 imo
2321 4406 2597 4462 omnibus
2627 4406 2974 4463 Christianis
3003 4407 3130 4479 ipso
3162 4406 3408 4462 Domino
3435 4422 3447 4461 :
3476 4410 3686 4461 Pacem
3730 4420 3821 4462 re-

2172 4492 2361 4564 linquo
2392 4495 2559 4563 vobis,
2584 4512 2778 4567 pacem
2805 4511 2983 4551 meam
3010 4495 3077 4551 do
3108 4497 3254 4551 vobis
3301 4496 3459 4566 (Joan
3510 4498 3651 4562 XIV).
3685 4494 3826 4559 Quae

2168 4583 2371 4654 utique
2402 4600 2579 4655 quam
2613 4600 2891 4658 germano
2922 4588 2979 4640 et
2999 4583 3266 4640 unanimi
3296 4584 3527 4649 affectu,
3553 4586 3613 4638 et
3634 4581 3834 4638 indis-

2165 4669 2435 4728 solubilis
2460 4672 2691 4729 fmderis
2713 4688 2864 4729 nexu
2895 4672 3199 4729 retinenda
3223 4671 3461 4739 sit,hinc
3483 4674 3676 4744 potest
3711 4669 3830 4727 col-

2161 4757 2262 4833 ligi
2288 4761 2442 4832 quod
2466 4778 2590 4817 eam
2603 4759 2891 4829 ,ultimam
2908 4760 3380 4818 coboaredibuset
3392 4757 3836 4834 compartieipi-

2161 4849 2271 4905 bus
2288 4850 2435 4916 suis,
2452 4848 2610 4906 velut
2624 4849 2989 4906 heareditario
3012 4858 3066 4905 et
3081 4855 3356 4923 perpetuo
3370 4850 3505 4921 jure
3524 4864 3836 4905 commen-

2163 4937 2383 5007 datam,
2404 4939 2513 4995 sub
2545 4942 2898 4995 testamento
2913 4955 3047 4995 mox
3065 4955 3171 4995 suo
3189 4938 3473 5011 sanguine
3484 4936 3837 5011 subscripta

2166 5031 2226 5083 et
2242 5028 2537 5100 piamorte
2552 5028 2894 5084 confirmato
2909 5027 3167 5101 reliquit,
3203 5027 3371 5100 quasi
3393 5027 3648 5083 diceret:
3686 5025 3837 5081 Fra-

2161 5120 2279 5172 tres
2304 5120 2361 5172 et
2382 5116 2713 5174 cohaeredes
2736 5117 2871 5186 mei,
2899 5116 3168 5189 relinquo
3189 5116 3354 5171 vobis
3382 5132 3450 5171 ex
3468 5112 3841 5188 patrimonio

2159 5210 2359 5262 nostro
2375 5210 2613 5276 sortem,
2632 5205 3016 5281 temporalem
3037 5204 3308 5262 videlicet
3337 5219 3543 5277 pacem
3567 5220 3582 5271 ;
3649 5218 3842 5276 quam

2156 5295 2205 5350 si
2228 5294 2514 5367 integram
2538 5296 3124 5353 etincontaminatam
3143 5294 3199 5349 in
3216 5293 3331 5350 ﬁne
3352 5292 3498 5349 mihi
3515 5308 3843 5365 repraeserr

403 5378 582 5469 nobii,
609 5379 764 5469 quod
798 5378 1198 5469 monachabus
1228 5378 1373 5435 inibi
1398 5380 1516 5469 sub
1548 5380 1699 5436 beati
1751 5382 2047 5469 Benedicti
2156 5383 2450 5450 taveritis,
2486 5400 2679 5440 meam
2729 5390 2968 5457 sortem,
3000 5400 3200 5458 pacem
3253 5382 3474 5439 scilicet
3509 5382 3843 5469 sempitere

404 5466 607 5541 regula
636 5468 983 5539 degentibus
1015 5468 1130 5525 Deo
1151 5469 1355 5525 devote
1385 5468 1795 5539 fundaverunt,
1846 5466 2048 5529 nostra
2158 5489 2317 5543 nam,
2369 5472 2627 5544 adjungo
2686 5474 2870 5531 vobis.
2938 5475 3053 5531 Nec
3128 5473 3221 5530 his
3271 5475 3610 5538 contentus,
3677 5468 3842 5528 Patri

479 5625 631 5703 (2l5)
656 5625 800 5686 Vide
824 5628 979 5686 infra
1003 5629 1062 5686 in
1086 5628 1407 5706 appendice
1438 5628 1749 5705 epistolam
1776 5629 2083 5691 Michaelis
2113 5629 2397 5689 Cerularii
2425 5634 2484 5690 et
2512 5631 2724 5691 Leonis
2750 5632 3047 5694 Acridani.
