4088 6174
247 333 373 399 ³115

1235 339 1638 410 ΕΡιεΤοιΑΕ
1681 347 1782 409 E'I‘
1825 297 2187 410 Ducam
2229 331 2698 414 PONTIFICIA.

3539 344 3658 419 7'46

264 471 524 542 aqualis,
555 473 842 545 Patreque
869 475 1093 544 minor;
1128 495 1231 549 pro
1272 480 1380 534 hac
1415 480 1540 552 ipsa
1583 481 1809 536 Patrem
1859 481 1906 536 si
1936 481 1990 548 Α
2019 483 2286 554 gemebat
2316 485 2426 539 sub
2461 485 2733 556 periculis
2759 485 2818 540 in
2848 484 3011 542 falsis
3050 467 3348 554 fratribus,
3408 488 3660 547 revelata

262 560 626 632 deprecatur,
660 562 732 617 ad
765 561 992 620 Patrem
1020 582 1216 634 suum,
1251 574 1305 623 et
1338 569 1563 625 Patrem
1616 574 1903 637 nostrum,

260 665 293 704 a
347 665 464 721 quo
521 666 828 721 nunquam
895 653 1261 724 discesserat,
1321 659 1652 714 rediturus:
1713 664 1904 727 Pater,

258 753 389 810 quos
409 737 608 794 dedisti
638 740 925 807 mihi,volo
942 750 1003 798 ut
1029 746 1140 798 sint
1170 749 1512 817 unum,sicut
1540 755 1590 803 et
1616 763 1714 804 nos
1735 764 1906 804 unum

255 842 468 896 sumus,
497 833 548 883 et
576 830 691 884 sint
710 835 1075 888 consummati
1102 835 1162 888 in
1193 851 1368 890 unum
1399 837 1571 908 (Joan.
1605 839 1768 906 xvn).

326 915 394 970 II.
452 915 566 972 Sed
633 920 720 974 Va?
765 920 969 977 mundo
1032 940 1065 977 a
1120 925 1395 981 scandulis
1452 925 1657 997 (Matth.
1716 927 1902 997 xvm),

255 1005 412 1077 quia,
442 1021 580 1062 cum
612 1021 758 1079 pene
787 1025 989 1067 omnes
1021 1013 1244 1084 pagina:
1279 1014 1485 1069 divinae
1533 1032 1640 1070 nos
1687 1014 1904 1087 pariter

253 1095 501 1152 invitent
533 1096 604 1151 ad
637 1096 856 1154 bonum
893 1100 1137 1157 unitatis
1167 1106 1224 1156 et
1253 1103 1433 1174 pacis,
1467 1109 1756 1175 quatenus
1806 1121 1903 1160 cor

255 1199 441 1240 unum
472 1189 530 1240 et
560 1185 759 1242 anima
791 1205 906 1243 una
923 1190 1001 1244 sit
1031 1191 1198 1245 nobis
1221 1191 1278 1246 in
1300 1209 1366 1248 eo
1389 1193 1486 1264 qui
1513 1193 1819 1248 unanimes
1841 1194 1900 1249 in

253 1273 432 1328 domo
462 1291 586 1342 sua,
622 1292 749 1347 quae
779 1281 868 1331 est
895 1278 1186 1336 catholica
1216 1281 1488 1346 Ecclesia,
1522 1281 1784 1337 habitare
1815 1284 1898 1338 fa—

252 1362 350 1429 cit,
385 1365 628 1418 existere
657 1368 853 1420 tamen
906 1366 1212 1435 hactenus,
1273 1374 1331 1424 et
1387 1371 1644 1425 existunt
1702 1371 1900 1427 miseri

252 1451 540 1520 homines,
572 1469 700 1521 sua,
733 1470 848 1509 non
883 1471 1010 1526 qua:
1057 1461 1194 1512 sunt
1249 1458 1389 1514 Jesu
1445 1459 1684 1525 Christi,
1740 1476 1896 1532 quaa-

250 1545 447 1596 rentes
475 1541 703 1614 (Philip.
739 1543 820 1614 ιι),
853 1558 958 1616 per
981 1545 1180 1602 omnia
1234 1546 1524 1603 militibus
1582 1547 1895 1604 Dominum

251 1630 453 1702 gloriae
484 1631 956 1704 crucifigentibus
987 1635 1315 1706 nequiores.
1345 1636 1431 1691 Illi
1462 1637 1754 1709 siquidem
1778 1655 1898 1694 cor-

251 1718 518 1790 ruptibili
547 1719 751 1775 tunicae
783 1721 992 1793 ipsius,
1012 1723 1152 1794 quia
1177 1725 1550 1781 inconsutilis
1571 1729 1628 1780 et
1645 1727 1898 1798 desuper

2017 569 2250 626 illorum
2283 571 2458 635 exitu,
2485 589 2586 643 per
2617 591 2680 628 os
2712 574 2862 629 beati
2895 574 3140 630 Joannis
3174 574 3420 647 apostoli
3478 578 3658 634 libere

2016 664 2405 731 protestatur:
2436 664 2517 716 Ex
2545 664 2699 717 nobis
2735 666 3013 733 exierunt,
3075 664 3165 720 sed
3223 680 3335 719 non
3379 673 3538 720 erant
3591 683 3660 741 ea;

2012 749 2187 803 nobis.
2221 750 2360 804 Nam
2389 752 2437 804 si
2465 752 2698 819 fuissent
2737 768 2805 806 ea:
2859 753 3035 819 nobis,
3063 754 3488 824 permansissent
3545 755 3662 808 uti-

2013 854 2116 908 que
2143 839 2421 892 nobiscum
2449 841 2497 906 (Ι
2511 841 2667 894 Joan.
2703 843 2786 906 ιι).
2813 839 2919 904 Qui
2943 841 3098 896 enim
3127 845 3328 912 pectus
3350 841 3657 912 columbae,

2012 925 2167 981 velut
2198 927 2475 983 humores
2509 927 2667 995 mali,
2702 927 2969 984 solebant
3000 946 3282 1001 premere,
3311 934 3368 986 et
3400 933 3470 986 ad
3519 948 3661 987 nau-

2013 1031 2171 1069 seam
2205 1014 2426 1087 jugiter
2473 1032 2803 1086 provocare,
2861 1016 3111 1088 alicujus
3169 1019 3520 1075 accessionis
3567 1019 3657 1076 vel

2011 1101 2333 1157 occasionis
2364 1103 2623 1175 impulsu
2650 1104 2889 1175 egressi,
2922 1105 3009 1160 vel
3057 1107 3245 1177 ejecti,
3305 1110 3405 1160 aut
3462 1107 3655 1178 potius

2010 1191 2210 1261 egesti,
2247 1192 2722 1261 comprobantur,
2753 1209 2882 1247 eam
2913 1193 3202 1261 relevare;
3259 1199 3432 1266 atque
3490 1195 3654 1251 bona

2007 1279 2356 1334 valetudinis
2389 1284 2607 1335 statum
2641 1297 2749 1336 sua
2769 1281 3124 1338 discessione
3153 1283 3341 1339 eidem
3361 1298 3650 1342 revocare.

2008 1369 2303 1440 Quotquot
2332 1375 2526 1424 autem
2553 1372 2765 1424 exeunt
2795 1370 3056 1441 redituri,
3089 1373 3327 1427 omnino
3355 1373 3426 1428 ab
3457 1390 3524 1429 ea
3555 1392 3652 1431 ne-

2008 1462 2232 1528 queunt
2262 1457 2427 1513 avelli
2446 1463 2546 1512 aut
2571 1458 2806 1530 praecidi
2834 1464 2923 1526 ;et
2953 1460 3000 1514 si
3019 1459 3292 1515 videntur
3309 1461 3653 1532 aliquandiu

2007 1545 2192 1602 avulsi
2225 1551 2327 1602 aut
2357 1547 2588 1619 precisi,
2624 1548 2760 1618 quia
2789 1549 2946 1603 Novit
3001 1550 3141 1605 Deus
3199 1552 3296 1621 qui
3349 1553 3481 1624 sunt
3534 1552 3655 1622 ejus

2006 1636 2074 1706 (Il
2107 1637 2237 1690 Tim.
2273 1637 2358 1706 ιι),
2392 1652 2496 1706 per
2524 1637 2694 1706 cujus
2728 1636 3302 1708 praedestinationem
3333 1643 3474 1695 sunt
3493 1639 3654 1696 intus

2005 1724 2129 1779 sine
2156 1741 2368 1787 errore,
2389 1725 2565 1779 etiam
2591 1725 2690 1796 qui
2715 1729 2996 1796 putantur
3017 1727 3154 1782 foris
3177 1744 3326 1795 esse,
3353 1732 3410 1785 et
3431 1746 3650 1798 errare;

248 1812 520 1864 contexta
545 1813 667 1864 erat
701 1826 804 1882 per
858 1815 1068 1880 totum,
1128 1818 1530 1885 pepercerunt,
1591 1815 1972 1914 dicenteszB
2004 1829 2108 1868 nec
2140 1813 2293 1884 rapit
2322 1813 2636 1884 quisquam
2690 1814 2759 1868 de
2818 1831 2996 1870 manu
3056 1815 3265 1887 ipsius,
3327 1833 3474 1889 quos
3527 1819 3651 1886 jam

242 1896 365 1950 Non
418 1895 726 1951 scindamus
783 1913 905 1952 eam
980 1900 1160 1968 (Joan.
1238 1901 1379 1972 x1x),
1447 1902 1700 1973 quadam
1777 1902 1890 1957 uti-

243 1999 360 2054 que
400 1985 718 2040 reverentia
749 1985 1020 2041 admirati
1051 1992 1108 2043 et
1138 1989 1394 2045 textricis
1425 1989 1788 2062 diligentiam
1837 1996 1894 2046 et

241 2073 440 2144 operis
467 2074 840 2146 elegantiam.
884 2076 980 2131 Isti
1011 2093 1143 2132 vero
1174 2077 1602 2151 incorruptibili
1625 2080 1892 2136 charitati

239 2162 394 2234 ejus,
429 2179 548 2234 qua
577 2162 761 2219 univit
779 2164 1118 2233 Ecolesiam,
1139 2170 1202 2221 ut
1221 2167 1519 2223 exhiberet
1536 2169 1648 2223 sibi
1669 2174 1890 2226 vestem

238 2251 582 2324 gloriosam,
617 2270 732 2310 non
778 2253 1087 2309 habentem
1148 2256 1440 2311 maculam
1499 2261 1600 2312 aut
1658 2275 1886 2329 rugam,

237 2341 458 2413 impias
487 2345 544 2396 et
571 2341 884 2414 sacrilegas
915 2359 1125 2399 manus
1156 2345 1227 2400 ad
1260 2345 1710 2401 discindendum
1760 2364 1886 2403 cru-

238 2429 452 2487 deliter
475 2431 770 2503 injiciunt,
801 2430 1033 2503 linguas
1055 2433 1466 2506 magniloquas
1487 2440 1542 2490 et
1563 2435 1794 2492 dolosas
1817 2437 1888 2492 ad

237 2520 691 2577 confodiendam
709 2520 868 2576 illam
888 2527 1207 2591 exacuunt;
1227 2523 1393 2578 nihili
1409 2525 1726 2596 pendentes
1748 2526 1889 2580 inef-

235 2609 402 2667 fabili
425 2614 485 2665 et
513 2610 750 2681 speciali
769 2611 1014 2667 artificio
1038 2616 1333 2668 coaeternus
1353 2613 1466 2668 Deo
1487 2613 1640 2668 Patri
1663 2615 1887 2687 sapien-

231 2701 323 2754 tiae
358 2704 726 2772 compactam
757 2704 814 2755 et
834 2705 1181 2768 contextam,
1213 2717 1316 2756 nec
1349 2701 1606 2758 humano
1630 2703 1885 2774 ingenio,

233 2805 334 2845 seu
362 2788 852 2861 philosophorum
874 2790 1232 2862 syllogismis
1247 2796 1347 2846 aut
1373 2793 1888 2863 argumentationi-

232 2877 345 2934 bus
379 2881 688 2934 consutam
719 2896 732 2933 ε
769 2878 943 2933 Stulta
971 2881 1121 2935 enim
1149 2880 1346 2935 mundi
1394 2883 1555 2952 elegit
1613 2883 1768 2952 Deus,
1827 2886 1886 2936 ut

230 2968 538 3039 con/undat
566 2970 836 3038 sapientes
867 2968 912 3039 (ι
943 2967 1062 3024 Cor.
1099 2971 1162 3037 ι),
1194 2969 1392 3042 Neque
1423 2971 1579 3030 enim
1612 2988 1714 3043 per
1755 2971 1885 3026 rhe-

229 3062 392 3114 tores
411 3060 470 3112 et
499 3055 793 3127 sophistas
822 3055 1053 3128 collegit
1079 3057 1416 3128 piscatores,
1439 3061 1540 3114 sed
1573 3076 1674 3130 per
1703 3059 1887 3131 pisca-

228 3153 390 3202 tores
421 3149 484 3200 et
503 3143 800 3217 simplices
821 3144 1080 3217 piscatus
1104 3151 1192 3202 est
1212 3147 1507 3219 sophistas
1528 3151 1584 3202 et
1604 3152 1882 3216 oratores,

2003 1919 2244 1974 prorsus
2275 1906 2470 1972 raptos
2503 1902 2970 1972 suspicabamur.

2072 1991 2164 2045 IV.
2199 1991 2307 2046 Sed
2343 2009 2422 2045 vae
2481 1991 2790 2046 hominum
2851 1993 3135 2063 superbia
3195 1999 3250 2049 et
3303 1997 3648 2066 arrogantiae

2003 2079 2408 2152 [ignorantim],
2443 2079 2542 2151 qui
2575 2081 2840 2135 membra
2861 2071 3226 2149 Antichristi,
3258 2086 3314 2138 et
3334 2099 3649 2154 praecurso-

2002 2187 2093 2227 res
2125 2171 2252 2241 ejus
2283 2170 2490 2236 elfecti,
2525 2170 2624 2240 qui
2653 2174 2742 2224 est
2771 2187 2869 2225 rex
2899 2185 3077 2242 super
3131 2171 3434 2228 universos
3492 2172 3645 2230 filios

2000 2259 2306 2332 superbiae,
2323 2276 2438 2314 non
2461 2262 2693 2315 cessant
2712 2258 3066 2314 zizaniorum
3089 2264 3281 2332 pestes
3303 2259 3363 2316 in
3385 2261 3646 2318 medium

1997 2349 2174 2403 tritici
2209 2364 2501 2420 spargere,
2535 2352 2592 2403 et
2621 2363 2896 2415 messem,
2920 2347 3013 2404 cui
3035 2347 3266 2405 cmleste
3288 2354 3648 2422 praeparatur

1998 2437 2294 2505 horreum,
2331 2441 2617 2509 quantum
2651 2437 2707 2491 in
2743 2437 2827 2492 eis
2858 2440 2967 2505 est,
2999 2441 3263 2494 atterere.
3293 2439 3374 2494 De
3395 2455 3646 2511 quorum

1999 2525 2322 2598 periculoso
2350 2529 2608 2596 tempere
2641 2525 2888 2582 dilectus
2919 2527 3149 2581 Domini
3178 2527 3338 2600 virgo
3387 2528 3646 2586 Joannes

1995 2614 2176 2670 voluit
2207 2631 2313 2670 nos
2345 2614 2672 2670 instruere:
2727 2615 2933 2682 Filioli,
2991 2614 3287 2686 inquiens,
3345 2618 3648 2672 novissima

1996 2705 2130 2759 hora
2159 2708 2255 2771 est,
2289 2712 2340 2759 et
2367 2705 2508 2758 sicut
2564 2703 2802 2758 audistis
2859 2705 2991 2775 quia
3047 2704 3416 2758 Antichristus
3471 2707 3641 2773 ienit,

1995 2811 2143 2847 nunc
2171 2801 2352 2847 autem
2381 2793 2708 2846 Antichristi
2735 2793 2905 2846 multi
2926 2794 3068 2860 facti
3103 2798 3233 2846 sunt
3290 2792 3339 2863 (I
3365 2793 3521 2847 Joan.
3554 2794 3643 2866 ιι.)

1996 2881 2124 2936 Hzec
2157 2881 2476 2935 novissima
2501 2879 2646 2934 hora
2675 2897 2709 2934 a
2765 2878 2954 2951 primo
3011 2880 3264 2936 adventu
3321 2880 3643 2939 Salvatoris

1997 2971 2267 3042 incoepta,
2301 2985 2488 3039 usque
2519 2970 2590 3023 ad
2625 2969 2944 3024 secundum
3004 2969 3132 3039 ejus
3184 2969 3497 3026 adventum
3555 2974 3645 3028 est

1996 3058 2414 3131 protendenda.
2451 3059 2585 3123 Qum
2617 3061 2757 3129 quot
2782 3057 3173 3114 Antichristos
3197 3060 3323 3129 jam
3373 3059 3644 3116 habuerit

1997 3152 2098 3202 aut
2127 3145 2425 3211 detexerit,
2457 3145 2644 3200 dicere
2676 3145 2808 3216 quis
2862 3146 3123 3217 poterit?
3178 3151 3257 3201 De
3313 3147 3530 3218 quibus
3586 3153 3643 3203 et

231 3237 396 3308 quia,
430 3234 585 3291 sicut
613 3209 878 3306 egregius
899 3234 1115 3291 Paulus
1147 3209 1323 3292 dicit:
1356 3239 1473 3292 Non
1522 3241 1600 3292 est
1656 3241 1713 3292 in
1771 3209 1882 3293 ser;
1914 3209 1957 3282 α
1996 3237 2207 3292 Doctor
2231 3209 2518 3306 gentium,
2547 3209 2834 3289 mirabilis
2862 3209 3102 3302 Paulus,
3126 3209 3392 3307 Ephesiis
3413 3235 3474 3290 in
3493 3236 3643 3290 Acti-

231 3341 398 3380 -mone
427 3340 658 3394 regnum
687 3325 802 3390 Dei,
833 3325 923 3380 sed
947 3326 1007 3378 in
1036 3327 1236 3380 virtute
1265 3326 1312 3396 (I
1341 3326 1461 3381 Cor.
1496 3327 1596 3397 1v).

316 3414 412 3470 ΠΙ.
445 3412 656 3468 Verum
686 3414 988 3469 erubescat
1013 3417 1069 3469 et
1098 3414 1492 3470 contundatur
1531 3416 1712 3487 impia
1767 3416 1881 3472 hae-

240 3504 412 3572 resis,
446 3503 814 3574 impudenter
841 3502 1078 3558 inhians
1109 3502 1351 3558 sectioni
1383 3507 1558 3575 atque
1610 3504 1881 3560 divisioni

235 3591 577 3648 insecabilis
607 3596 663 3648 et
691 3591 1064 3647 indivisibilis
1094 3592 1358 3663 unitatis,
1420 3593 1772 3650 reclamante
1828 3600 1885 3650 et

232 3683 604 3755 repugnante
630 3697 745 3736 non
773 3678 963 3735 solum
989 3679 1176 3751 ipsius
1208 3681 1450 3736 unitatis
1498 3687 1726 3749 natura,
1783 3684 1884 3738 sed

229 3771 406 3826 etiam
427 3770 707 3825 humana;
731 3768 1026 3840 sapientiae
1049 3769 1402 3839 conjectura.
1421 3769 1730 3825 Discedaut
1750 3787 1884 3844 ergo

225 3859 440 3932 perﬁdi
474 3857 655 3921 corvi,
679 3855 858 3923 milvi,
886 3855 1169 3923 vultures,
1193 3860 1250 3912 et
1269 3874 1634 3930 quaecunque
1661 3859 1885 3915 laniatu

223 3950 308 4005 vel
343 3952 544 4004 morte
575 3946 766 4002 aliena
794 3952 1116 4018 pascuntur
1146 3962 1298 4002 aves.
1332 3947 1464 4002 Sola
1496 3947 1767 4004 columba
1814 3950 1884 4003 ad

226 4055 423 4094 arcam
459 4036 662 4092 redeat
693 4038 749 4090 et
779 4052 954 4107 super
982 4040 1159 4106 caput
1188 4035 1418 4092 Domini
1448 4037 1587 4092 Jesu
1621 4055 1886 4107 manens,

230 4132 419 4182 totum
455 4141 677 4196 corpus
707 4125 855 4194 ejus,
887 4124 1042 4194 quod
1068 4127 1158 4180 est
1187 4123 1462 4190 Ecclesia,
1487 4125 1674 4191 uniat,
1698 4125 1888 4179 infun-

227 4215 321 4271 dat
351 4222 413 4272 et
455 4214 702 4285 repleat,
735 4213 1087 4284 unicamque
1131 4211 1465 4268 columbam
1522 4215 1592 4269 de
1650 4214 1887 4269 diversae

227 4303 622 4375 professionis
653 4307 710 4358 et
740 4301 992 4357 nationis
1041 4301 1381 4358 hominibus
1440 4306 1613 4375 atque
1671 4302 1888 4375 linguis

227 4395 543 4459 omnibus,
577 4391 746 4462 quasi
777 4391 847 4446 de
873 4389 1117 4446 diversis
1165 4392 1446 4447 membris
1502 4392 1736 4458 efﬁciat,
1795 4391 1888 4446 cui

223 4499 360 4539 voce
390 4481 649 4555 Capitis,
680 4481 832 4552 quod
863 4484 953 4535 est
980 4479 1106 4552 ipse
1135 4479 1426 4546 Christus,
1461 4481 1616 4536 dicat
1641 4498 1652 4536 :
1681 4483 1794 4536 Una
1813 4485 1889 4535 est

1993 3327 2104 3381 bus
2135 3323 2532 3396 apostolorum
2564 3325 2680 3378 ait:
2709 3325 2818 3392 Ego
2866 3325 2977 3378 scio
3036 3327 3293 3394 quoniam
3350 3327 3639 3381 intrabunt

1991 3419 2106 3486 post
2135 3413 2509 3468 discessionem
2536 3429 2716 3468 meam
2747 3413 2864 3484 lupi
2893 3429 3084 3481 graves
3114 3415 3173 3467 in
3201 3429 3313 3480 vos,
3340 3430 3451 3470 non
3507 3431 3638 3486 par-

1993 3511 2166 3559 centes
2195 3504 2347 3573 gregi
2365 3520 2383 3556 :
2415 3505 2464 3557 et
2493 3518 2562 3556 ex
2588 3503 2731 3557 vobis
2762 3503 2898 3570 ipsis
2930 3511 3222 3573 exsurgent
3238 3505 3348 3557 viri
3367 3504 3640 3574 loquentes

1993 3609 2264 3664 perversa,
2328 3593 2408 3646 uti
2465 3591 2736 3647 abducant
2789 3591 3085 3662 discipulos
3120 3602 3242 3662 post
3271 3609 3326 3648 se
3356 3592 3488 3664 (Act.
3520 3592 3638 3663 xx).

1995 3682 2127 3748 Sed,
2163 3698 2194 3736 ο
2225 3680 2468 3735 Domine
2496 3680 2656 3747 Jesu,
2699 3681 2940 3752 pervigil
2999 3681 3221 3746 Pastor,
3280 3684 3338 3734 et
3395 3681 3507 3734 Leo
3567 3680 3642 3734 de

1995 3769 2148 3826 tribu
2179 3771 2351 3837 Juda,
2376 3769 2497 3840 qui,
2524 3769 2848 3823 secundum
2873 3767 3268 3832 Psalmistam,
3295 3783 3472 3838 super
3493 3767 3645 3838 aspi-

1996 3860 2128 3914 dem
2161 3863 2217 3913 et
2246 3857 2584 3914 basiliscum
2617 3855 2969 3923 ambulas,et
2999 3854 3305 3911 conculcas
3335 3855 3564 3910 leonem
3589 3859 3648 3911 et

1998 3949 2306 4003 draconem
2342 3947 2511 4018 (Psal.
2547 3947 2658 4016 xc),
2688 3945 2808 4014 jam
2840 3945 2900 4000 in
2933 3945 3046 3998 line
3100 3943 3452 4000 saeculorum
3509 3961 3647 4000 oves

1998 4053 2221 4108 pascua:
2255 4039 2390 4104 tuaz,
2413 4033 2588 4088 variis
2612 4034 2842 4089 insidiis
2864 4038 2922 4088 et
2941 4033 3100 4088 rabie
3122 4033 3647 4090 innumerabilium

1998 4125 2270 4196 luporum
2305 4124 2589 4178 hactenus
2623 4123 2825 4189 fessas,
2874 4123 3222 4178 miseranter
3279 4123 3531 4192 attende,
3593 4127 3651 4179 et

1998 4217 2219 4282 increpa
2241 4211 2392 4286 feras
2422 4210 2716 4266 arundinis
2748 4212 2915 4281 (Psal.
2951 4212 3144 4284 van),
3196 4229 3323 4284 quae
3375 4211 3645 4282 smviunt,

1998 4306 2054 4358 et
2066 4301 2340 4357 dentibus
2353 4300 2628 4355 frendunt
2641 4300 3221 4372 superhumilitatem
3235 4301 3500 4357 Ecclesia:
3513 4306 3648 4362 tute.

1998 4391 2128 4446 fulti
2161 4396 2215 4446 et
2247 4389 2488 4462 protecti
2522 4390 2890 4456 arundineto,
2925 4390 2981 4444 id
3023 4394 3133 4458 est,
3194 4390 3497 4444 mundana
3550 4406 3649 4460 po-

1997 4485 2229 4546 testate,
2261 4480 2514 4534 exterius
2557 4479 2793 4550 quidem
2817 4479 3022 4546 nitida,
3045 4479 3144 4534 sed
3176 4478 3423 4532 interius
3443 4493 3646 4543 vacua,

225 4573 486 4628 columba
519 4586 664 4636 mea,
695 4571 935 4640 perfecta
960 4585 1101 4636 mea,
1136 4570 1491 4625 immaculata
1531 4587 1651 4626 mea
1708 4570 1888 4641 (Cant.
1922 4583 1968 4647 D
2000 4569 2121 4636 ubi,
2156 4569 2308 4625 sicut
2339 4569 2410 4624 ab
2444 4570 2679 4624 beatum
2711 4568 2821 4623 Job
2854 4567 3048 4622 divina
3077 4582 3212 4620 voce
3243 4564 3496 4619 dicitur:
3525 4569 3649 4620 Non

225 4664 300 4731 v).
335 4664 481 4728 Quae
516 4659 677 4714 enim
708 4674 940 4730 semper
979 4675 1093 4714 una
1145 4664 1404 4728 vocatur,
1462 4664 1517 4714 et
1574 4664 1682 4727 est,
1743 4676 1893 4714 nun-

224 4766 410 4822 quam
445 4744 738 4805 dividitur
765 4751 869 4802 aut
901 4751 1168 4802 secatur:
1202 4764 1328 4818 qua;
1371 4764 1604 4820 semper
1626 4751 1893 4820 perfecta,

224 4840 334 4896 hoc
366 4844 465 4896 est
499 4837 700 4911 plena,
733 4852 1036 4907 nunquam
1072 4835 1360 4892 minuitur
1390 4841 1491 4892 aut
1537 4841 1891 4903 evacuatur;

227 4947 354 5000 quae
387 4944 636 4998 semper
656 4926 1033 4991 immaculata,
1060 4941 1365 4997 nunquam
1388 4926 1782 4998 corrumpitur
1799 4931 1899 4981 aut

225 5017 592 5073 maculatur.
626 5012 938 5080 Quoniam,
971 5013 1079 5068 etsi
1110 5030 1534 5086 nonnunquam
1572 5015 1642 5069 ab
1675 5031 1742 5070 ea
1774 5014 1899 5086 ple-

227 5107 397 5177 rique
433 5106 522 5159 ita
546 5107 758 5158 exeunt
779 5105 844 5157 ut
865 5119 980 5157 non
1003 5107 1386 5170 revertantur,
1413 5119 1527 5158 non
1555 5107 1748 5159 tamen
1774 5105 1902 5175 ejus

227 5194 434 5250 unitas
459 5191 604 5247 inde
625 5190 999 5256 discinditur,
1025 5195 1123 5246 aut
1143 5191 1416 5262 perfectio
1432 5193 1776 5260 minoratur,
1799 5209 1898 5248 seu

226 5282 554 5355 virginitas
581 5279 850 5336 violatur.
875 5278 1356 5351 Quandoquidem
1381 5283 1645 5336 membra
1671 5281 1905 5337 corvina

227 5371 302 5426 ad
336 5371 456 5426 hoc
490 5373 886 5438 revertuntur,
919 5372 986 5424 ut
1011 5385 1119 5425 suo
1151 5368 1400 5441 corpori,
1438 5387 1469 5424 a
1500 5387 1613 5441 quo
1638 5371 1710 5425 ad
1754 5374 1900 5424 tem-

229 5477 344 5532 pus
374 5458 748 5515 videbantur
777 5475 906 5514 esse
937 5459 1252 5531 disjuncta,
1286 5459 1813 5532 reincorporentur,
1846 5463 1902 5514 et

229 5547 634 5625 integerrima
661 5551 1004 5619 permaneat
1032 5548 1303 5604 columba
1330 5548 1434 5606 illa
1463 5549 1656 5617 unica,
1696 5549 1790 5605 cui
1840 5564 1902 5604 se

228 5639 656 5716 incorporatos
682 5643 741 5694 et
767 5634 965 5692 unitos
997 5636 1141 5698 falso
1173 5637 1594 5712 gloriabantur.
1651 5640 1718 5696 Et
1775 5653 1900 5718 quae

584 5764 854 5852 Peraea,
894 5761 1157 5849 QXLIII.

2001 4660 2179 4714 solum
2234 4675 2418 4714 omnes
2476 4658 2662 4714 bcslizc
2719 4657 2850 4724 agri
2907 4654 3101 4708 ludunt
3149 4653 3264 4724 (Job
3290 4654 3405 4723 XL),
3440 4658 3648 4709 cuncta

2002 4748 2224 4804 scilicet
2240 4748 2409 4803 turba
2427 4746 2817 4817 malignorum
2841 4742 3152 4815 spirituum
3175 4743 3501 4798 secundum
3523 4741 3651 4799 libi-

2004 4843 2130 4893 tum
2163 4853 2338 4892 suum
2388 4834 2798 4901 debacchatur,
2858 4849 3061 4887 verum
3118 4831 3292 4887 etiam
3352 4831 3650 4900 Bchemot,

2006 4943 2208 4982 eorum
2239 4926 2440 4996 utique
2473 4923 2762 4995 princeps,
2797 4921 3011 4977 ibidem
3045 4922 3154 4977 sub
3187 4923 3397 4978 umbra
3436 4921 3657 4978 dormit

2007 5016 2067 5071 in
2099 5019 2319 5072 secreto
2349 5013 2559 5069 calami
2590 5016 2644 5066 et
2685 5011 2828 5068 locis
2875 5011 3279 5081 humentibus,
3336 5030 3472 5070 cum
3531 5013 3656 5068 sine

2011 5101 3255 5177 aliquainquietudinevelcontradictionein
3270 5102 3657 5174 superborum

2011 5199 2067 5248 et
2092 5193 2448 5248 lubricorum
2483 5190 2756 5246 cordibus
2787 5193 3099 5264 requiescit
3131 5208 3392 5247 securus.
3445 5187 3656 5240 Catho-

2010 5282 2120 5336 lica
2169 5298 2301 5335 vero
2358 5279 2615 5335 Ecclesia
2682 5281 3100 5350 promissioncs
3166 5285 3298 5332 tuas
3376 5273 3656 5341 retinens,

2015 5369 2272 5434 Domine,
2308 5367 2566 5439 quotidie
2605 5369 2816 5440 gaudet
2874 5366 3149 5436 compleri
3207 5365 3266 5418 in
3321 5363 3658 5419 doctoribus

2015 5457 2137 5513 suis
2168 5457 2313 5511 illud
2345 5457 2688 5529 Sapientize:
2739 5454 3039 5526 Fulgebunt
3083 5455 3246 5525 justi,
3301 5457 3350 5509 et
3399 5462 3660 5525 tanquam

2011 5547 2272 5603 scintillae
2303 5548 2362 5602 in
2407 5547 2734 5602 arundinelo
2782 5545 3087 5600 discurrent
3135 5543 3264 5615 (Sap
3317 5548 3426 5613 ιιι),
3483 5548 3659 5615 atque

2011 5640 2182 5696 vento
2231 5635 2481 5714 agitatas
2511 5637 2830 5696 arundines
2887 5633 3252 5694 comburent.
3309 5634 3471 5691 Tunc
3529 5634 3658 5694 ferae

3262 5765 3344 5847 εξ
