4088 6174
420 302 539 391 7417

1485 318 1551 379 S.
1594 310 1875 379 LEONIS
1919 309 2002 374 IX
2047 304 2277 372 ΡΑΡΛΕ
2317 309 2755 376 OPUSCULA.

428 458 738 518 arundinis
757 456 976 532 pariter
996 453 1365 523 interient,in
1388 451 1602 525 quibus
1615 450 2070 518 estcongregatio
2097 443 2155 511 Α
2182 450 2408 517 sanguis
2437 464 2547 503 non
2578 448 2838 504 revetavit
2865 445 2992 513 tibi,
3022 444 3113 502 sed
3145 443 3311 501 Pater
3337 460 3495 501 meus
3515 460 3611 517 qui
3643 453 3722 502 est
3773 449 3831 503 in

429 555 717 608 taurorum
740 547 912 621 (Psat.
946 546 1139 618 LXVII),
1165 547 1347 600 ccstus
1376 540 1644 598 videlicet
1666 537 2073 593 haeresiarcha-

430 657 565 697 rum
594 637 882 707 cervicoso
913 637 1128 692 ducatu
1158 636 1290 707 post
1319 649 1382 688 se
1426 627 1787 685 trahentium
1842 644 2071 689 vaccas,

2172 539 2332 607 caelis
2363 537 2577 608 (Matth.
2609 538 2747 607 xv1).

2251 627 2346 681 VI.
2363 627 2488 682 Non
2509 641 2644 699 ergo
2666 625 3023 699 perpenditis
3043 628 3266 697 quanta
3286 623 3652 696 impudentia
3675 623 3831 680 dica-

429 729 492 785 id
521 731 630 796 est,
660 727 907 785 lascivas
937 724 1164 783 animas
1194 719 1567 795 populorum,
1600 721 1666 772 ut
1703 717 1803 789 qui
1846 716 2072 787 probati
2181 720 2276 772 tur
2311 715 2494 779 Pater,
2528 714 2626 786 qui
2654 718 2743 771 est
2771 714 2830 769 in
2858 713 3038 782 caelis,
3071 712 3451 770 abscondisse
3482 730 3516 769 a
3565 712 3827 787 principe

433 820 574 874 sunt
600 820 864 890 argento,
894 813 1298 879 excludantur,
1333 808 1554 865 scilicet
1581 805 1814 880 perfecti
1862 806 1922 859 in
1955 805 2071 860 elo-

435 906 590 980 quiis
619 906 833 962 divinis
853 908 912 960 et
930 901 1166 960 stabiles
1196 900 1255 955 in
1280 899 1394 955 ﬁde
1419 899 1756 970 appareant,
1781 894 2076 950 emineant

430 995 522 1052 vel
554 994 1023 1051 manifestentur.
1056 992 1309 1062 Argento
1337 987 1553 1059 quippe
1591 983 1824 1057 eloquia
1879 982 2075 1037 divina

434 1083 863 1157 signiﬁcantur,
895 1084 960 1137 ut
985 1080 1141 1135 idem
1168 1075 1476 1133 Psalmista
1529 1077 1810 1129 testatur:
1846 1072 2077 1141 Eloquia

433 1173 677 1242 Domini,
706 1172 921 1243 eloquia
949 1177 1114 1239 casta,
1173 1173 1459 1238 argentum
1516 1166 1641 1232 igne
1696 1162 2077 1218 examinatum

437 1262 609 1335 (Psat.
647 1260 878 1334 x1).Per
935 1256 1329 1314 exclusionem
1378 1257 1596 1320 autem,
1631 1253 1942 1322 argentum
1989 1246 2078 1304 vel

437 1367 648 1408 aurum
707 1349 965 1420 quodam
1023 1344 1265 1401 artiﬁcio
1325 1340 1671 1412 subrigitur,
1726 1340 1983 1395 elevatur
2024 1342 2080 1394 et

437 1437 801 1511 exprimitur,
833 1440 899 1491 ut
922 1438 1159 1507 repente
1180 1432 1447 1488 videatur
1476 1445 1831 1501 respersum,
1856 1431 1913 1483 et
1937 1426 2077 1482 insi-

440 1526 674 1599 gnitum
708 1522 931 1580 decenti
962 1521 1312 1596 ﬁguratione
1344 1519 1706 1575 diversorum
1740 1519 1950 1573 florum
1981 1520 2082 1572 aut

438 1614 790 1687 imaginum,
825 1612 978 1685 quod
1010 1610 1175 1684 prius
1204 1608 1428 1665 humile
1462 1608 1697 1679 jacebat
1727 1611 1784 1663 et
1815 1605 2078 1679 planum.

442 1704 605 1771 Quod
635 1706 823 1759 totum
850 1700 1085 1757 brevius
1105 1704 1163 1756 et
1180 1698 1394 1755 clarius
1412 1697 1494 1754 sic
1516 1696 1811 1769 eloquitur
1832 1710 2083 1767 magnus

441 1792 702 1848 Paulus:
738 1792 955 1862 Oportet
979 1790 1205 1844 hmreses
1228 1804 1355 1855 esse,
1401 1791 1463 1842 ut
1520 1788 1617 1858 qui
1666 1784 1884 1856 probati
1934 1785 2082 1851 sunt,

441 1879 728 1951 manifesti
754 1879 893 1950 ﬁant
922 1879 982 1933 in
1010 1877 1160 1934 vobis
1192 1879 1240 1946 (Ι
1261 1876 1380 1931 Cor.
1416 1876 1517 1956 χι).
1548 1875 1683 1942 Sed,
1740 1890 1772 1929 0
1832 1871 2090 1945 maligna

444 1967 706 2038 haeresis,
740 1983 857 2022 non
881 1965 1017 2022 inde
1035 1965 1143 2020 tibi
1158 1964 1501 2028 blandiaris,
1525 1963 1679 2035 quod
1704 1962 1777 2018 ab
1792 1961 2088 2035 Apostolo,

452 2060 670 2132 Oportet
699 2058 931 2115 haereses
960 2072 1094 2124 esse,
1158 2054 1435 2110 audieris.
1495 2051 1721 2108 Etenim
1778 2052 1837 2106 in
1889 2054 2089 2107 sancto

450 2146 759 2221 Evangelio
788 2145 1075 2201 Dominus
1132 2147 1334 2200 noster
1392 2142 1571 2198 dicit:
1630 2143 1846 2197 Necesse
1894 2145 1977 2196 est
2034 2143 2092 2193 ut

447 2238 673 2294 veniant
700 2235 1000 2297 scandala;
1029 2236 1403 2290 verumtamen
1431 2246 1516 2288 vae
1545 2230 1759 2286 homini
1784 2239 1881 2302 per
1938 2243 2093 2300 quem

449 2326 770 2384 scandalum
823 2324 1013 2380 venit!
1072 2322 1277 2395 (Matth.
1337 2323 1523 2389 xvm.)
1579 2320 1800 2392 Nempe
1846 2334 1961 2373 non
2006 2320 2093 2372 est

456 2415 676 2470 frustra
706 2414 766 2469 in
797 2413 1030 2469 fornace
1057 2411 1317 2468 auriﬁcis
1346 2410 1532 2483 palea,
1567 2409 1705 2481 quia
1734 2424 1944 2463 aurum
1976 2422 2092 2461 non

452 2506 759 2577 purgatur,
792 2502 842 2559 si
873 2502 1042 2575 palea
1068 2518 1184 2557 non
1218 2504 1440 2557 uratur.

522 2592 591 2647 V.
623 2591 754 2647 Haec
782 2594 839 2648 et
866 2589 981 2647 alia
1006 2589 1224 2646 similia
1242 2589 1335 2645 his
1365 2605 1499 2645 cum
1532 2603 1678 2660 pene
1707 2603 1911 2643 omnes
1942 2584 2092 2641 sacri

452 2681 669 2755 eloquii
692 2679 920 2753 pagina:
950 2679 1570 2750 contraimpudentem
1592 2676 1889 2733 vesaniam
1924 2675 2096 2730 haere-

450 2770 704 2828 ticorum
735 2772 1102 2841 concrepant,
1131 2766 1506 2823 vehementer
1525 2764 2016 2838 obstupescimus,
2041 2767 2098 2818 et

452 2859 729 2933 lacrymis
761 2857 1064 2915 charitatis
1086 2855 1445 2929 plangimus,
1465 2855 1548 2911 sic
1568 2855 1891 2911 edormisse
1910 2851 2100 2908 Eccle-

455 2949 554 3006 siae
585 2948 936 3014 sacerdotes,
968 2949 1259 3019 quatenus
1281 2944 1379 3016 qui
1396 2944 1497 3001 Dei
1514 2945 1832 3001 debuerant
1854 2959 1982 2999 esse
2002 2942 2101 2998 ad-

450 3039 695 3111 jutores,
728 3052 846 3094 non
875 3035 1221 3093 exhorreant
1249 3051 1451 3092 eorum
1482 3034 1606 3090 fieri
1635 3049 1913 3106 sequaces
1955 3049 2097 3105 quo-

456 3144 590 3183 rum
621 3126 964 3184 memoriam
995 3141 1131 3182 cum
1178 3124 1375 3182 sonitu
1434 3123 1700 3196 periisse,
1731 3127 1789 3179 et
1839 3121 2098 3178 civitates

2183 803 2604 877 apostolorum,
2638 804 2824 870 Petro,
2847 802 3095 870 cultum,
3119 803 3239 858 sive
3269 803 3447 858 ritum
3468 801 3717 858 visibilis
3741 819 3829 858 sa-

2185 892 2423 965 crificii,
2457 910 2558 965 per
2582 892 3079 965 dispensationem
3102 890 3398 963 Unigeniti
3429 890 3541 960 sui,
3577 890 3671 946 cui
3726 907 3829 963 per

2186 982 2568 1053 semetipsum
2595 980 2936 1053 plenissime
2967 979 3219 1036 revelare
3248 978 3526 1052 dignatus
3568 984 3659 1035 est
3682 977 3831 1034 illud

2184 1070 2475 1126 ineffabile
2506 1086 2784 1125 arcanum
2836 1067 3144 1124 invisibilis
3188 1067 3509 1124 divinitatis
3566 1068 3829 1139 ejusdem

2187 1158 2316 1217 Filii
2350 1159 2462 1227 sui,
2494 1163 2560 1214 Et
2589 1159 2683 1214 cui
2716 1175 2831 1213 non
2862 1174 2964 1230 per
2992 1156 3288 1231 angelum,
3316 1173 3421 1214 nec
3452 1174 3554 1230 per
3578 1157 3831 1231 prephe-

2185 1254 2327 1317 tam,
2354 1248 2449 1303 sed
2484 1247 2716 1319 proprio
2747 1264 2863 1314 ore,
2896 1246 3023 1318 ipse
3054 1246 3336 1302 Dominus
3376 1246 3718 1319 angelorum
3777 1250 3834 1302 et

2188 1337 2607 1409 prophetarum
2649 1336 2733 1392 sic
2790 1334 3143 1408 repromittit
3184 1336 3244 1390 in
3291 1335 3712 1407 sequentibus:
3770 1336 3834 1390 Et

2188 1443 2282 1497 ego
2311 1426 2429 1481 dico
2456 1427 2577 1494 tibi,
2611 1427 2744 1497 quia
2773 1430 2834 1480 tu
2864 1441 2918 1481 es
2949 1431 3164 1490 Petrus,
3190 1428 3241 1481 et
3268 1440 3431 1496 super
3456 1424 3598 1479 hanc
3625 1432 3834 1497 petram

2192 1516 2477 1586 aediﬁcabo
2507 1515 2815 1571 Ecclesium
2843 1531 3020 1570 meam
3050 1514 3252 1585 (Ibid),
3308 1512 3469 1569 illius
3501 1513 3678 1585 capiti
3734 1530 3834 1570 vos

2192 1604 2451 1677 satagitis
2482 1603 2827 1660 subtrahere
2855 1603 3151 1660 Christum
3178 1604 3406 1669 Jesum,
3437 1606 3643 1675 praeter
3663 1619 3834 1675 quem

2193 1710 2364 1749 nemo
2395 1697 2586 1765 potest
2617 1692 2931 1749 universali
2960 1692 3229 1749 Ecclesiae
3254 1690 3412 1747 aliud
3441 1707 3657 1764 ponere
3706 1692 3836 1747 fun-

2194 1782 2537 1838 damentum
2571 1782 2617 1853 (1
2631 1783 2759 1838 Cor.
2777 1784 2884 1851 III).
2903 1782 3064 1848 Quod
3088 1781 3291 1853 utique
3306 1780 3721 1837 devotissimus
3741 1779 3836 1837 ille

2198 1873 2403 1928 Petrus
2428 1887 2543 1927 non
2557 1871 2747 1927 solum
2771 1871 2987 1939 vivens,
3004 1871 3107 1927 sed
3127 1870 3303 1926 etiam
3327 1870 3835 1927 moriensdemon-

2199 1961 2394 2027 travit,
2418 1960 2651 2032 quando
2683 1959 2867 2014 nimia
2897 1958 3227 2015 humilitate
3258 1963 3317 2015 et
3345 1975 3601 2032 congrua
3620 1959 3838 2032 signiﬁ-

2199 2049 2427 2106 catione
2455 2066 2517 2105 se
2547 2048 2808 2121 crueifigi
2836 2048 3110 2104 deorsum
3140 2065 3305 2107 verso
3363 2048 3545 2120 capite
3594 2047 3835 2121 petivit;

2201 2138 2458 2210 profectu
2485 2138 2679 2193 divina
2709 2134 3089 2208 inspiratione
3119 2138 3489 2209 praeﬁgurans
3523 2151 3650 2192 sese
3701 2151 3835 2191 esse

2200 2226 2459 2298 primum
2490 2232 2547 2281 et
2578 2227 2868 2299 quadrum
2899 2225 3153 2299 lapidem
3174 2226 3234 2281 in
3258 2226 3654 2293 fundamento,
3679 2224 3841 2297 quod

2202 2319 2292 2371 est
2320 2314 2581 2371 Christus
2608 2316 2637 2370 J
2646 2332 2803 2382 esus,
2835 2315 3333 2387 compaginatum,
3368 2313 3749 2371 cohaerentem
3769 2317 3846 2369 at-

2203 2422 2316 2477 que
2345 2420 2706 2473 connexum;
2740 2404 2861 2476 qui,
2895 2407 3094 2476 utpote
3132 2403 3541 2476 superpositus
3580 2400 3844 2475 angulari

2202 2494 2405 2566 lapidi,
2433 2497 2623 2549 totum
2656 2492 2886 2564 pondus
2944 2491 3348 2548 ecclesiasticae
3378 2492 3609 2547 fabricae
3666 2492 3849 2548 incor-

2204 2581 2469 2656 ruptibili
2500 2581 2790 2638 soliditate
2817 2582 3181 2649 suiferret,ac
3217 2579 3437 2653 proprii
3476 2580 3689 2653 capitis
3711 2597 3843 2653 sup-

2204 2671 2490 2745 positione
2521 2670 2719 2726 omnia
2746 2671 3011 2726 membra
3039 2669 3298 2742 corporis
3318 2669 3537 2725 Christi
3559 2686 3663 2742 per
3682 2675 3846 2742 aptas

2206 2765 2264 2817 et
2290 2759 2584 2816 naturales
2615 2776 2947 2832 compages,
2968 2775 3156 2832 usque
3177 2759 3248 2814 ad
3279 2761 3846 2815 consummationem

2208 2849 2426 2918 saeculi,
2460 2849 2629 2921 quasi
2666 2865 2849 2921 usque
2879 2849 2951 2904 ad
2982 2848 3159 2920 pedes
3179 2848 3522 2915 crescentia,
3543 2846 3843 2905 inﬂexibili

2208 2938 2356 2995 collo
2389 2939 2458 2995 ad
2493 2937 2667 2994 caelos
2696 2937 3051 2994 sustolleret.

2279 3029 2401 3083 VII.
2437 3026 2656 3083 Taliter
2685 3030 2887 3083 sancta
2914 3025 3172 3082 Ecclesia
3200 3042 3378 3099 super
3401 3031 3649 3099 petram,
3675 3027 3735 3083 id
3763 3031 3851 3085 est

2211 3116 2506 3174 Christum
2538 3121 2594 3174 et
2623 3134 2801 3189 super
2820 3116 3076 3182 Petrum,
3091 3115 3179 3172 vel
3205 3116 3461 3189 Cepham
3479 3115 3669 3173 filium
3684 3116 3853 3174 Joan-

454 3217 780 3274 destructas
799 3216 1015 3272 vident.
1033 3216 1170 3271 Inde
1190 3220 1280 3271 est
1298 3193 1486 3270 totum
1505 3212 1672 3283 illud,
1692 3212 1845 3285 quod
1862 3211 2097 3267 tandem
2129 3193 2172 3261 C
2212 3207 2326 3275 nis,
2356 3207 2456 3280 qui
2503 3206 2666 3279 prius
2712 3206 2914 3262 Simon
2971 3205 3292 3273 dicebatur,
3353 3204 3655 3275 adiﬁcata,
3718 3206 3856 3280 quia

458 3323 594 3363 cum
624 3306 911 3362 indicibili
939 3304 1284 3360 contritione
1315 3307 1371 3358 et
1408 3303 1628 3376 gemitu
1660 3301 1852 3358 cordis
1892 3318 1958 3357 ac
1979 3318 2104 3356 cor-

458 3394 621 3467 poris
649 3392 1032 3458 effundimus,
1054 3392 1115 3447 in
1140 3408 1255 3462 quo
1285 3392 1483 3447 omnia
1528 3390 1753 3446 viscera
1812 3389 2105 3446 catholica:

462 3480 669 3537 matris
689 3480 1126 3548 concutiuntur,
1150 3479 1211 3534 in
1234 3496 1347 3551 quo
1377 3495 1580 3535 omnes
1602 3495 1809 3534 sensus
1830 3478 2108 3535 Christia-

464 3585 677 3626 norum
708 3569 1136 3637 obtunduntur,
1166 3567 1226 3622 in
1250 3584 1365 3640 quo
1387 3567 1529 3623 disci
1536 3566 1697 3639 plina
1717 3567 2107 3625 ecclesiastica

461 3662 520 3716 et
549 3662 885 3716 sanctorum
913 3657 1077 3729 vigor
1105 3672 1396 3713 canonum
1428 3656 1806 3712 confunditur
1830 3673 1897 3712 ac
1926 3656 2109 3713 calca-

460 3752 576 3817 tur,
603 3747 742 3821 quia
769 3751 853 3818 tu,
885 3746 1231 3803 charissima
1260 3746 1449 3814 nobis,
1479 3750 1537 3802 et
1563 3745 1755 3801 adhuc
1786 3746 2027 3802 dicende
2048 3746 2106 3801 in

460 3837 691 3895 Christo
710 3837 886 3894 frater
904 3840 962 3893 et
981 3836 1226 3893 antistes
1245 3821 1910 3908 Constantinopolitane,
1925 3839 2107 3906 tuque

460 3931 571 3983 Leo
599 3926 908 3995 Acridane,
941 3924 1200 3980 dicimini
1219 3923 1596 3996 apostolicam
1629 3928 1684 3979 et
1716 3923 1982 3978 Latinam
2008 3923 2107 3977 Ec-

460 4014 701 4069 clesiam
718 4030 868 4070 nova
896 4013 1361 4086 presumptione,
1384 4017 1560 4085 atque
1590 4011 1913 4068 incredibili
1932 4012 2107 4067 auda-

454 4101 573 4171 cia,
605 4117 710 4157 nec
741 4102 1004 4157 auditam
1026 4119 1130 4158 nec
1168 4102 1492 4158 convictam
1524 4101 1715 4174 palam
1770 4100 2102 4169 damnasse,

458 4206 563 4262 pro
585 4205 651 4246 eo
672 4189 927 4247 maxime
945 4191 1100 4262 quod
1123 4191 1192 4246 de
1213 4191 1432 4264 azymis
1453 4193 1664 4247 audeat
1683 4206 2103 4246 commemora-

454 4276 675 4335 tionem
704 4276 1017 4334 Dominicae
1030 4277 1364 4351 passionnis
1376 4278 1842 4335 celebrare.Ecce
1871 4277 2107 4334 incauta

457 4367 832 4441 reprehensio
861 4371 1073 4437 vestra,
1107 4383 1236 4423 ecce
1259 4385 1376 4424 non
1409 4368 1563 4422 bona
1591 4365 1862 4438 gloriatio
1887 4371 2101 4433 vestra,

457 4457 694 4528 quando
725 4457 944 4531 ponitis
975 4457 1034 4512 in
1066 4456 1275 4513 coelum
1298 4472 1364 4510 os
1395 4459 1678 4523 vestrum,
1710 4472 1846 4510 cum
1902 4454 2105 4527 lingua

2213 3295 2383 3351 interi
2404 3294 2609 3368 portis,
2640 3293 3136 3368 disputationibus
3166 3292 3388 3350 scilicet
3423 3294 3853 3365 hereticorum,

2216 3403 2341 3458 quae
2363 3400 2543 3440 vanos
2575 3383 2644 3439 ad
2664 3383 2967 3439 interitum
2989 3383 3388 3451 introducunt,
3411 3382 3752 3442 nullatenus
3775 3385 3858 3441 fo-

2213 3480 2303 3531 ret
2323 3473 2672 3546 superanda.
2697 3473 2790 3529 Sic
2811 3472 3115 3545 pollicetur
3136 3472 3266 3545 ipsa
3282 3472 3527 3539 Veritas,
3547 3490 3652 3544 per
3671 3490 3862 3545 quam

2216 3568 2356 3620 sunt
2378 3579 2530 3631 vera,
2560 3578 2943 3634 quiscumque
2974 3565 3114 3617 sunt
3135 3578 3302 3617 vera:
3335 3565 3516 3618 Porta:
3536 3562 3708 3633 inferi
3745 3580 3863 3619 non

2208 3653 2586 3725 poaevalebunt
2617 3650 2869 3708 adversus
2897 3667 3020 3706 eam
3049 3650 3253 3723 (Matth.
3294 3651 3432 3723 xvr).
3485 3650 3666 3722 Cujus
3727 3668 3861 3725 pro-

2217 3740 2516 3797 missionis
2547 3741 2814 3796 eﬁ'ectum
2846 3756 2909 3796 se
2939 3739 3212 3812 precibus
3241 3739 3588 3812 impetrasse
3621 3757 3655 3795 a
3691 3740 3862 3798 Patre

2215 3830 2371 3888 idem
2397 3829 2579 3885 Filius
2610 3832 2985 3900 protestatur,
3008 3828 3253 3885 dicendo
3282 3829 3354 3885 ad
3372 3829 3600 3885 Patrem
3626 3846 3639 3897 ;
3663 3829 3860 3887 Simon

2214 3936 2330 3976 ecce
2359 3919 2592 3975 Satanas
2620 3918 2879 3990 expetivit
2908 3934 3017 3987 vos,
3036 3926 3095 3973 ut
3119 3918 3385 3973 cribraret
3417 3919 3556 3974 sicut
3587 3920 3862 3989 triticum,

2214 4011 2322 4082 Ego
2352 4013 2535 4064 autem
2564 4009 2752 4079 rogavi
2772 4023 2876 4079 pro
2898 4010 2968 4075 te,
2999 4010 3060 4062 ut
3087 4023 3200 4063 non
3224 4007 3442 4077 deﬁciat
3462 4007 3592 4077 ﬁdes
3615 4012 3719 4063 tua
3744 4027 3758 4077 ;
3811 4013 3866 4065 et

2215 4109 2274 4156 tu
2302 4098 2599 4171 aliquando
2625 4112 2915 4153 conversus
2950 4097 3214 4168 conﬁrma
3267 4099 3470 4168 fratres
3526 4106 3648 4153 tuos
3709 4097 3861 4169 (Luc.

2213 4189 2372 4259 χχιι).
2406 4185 2530 4243 Erit
2557 4185 3020 4259 ergoquisquam
3050 4189 3223 4242 tantae
3255 4184 3558 4241 dementia
3593 4185 3700 4258 qui
3732 4202 3863 4242 ora-

2212 4278 2431 4331 tionem
2462 4273 2643 4343 illius,
2667 4275 2837 4346 cujus
2856 4273 3000 4330 velle
3020 4279 3110 4331 est
3130 4290 3321 4347 posse,
3347 4274 3558 4330 audeat
3579 4274 3637 4329 in
3659 4274 3864 4347 aliquo

2212 4382 2456 4421 vacuam
2488 4362 2737 4436 putare?
2765 4363 2970 4419 Nonne
2997 4380 3032 4419 a
3062 4364 3198 4420 sede
3226 4363 3508 4436 principis
3566 4362 3865 4435 apostolo-

2213 4470 2366 4523 rum,
2401 4453 2665 4509 Romana
2686 4451 2953 4508 videlicet
2982 4451 3256 4518 Ecclesia,
3290 4456 3412 4508 tam
3444 4469 3547 4526 per
3573 4452 3861 4509 eumdem

451 4543 1485 4612 vestratransiensinterra,humanis
1499 4544 2105 4616 argumentationibus
2135 4567 2181 4631 D
2212 4544 2450 4599 Petrum
2477 4560 2653 4615 quam
2684 4558 2788 4615 per
2818 4558 3183 4598 successores
3222 4558 3381 4613 suos,
3440 4542 3760 4614 reprobate
3813 4544 3870 4598 et

454 4640 512 4693 et
524 4637 653 4708 conj
663 4636 878 4692 acturis
891 4635 1197 4706 antiquam
1220 4633 1392 4688 fidem
1413 4632 1719 4688 confodere
1736 4648 1801 4688 ac
1815 4632 2105 4689 subverte-

455 4740 516 4779 re
528 4724 824 4781 moliatur.
842 4725 1007 4793 Ecce,
1023 4723 1138 4778 nisi
1163 4720 1509 4795 quantocius
1523 4721 1899 4794 resipiscatis,
1919 4722 2107 4778 incor-

454 4812 643 4881 porati
656 4815 713 4867 et
733 4811 1125 4881 annumerati,
1142 4811 1298 4883 quod
1317 4809 1496 4866 absit!
1521 4809 1683 4865 eritis
1707 4809 1767 4865 in
1791 4809 1893 4866 illa
1913 4812 2101 4867 cauda

454 4897 747 4963 draconis,
773 4915 889 4970 qua
908 4899 1139 4954 tertiam
1157 4903 1382 4971 partem
1417 4896 1720 4954 stellarum
1751 4898 1879 4953 coeli
1902 4899 2098 4971 traxit,

453 4985 599 5041 etin
627 4988 845 5041 terram
876 4985 1057 5041 misit.
1086 4990 1227 5041 Ecce
1246 4987 1373 5056 jam
1403 4991 1537 5057 post
1575 4986 1735 5042 mille
1795 5004 1861 5043 ac
1919 4988 2099 5043 ferme

451 5073 659 5148 viginti
692 5092 725 5132 a
752 5073 1025 5147 passione
1056 5073 1370 5130 Salvatoris
1402 5076 1583 5131 nostri
1625 5094 1832 5145 annos,
1892 5077 2098 5149 incipit

450 5181 554 5238 per
580 5181 684 5221 vos
713 5162 937 5221 discere
967 5164 1230 5219 Romana
1257 5162 1514 5220 Ecclesia
1543 5165 1794 5237 qualiter
1816 5166 2097 5222 memoria

447 5254 741 5327 passionis
769 5254 1034 5326 ejusdem
1061 5252 1138 5308 sit
1162 5251 1490 5321 recolenda,
1523 5255 1691 5326 quasi
1718 5255 1797 5310 nil
1844 5255 1893 5310 ei
1955 5271 2092 5310 con-

447 5343 647 5400 tulerit
666 5344 997 5417 praasentia,
1012 5341 1373 5399 conversatio
1395 5348 1452 5397 et
1474 5343 1752 5398 diuturna
1774 5344 2087 5411 institutio,

448 5448 575 5501 seu,
605 5450 723 5505 qua
750 5432 1090 5490 clarificavit
1111 5431 1319 5497 Deum,
1343 5447 1504 5486 mors
1536 5431 1790 5501 pretiosa
1809 5430 1968 5487 illius
1988 5447 2090 5487 ve-

448 5520 727 5577 nerabilis
758 5523 937 5589 senis,
969 5522 1063 5578 cui
1090 5519 1419 5595 specialiter
1448 5518 1711 5575 Christus
1758 5519 1937 5576 Filius
1990 5521 2092 5577 Dei

445 5608 558 5671 vivi
587 5609 761 5672 dicit:
791 5616 998 5680 Beatus
1028 5629 1104 5685 es,
1134 5612 1328 5673 Simon
1358 5611 1654 5683 Bar-Jona,
1684 5610 1816 5685 quia
1858 5626 1987 5668 caro
2041 5612 2092 5669 ct

2211 4632 2492 4699 convicta,
2528 4636 2706 4704 atque
2735 4636 3068 4705 expugnata
3092 4635 3233 4687 sunt
3262 4630 3528 4687 omnium
3558 4630 3870 4687 haeretico-
3898 4696 3909 4707 ἡ

2212 4736 2343 4776 rum
2375 4725 2724 4789 commenta,
2757 4724 2813 4776 et
2844 4720 3088 4776 fratrum
3120 4720 3373 4777 cordain
3396 4720 3509 4776 ﬁde
3531 4719 3714 4785 Petri,
3739 4735 3867 4792 qua

2209 4808 2491 4865 hactenus
2523 4825 2625 4865 nec
2654 4802 2881 4877 defecit,
2914 4824 3019 4865 nec
3048 4825 3236 4881 usque
3281 4807 3342 4864 in
3373 4807 3553 4864 finem
3602 4807 3866 4878 deﬁciet,

2211 4902 2351 4954 sunt
2375 4899 2719 4955 confirmata
2738 4896 2766 4951 ?

2277 4988 2426 5043 VIII.
2459 4986 2828 5042 Praaterimus
2851 4987 3198 5043 nominatim
3231 4985 3511 5059 replicare
3534 4986 3867 5059 nonaginta

2207 5081 2264 5132 et
2293 5093 2358 5131 eo
2389 5075 2644 5148 amplius
2674 5075 2924 5131 haereses
2954 5076 3027 5130 ab
3058 5075 3310 5131 Orientis
3340 5075 3630 5148 partibus,
3662 5073 3761 5131 vel
3795 5076 3865 5131 ab

2205 5165 2352 5237 ipsis
2382 5164 2616 5232 Graecis,
2648 5164 2875 5220 diverso
2904 5168 3165 5238 tempore
3190 5181 3259 5220 ex
3283 5164 3510 5220 diverso
3542 5180 3748 5221 errore
3789 5163 3863 5220 ad

2205 5254 2693 5326 corrumpendum
2713 5253 3108 5326 virginitatem
3127 5252 3423 5310 catholicae
3446 5250 3720 5310 Ecclesiae
3743 5269 3868 5309 ma-

2204 5342 2312 5397 tris
2333 5346 2711 5412 emergentes.
2726 5342 3049 5398 Dicendum
3065 5343 3312 5411 videtur,
3326 5359 3395 5398 ex
3413 5345 3579 5415 parte
3598 5346 3865 5413 quantas

2202 5429 2843 5502 Constantinopolitana
2863 5430 3121 5488 Ecclesia
3148 5448 3251 5504 per
3270 5429 3546 5504 praesules
3564 5446 3711 5488 suos
3724 5446 3865 5487 sus-

2201 5519 2460 5575 citaverit
2486 5522 2702 5591 pestes,
2735 5536 2885 5591 quas
2903 5520 3149 5578 viriliter
3165 5517 3539 5595 expugnavit,
3559 5518 3864 5592 protrivit,

2198 5611 2257 5671 et
2277 5607 2579 5669 suﬁ'ocavit
2602 5608 2866 5670 Romana
2885 5614 2943 5669 et
2963 5610 3281 5688 apostolica
3300 5608 3640 5671 sedes.Ecce
3670 5607 3870 5672 Euse-
