4088 6174
217 307 335 368 ’149

1189 307 1596 372 ΕΡΙΒΤΟῙΛΕ
1636 309 1738 371 ET
1780 307 2141 373 DECRETA
2186 307 2656 376 PONTIFICIA.

3492 314 3619 382 750

216 443 346 497 hius
384 437 848 495 Nicomediensis
887 438 1214 513 episcopus,
1249 444 1401 498 sedis
1448 445 1857 499 Constantino-
1890 446 1942 511 Α
1973 449 2260 516 angustus
2292 450 2484 502 tamen
2519 463 2716 518 cespes
2749 450 2884 519 post
2913 463 3028 503 non
3053 449 3307 504 multum
3336 453 3619 524 temporis

215 530 481 604 politanae
508 527 764 599 invasor,
797 533 854 585 et
875 528 1117 601 signifer
1148 530 1440 586 maledicti
1470 532 1592 586 Arii
1625 532 1863 587 exstitit.

217 623 471 686 Quartus
502 618 886 673 Macedonius
924 618 1327 685 haeresiarcha,
1357 621 1670 676 sutl‘ocator
1709 627 1864 676 ante-

215 709 459 765 cesseris
490 707 582 762 sui
608 706 762 762 beati
784 705 970 775 Pauli,
990 705 1426 778 blasphemator
1447 709 1701 781 Spiritus
1732 726 1866 764 san-

214 797 308 863 cti,
341 801 527 852 tortor
558 795 1050 861 Christianorum,
1075 801 1130 851 et
1152 813 1340 867 usque
1371 798 1438 852 ad
1463 803 1710 853 mortem
1735 815 1866 870 per-

214 891 476 954 secutor,
509 890 568 940 et
601 884 747 940 alter
774 884 1066 954 Julianus,
1101 885 1434 941 charactere
1477 887 1536 940 in
1577 887 1867 943 frontibus

214 976 470 1032 notando
503 973 989 1030 catholicosllaec
1011 973 1191 1028 etalia
1205 974 1380 1044 mala,
1400 979 1514 1030 tam
1534 975 1660 1047 ipse
1688 993 1864 1047 quam

215 1066 304 1121 sui
337 1080 639 1136 sequaces,
677 1080 778 1134 per
798 1080 1004 1119 omnes
1026 1063 1278 1118 Orientis
1302 1065 1499 1132 urbes,
1531 1071 1586 1119 et
1616 1065 1867 1120 maxime

212 1152 737 1223 Constantinopoli,
793 1153 1020 1224 agebat,
1060 1169 1195 1208 cum
1231 1151 1519 1224 Hesperiae
1569 1157 1763 1224 partes
1795 1155 1866 1208 ab

213 1242 324 1298 hac
341 1246 682 1313 tempestate
705 1241 960 1296 immota:
985 1246 1312 1305 manerent,
1326 1247 1471 1297 teste
1484 1246 1672 1296 vestro
1687 1242 1866 1296 histo-

213 1330 524 1404 riographo
550 1331 782 1386 Socrate
805 1331 962 1400 (Hist.
991 1331 1181 1386 eccles.
1209 1330 1306 1385 lib.
1334 1348 1394 1398 11,
1428 1348 1553 1403 cap.
1587 1334 1662 1402 2).
1689 1332 1863 1394 Quin-

214 1427 307 1476 tus
341 1419 639 1475 Eudoxius
684 1419 937 1474 Arianus
981 1420 1215 1474 invasor
1257 1421 1434 1488 sedis,
1476 1425 1532 1476 et
1571 1420 1868 1475 ordinator

214 1509 489 1566 Eunomii
529 1509 803 1577 haeretici,
831 1509 1032 1563 dicens
1075 1513 1299 1580 patrem
1328 1517 1504 1576 ἀσεϐῆ,
1529 1511 1686 1581 quod
1732 1507 1864 1564 nul-

209 1599 337 1653 lum
369 1596 556 1664 colat;
590 1597 799 1652 Filium
831 1605 1026 1665 εὺσεϐἦ,
1061 1599 1212 1670 quod
1261 1599 1490 1654 Patrem
1514 1598 1681 1654 colat.
1725 1599 1863 1654 Sex-

205 1692 303 1743 tus
341 1685 734 1760 Demophilus,
753 1687 880 1759 ipse
895 1686 1175 1742 Arianus.
1204 1687 1405 1742 Nonus
1430 1688 1862 1760 Maximus,Cy-

207 1777 377 1832 nicus
410 1780 466 1830 et
493 1775 928 1848 Apollinarista.
964 1776 1236 1832 Decimus
1278 1777 1584 1832 Nectarius
1613 1778 1697 1833 vir
1727 1794 1862 1833 san-
1893 1815 1942 1879 B

208 1871 354 1933 ctus,
390 1865 699 1920 ordinatus
729 1882 763 1921 a
801 1870 1004 1920 sancta
1035 1865 1605 1938 Constantipolitana
1642 1868 1861 1940 synodo

208 1955 432 2027 prima;
465 1955 536 2010 de
569 1971 707 2025 quo,
734 1972 869 2010 cum
900 1955 1085 2010 sancti
1109 1959 1312 2010 Patres
1341 1960 1587 2011 Damaso
1613 1973 1774 2028 papas
1806 1961 1864 2011 et

205 2045 327 2099 suis
351 2043 714 2115 coepiscopis
740 2043 1425 2115 scripsissent,dixerunt
1449 2063 1460 2100 :
1489 2068 1516 2094 ‹‹
1537 2045 1862 2100 Constanti-

207 2132 553 2206 nopolitanae
604 2132 768 2188 urbis
801 2132 1110 2202 novellam,
1142 2137 1206 2188 ut
1234 2133 1316 2188 ita
1346 2134 1634 2203 dicamus,
1669 2133 1858 2189 Eccle-

204 2222 353 2278 siam
375 2221 528 2277 velut
540 2238 609 2276 ex
628 2238 725 2276 ore
746 2221 952 2287 leonis,
968 2221 1255 2278 haereticis
1268 2223 1580 2278 suifossam
1595 2222 1861 2294 blasphe-

205 2312 364 2379 miis,
393 2310 789 2367 abstraximus
815 2327 827 2364 :
863 2333 890 2362 »
925 2315 1070 2367 teste
1093 2311 1454 2368 Theodoreto
1472 2315 1662 2366 vestro
1684 2312 1862 2367 histo-

203 2399 522 2472 riographo
567 2401 790 2468 (Eccles.
842 2402 1042 2456 Hister.
1083 2399 1182 2455 lib.
1217 2418 1270 2467 v,
1306 2417 1434 2474 cap.
1473 2402 1568 2469 1x).
1603 2401 1712 2455 Sed
1746 2418 1859 2455 non

204 2490 338 2545 inde
363 2489 606 2545 omnino
625 2489 946 2545 suffocatus
967 2494 1056 2544 est
1076 2489 1173 2544 ille
1193 2494 1535 2546 veternosus
1548 2489 1861 2544 basiliscus

201 2583 254 2634 et
281 2595 652 2645 venenosus;
688 2578 828 2650 quia
857 2594 1164 2634 successor
1193 2577 1372 2648 hujus
1403 2582 1657 2634 Joannes
1686 2578 1863 2651 Chry-

201 2674 507 2725 sostomus
529 2668 601 2722 ab
624 2668 856 2739 ingrata
877 2667 1135 2723 Ecclesia
1156 2667 1247 2722 bis
1269 2672 1358 2722 est
1379 2667 1700 2739 depositus,
1722 2673 1778 2723 et
1800 2670 1858 2724 in

201 2756 409 2812 exsilio
433 2756 766 2812 defunctus.
793 2756 971 2827 Cujus
1004 2755 1426 2827 depositionem
1463 2773 1575 2811 non
1610 2757 1858 2812 ferentes

203 2845 597 2902 occidentales
628 2844 908 2917 episcopi,
943 2844 998 2899 id
1023 2849 1112 2900 est
1136 2845 1346 2911 Latini,
1380 2844 1451 2899 ab
1474 2845 1855 2902 Orientalium

199 2935 616 2990 communione
659 2937 801 2989 sunt
850 2933 1156 3007 segregati.
1190 2933 1377 3004 Hujus
1419 2950 1716 2988 successor
1748 2939 1856 2989 Ar-

199 3025 402 3080 sacius
420 3041 596 3078 manu
618 3022 856 3078 militari
879 3023 933 3077 in
949 3023 1256 3079 Joannitas
1277 3023 1558 3090 desaeviit,
1580 3022 1639 3077 in
1655 3040 1859 3094 sequa-

195 3129 290 3168 ces
312 3112 584 3168 videlicet
606 3112 758 3167 beati
784 3111 1050 3167 Joannis.
1079 3115 1211 3166 Jam
1235 3111 1478 3183 quintus
1500 3111 1764 3167 decimus
1794 3112 1852 3166 in

1975 536 2339 606 compressit.
2373 536 2475 589 Hic
2500 536 2691 591 nimias
2723 537 2995 592 vanitatis
3019 554 3234 594 novum
3267 538 3480 596 nomen
3502 542 3618 613 pri-

1978 639 2111 677 mus
2136 624 2244 678 sibi
2281 625 2607 696 usurpavit,
2652 627 2749 679 ubi
2782 643 2843 680 se
2873 643 2906 679 a
2937 628 3165 683 cunctis
3196 628 3622 684 occumenicum

1977 711 2390 780 patriarcham,
2435 713 2494 767 id
2544 719 2633 768 est
2678 713 3089 785 universalem,
3120 722 3176 772 et
3206 717 3321 772 dici
3362 721 3419 773 et
3446 717 3624 773 scribi

1977 799 2185 854 debere
2235 801 2504 855 decrevit.
2556 802 2660 856 Pro
2709 820 2824 873 qua
2874 803 3077 875 utique
3121 808 3560 879 presumptione
3589 825 3624 862 a

1977 889 2160 943 beatis
2237 891 2618 960 pontificibus
2685 892 2915 965 Pelagio
2991 898 3048 948 et
3111 895 3384 967 Gregorio
3446 896 3624 968 digna

1976 976 2282 1048 perculsus
2341 984 2430 1033 est
2470 982 3092 1037 excommunicatione.
3143 985 3323 1054 Cujus
3370 985 3620 1056 contagii

1975 1066 2208 1121 macula
2265 1068 2457 1122 adhuc
2505 1069 2667 1124 vobis
2716 1087 2849 1125 cum
2898 1072 3026 1142 ipsa
3085 1073 3489 1129 maledictione
3535 1074 3620 1128 sic

1976 1155 2219 1209 adhtesit
2249 1161 2313 1209 ut
2343 1173 2498 1210 nunc
2529 1174 2760 1228 quoque
2791 1176 2892 1213 vos
2918 1161 3076 1231 ipsos
3099 1163 3491 1218 recumenicos
3523 1179 3620 1234 pa-

1976 1244 2258 1298 triarchas
2289 1249 2345 1298 et
2373 1245 2666 1315 appellare
2697 1253 2752 1301 et
2783 1248 3033 1302 scribere
3076 1267 3191 1303 non
3241 1251 3518 1306 timeatis.
3554 1252 3621 1306 Et

1976 1337 2128 1387 certe
2159 1350 2371 1388 nomen
2406 1334 2561 1388 istud
2595 1352 2627 1390 a
2657 1337 2876 1391 sanctis
2910 1338 3178 1392 Patribus
3209 1338 3268 1392 in
3301 1339 3621 1394 Chalcedo-

1975 1421 2139 1476 nensi
2175 1423 2414 1492 synodo,
2451 1423 2522 1477 ob
2556 1426 2936 1480 reverentiam
2981 1426 3039 1480 S.
3076 1427 3352 1483 Romanae
3395 1432 3454 1482 et
3482 1443 3619 1499 apo-

1975 1510 2193 1565 stolicae
2238 1511 2414 1576 sedis,
2469 1512 2842 1567 sanctissimo
2877 1515 3165 1570 decessori
3196 1521 3394 1571 nostro
3445 1517 3621 1572 Leoni

1975 1617 2159 1670 papzr,
2195 1604 2250 1654 et
2279 1601 2722 1672 praeterissimo
2771 1603 3014 1672 doctori,
3061 1606 3620 1677 successoribusque

1973 1690 2101 1759 ejus
2132 1689 2241 1742 fuit
2269 1688 2552 1756 oblatum,
2587 1691 2685 1744 sed
2721 1706 2826 1745 nec
2856 1692 2928 1745 ah
2954 1692 3074 1757 illo,
3109 1709 3213 1747 nec
3243 1695 3314 1748 ab
3338 1693 3455 1749 ullo
3487 1711 3620 1749 suc-

1975 1794 2271 1833 cessorum
2304 1776 2491 1849 ipsius
2522 1783 2752 1833 constat
2783 1778 3064 1835 hactenus
3091 1786 3411 1852 receptum.
3437 1783 3505 1836 Et
3525 1783 3619 1837 cui

1975 1871 2106 1939 post
2151 1866 2448 1921 Christum
2493 1867 2698 1921 Jesum
2745 1867 2856 1923 hoc
2894 1885 3107 1924 nomen
3156 1871 3344 1942 magis
3393 1873 3618 1942 poterat

1973 1955 2157 2028 aptari
2180 1971 2356 2026 quam
2380 1956 2820 2012 successoribus
2840 1957 3030 2012 Petri?
3057 1959 3165 2014 Sed
3189 1959 3475 2015 imitanda
3505 1959 3615 2014 hu-

1971 2043 2191 2099 militas
2231 2045 2679 2100 reverendorum
2713 2047 3076 2118 pontificum,
3119 2049 3425 2104 attendens
3458 2049 3614 2121 quod

1970 2132 2094 2204 ipse
2109 2132 2380 2204 princeps
2391 2133 2787 2205 apostolorum
2805 2153 2918 2191 non
2936 2136 3268 2192 inveniatur
3279 2138 3474 2193 dictus
3491 2138 3619 2193 uni-

1968 2221 2212 2277 versalis
2233 2222 2622 2294 apostolus,et
2647 2225 2966 2296 superbum
2983 2226 3617 2282 refutavitvocabulum

1971 2311 2226 2382 penitus,
2246 2328 2361 2382 quo
2382 2311 2686 2367 videbatur
2706 2315 3080 2386 pardignitas
3097 2315 3366 2371 subtrahi
3388 2316 3617 2373 cunctis

1971 2417 2072 2471 per
2087 2401 2286 2455 orbem
2310 2399 2682 2471 praesulibus,
2705 2402 2844 2458 dum
2869 2404 2968 2458 uni
2991 2420 3060 2460 ex
3081 2409 3199 2460 toto
3221 2409 3612 2478 arrogaretur,

1971 2496 2251 2560 tanquam
2285 2489 2500 2560 singuli
2534 2489 2794 2546 dicerent
2821 2493 3012 2548 verbis
3035 2498 3091 2548 et
3110 2494 3299 2561 factis,
3317 2495 3472 2564 quod
3492 2510 3616 2548 ma-

1971 2578 2153 2650 gister
2179 2595 2379 2633 eorum
2407 2583 2463 2633 et
2493 2577 2719 2649 primus
2739 2581 3168 2653 cruciﬁgendus
3187 2581 3381 2651 inquit
3403 2597 3416 2635 :
3436 2603 3464 2631 «
3489 2582 3614 2636 Non

1971 2684 2103 2722 sum
2157 2667 2370 2739 dignus
2410 2675 2586 2738 caput
2632 2685 2869 2722 sursum
2916 2686 3148 2740 ponere,
3190 2670 3292 2724 sed
3324 2669 3616 2725 declinare

1969 2755 2194 2810 vultum
2226 2756 2285 2810 in
2326 2759 2563 2809 terram.
2598 2779 2624 2803 ››
2660 2755 2865 2812 Vestra
2893 2773 3029 2829 ergo
3060 2757 3390 2813 fraternitas
3421 2757 3614 2812 videat

1970 2849 2189 2916 quanta
2217 2845 2372 2914 apud
2399 2860 2462 2898 se
2492 2845 2777 2914 protervia
2801 2849 3040 2915 tumeat,
3064 2863 3190 2916 qua)
3214 2863 3318 2901 nec
3348 2845 3611 2902 oblatum

1968 2932 2079 2988 sibi
2110 2949 2143 2986 a
2163 2948 2480 3003 quoquam,
2506 2947 2611 2986 nec
2633 2948 2998 2998 concessum,
3023 2935 3121 2989 sed
3143 2935 3338 3006 potius
3361 2936 3611 3007 denega-

1969 3026 2114 3089 tum,
2131 3026 2187 3075 et
2204 3021 2313 3074 sub
2338 3018 2727 3074 anathematis
2749 3021 3188 3092 interpositione
3205 3024 3276 3077 ab
3293 3022 3613 3094 apostolica

1968 3114 2026 3167 et
2056 3109 2244 3182 prima
2275 3109 2430 3172 sede,
2465 3114 2521 3163 et
2551 3125 2584 3162 a
2613 3109 2832 3164 sanctis
2860 3115 3034 3181 atque
3064 3110 3399 3166 orthodoxis
3430 3111 3611 3167 Patri-

197 3201 478 3272 catalogo
506 3200 808 3256 Nestorius
832 3199 1220 3256 haeresiarcha
1257 3182 1494 3266 exstitit,
1517 3201 1616 3272 qui
1649 3201 1858 3272 spiritu
1889 3182 1932 3249 C
1971 3200 2082 3255 bus
2112 3197 2486 3252 interdictum
2523 3198 2996 3269 superstitiosum
3029 3199 3402 3267 vocabulum,
3435 3203 3610 3254 tantae

189 3289 430 3344 diaboli
450 3288 674 3358 plenus,
697 3288 847 3344 inter
867 3287 1014 3344 alias
1033 3305 1153 3343 suae
1178 3289 1578 3360 perversitatis
1596 3289 1861 3362 blasphe-

189 3378 386 3443 mias,
423 3376 536 3431 tale
564 3375 716 3433 virus
744 3376 1000 3433 evomuit
1024 3395 1036 3432 :
1061 3399 1088 3427 ε(
1108 3376 1209 3432 Dei
1240 3377 1580 3448 genitricem
1614 3378 1858 3434 Mariam

186 3466 410 3523 nullus
433 3465 715 3538 appellet;
739 3465 922 3522 Maria
950 3466 1108 3522 enim
1136 3466 1311 3521 homo
1335 3465 1462 3533 fuit,
1497 3471 1552 3521 et
1573 3467 1754 3523 Deum
1787 3469 1859 3523 ab

186 3556 445 3611 homine
472 3556 741 3628 generari
771 3556 949 3611 nimis
972 3554 1336 3627 impossibile
1366 3559 1473 3610 est.
1504 3579 1531 3606 ››
1556 3556 1662 3620 Qui
1685 3557 1858 3612 etiam

1968 3286 2378 3346 obstinationis
2409 3287 2800 3355 contumacia,
2849 3305 2951 3360 per
2991 3288 3454 3360 quadringentos
3488 3289 3612 3358 jam

1969 3395 2002 3433 a
2032 3375 2372 3432 beatissimo
2396 3391 2546 3446 papa
2565 3375 2838 3447 Gregorio
2857 3381 2912 3430 et
2932 3375 3187 3448 amplius
3214 3393 3419 3444 annos,
3442 3392 3616 3431 usur-

1969 3482 2106 3537 pare
2136 3482 2249 3520 non
2269 3468 2460 3519 cessat
2485 3482 2497 3519 :
2519 3469 2575 3518 et
2591 3463 2862 3535 qualiter,
2883 3464 3145 3536 exemplo
3176 3465 3408 3522 Domini
3431 3463 3616 3521 nostri

1967 3556 2107 3610 Jesu
2154 3552 2367 3609 Christi
2408 3557 2464 3607 et
2514 3569 2779 3618 suorum,
2813 3553 2996 3624 parati
3027 3554 3168 3609 estis
3198 3571 3303 3624 pro
3335 3553 3614 3608 fratribus

1970 3643 2199 3699 animas
2240 3658 2472 3714 ponere,
2506 3641 2604 3711 qui
2639 3659 2740 3712 per
2769 3645 2852 3695 tot
2882 3646 3146 3711 tempora
3184 3641 3456 3694 noluistis
3499 3639 3614 3694 sal-

1970 3738 2087 3787 tem
2120 3731 2295 3786 inane
2327 3746 2561 3796 nomen,
2601 3735 2657 3784 et
2685 3729 2863 3784 totius
2894 3728 3159 3783 Ecclesiae
3191 3728 3475 3782 unitatem
3507 3743 3616 3782 sua

1970 3819 2292 3875 insolentia
2335 3817 2741 3874 scandalizans
2790 3815 3115 3888 deponere?
3156 3820 3213 3871 et
3255 3816 3396 3887 quid
3429 3815 3618 3871 effecit

1971 3910 2030 3964 in
2059 3909 2267 3965 vestris
2295 3907 2590 3962 mentibus
2614 3906 2782 3960 toties
2813 3905 3139 3962 declamata
3160 3906 3218 3960 in
3243 3905 3488 3961 auribus
3517 3904 3620 3962 llla

1971 3999 2210 4072 gloriosi
2242 3996 2500 4068 Apostoli
2546 3996 2853 4066 professio,
2888 3997 2988 4068 qui
3011 3997 3154 4052 dicit
3185 4013 3198 4052 :
3231 3997 3369 4067 Quis
3394 3997 3623 4052 scanda-

1973 4091 2198 4154 lizatur,
2230 4095 2281 4141 et
2316 4101 2411 4154 ego
2440 4101 2548 4138 non
2582 4085 2757 4140 uror?
2806 4087 2853 4156 (Ι
2883 4086 3002 4141 Cor.
3044 4087 3107 4158 ιι)
3140 4087 3240 4159 qui
3273 4103 3390 4142 non
3429 4087 3621 4143 solum

1974 4195 2077 4250 pro
2110 4174 2386 4232 seandalo
2405 4173 2656 4229 aliorum
2691 4192 2804 4231 non
2837 4175 3098 4246 urimini,
3129 4178 3229 4232 sed
3254 4176 3432 4232 etiam
3454 4192 3622 4234 scan-

1975 4266 2106 4322 dalo
2137 4270 2326 4321 vestro
2353 4263 2614 4335 quotidie
2648 4265 2817 4320 uritis
2850 4265 3170 4322 Ecclesium
3203 4266 3341 4322 Dei?

187 3646 346 3702 duas
381 3662 671 3718 personas
689 3645 747 3700 in
766 3645 882 3701 Deo
903 3645 1133 3701 Christo
1156 3644 1439 3700 mentitus
1471 3649 1578 3699 est.
1604 3645 1747 3701 Hinc
1779 3664 1865 3702 se-

186 3735 429 3806 ptimus
462 3735 729 3791 decimus
761 3734 1072 3791 Flavianus
1104 3735 1310 3790 beatus
1343 3733 1552 3804 praesul
1585 3736 1862 3806 martyrio

184 3829 517 3878 coronatus
540 3829 766 3895 postea,
785 3824 925 3895 quia
938 3823 1236 3878 damnavit
1255 3822 1548 3894 Eutychen
1569 3823 1861 3894 abbatem,

185 3928 378 3968 unam
405 3912 815 3967 substantiam
844 3911 933 3966 vel
956 3916 1225 3966 naturam
1248 3911 1308 3967 in
1340 3911 1569 3967 Christo
1602 3929 1860 3968 asseren-

181 4005 333 4056 tem.
387 4002 634 4073 Propter
678 4002 833 4072 quod
876 3999 1232 4056 beatissima:
1282 4000 1576 4055 memoriae
1627 4001 1863 4057 domino

185 4107 345 4162 papa
382 4091 581 4146 Leone
603 4098 657 4145 et
675 4078 967 4145 Marciano
985 4088 1491 4145 Christianissimo
1512 4089 1865 4160 imperatore

183 4177 427 4235 factum
465 4181 554 4234 est
585 4178 1056 4234 Chalcedonense
1099 4177 1411 4232 concilium
1458 4183 1864 4234 sexcentorum

184 4268 450 4340 triginta
473 4267 844 4340 pontificum.
870 4267 1016 4330 Quid
1034 4267 1296 4321 dicemus
1315 4267 1385 4320 de
1406 4266 1612 4322 Acacio
1634 4284 1871 4323 accusa-

179 4361 336 4424 tore,
380 4361 446 4412 et
481 4357 815 4412 restitutore
862 4355 1011 4411 Petri
1042 4355 1419 4410 Alexandrini
1455 4354 1735 4427 episcopi,
1769 4374 1870 4429 per
2048 4361 2116 4410 X.
2150 4355 2258 4411 Sed
2293 4359 2354 4408 ut
2389 4353 2461 4408 ad
2496 4352 2751 4425 reliquos
2781 4356 3115 4411 decessores
3134 4359 3358 4410 vestros
3375 4357 3630 4408 reverta-

178 4461 342 4516 quos
367 4446 638 4518 plurima
660 4445 980 4500 homicidia
997 4443 1483 4511 exstiterunt,nisi
1505 4445 1660 4515 quod
1686 4463 1868 4502 asan-
1982 4463 2136 4512 mur,
2173 4443 2312 4515 quid
2365 4443 2434 4497 de
2481 4442 2698 4514 Pyrrho
2732 4443 3022 4515 episcopo,
3067 4444 3182 4498 imo
3231 4440 3627 4497 haeresiarchas

178 4534 478 4590 ctissimo
522 4533 754 4589 Gelasio
804 4550 955 4606 papa
996 4531 1056 4586 in
1107 4536 1454 4604 perpetuum
1495 4532 1652 4589 fuere
1694 4535 1866 4590 ambo
1907 4554 1953 4618 D
1984 4533 2219 4590 Macarii
2266 4531 2612 4587 Antiocheni
2659 4549 2908 4603 scquace
2939 4532 3212 4587 dicetur?
3261 4531 3360 4602 qui
3389 4530 3629 4586 veniens

176 4623 630 4678 damnaticum
651 4623 878 4678 Joanne
903 4637 1240 4678 successore
1259 4621 1880 4680 ctdet‘ensoreAcacii?
1992 4625 2235 4679 Romam
2287 4621 2502 4692 scripto
2549 4620 3061 4676 anathematizavit
3105 4619 3302 4674 omnia
3345 4637 3472 4692 quae
3504 4619 3630 4691 ipse

174 4712 269 4783 (In
304 4717 471 4769 tome
505 4711 569 4766 de
591 4713 955 4767 anathemalis
986 4711 1205 4766 vinculo
1232 4727 1322 4783 ep.
1345 4711 1401 4778 9,
1437 4710 1547 4782 11.)
1573 4711 1708 4768 Post
1732 4729 1879 4783 quos
1987 4718 2042 4769 et
2071 4713 2406 4767 decessores
2439 4711 2526 4765 sui
2563 4715 2763 4764 contra
2796 4709 2968 4764 fidem
2999 4708 3347 4768 catholicam
3373 4713 3430 4765 et
3458 4726 3637 4782 apos-.

173 4802 534 4856 Anthimus
588 4801 1012 4871 Eutychiamus
1059 4799 1370 4856 haereticus
1400 4817 1504 4871 per
1532 4806 1878 4873 praesentem
1985 4801 2167 4857 tolicze
2218 4799 2375 4856 sedis
2423 4797 2764 4854 senserant?
2813 4797 2924 4852 Sed
2968 4799 3316 4869 quantocius
3349 4800 3420 4855 ad
3449 4798 3634 4855 vomi-

174 4907 420 4963 papam
479 4892 807 4962 Agapetum
853 4891 912 4945 in
946 4889 1078 4961 ipsa
1108 4889 1613 4961 Constantinopoli
1661 4897 1748 4946 est
1779 4893 1877 4947 de-
1987 4897 2112 4946 tum
2149 4906 2434 4952 reversus,
2483 4905 2516 4942 a
2547 4904 2696 4958 papa
2729 4887 3034 4944 Theodoro
3067 4893 3156 4944 est
3203 4889 3543 4954 damnatus,
3579 4892 3638 4943 et

172 4979 438 5049 positus
471 4979 677 5047 (Acan.
711 4983 870 5051 epist.
915 4979 966 5046 4,
999 4979 1076 5050 5.)
1109 4977 1436 5050 Eutychius
1487 4983 1708 5047 autem,
1741 4980 1880 5052 quia
1987 4996 2291 5036 successor
2333 4980 2460 5048 ejus
2516 4976 2751 5045 Paulus,
2805 4979 2958 5048 quod
3009 4979 3079 5034 ab
3111 4979 3314 5035 eodem
3374 4979 3636 5033 Romano

173 5066 652 5139 dogmatizabat
700 5067 1030 5124 humanum
1085 5083 1296 5139 corpus
1350 5066 1409 5120 in
1456 5070 1879 5124 resurrectione
1988 5068 2260 5141 pontiﬁce
2332 5065 2592 5122 monitus
2663 5069 2718 5119 et
2778 5067 3112 5140 increpatas
3177 5085 3293 5122 non
3367 5063 3632 5134 resipuit,

172 5155 605 5228 impalbabile
653 5158 922 5212 luturum
957 5160 1013 5212 et
1044 5160 1213 5212 vento
1243 5171 1491 5226 aereque
1538 5157 1816 5213 subtilius
1847 5176 1879 5213 ο.
1901 5176 1922 5191 κ
1987 5157 2243 5228 quando,
2275 5155 2434 5209 velut
2457 5153 2842 5213 simulacrum
2873 5161 2976 5212 aut
3007 5158 3361 5228 phantasma
3398 5150 3634 5223 aliquod

174 5244 368 5299 beato
408 5244 700 5317 Gregorio
727 5251 866 5302 tunc
889 5245 1133 5303 diacono
1157 5245 1239 5300 ita
1255 5247 1343 5300 est
1374 5244 1695 5314 convictus,
1730 5251 1791 5301 ut
1820 5247 1879 5302 in
1987 5244 2329 5302 insensibile
2367 5244 2677 5300 Dominum
2701 5250 2970 5300 nostrum
2990 5247 3194 5301 Jesum
3227 5243 3519 5298 Christum
3543 5257 3634 5295 ar-

170 5333 538 5406 praasentia
568 5334 995 5405 piaa'memoria:
1016 5331 1229 5388 Tiberii
1253 5333 1625 5404 imperatoris
1656 5336 1881 5391 codices
1987 5335 2259 5401 bitratus,
2293 5349 2395 5388 nec
2429 5350 2627 5398 unam,
2661 5351 2765 5389 nec
2787 5335 2936 5388 duas
2967 5333 3294 5389 voluntates
3320 5330 3409 5386 vel
3434 5346 3636 5402 opera-

174 5421 520 5496 dogmatis
549 5423 678 5492 ejus
702 5423 883 5494 justis
915 5422 1172 5477 ﬂammis
1212 5422 1601 5478 traderentur.
1989 5423 2246 5480 tionesin
2262 5423 2465 5478 eodem
2482 5422 2666 5478 fuisse
2698 5423 3054 5491 difﬁnivit,et
3083 5421 3263 5477 altare
3295 5421 3639 5476 Latinorum

251 5512 359 5570 IX.
403 5511 721 5569 Successit
749 5527 982 5584 quoque
1005 5511 1144 5567 huic
1163 5511 1442 5578 Joannes,
1475 5514 1646 5584 cujus
1677 5530 1880 5587 super-
1990 5518 2045 5568 et
2075 5512 2394 5584 legatorum
2427 5511 2702 5567 Romanae
2739 5512 3030 5580 Ecclesiae,
3071 5511 3228 5582 quod
3261 5527 3430 5566 nemo
3464 5509 3640 5565 haere-

169 5601 689 5678 biam,quamvis
707 5601 1017 5660 universus
1035 5600 1295 5658 mundus
1307 5616 1511 5674 capere
1532 5602 1880 5684 nequiverit,
1989 5603 2236 5677 ticorum
2257 5605 2388 5659 ante
2401 5617 2536 5660 eum
2549 5604 3022 5676 praesumpserat,
3041 5599 3344 5658 subvertit.
3365 5600 3450 5656 Ad
3467 5598 3639 5674 cujus
