4088 6174
484 373 600 441 ἳῦἆ

1551 375 1618 437 S.
1664 373 1947 437 LEONIS
1989 374 2071 436 IX
2117 374 2347 437 PAPIE
2388 376 2819 441 OPUSCULA.

3656 450 3657 453 γ
3762 336 3878 442 ’τδρ

490 504 733 577 rabiem,
770 523 889 580 qua
915 507 1186 565 saviebat
1226 508 1287 563 in
1318 507 1654 576 catholicos,
1686 508 2123 576 destruendam,
2152 509 2210 577 Α
2234 508 2415 566 dicam
2454 512 2547 566 cui
2587 527 2697 566 non
2741 510 3083 568 maledixit?
3129 518 3228 567 aut
3279 511 3545 582 quomodo
3583 510 3883 569 detestabor

488 595 898 655 sanctissimus
931 614 1083 671 papa
1127 598 1435 666 Martinus,
1467 596 1724 655 collectis
1783 602 2019 654 centum
2074 601 2132 654 et

484 684 750 759 quinque
768 686 1080 761 episcopis,
1103 688 1403 743 damnavit
1420 688 1629 759 Cyrum
1654 687 2126 757 Alexandrinum,
2173 749 2181 753 ἓ

484 774 778 850 Sergium,
791 775 1441 849 Pyrrhum,etPaulum,
1460 776 2129 849 Constantinopolitanae

481 863 807 937 episcopos.
840 867 903 920 In
925 882 1044 938 qua
1062 866 1264 938 utique
1283 867 1516 923 vesania
1539 884 1645 923 nec
1672 885 1775 924 vos
1794 867 1925 924 istis
1955 868 2127 923 modo

482 954 848 1025 temporibus
868 953 1174 1011 inferiores
1194 954 1295 1012 illo
1314 961 1504 1013 vestro
1526 956 1726 1024 Paulo,
1751 958 2044 1013 summam
2073 960 2130 1011 et

486 1041 866 1114 apostolicam
898 1044 1119 1114 sedem,
1140 1050 1500 1117 cunctosque
1523 1046 1905 1102 institutionis
1926 1047 2054 1116 ejus
2070 1044 2129 1099 fi-

482 1129 767 1188 dissimos
815 1132 1217 1191 observatores
1268 1135 1640 1191 anathemate
1687 1134 2011 1201 damnatis;
2045 1133 2129 1188 in-

485 1224 679 1293 cauta,
710 1220 1040 1293 impudenti
1089 1224 1423 1297 arrogantia
1468 1225 1609 1280 adeo
1650 1225 1864 1293 caecati,
1899 1227 1963 1278 ut
2013 1240 2127 1279 non

483 1308 962 1367 animadvertetis
1023 1312 1185 1383 quid,
1231 1316 1289 1368 et
1336 1313 1434 1384 qui
1471 1313 1720 1383 faciatis,
1777 1317 1835 1369 et
1881 1313 1992 1368 cui.
2044 1311 2130 1368 Illi

482 1413 696 1471 nempe
724 1398 916 1455 facitis
954 1401 1377 1475 praejudicium,
1418 1403 1488 1458 de
1518 1420 1634 1474 qua
1662 1419 1767 1458 nec
1796 1402 1984 1471 vobis,
2026 1418 2129 1459 nec

484 1485 721 1544 cuilibet
740 1488 1079 1546 mortalium
1099 1490 1233 1548 licet
1253 1491 1437 1548 facere
1450 1493 1763 1564 judicium,
1788 1492 2128 1549 beatissimo

484 1579 542 1632 et
583 1576 904 1650 apostolico
953 1580 1230 1652 pontiﬁce
1261 1582 1537 1639 Silvestro
1599 1582 1879 1639 divinitus
1940 1582 2133 1637 decer-

484 1669 679 1737 nente,
713 1667 1126 1742 spiritualique
1156 1670 1285 1742 ejus
1316 1671 1435 1727 filio
1469 1672 1871 1743 Constantino,
1896 1670 2131 1743 religio-

484 1753 723 1811 sissimo
753 1759 1040 1830 Augusto,
1073 1770 1209 1815 cum
1235 1761 1504 1818 universa
1533 1762 1751 1835 synodo
1772 1761 2005 1817 Nictena
2030 1776 2129 1833 ap-

485 1842 772 1913 probante
791 1862 857 1901 ac
887 1847 1291 1905 subscribente
1316 1853 1381 1905 ut
1397 1867 1632 1906 summa
1651 1850 1819 1907 sedes
1843 1868 1876 1906 a
1896 1848 2133 1906 nemine
2164 1888 2212 1952 υ

485 1929 778 1952 2--.13--ι--μ
852 1934 866 1952 3
940 1935 966 1952 γε
1010 1934 1024 1952 1
1068 1937 1081 1952 1
1112 1935 1190 1952 εισι
1337 1941 1346 1952 ι
1385 1938 1397 1950 ο
1797 1939 1828 1952 ιι
1860 1939 1871 1950 ο

477 1929 817 2003 judicetur;
850 1934 1264 1993 inviolabiliter
1299 1941 1356 1993 et
1382 1938 1730 1997 inconcusse
1762 1939 1873 1995 sibi
1907 1955 2135 1996 conser-

486 2024 618 2076 veto
656 2021 758 2079 illo
812 2023 1135 2099 privilegio,
1195 2029 1351 2100 quod
1395 2028 1548 2084 idem
1608 2028 1878 2102 princeps
1925 2032 2132 2101 quarto

490 2109 863 2183 baptismatis
893 2116 982 2171 sui
1033 2115 1128 2171 die
1174 2117 1416 2174 devotus
1447 2118 1690 2175 contulit
1727 2119 1987 2192 pontiﬁci
2022 2119 2132 2174 Ro-

493 2214 688 2270 mano,
728 2200 951 2259 scilicet
980 2206 1047 2259 ut
1074 2204 1133 2259 in
1165 2208 1286 2261 toto
1318 2207 1457 2263 orbe
1488 2208 1820 2264 sacerdotes
1850 2209 1930 2263 ita
1979 2206 2136 2262 hunc

492 2293 671 2362 caput
684 2290 959 2362 habeant,
982 2293 1135 2351 sicut
1151 2312 1355 2352 omnes
1367 2297 1393 2369 j
1402 2297 1623 2369 udices,
1640 2314 1856 2371 regem.
1877 2300 2135 2364 Quorum

491 2394 725 2453 semper
752 2382 913 2438 omni
931 2384 1152 2441 mundo
1173 2387 1548 2443 reverendam
1578 2388 1952 2457 sententiam,
1987 2386 2140 2444 sicut

488 2470 774 2527 veraciter
801 2471 997 2529 divina
1016 2472 1400 2547 inspiratione
1430 2476 1881 2549 promulgatam,
1924 2476 2139 2548 ample-

492 2575 575 2614 xa
604 2559 839 2633 reliquas
869 2560 1229 2621 universales
1258 2566 1486 2638 synodi,
1521 2565 1578 2621 id
1612 2569 1701 2622 est
1731 2566 2137 2622 Constantino-

492 2647 751 2722 politana
762 2650 1267 2723 prima,consensu
1281 2655 1611 2727 piiAugusti
1625 2658 1682 2711 et
1695 2654 1950 2728 religiosi
1965 2655 2079 2726 maj
2088 2672 2144 2710 o-

492 2738 577 2796 ris
601 2738 1245 2814 Theodosii,Ephesina
1260 2743 1469 2817 prima,
1486 2745 1595 2800 sub
1623 2744 1869 2800 Juniore
1883 2744 2145 2801 Theodo-

495 2827 606 2897 sio,
622 2827 743 2886 ﬁlio
766 2830 1061 2901 Arcbadii,
1076 2832 1584 2905 Chaceldonensis,
1607 2834 1717 2890 sub
1740 2833 1983 2907 imperio
2000 2833 2142 2889 diva:

500 2920 794 2977 memoria
812 2921 1115 2990 Marciani,
1128 2923 1301 2979 tertia
1314 2922 2147 2996 Constantinopolitana,roga-

498 3010 566 3064 tu
578 3011 635 3067 et
645 3025 931 3067 consensu
943 3011 974 3067 J
982 3011 2146 3081 uniorisConstanlini,unanimivolunta-

499 3102 577 3168 te,
599 3099 993 3175 concordique
1012 3102 1187 3158 verbo
1221 3105 1279 3158 et
1299 3102 1519 3175 scripto
1550 3102 1974 3159 cunﬁrmavere
2005 3119 2147 3158 san-

2237 615 2401 671 quem
2444 601 2708 656 Dominus
2752 617 2861 655 non
2906 600 3250 657 detestatur?
3294 601 3480 674 (Num.
3528 603 3729 674 xxm.)
3773 602 3880 660 Vos

2236 705 2370 744 vero
2421 705 2527 744 nec
2591 706 2755 745 amor
2810 689 2911 745 Dei
2957 694 3014 746 et
3062 689 3333 762 proximi,
3391 706 3496 746 nec
3560 691 3879 749 reverentia

2236 776 2567 834 divinorum
2584 782 3019 847 canonum,aut,
3034 777 3189 835 sicut
3202 778 3415 834 dicitur
3425 779 3880 839 orthodoxorum

2237 865 2568 938 principum
2615 871 2939 923 vestrorum
2971 867 3287 939 prohibitio
3318 874 3570 938 revocat,
3605 868 3751 942 quin
3781 887 3880 944 pu-

2238 954 2385 1011 blice
2417 946 2779 1012 maledicatis
2800 960 2856 1012 et
2882 956 3250 1012 detestemini
3275 973 3462 1030 genus
3483 957 3765 1029 electum,
3802 976 3882 1016 re-

2240 1044 2369 1116 gale
2399 1045 2812 1114 sacerdotium,
2845 1049 3193 1119 gentemque
3240 1051 3504 1103 sanctam
3534 1046 3598 1120 (I
3621 1053 3772 1105 Petr.
3810 1051 3879 1120 η).

2308 1132 2425 1188 XII.
2450 1134 2613 1197 Quod
2637 1135 2903 1206 quamvis
2915 1135 3191 1191 omnibus
3215 1134 3483 1192 Ecclesiis
3500 1136 3739 1205 Christi,
3767 1155 3881 1210 quae

2237 1239 2419 1277 unam
2440 1222 2784 1279 catholicam
2804 1224 2862 1279 in
2886 1228 3007 1280 toto
3026 1224 3248 1281 mundo
3268 1224 3555 1295 efﬁciunt,
3576 1243 3611 1282 a
3629 1226 3882 1301 principe

2238 1312 2657 1384 apostolorum,
2711 1314 2877 1369 Petro
2931 1313 3008 1369 sit
3054 1330 3185 1370 vere
3229 1314 3471 1382 dictum,
3519 1315 3668 1371 nulli
3698 1321 3882 1373 tamen

2237 1400 2431 1456 verius
2473 1405 2711 1473 aptatur
2740 1418 2919 1474 quam
2948 1401 3035 1456 illi
3060 1403 3152 1458 cui
3185 1403 3417 1476 proprie
3446 1404 3723 1476 praesidet
3768 1405 3882 1479 ipse

2239 1489 2339 1562 qui
2388 1489 2638 1546 ccelestis
2689 1491 2852 1563 regni
2894 1490 3109 1547 meruit
3154 1492 3555 1565 gubernacula
3604 1494 3880 1565 obtinere,

2241 1578 2480 1635 Domino
2508 1579 2649 1636 Jesu
2672 1579 2902 1636 Christo
2934 1580 3043 1637 sibi
3078 1581 3322 1649 ,dicente
3355 1598 3368 1637 :
3413 1584 3530 1639 Tibi
3555 1584 3694 1640 dabo
3723 1585 3884 1643 claves

2238 1669 2395 1739 regni
2422 1668 2681 1724 caelorum
2709 1668 2916 1740 (Matth.
2952 1672 3089 1741 xv1),
3135 1674 3213 1737 et,
3243 1669 3302 1726 in
3335 1671 3575 1744 speciali
3607 1676 3884 1746 potestate

2240 1756 2462 1830 ligandi
2493 1761 2551 1813 et
2579 1756 2862 1826 solvendi,
2894 1758 3113 1814 summi
3151 1759 3457 1816 sacerdotii
3487 1762 3876 1836 privilegium.

2239 1848 2311 1901 At
2335 1845 2636 1918 quoniam,
2671 1849 2981 1904 attestante
3001 1847 3341 1906 Salomone:
3365 1849 3471 1907 Cor
3488 1853 3632 1923 regis
3652 1854 3713 1908 in
3726 1866 3887 1907 manu

2241 1936 2461 1991 Domini
2485 1953 2498 2003 ;
2527 1952 2841 2007 quocunque
2870 1938 3105 1994 voluerit
3134 1942 3303 1995 vertet
3332 1939 3478 1996 illud
3516 1941 3699 2013 (Prov.
3731 1943 3844 2013 XXI)
3874 1957 3887 1996 :

2238 2028 2469 2081 tantum
2500 2025 2725 2096 apicem
2753 2025 3003 2083 cmlestis
3025 2026 3327 2100 dignitatis
3358 2028 3417 2084 in
3447 2030 3613 2085 beato
3644 2034 3816 2086 Petro
3834 2034 3891 2086 et

2242 2114 2303 2169 in
2334 2114 2462 2185 ejus
2482 2113 2711 2170 vicariis
2733 2116 3235 2186 prudentissimus
3264 2122 3495 2174 terrenae
3526 2118 3886 2174 monarchie

2244 2203 2513 2276 princeps
2526 2203 2941 2262 Constantinus
2963 2205 3173 2263 intima
3194 2207 3648 2264 consideratione
3670 2207 3889 2267 reveri-

2242 2297 2361 2360 tus,
2412 2296 2652 2349 cunctos
2700 2311 2888 2367 usque
2939 2296 2999 2350 in
3052 2297 3228 2352 finem
3278 2295 3475 2353 saeculi
3510 2313 3889 2355 successuros

2245 2381 2434 2437 eidem
2484 2381 2747 2453 apostolo
2796 2383 2857 2439 in
2903 2383 3166 2441 Romana
3226 2386 3362 2441 sede
3413 2386 3741 2459 pontifices,
3791 2402 3893 2459 per

2247 2472 2485 2527 beatum
2517 2471 2860 2528 Silvestrum
2879 2490 2993 2530 non
3008 2474 3201 2531 solum
3222 2475 3513 2549 imperiali
3535 2482 3822 2550 potestate
3840 2480 3896 2534 et

2248 2560 2555 2634 dignitate,
2575 2579 2778 2617 verum
2792 2563 2967 2619 etiam
2988 2564 3189 2620 infulis
3201 2568 3255 2621 et
3279 2564 3572 2622 ministris
3593 2566 3894 2623 adornavit

2248 2650 2673 2723 imperialibus,
2693 2651 3182 2727 valdcindignum
3202 2655 3321 2711 fore
3335 2656 3653 2717 arbitratus
3674 2662 3895 2713 terreno

2249 2740 2492 2812 imperio
2525 2741 2633 2795 sub
2662 2758 2810 2813 quos
2832 2742 3027 2798 divina
3043 2745 3320 2816 majestas
3360 2745 3619 2817 praefecit
3636 2745 3855 2804 ccelesti
3881 2763 3894 2813 ;

2249 2829 2343 2884 cui
2363 2830 2632 2901 equidem
2665 2837 3069 2904 comparatum
3099 2833 3256 2890 istud
3288 2838 3586 2891 terrenum
3612 2835 3760 2891 nihil
3787 2839 3894 2902 est,

2251 2917 2364 2974 nisi
2395 2918 2619 2975 vanitas
2640 2920 2986 2991 vanitatem,
3008 2938 3125 2993 qua
3144 2922 3435 2992 homines,
3465 2924 3632 2981 obliti
3662 2923 3896 2981 Domini

2248 3007 2535 3064 Creatoris
2558 3009 2670 3077 sui,
2694 3010 3333 3084 intumescentes,fmox
3362 3014 3797 3071 detumescunt.
3828 3013 3898 3069 Et

2250 3094 2810 3171 tamen'imperialis
2841 3099 3123 3157 celsitudo
3154 3102 3264 3159 hoc
3296 3106 3487 3159 totum
3518 3104 3675 3176 quod
3707 3101 3897 3176 potuit

499 3188 980 3248 ctamRomanam
995 3190 2145 3265 etapostolicamsedem,postDominum
2190 3262 2218 3265 μ
2254 3186 2465 3255 effecit,
2498 3188 2730 3259 quando
2761 3192 2883 3245 tota
2911 3190 3213 3247 devotione
3245 3192 3531 3265 quidquid
3577 3210 3612 3250 a
3656 3192 3900 3249 Domino

498 3279 723 3348 Jesum,
756 3285 931 3353 caput
956 3297 1087 3337 esse
1102 3262 1367 3337 bmnium
1396 3262 1785 3338 Ecclesiarnm
1808 3282 1927 3351 Dei,
1961 3288 2017 3337 et
2036 3280 2144 3337 hoc
2176 3262 2219 3330 C
2257 3280 2575 3347 acceperat,
2605 3276 2794 3333 eidem
2817 3277 2878 3333 in
2907 3279 3330 3337 ministrissuis
3352 3281 3627 3338 reddidit.
3652 3281 3729 3338 Ut
3750 3281 3905 3337 enim

502 3366 714 3424 debere
744 3368 921 3439 credi,
973 3369 1239 3425 confiteri
1268 3374 1325 3425 et
1356 3370 1529 3426 scribi
1564 3371 1635 3425 ab
1670 3371 1950 3426 omnibus
1975 3386 2146 3427 vene-

500 3454 795 3512 ratoribus
808 3456 1026 3512 Nicaeni
1046 3457 1274 3513 concilii
1300 3459 1473 3529 cujus
1486 3462 1839 3515 slatutorum
1864 3476 2049 3531 usque
2072 3459 2145 3514 ad

500 3559 687 3601 unum
734 3544 855 3602 iota
903 3546 1402 3619 contemptoribus
1452 3546 1783 3603 districtum
1836 3548 2148 3605 anathema

498 3636 737 3691 cautum
767 3638 857 3693 est
903 3653 939 3692 a
975 3634 1237 3708 quinque
1265 3634 1539 3709 praefatis,
1571 3640 1628 3691 et
1658 3638 1885 3693 cunctis
1916 3642 2146 3694 sancto-

499 3740 634 3781 rum
666 3724 906 3782 Patrum
942 3725 1183 3801 synodis
1213 3725 1733 3799 subsequentibus.

570 3815 664 3872 XI.
699 3816 814 3885 Sic,
831 3817 1003 3888 juxta
1016 3816 1375 3889 Sapientem,
1400 3815 1550 3887 lapis
1576 3816 1796 3871 missus
1816 3834 1931 3872 non
1955 3817 2148 3891 pergit

500 3904 575 3961 ad
604 3904 816 3962 coelum
841 3906 1027 3978 (Eceli.
1051 3907 1250 3978 xxvn),
1274 3910 1331 3962 et
1352 3905 1749 3973 maledictum,
1775 3906 1993 3962 frustra
2013 3924 2144 3979 pro-

502 3992 711 4064 latum,
744 3995 1053 4051 revertitur
1081 3996 1141 4050 in
1171 4000 1468 4052 auctorem
1512 4013 1687 4051 suum
1719 3997 1900 4068 (Prov.
1944 3999 2098 4069 XXVI)
2129 4014 2141 4051 :

502 4081 610 4148 sic,
633 4082 805 4152 juxta
832 4081 991 4155 vulgi
1028 4084 1421 4155 proverbium,
1449 4084 1546 4155 qui
1569 4101 1747 4156 supra
1771 4089 1947 4158 caput
1971 4102 2145 4141 suum

400 4194 407 4199 ί
502 4187 713 4243 spuere
743 4175 1007 4240 conatur,
1032 4174 1383 4244 quantocius
1405 4174 1461 4228 in
1486 4173 1691 4229 faciem
1722 4174 1885 4230 illius
1906 4179 2146 4246 sputum

503 4259 791 4317 relabitur
824 4280 836 4318 :
864 4262 960 4317 Sic
977 4260 1147 4317 nobis
1171 4261 1545 4317 maledictum
1563 4279 1667 4335 pro
1692 4263 1998 4319 maledicto
2031 4281 2144 4321 non

498 4349 899 4419 reddentibus,
932 4350 1034 4406 sed
1052 4366 1185 4405 cum
1207 4349 1536 4417 Psalmista,
1555 4351 1862 4407 adversum
1882 4368 1989 4408 nos
2013 4369 2145 4425 pec-

499 4442 695 4496 catore
724 4439 1102 4509 consistente,
1153 4438 1483 4496 custodiam
1520 4440 1604 4495 ori
1640 4445 1842 4496 nostra
1876 4442 2003 4513 jam
2043 4443 2143 4499 diu

495 4528 850 4602 ponentibus
898 4530 1069 4601 (Psal.
1111 4530 1368 4601 xxxvm),
1418 4545 1521 4601 per
1559 4533 1849 4584 tumorem
1883 4534 2143 4587 vestrum

492 4619 1007 4692 incurristis,quod
1021 4616 1454 4689 dolemus,quia
1467 4618 1868 4690 praejudicium
1885 4619 2146 4676 faciendo

496 4725 744 4765 summa:
774 4710 919 4775 sedi,
955 4710 1026 4765 de
1059 4725 1175 4781 qua
1204 4725 1307 4764 nec
1326 4706 1617 4779 judicium
1645 4707 1781 4764 licet
1810 4708 1998 4765 facere
2020 4710 2141 4765 cui-

499 4812 678 4868 quam
707 4797 1034 4864 hominum,
1077 4797 1391 4854 anathema
1420 4795 1726 4868 accepistis
1756 4798 1828 4853 ab
1855 4798 2144 4855 universis

414 4891 421 4897 '
501 4883 771 4940 Patribus
801 4885 1067 4940 omnium
1110 4884 1530 4941 venerabilium
1579 4884 1982 4941 conciliorum.
2016 4888 2139 4953 Quo

495 4971 984 5030 indissolubiliter
999 4974 1179 5028 astrin
1188 4972 1425 5046 gemini,
1446 4973 1991 5045 sicorimpocnitens
2011 4978 2141 5033 reti-

500 5064 694 5120 nendo
733 5079 911 5135 super
953 5066 1181 5118 tantam
1224 5063 1762 5134 praesumptionem,
1798 5063 1870 5119 ab
1901 5063 1999 5120 illo
2039 5083 2143 5139 per

496 5152 745 5211 vicarios
773 5151 963 5224 ipsius
993 5168 1107 5207 non
1139 5149 1468 5217 solvamini,
1503 5152 1594 5206 cui
1627 5151 1957 5223 specialiter
1996 5153 2140 5211 dixit

492 5243 786 5310 Christus,
808 5241 990 5298 Filius
1018 5240 1118 5306 Dei
1145 5240 1257 5295 vivi
1292 5257 1304 5294 :
1341 5242 1692 5314 Quaecunque
1720 5244 1948 5297 solveris
1975 5259 2140 5314 super

492 5336 719 5401 terram,
751 5341 915 5390 erunt
942 5332 1120 5387 soluta
1148 5334 1199 5387 et
1230 5333 1290 5387 in
1314 5322 1466 5385 caelis
1494 5329 1715 5401 (Matth.
1748 5331 1885 5401 xw).
1916 5330 1973 5386 Si
2006 5348 2139 5387 con-

493 5421 754 5479 feramus
783 5428 976 5480 vetera
1007 5420 1190 5492 novis,
1223 5420 1458 5476 Balaam
1493 5417 1588 5473 ille
1629 5417 1891 5474 hariolus
1940 5420 1998 5475 in
2029 5420 2139 5476 hac

492 5513 656 5580 parte
704 5512 927 5568 cautior
959 5511 1066 5567 fuit
1095 5509 1277 5576 vobis,
1313 5508 1434 5578 qui,
1467 5522 1735 5562 reverens
1776 5507 1983 5575 Deum,
2031 5525 2138 5566 nec

492 5597 823 5671 promissis,
854 5598 1163 5668 necfminis
1196 5596 1349 5669 regis
1380 5595 1548 5650 Moab
1572 5595 1642 5650 ad
1666 5594 2135 5654 maledicendum

487 5685 626 5745 ﬁliis
647 5687 823 5745 Israel
854 5687 1007 5745 ﬂecti
1037 5686 1229 5762 potuit
1259 5701 1273 5744 :
1305 5684 1603 5757 Quomodo,
1636 5684 1931 5763 inquiens,
1960 5688 2138 5748 male-

2256 3364 2602 3422 venerabilis
2623 3365 2838 3424 Paulus
2854 3368 3022 3425 docet
3046 3384 3059 3424 :
3082 3370 3201 3426 Non
3218 3375 3297 3427 est
3312 3375 3548 3443 potestas
3560 3372 3680 3427 nisi
3692 3389 3730 3427 a
3758 3375 3906 3428 Deo:

2254 3471 2481 3527 quaeeun
2491 3472 2592 3526 que
2608 3460 2791 3513 autem
2805 3461 2949 3528 sunt,
2967 3474 3002 3513 α
3015 3459 3119 3515 Deo
3138 3458 3395 3516 ordinata
3413 3464 3538 3516 sunt
3551 3462 3731 3531 (Rom.
3757 3458 3909 3530 χιιι).

2255 3543 2478 3607 Quibus
2536 3544 2595 3599 in
2653 3546 2867 3601 terreni
2925 3547 3089 3620 regni
3138 3552 3466 3621 opportuna
3511 3546 3911 3604 administra-

2254 3632 2411 3688 tione
2443 3649 2557 3688 non
2599 3635 2990 3692 resistendum
3038 3637 3123 3697 sic
3170 3638 3524 3695 instruimur
3559 3654 3663 3710 per
3710 3638 3913 3711 ipsum

2256 3722 2576 3795 principem
2607 3725 3042 3797 apostolorum:
3076 3727 3317 3800 Subjecti
3334 3732 3496 3785 estote
3524 3729 3680 3784 omni
3712 3727 3917 3782 huma-

2256 3826 2346 3869 nae
2371 3819 2655 3871 creatura:
2670 3819 2893 3887 propter
2919 3817 3093 3872 Deum
3112 3834 3132 3880 ,'
3161 3819 3279 3874 sive
3307 3819 3444 3889 regi,
3487 3819 3648 3890 quasi
3675 3814 3916 3890 praecel-

2257 3902 2425 3971 tenti;
2479 3904 2592 3958 sive
2636 3904 2883 3971 ducibus,
2931 3915 3195 3979 tanquam
3238 3908 3306 3962 ab
3352 3923 3412 3963 eo
3443 3909 3648 3975 missis;
3697 3906 3774 3962 ad
3805 3908 3921 3961 viu-

2255 3991 2456 4046 dictum
2476 3994 2880 4066 mal/“actorum,
2922 3994 3143 4053 laudem
3179 4013 3307 4055 vero
3348 3998 3635 4064 bonorum,
3671 3998 3810 4068 quia
3838 3996 3920 4050 sic

2255 4089 2332 4135 est
2350 4081 2599 4137 voluntas
2619 4084 2719 4140 Dei
2734 4084 2776 4156 (Ι
2798 4085 2940 4142 Petr.
2958 4087 3119 4158 11).Et
3131 4091 3466 4160 postpauca
3485 4105 3497 4143 :
3513 4088 3687 4143 Deum
3707 4088 3915 4150 timete,

2254 4185 2437 4239 regem
2482 4172 2835 4251 honoriﬁeate
2866 4174 3071 4247 (Ibid).
3117 4180 3310 4249 Atque
3347 4193 3452 4248 per
3498 4173 3913 4248 coapostolum

2254 4259 2383 4329 ejus
2401 4259 2646 4316 Paulum
2667 4279 2679 4317 :
2702 4261 2890 4318 Omnis
2911 4266 3103 4320 anima
3117 4266 3476 4337 potestatibus
3486 4264 3916 4321 sublimioribus

2253 4347 2470 4403 subdita
2497 4351 2589 4405 sit.
2623 4350 2765 4405 Nam
2794 4352 2891 4423 qui
2914 4353 3117 4409 resistit
3140 4354 3416 4425 potestati,
3447 4354 3550 4409 Dei
3564 4349 3918 4409 ordinatim

2252 4438 2476 4492 resistit.
2529 4438 2636 4506 Qui
2669 4443 2854 4495 autem
2901 4443 3178 4511 resistunt,
3213 4444 3325 4514 ipsi
3349 4442 3462 4500 sibi
3489 4442 3919 4500 damnationem

2253 4529 2546 4599 acquirunt
2575 4528 2748 4600 (Rom.
2782 4532 2927 4601 xm).
2963 4530 3125 4587 Unde
3154 4531 3449 4604 Sapientia
3479 4531 3540 4588 in
3581 4529 3919 4589 Proverbiis

2176 4641 2223 4705 Β
2254 4615 2481 4672 intonat
2523 4616 2726 4674 dicens
2781 4635 2791 4674 :
2826 4621 2931 4675 Per
2948 4636 3035 4675 me
3064 4636 3213 4692 reges
3251 4625 3506 4691 regnant,
3551 4626 3603 4676 et
3624 4622 3925 4693 principe:

2245 4706 2401 4776 justa
2428 4705 2724 4764 decernunt
2753 4708 2933 4779 (Prov.
2963 4709 3289 4783 vm).Quod
3312 4710 3492 4767 etiam
3523 4726 3682 4782 saepe
3716 4711 3920 4767 dictus

2250 4796 2613 4868 Augustinus
2632 4798 3047 4855 Constantinus
3068 4799 3421 4873 perspicacis
3454 4799 3667 4856 animae
3698 4798 3921 4857 vivaci-

2250 4888 2369 4941 tate
2401 4885 2801 4957 deprehendit,
2826 4894 2885 4943 et
2910 4888 3084 4944 matri
3105 4906 3223 4945 sua:
3251 4889 3536 4963 religiosa:
3552 4886 3801 4946 Helenae
3829 4889 3919 4943 in-

2249 4977 2338 5029 ter
2366 4973 2647 5029 nonnulla
2670 4974 2754 5031 sic
2777 4976 3112 5049 rescripsit:
3139 5000 3166 5027 ‹‹
3183 4978 3291 5042 Qui
3308 4979 3645 5034 moderatur
3666 4976 3919 5046 saecula,

2247 5067 2305 5118 et
2324 5063 2586 5134 disponit
2606 5063 2784 5120 totius
2809 5066 3011 5121 mundi
3040 5068 3340 5141 suffragia,
3370 5067 3590 5141 quibus
3611 5066 3850 5124 alimur
3866 5068 3923 5122 et

2247 5155 2668 5221 sustentamur,
2691 5170 2795 5226 per
2814 5170 2876 5210 se
2906 5155 3145 5228 quidem
3177 5156 3462 5229 spirantia
3490 5156 3784 5230 viviﬁcat,
3816 5153 3924 5214 sed

2248 5258 2350 5313 per
2381 5247 2614 5313 pectora
2643 5242 2975 5316 principum
3010 5246 3272 5317 suajura
3300 5244 3532 5302 saeculis
3560 5245 3780 5303 dictat.
3816 5268 3848 5296 ››

2318 5328 2465 5384 XIII.
2495 5330 2598 5386 His
2642 5334 2699 5387 et
2723 5331 2856 5388 aliis
2886 5332 3340 5406 quamplurimis
3368 5334 3762 5404 testimoniis,
3790 5336 3926 5408 jam

2244 5417 2409 5473 vobis
2441 5418 2807 5475 satisfactum
2839 5437 2969 5477 esse
2997 5422 3199 5478 debuit
3232 5423 3305 5480 de
3332 5427 3567 5480 terreno
3598 5427 3656 5480 et
3684 5421 3930 5482 caelesti

2248 5505 2513 5578 imperio,
2547 5507 2666 5563 imo
2698 5510 2770 5565 de
2808 5510 2989 5583 regali
3039 5513 3367 5569 sacerdotio
3417 5513 3479 5569 S.
3522 5512 3821 5571 Romana
3871 5518 3929 5568 et

2246 5595 2577 5669 apostolicae
2609 5596 2786 5667 sedis,
2819 5601 3109 5674 praecipue
3139 5619 3317 5676 super
3348 5601 3589 5675 speciali
3615 5601 3764 5671 ejus
3798 5601 3929 5667 die-

2246 5686 2537 5765 positione
2559 5684 2621 5744 in
2633 5685 2815 5764 caelis,
2831 5688 2883 5749 si
2896 5706 3133 5768 quoque
3144 5691 3319 5751 modo
3331 5688 3648 5755 Christiani
3664 5704 3822 5753 esse
3832 5689 3927 5754 vel
