4088 6174
250 294 368 359 753

1219 297 1625 364 EPISTOLE
1664 297 1769 362 ET
1808 299 2174 364 DEGRETA
2213 298 2684 367 PONTIFICIA.

3533 308 3653 374 ’754

251 432 365 490 dici
395 429 633 506 optatis,
666 432 725 490 et
753 428 800 490 si
827 431 1017 508 ipsam
1043 433 1331 508 Evangelii
1351 435 1650 492 veritatem
1675 440 1890 509 aperte,
1923 435 1978 502 Α
2008 441 2063 494 et
2088 436 2206 494 illic
2238 454 2426 512 usque
2455 439 2515 496 in
2546 439 2722 500 ﬁnem
2753 445 3015 516 quaerant
3043 441 3360 521 doctorem,
3391 446 3491 507 ubi
3515 467 3652 508 san-

252 523 407 597 quod
438 522 596 579 absit
627 523 639 577 l
674 539 792 580 non
824 523 1204 596 impugnatis.
1238 527 1320 581 Ad
1354 528 1525 597 cujus
1573 526 1900 582 tonitruum

249 613 522 686 quisquis
554 629 671 668 non
704 614 1146 686 expergiscitur,
1171 632 1286 670 non
1318 616 1552 681 dormit,
1577 616 1676 671 sed
1711 616 1901 670 omni-

247 720 322 758 no
353 707 444 758 est
461 703 1005 773 mortuus,cuijam
1051 705 1267 760 frustra
1291 706 1362 760 ab
1415 705 1758 761 hominibus
1782 706 1899 761 cla-

247 792 522 848 mabitur.
541 792 654 847 Sed
679 808 752 848 ne
775 792 916 848 forte
935 792 1128 848 adhuc
1150 794 1220 849 de
1246 794 1676 866 terrenaipsius
1718 795 1901 849 domi-

246 883 483 938 natione
504 880 720 952 aliquis
734 881 897 936 vobis
917 881 1236 937 dubietatis
1259 883 1514 955 supersit
1563 884 1896 955 scrupulus,

245 986 386 1025 neve
408 967 617 1025 leviter
649 969 1031 1040 suspicemini
1069 969 1282 1042 ineptis
1313 974 1370 1025 et
1401 970 1656 1025 anilibus
1687 970 1899 1026 fabulis

245 1063 510 1116 sanctam
546 1059 871 1113 Romanam
903 1059 1100 1113 sedem
1154 1059 1296 1114 vello
1323 1059 1434 1115 sibi
1483 1059 1898 1116 inconcussum

243 1148 529 1204 honorem
559 1147 858 1202 vindicare
887 1150 944 1202 et
969 1148 1274 1203 defensare
1305 1148 1900 1220 aliquatenus,pauca

246 1254 317 1293 ex
347 1235 670 1310 privilegio,
704 1237 969 1306 ejusdem
1001 1238 1365 1293 Constantini
1401 1255 1577 1293 manu
1610 1253 1744 1292 cum
1776 1255 1900 1292 cru-

244 1343 311 1382 ce
345 1343 526 1382 aurea
547 1343 724 1398 super
745 1325 999 1381 caelestis
1021 1325 1291 1398 clavigeri
1316 1327 1644 1382 venerabile
1688 1343 1899 1398 corpus

245 1415 457 1487 posito,
478 1416 551 1471 ad
575 1415 832 1471 medium
857 1416 1242 1487 proferemus,
1268 1416 1483 1488 quibus
1506 1417 1780 1472 fundatur
1801 1434 1897 1470 ve-

243 1505 392 1559 ritas
413 1509 474 1559 et
491 1504 883 1559 confundatur
904 1503 1148 1570 vanitas,
1176 1509 1242 1559 ut
1274 1506 1472 1560 omnia
1493 1505 1755 1560 membra
1802 1521 1894 1559 ca-

244 1592 481 1649 tholicae
501 1596 706 1650 matris
738 1597 1093 1667 cognoscant
1122 1595 1229 1650 nos
1250 1593 1410 1650 illius
1433 1594 1582 1650 Petri
1634 1593 1894 1664 discipli-

243 1700 339 1739 nae
367 1699 498 1740 esse
521 1685 612 1756 qui
635 1685 717 1739 sic
742 1684 799 1738 in
823 1683 1083 1756 Epistola
1123 1701 1230 1740 sua
1253 1686 1335 1740 ait
1357 1685 1426 1740 de
1469 1700 1558 1739 se:
1599 1685 1716 1740 Non
1747 1685 1895 1739 enim

236 1772 430 1828 doctas
447 1774 664 1844 fabulas
680 1776 875 1840 secuti,
901 1781 1085 1829 notam.
1099 1775 1250 1829 vobis
1271 1776 1497 1840 fecimus
1538 1775 1759 1829 Domini
1777 1789 1895 1827 nos-

185 1848 202 1861 ’
234 1865 457 1918 ιη’]εειι
472 1862 674 1917 Christi
698 1865 978 1928 virtutem,
1020 1863 1111 1918 sed
1149 1864 1511 1934 speculatores
1556 1865 1694 1932 facti
1736 1863 1892 1916 illius

231 1952 651 2024 magnitudinis
676 1953 750 2024 (II
771 1956 917 2008 Petr.
944 1953 984 2022 1)
1012 1970 1024 2019 ;
1051 1956 1108 2007 et
1129 1969 1235 2008 nos
1258 1953 1419 2008 vobis
1443 1952 1740 2008 inculcare
1775 1967 1889 2006 non

231 2040 561 2097 tamrelatu
595 2041 857 2112 quolibet
878 2057 1055 2112 quam
1098 2059 1224 2113 quae
1276 2042 1402 2113 ipso
1459 2043 1586 2098 visu
1638 2046 1694 2097 et
1731 2044 1888 2095 tactu

227 2134 540 2200 comperta
556 2130 824 2185 sunt.Vel
846 2130 1131 2185 admoniti
1151 2131 1548 2202 recognoscite
1571 2131 1709 2202 quia
1734 2129 1890 2183 idem

227 2217 532 2290 gloriosus
554 2218 828 2290 princeps
846 2219 1206 2290 injamdicto
1231 2220 1690 2292 privilegio,post
1702 2217 1890 2273 Chris-

224 2309 408 2363 tianae
430 2308 567 2362 fidei
583 2307 803 2363 claram
818 2309 1254 2379 perfectamque
1271 2309 1692 2364 confessionem
1715 2311 1890 2376 atque

225 2396 616 2468 baptismatis
637 2397 726 2452 sui
750 2397 1115 2453 enucleatam
1141 2399 1730 2458 commendationem,
1757 2409 1887 2465 spe-

225 2487 445 2542 oialem
471 2490 686 2541 sanctae
709 2486 985 2543 Romanae
1008 2486 1284 2542 Ecclesiae
1299 2487 1640 2559 dignitatem
1666 2485 1749 2540 sic
1764 2500 1890 2556 pro-

223 2575 544 2648 mulgavit,
565 2575 769 2631 dicens
793 2592 805 2629 :
831 2597 857 2625 «
879 2575 1459 2647 Utilejudicavimus,
1484 2593 1600 2631 una
1613 2592 1745 2631 cum
1769 2595 1888 2634 om-

221 2664 649 2721 nibusnostris
672 2664 948 2736 satrapis,
971 2669 1029 2720 et
1052 2665 1319 2720 universo
1343 2669 1569 2728 senatu,
1589 2667 1884 2735 optimati-

221 2754 335 2810 bus
355 2754 544 2809 etiam
566 2758 622 2808 et
646 2757 855 2809 cuncto
875 2753 1087 2824 populo
1111 2754 1382 2809 Romana:
1403 2753 1596 2825 gloria:
1641 2754 1884 2826 imperio

220 2843 604 2915 subjacente,
621 2846 704 2910 ut,
730 2842 883 2897 sicut
904 2843 1108 2898 beatus
1138 2843 1345 2898 Petrus
1362 2843 1418 2896 in
1441 2842 1611 2898 terris
1633 2843 1886 2899 vicarius

218 2929 352 2986 Filii
383 2930 495 2987 Dei
515 2931 747 2986 videtur
759 2946 888 2986 esse
910 2931 1284 2996 constitutus,
1311 2931 1391 2985 ita
1411 2931 1586 2986 etiam
1621 2936 1678 2986 et
1694 2933 1882 3001 ponti-

222 3020 372 3076 ﬁces
397 3020 597 3092 ipsius
619 3020 900 3092 principis
922 3019 1318 3091 apostolorum
1335 3021 1473 3087 vice,
1519 3019 1884 3092 principatus

218 3113 608 3181 potestatem,
631 3109 886 3180 amplius
910 3125 1089 3181 quam
1119 3113 1358 3164 terrenae
1377 3108 1699 3180 imperialis
1751 3127 1881 3165 nos-

2011 533 2236 584 ctorum
2265 531 2568 588 doctorum
2602 533 2913 605 quiescunt
2955 552 3200 608 corpora
3225 553 3238 606 ;
3263 541 3320 593 et
3350 538 3451 605 ibi,
3484 542 3651 610 proni

2010 633 2074 672 ac
2097 619 2276 675 humo
2317 622 2880 692 prostrati,cazlestis
2929 626 3082 698 regis
3103 626 3202 682 Dei
3249 630 3306 681 et
3341 627 3655 688 Salvatoris

2010 709 2351 765 nostriJesu
2372 711 2580 766 Christi
2606 712 2965 768 famulentur
3001 715 3213 784 officio,
3265 716 3365 771 ubi
3417 721 3654 790 superbi

2009 798 2219 852 terreni
2244 799 2395 869 regis
2419 801 3023 872 servicbantimpcrio.
3056 827 3076 853 «ι
3104 805 3171 859 Et
3188 805 3481 863 succincte
3504 826 3658 865 com-

2009 892 2329 942 memorato
2351 905 2456 943 suo
2483 889 2676 944 studio
2695 894 2755 944 et
2802 891 3107 948 devotione
3149 893 3209 948 in
3247 899 3654 956 construendis

2009 973 2234 1045 aliquot
2253 981 2587 1036 sanctorum
2612 978 2869 1034 basilicis
2893 985 2949 1035 et
2969 981 3362 1053 imperialium
3385 985 3650 1044 donatio-

2009 1079 2150 1116 num
2176 1064 2607 1134 magniﬁcentia
2624 1068 2992 1125 abundanter
3012 1071 3234 1142 ditatis,
3259 1073 3367 1129 ait:
3397 1096 3424 1124 «
3445 1075 3654 1133 Conce-

2009 1150 2366 1223 dimusipsis
2389 1155 2609 1210 sanctis
2631 1157 2931 1228 apostolis,
2975 1161 3231 1217 dominis
3293 1164 3651 1222 beatissimis

2007 1240 2174 1295 Petro
2199 1246 2254 1296 et
2277 1241 2470 1308 Paulo,
2497 1249 2554 1299 et
2573 1262 2674 1315 per
2695 1245 2800 1301 hos
2822 1247 2996 1303 etiam
3018 1250 3186 1305 beato
3236 1251 3511 1310 Silvestro
3544 1256 3648 1312 Pa-

2007 1329 2079 1383 tri
2108 1333 2329 1396 nostro,
2355 1349 2586 1388 summo
2608 1335 2892 1404 pontifici,
2920 1342 2978 1392 et
2999 1338 3313 1395 universali
3336 1343 3497 1399 urbis
3542 1345 3652 1400 Ro-

2008 1434 2112 1472 mae
2132 1425 2377 1490 papae,et
2395 1422 2670 1478 omnibus
2691 1425 2820 1495 ejus
2837 1427 3244 1483 sucessoribus
3261 1431 3658 1502 pontiﬁcibus,

2007 1506 2107 1578 qui
2133 1525 2319 1579 usque
2342 1509 2398 1563 in
2417 1511 2592 1566 finem
2621 1514 2824 1568 mundi
2851 1515 2906 1569 in
2949 1515 3086 1571 sede
3107 1517 3261 1574 beati
3293 1518 3444 1576 Petri
3489 1527 3662 1579 erunt

2015 1597 2258 1666 sessuri,
2285 1603 2458 1670 atque
2482 1601 2552 1656 de
2605 1603 2873 1672 praesenti
2921 1608 3323 1665 contradimus
3374 1610 3659 1682 palatium

2003 1684 2234 1757 imperii
2259 1689 2440 1744 nostri
2463 1691 2868 1760 Laterancnse,
2920 1697 3072 1766 quod
3092 1698 3366 1754 omnibus
3415 1699 3474 1754 in
3534 1704 3654 1757 toto

2004 1775 2142 1830 orbe
2181 1781 2468 1832 terrarum
2499 1782 2801 1850 praefertur
2825 1787 2997 1852 atque
3048 1786 3319 1855 praecedit
3368 1787 3647 1857 palatiis:

2003 1864 2212 1920 deinde
2252 1866 2542 1935 diadema,
2569 1869 2838 1925 videlicet
2880 1889 3152 1927 coronam
3178 1873 3387 1943 capitis
3434 1878 3643 1945 nostri,

2001 1952 2294 2025 simulque
2317 1955 2883 2028 phrygium,necnon
2907 1965 2964 2014 et
3003 1961 3506 2032 superhumerale,
3559 1965 3646 2020 vi-

2001 2041 2207 2096 delicet
2226 2041 2414 2097 lorum
2454 2047 2609 2116 quod
2664 2046 2968 2118 imperiale
3017 2049 3380 2106 circumdare
3430 2053 3648 2111 assolet

1999 2130 2212 2185 collum
2239 2150 2252 2199 ;
2274 2149 2474 2188 verum
2498 2135 2673 2189 etiam
2698 2140 2755 2191 et
2781 2137 3150 2210 chlamydem
3181 2149 3651 2212 purpuream,at-

2000 2235 2113 2290 que
2134 2222 2393 2277 tunicam
2420 2224 2768 2292 coccineam,
2812 2229 2869 2280 et
2889 2227 3087 2283 omnia
3115 2228 3441 2299 imperialis
3477 2231 3649 2288 indu-

1998 2314 2218 2377 menta,
2257 2313 2435 2368 sedet
2492 2313 2838 2385 dignitatem
2887 2315 3284 2387 imperialium
3337 2320 3652 2390 praesiden-

1998 2397 2146 2453 tium
2169 2401 2456 2470 equitum,
2477 2403 2840 2460 conferentes
2866 2405 2917 2459 ei
2935 2403 3110 2460 etiam
3132 2406 3459 2478 imperialia
3489 2425 3655 2482 scep-

1997 2492 2107 2554 tra,
2141 2488 2435 2561 simulque
2457 2496 2666 2546 cuncta
2688 2491 2858 2564 signa
2879 2498 3050 2563 atque
3072 2495 3467 2563 banda,etiam
3489 2502 3544 2553 et
3564 2499 3654 2553 di-

1996 2593 2162 2632 versa
2183 2585 2526 2636 ornamenta
2553 2581 2941 2651 imperalia,et
2957 2600 3190 2638 omnem
3215 2586 3648 2654 processionem

1995 2667 2074 2720 im
2085 2665 2314 2737 perialis
2328 2669 2918 2742 culminisetgloriam
2926 2673 3227 2742 potestatis
3242 2673 3651 2733 nostrae.Viros

1993 2755 2169 2810 etiam
2194 2758 2708 2815 reverendissimos
2729 2759 3189 2814 clericosdiversi
3205 2761 3647 2831 ordinis,eidem

1994 2851 2376 2901 sacrosancta:
2401 2847 2675 2902 Romanae
2708 2848 2978 2902 Ecclesiae
3007 2847 3322 2904 servientes
3344 2849 3491 2907 illud
3533 2852 3650 2908 cul-

1995 2948 2128 2986 men
2153 2934 2470 3004 singularis
2495 2935 2761 3006 potentie
2786 2939 2842 2990 et
2863 2934 3260 3006 praecellentia:
3283 2937 3501 2996 habere
3515 2959 3647 2997 sano

1994 3019 2206 3086 cimus,
2230 3023 2400 3092 cujus
2424 3024 2830 3094 amplissimus
2873 3028 3071 3079 noster
3118 3030 3360 3084 senatus
3416 3030 3650 3087 videtur

1992 3109 2178 3180 gloria
2200 3111 2494 3177 adornari,
2519 3112 2575 3167 id
2601 3117 2707 3180 est,
2733 3113 3010 3184 patricios
3036 3117 3211 3186 atque
3229 3117 3504 3175 consules
3527 3121 3653 3176 εἶ’ῐί-

219 3203 328 3255 iraa
347 3198 688 3255 serenitatis
703 3199 1092 3254 mansuetudo
1114 3197 1327 3254 habere
1367 3197 1612 3264 videtur,
1661 3215 1890 3254 conces-
1917 3183 1962 3246 (ἶ
2001 3199 2075 3269 ci,
2101 3216 2322 3255 necnon
2348 3205 2403 3256 et
2425 3200 2646 3256 caeteris
2665 3183 3050 3273 dignitatibus
3091 3183 3500 3274 imperialibus
3549 3224 3650 3264 eos

216 3305 360 3344 sam
401 3305 438 3342 a
461 3287 629 3342 nobis
651 3292 966 3360 nostroque
996 3287 1242 3359 imperio
1266 3287 1586 3352 obtineant,
1612 3286 1890 3358 eligentes

218 3376 415 3432 nobis
435 3375 632 3446 ipsum
651 3375 969 3449 principem
999 3376 1420 3448 apostolorum,
1447 3376 1537 3430 vel
1565 3377 1691 3447 ejus
1734 3377 1886 3432 vica-

210 3465 372 3529 rios,
391 3463 595 3520 ﬁrmos
611 3466 761 3536 apud
789 3466 974 3521 Deum
1000 3483 1128 3522 esse
1154 3469 1450 3537 patronos.
1488 3467 1552 3520 Et
1575 3464 1727 3521 sicut
1750 3483 1888 3522 nos-

200 3559 302 3609 tra
322 3557 422 3610 est
447 3559 680 3609 terrena
698 3553 1022 3626 imperialis
1045 3555 1416 3627 potentia,ita
1435 3555 1563 3624 ejus
1589 3571 1887 3610 sacrosan-

199 3649 368 3700 ctam
393 3644 726 3699 Romanam
755 3643 1075 3700 Ecclesiam
1115 3644 1480 3699 decrevimus
1531 3650 1872 3699 veneranler

198 3732 595 3798 honorare,et
621 3731 876 3804 amplius
898 3749 1078 3803 quam
1102 3736 1368 3787 nostrum
1395 3732 1548 3803 impe
1562 3734 1713 3787 rium
1765 3738 1881 3788 ter-

196 3820 836 3892 renumquethronum
863 3821 1063 3876 sedem
1097 3819 1557 3876 sacratissimam
1608 3821 1669 3874 B.
1726 3821 1882 3876 Petri

194 3911 464 3984 gloriose
488 3908 1101 3977 exaltare,tribuentes
1119 3908 1170 3965 ei
1203 3913 1546 3980 potestatem
1572 3913 1628 3963 et
1673 3909 1870 3981 gloria

187 4000 762 4074 dignitatem,atque
783 3996 1041 4069 vigorem
1059 4001 1116 4053 et
1158 3997 1657 4053 honoriﬁcentiam
1683 3999 1871 4070 impe-

187 4089 404 4144 rialem
423 4105 442 4155 ',
458 4090 642 4158 atque
659 4087 1042 4143 decernentes
1061 4087 1358 4142 sancimus
1401 4091 1462 4140 ut
1486 4085 1892 4164 principatum

187 4183 556 4245 teneat,tam
578 4192 761 4246 super
783 4181 1037 4246 quatuor
1054 4174 1731 4242 sedes,Alexandrinam,
1765 4179 1878 4230 An-

186 4263 1178 4336 tiochenam,Hierosolymitanam
1201 4280 1264 4318 ac
1289 4264 1880 4334 Constantinopolita-

193 4367 686 4425 nam,quamque
709 4351 885 4408 etiam
914 4369 1092 4425 super
1107 4369 1311 4408 omnes
1338 4353 1396 4407 in
1431 4353 1699 4408 universo
1740 4355 1874 4408 orbe

187 4449 512 4500 terrarum
540 4440 640 4495 Dei
663 4440 1035 4510 Ecclesias,et
1055 4441 1573 4514 pontifex,qui,pro
1593 4446 1873 4513 tempore,

2002 3289 2447 3362 promulgamus
2488 3290 2766 3345 decorari.
2793 3294 2861 3345 Et
2907 3291 3060 3346 sicut
3105 3290 3426 3363 imperialis
3460 3300 3650 3352 exstat

2001 3377 2271 3434 decorata
2289 3377 2610 3449 militia,ita
2630 3384 2685 3434 et
2707 3378 2928 3435 clerum
2952 3380 3010 3435 S.
3053 3381 3328 3437 Romana:
3377 3381 3648 3440 Ecclesiae

1999 3466 2195 3521 ornari
2216 3467 2608 3522 decernimus.
2660 3468 2730 3522 Et
2782 3469 3280 3540 quemadmodum
3323 3470 3649 3544 imperialis

2000 3555 2260 3625 potentia
2286 3554 2530 3610 diversis
2550 3556 3216 3620 ol'ficiis,cubicularium
3243 3576 3453 3632 nempe
3475 3566 3530 3617 et
3551 3580 3644 3618 os-

1996 3643 2508 3715 tiariorum,atque
2533 3645 2795 3699 omnium
2823 3647 3223 3702 excubitorum
3267 3652 3529 3716 ornatur,
3561 3650 3644 3705 ita

1995 3736 2049 3787 et
2072 3736 2336 3788 sanctam
2361 3734 2684 3789 Romanam
2709 3733 3023 3789 Ecclesiam
3037 3734 3298 3788 decorari
3343 3733 3638 3792 volumus.

1994 3822 2062 3876 Et
2092 3825 2156 3876 ut
2174 3822 2538 3892 amplissime
2562 3821 2892 3892 pontificale
2951 3822 3128 3874 decus
3151 3820 3515 3893 praefulgeat,
3548 3825 3642 3879 de-

1993 3910 2288 3965 cernimus
2310 3913 2367 3964 et
2388 3909 2496 3963 hoc
2520 3914 2584 3962 ut
2605 3909 2794 3963 clerici
2821 3908 3086 3977 ejusdem
3139 3909 3197 3962 S.
3220 3908 3496 3966 Romanae
3545 3915 3641 3968 Ec-

1993 3998 2179 4054 clesia:
2204 3998 2501 4069 mappulis
2524 4001 2580 4051 ct
2602 3996 3132 4062 linteaminibus,id
3162 4000 3252 4053 est
3291 3999 3638 4058 candidissi-

1992 4105 2087 4142 mo
2106 4087 2312 4152 colore,
2334 4086 2634 4141 decoratos
2673 4102 2858 4157 equos
2903 4085 3192 4156 equitent.
3219 4087 3286 4141 Et
3307 4088 3392 4144 sic
3443 4095 3641 4148 noster

1990 4179 2228 4231 senatus
2251 4173 2659 4230 calceamentis
2698 4174 2881 4229 utitur
2921 4191 3052 4230 cum
3101 4175 3424 4245 udonibus,
3469 4178 3527 4234 id
3553 4185 3642 4236 est

1989 4263 2235 4319 candido
2258 4262 2598 4318 linteamine
2627 4262 2955 4329 illustratis,
2984 4263 3068 4319 sic
3091 4267 3333 4320 utantur
3371 4270 3428 4320 et
3469 4265 3638 4321 cleri-

1987 4353 2036 4408 ci
2068 4357 2160 4420 ;ct
2183 4353 2264 4407 ita
2285 4351 2540 4407 coelestia
2579 4352 2731 4407 sicut
2752 4357 3002 4418 terrena,
3043 4353 3113 4407 ad
3139 4353 3375 4408 laudem
3418 4354 3516 4409 Dei
3539 4356 3636 4409 de-

1988 4441 2406 4497 corentur.Pree
2434 4443 2711 4496 omnibus
2735 4447 2929 4497 autem
2959 4441 3253 4495 licentiam
3285 4439 3632 4509 tribuentes,

189 4532 397 4604 ipsius
420 4533 822 4584 sacrosanctis
850 4530 1120 4585 Romanae
1145 4530 1413 4586 Ecclesiae
1444 4531 1733 4587 exstiterit
1766 4532 1875 4586 ccl-
1909 4546 1954 4610 D
1987 4530 2362 4587 concedimus
2388 4530 2500 4601 ipsi
2522 4531 2894 4585 sanctissimo
2916 4527 3070 4583 Patri
3095 4532 3314 4593 nostro,
3352 4527 3628 4583 Silvestro

187 4623 319 4677 sior
339 4626 408 4676 et.
443 4616 719 4689 princeps
738 4618 966 4674 'cunctis
991 4620 1394 4676 sacerdotibus
1444 4622 1626 4676 totius
1674 4621 1871 4675 mundi

185 4711 454 4779 existat,
481 4711 539 4761 et
560 4708 1208 4780 ejusjudicio,quaaque
1230 4710 1300 4764 ad
1333 4708 1560 4765 cultum
1590 4709 1687 4764 Dei
1711 4709 1793 4764 vel
1813 4711 1875 4762 tl-

185 4800 286 4856 dei
303 4796 801 4854 Christianorum
827 4796 1203 4853 stabilitatem
1229 4799 1593 4869 procuranda
1641 4797 1876 4864 fuerint,

1988 4619 2150 4674 urbis
2169 4620 2362 4674 Romae
2378 4619 2670 4689 episcopo,
2693 4623 2750 4674 et
2770 4635 2949 4689 papae,
2975 4619 3030 4670 et
3046 4615 3320 4670 omnibus
3344 4615 3447 4686 qui
3499 4621 3634 4688 post

1985 4724 2119 4763 eum
2143 4708 2200 4762 in
2224 4723 2496 4762 successu
2518 4711 2573 4761 ct
2590 4705 2884 4777 perpetuis
2906 4704 3268 4774 temporibus
3291 4704 3636 4763 advenerint

1989 4796 2344 4852 beatissimis
2369 4794 2870 4866 pontilic1bus,pro
2891 4793 3110 4848 honore
3132 4796 3189 4848 et
3208 4792 3399 4866 gloria
3437 4793 3633 4852 Chris-

1990 4886 2033 4940 ti
2056 4885 2150 4939 Dei
2174 4884 2355 4938 nostri
2379 4883 2438 4938 in
2461 4883 2660 4937 eadem
2690 4897 2904 4952 magna
2924 4881 3025 4936 Dei
3049 4881 3340 4940 catholica
3379 4887 3436 4940 et
3465 4897 3636 4957 apos-

1993 4974 2165 5029 tolica
2182 4972 2529 5038 Ecclesia,ex
2547 4975 2744 5026 nostro
2762 4970 3001 5040 indicto,
3018 4987 3193 5044 quem
3216 4971 3483 5044 placatus
3505 4991 3636 5046 pro-

1995 5062 2121 5135 prio
2139 5061 2383 5117 consilio
2405 5059 2682 5114 clericare
2701 5058 3032 5128 voluerit,et
3053 5060 3111 5116 in
3145 5078 3393 5118 numero
3414 5061 3640 5133 religio-

1995 5168 2193 5207 sorum
2217 5150 2558 5205 clericorum
2584 5149 3262 5217 connumerare,nullum
3281 5166 3350 5205 ex
3365 5147 3640 5204 omnibus

1994 5243 2448 5312 praesumentem
2482 5237 2731 5308 superbe
2759 5255 2947 5309 agere.

2065 5327 2240 5382 XlV.u
2270 5327 2641 5382 Dccrcvimus
2660 5325 2856 5396 itaque
2879 5331 2938 5380 et
2958 5325 3087 5392 hoc,
3114 5328 3178 5379 ut
3198 5324 3352 5378 idem
3401 5339 3642 5380 venera-

1995 5417 2130 5474 bilis
2148 5417 2545 5484 Paternoster,
2573 5415 2849 5471 Silvester
2899 5430 3172 5469 summus
3220 5411 3501 5484 pontifex,
3554 5415 3646 5472 vel

1997 5523 2199 5562 omnes
2220 5507 2270 5561 ei
2287 5506 2666 5562 succedentes
2690 5502 3649 5576 pontiﬁces,diademate,videlicet

1998 5613 2229 5662 corona,
2265 5613 2442 5666 quam
2466 5612 2533 5650 cx
2559 5595 2744 5667 capite
2767 5598 2964 5651 nostro
3013 5591 3096 5648 illi
3120 5593 3545 5663 concessimus,
3580 5612 3648 5651 ex

183 4888 636 4960 disponantur.
667 4884 904 4940 Justum
931 4886 1150 4958 quippe
1190 4891 1278 4942 est
1319 4894 1386 4941 ut
1430 4887 1508 4941 ibi
1533 4886 1622 4941 lcx
1679 4891 1883 4941 sancta

180 4980 386 5050 caput
403 4977 612 5031 teneat
634 4973 1030 5046 principatus,
1053 4976 1154 5032 ubi
1171 4981 1506 5031 sanctarum
1544 4976 1741 5048 legum
1762 4975 1881 5032 ins-

183 5068 442 5133 titutor,
477 5062 746 5119 Salvator
792 5068 1006 5131 noster,
1027 5066 1264 5120 beatum
1291 5066 1523 5121 Petrum
1553 5064 1881 5137 apostolum

184 5156 490 5214 obtinere
507 5151 783 5223 praecepit
813 5152 1175 5221 cathedram,
1206 5155 1303 5208 ubi
1327 5159 1383 5209 ct
1413 5154 1602 5209 crucis
1661 5155 1885 5224 patibu-

186 5249 328 5302 lum
353 5243 703 5310 sustinens,
729 5243 911 5298 beatae
934 5242 1140 5298 mortis
1162 5243 1416 5313 sumpsit
1441 5241 1740 5314 poculum,
1764 5244 1883 5299 sui-

189 5350 314 5408 que
337 5329 630 5402 Magistri
672 5335 730 5386 et
777 5331 1010 5387 Domini
1056 5331 1320 5386 imitator
1363 5332 1652 5404 apparuit,
1702 5337 1758 5387 et
1806 5332 1884 5386 ibi

193 5427 433 5497 gentes
470 5435 574 5490 pro
632 5418 850 5475 Christi
901 5420 1158 5476 nominis
1208 5421 1573 5477 confessione
1606 5421 1756 5477 colla
1796 5421 1887 5476 ﬂe-

195 5515 407 5574 ctant,
448 5508 550 5562 ubi
583 5523 789 5564 eorum
821 5510 1023 5566 doctor
1053 5513 1260 5567 beatus
1320 5510 1534 5567 Paulus
1585 5510 1886 5582 apostolus

193 5617 310 5674 pro
347 5595 624 5666 Christo,
646 5601 882 5656 extenso
905 5597 1077 5669 collo,
1112 5601 1390 5673 martyrio
1415 5602 1504 5656 est
1524 5604 1836 5655 coronatus
1872 5618 1884 5668 ;
