4088 6174
406 273 524 336 755

1480 281 1545 343 S.
1592 272 1873 343 LEONIS
1916 279 2000 341 IX
2042 277 2272 341 PAPE
2311 275 2745 341 OPUSGULA.

3697 277 3819 342 ’156

405 425 546 467 auro
571 409 885 482 purissimo
915 417 972 470 et
999 415 1248 486 gemmis
1272 414 1542 488 pretiosis
1574 414 1658 469 uti
1690 414 1960 483 debeant,
1993 417 2051 470 et
2079 413 2133 481 Α
2160 412 2336 485 inferi
2362 428 2474 468 non
2492 412 2875 484 praevalebunt
2922 409 3181 468 adversus
3209 425 3353 467 eam.
3384 412 3460 467 Et
3516 410 3622 468 tibi
3672 411 3811 471 dabo

404 498 465 555 in
497 498 684 573 capite
714 502 785 557 ad
830 501 1061 560 laudem
1125 506 1220 561 Dei
1253 523 1356 577 pro
1416 505 1635 560 honore
1690 504 1842 559 beati
1891 503 2048 559 Petri

403 595 652 666 gestare.
686 594 813 664 Ipse
838 610 970 650 vero
992 595 1369 651 beatissimus
1400 612 1551 668 papa
1579 611 1754 665 super
1773 610 2048 649 coronam

405 678 737 748 clericatus,
769 698 947 753 quam
979 684 1125 755 gerit
1156 684 1224 738 ad
1256 683 1501 755 gloriam
1524 683 1676 738 beati
1716 682 1886 748 Petri,
1921 699 2050 738 om-

406 767 544 825 nino
574 767 702 840 ipsa
732 786 802 825 ex
830 788 971 827 auro
1003 790 1116 827 non
1150 777 1239 828 est
1260 790 1469 844 passus
1502 772 1585 827 uti
1605 789 1818 828 corona
1840 790 1853 840 ;
1876 771 2051 843 phry-

407 859 571 934 gium
600 862 796 913 autem
827 860 1075 935 candido
1106 862 1315 925 nitore,
1362 859 1732 933 splendidam
1765 876 2054 917 resurrec-

407 948 626 1004 tionem
657 948 1023 1004 Dominicam
1071 950 1408 1022 designans,
1468 951 1595 1021 ejus
1654 949 2051 1005 sacratissimo

404 1036 603 1093 vertici
635 1038 909 1094 manibus
937 1038 1151 1094 nostris
1196 1035 1611 1111 imposuimus,
1672 1044 1730 1094 et
1788 1042 2051 1094 tenentes

407 1127 639 1182 frenum
669 1128 803 1198 equi
836 1126 1163 1199 ipsius,pro
1196 1128 1515 1184 reverentia
1538 1128 1691 1184 beati
1720 1128 2053 1194 Petri,stra-

409 1215 551 1272 toris
585 1214 671 1269 illi
710 1216 967 1271 ofﬁcium
1014 1216 1409 1283 exhibuimus,
1471 1220 1791 1272 statuentes
1848 1217 2053 1273 eodem

406 1306 652 1381 phrygio
672 1322 877 1362 omnes
899 1321 1230 1361 sucessores
1247 1307 1374 1375 ejus
1390 1305 1767 1377 singulariter
1813 1307 1872 1361 in
1921 1322 2055 1379 pro-

408 1397 800 1461 cessionibus,
822 1396 894 1450 ad
913 1395 1297 1451 imitationem
1318 1395 1547 1467 imperii
1566 1395 1770 1451 nostri.
1808 1394 1969 1450 Unde
1992 1399 2057 1450 ut

407 1483 757 1558 pontiﬁcalis
769 1500 914 1557 apex
942 1501 1059 1539 non
1078 1484 1439 1553 vilescat,sed
1466 1486 1654 1557 magis
1676 1502 1852 1557 quam
1875 1489 2054 1540 terre-

408 1574 469 1629 ni
490 1572 722 1646 imperii
739 1573 995 1645 dignitas
1016 1577 1075 1628 et
1092 1572 1287 1644 gloriae
1311 1574 1571 1645 potentia
1594 1575 2057 1644 decoretur,ecce

407 1667 527 1720 tam
551 1662 835 1735 palatium
858 1666 1146 1730 nostrum,
1172 1667 1234 1718 ut
1256 1663 1557 1735 prmlatum
1580 1668 1690 1730 est,
1731 1681 1908 1736 quam
1944 1665 2054 1720 Ro-

410 1767 648 1808 manam
665 1752 896 1822 urbem,
917 1756 976 1807 et
1013 1768 1217 1807 omnes
1242 1752 1414 1808 Italiae
1460 1770 1563 1809 seu
1607 1752 2055 1810 occidentalium

408 1841 715 1913 regionum
736 1839 1222 1912 provincias,loca
1242 1846 1299 1896 et
1321 1842 1602 1909 civitates,
1627 1842 1900 1914 saepefato
1927 1843 2058 1898 bea-

408 1929 641 1985 tissimo
662 1928 945 2001 pontiﬁci,
971 1932 1027 1984 et
1045 1929 1200 1985 Patri
1224 1935 1421 1986 nostro
1444 1930 1721 1987 Silvestro
1740 1931 2058 1987 universali

408 2035 570 2092 papae
588 2019 996 2073 contradentes
1018 2022 1193 2090 atque
1221 2019 1694 2091 relinquentes,ei
1716 2020 1805 2076 vel
1827 2037 2060 2077 succes-

411 2107 645 2164 soribus
668 2107 856 2179 ipsius
877 2106 1253 2179 pontificibus
1276 2112 1621 2179 potestatem
1667 2113 1725 2164 et
1776 2108 2058 2165 ditionem

411 2196 644 2251 ﬁrmam
668 2195 956 2266 imperiali
975 2212 1222 2251 censura
1241 2214 1343 2268 per
1364 2196 1514 2252 hanc
1529 2201 1791 2252 nostram
1810 2197 2060 2254 divalem

404 2285 736 2358 jussionem
758 2287 816 2338 et
837 2286 1263 2356 pragmaticum
1286 2286 1671 2341 constitutum
1694 2287 2061 2343 decernimus

413 2372 796 2444 disponenda,
831 2376 1005 2443 atque
1022 2373 1145 2442 juri
1184 2378 1401 2429 sanctae
1462 2374 1736 2430 Romana
1795 2376 2060 2432 Ecclesia:

413 2459 791 2517 concedimus
824 2476 1225 2531 permansura.
1261 2462 1423 2518 Unde
1453 2479 1779 2536 congruum
1823 2480 2062 2536 prospe-

413 2549 609 2604 ximus
630 2550 897 2602 nostrum
916 2548 1226 2620 imperium
1246 2553 1301 2604 et
1319 2551 1479 2623 regni
1504 2555 1849 2623 potestatem
1872 2552 2060 2608 orien-

414 2637 634 2695 talibus
664 2637 967 2694 transferri
990 2654 1054 2693 ac
1075 2640 1463 2695 transmutari
1511 2640 1866 2713 regionibus,
1916 2648 1971 2697 et
2001 2642 2058 2696 in

415 2726 701 2801 Byzantia
732 2726 1039 2799 provinciae
1072 2727 1293 2799 Optimo
1325 2727 1447 2784 loco
1480 2729 1702 2784 nomini
1734 2734 1933 2786 nostro
1978 2731 2058 2785 ci-

413 2818 653 2874 vitatem
683 2816 979 2883 aedificari,
1011 2819 1067 2871 et
1090 2821 1358 2873 nostrum
1388 2817 1505 2874 illic
1537 2818 1816 2874 constitui
1872 2819 2061 2891 impe-

415 2906 592 2973 rium,
654 2905 935 2977 quoniam
996 2906 1095 2961 ubi
1154 2906 1518 2979 principatus
1577 2909 1946 2964 sacerdotum
2004 2912 2062 2964 et

416 2994 755 3049 Christianas
796 2993 1092 3067 religionis
1114 3001 1296 3067 caput
1349 2997 1421 3051 ab
1454 2998 1807 3069 lmperatore
1839 2996 2060 3054 caelesti

416 3082 808 3139 constitutum
840 3088 947 3149 est,
970 3084 1203 3155 justum
1246 3102 1360 3140 non
1388 3088 1476 3140 est
1508 3090 1572 3139 ut
1620 3084 1739 3140 illic
1789 3090 2058 3141 terrenus

2158 502 2333 558 claves
2363 502 2520 573 regni
2546 502 2828 557 eceteram.
2850 503 2916 557 Et
2946 501 3304 573 quodcunque
3362 500 3623 570 ligaveris
3650 519 3814 576 super

2159 595 2384 658 terram,
2415 592 2521 646 erit
2551 591 2781 661 ligatum
2808 598 2859 646 et
2887 592 2948 645 in
2976 591 3122 646 caelis
3149 607 3170 652 ,'
3200 593 3253 645 et
3302 588 3656 662 quodcunque
3709 593 3818 650 sol-

2163 682 2302 736 veris
2331 696 2493 751 super
2516 681 2855 747 terram,erit
2876 680 3116 735 solutum
3144 680 3269 735 etin
3293 680 3812 754 ccetis(Mattlt.xv1).

2161 770 2268 834 Qui
2299 770 2477 825 etiam
2506 769 2565 824 in
2597 768 2861 840 catalago
2883 768 3505 840 apostolorum,instar
3534 770 3812 841 cardinis,

2162 859 2234 914 ab
2257 858 2384 931 ipso
2407 857 2652 913 Domino
2680 858 2823 913 Jesu
2847 857 3074 913 Christo
3096 857 3323 930 primus
3353 857 3817 930 positus,Petrus

2163 947 2220 1002 id
2243 953 2332 1003 est
2362 947 2585 1019 Cephas,
2607 951 2795 1003 exstat
2824 946 3290 1019 cognominatus.
3324 946 3427 1003 Cui
3477 948 3812 1021 specialiter

2162 1040 2219 1092 et
2248 1036 2618 1106 nominatim,
2642 1054 2758 1093 non
2790 1040 3020 1093 tantum
3060 1041 3195 1093 ante
3226 1036 3559 1109 passionem
3617 1055 3812 1108 suam,

2161 1141 2363 1182 verum
2389 1130 2445 1183 et
2473 1126 2532 1181 in
2567 1126 2754 1199 ipsius
2785 1125 3031 1181 articulo
3090 1125 3404 1198 passionis,
3434 1142 3571 1183 mox
3614 1132 3683 1183 ut
3718 1129 3813 1185 sui

2147 1204 2423 1287 corporis
2454 1218 2511 1272 et
2553 1214 2859 1289 sanguinis
2915 1214 3185 1271 mirabile
3239 1214 3583 1288 mysterium
3644 1234 3819 1291 agen-

2165 1304 2306 1360 dum
2327 1303 2676 1377 generaliter
2696 1302 3003 1376 discipulis
3032 1302 3421 1371 tradidit,tam
3434 1320 3567 1361 oves
3597 1321 3658 1361 se
3689 1323 3819 1378 pas-

2164 1395 2359 1449 torum
2390 1394 2622 1449 Pasiore
2669 1410 2968 1465 percusso,
3027 1392 3467 1466 dispergendas,
3525 1410 3706 1465 quam
3764 1399 3818 1452 et

2166 1481 2425 1554 usquein
2456 1483 2633 1537 finem
2664 1482 2863 1539 saeculi
2922 1483 2995 1538 ad
3048 1498 3233 1537 unum
3291 1481 3473 1550 ovile,
3532 1488 3590 1539 et
3647 1484 3721 1540 ad
3753 1501 3814 1541 se

2165 1587 2348 1626 unum
2373 1575 2669 1643 pastorem
2726 1570 3083 1645 colligendas
3142 1571 3632 1640 commendando,
3691 1573 3813 1629 ait:

2164 1658 2375 1725 Simon,
2403 1659 2614 1728 Simon,
2636 1676 2752 1716 ecce
2777 1660 3008 1716 Satanas
3035 1660 3299 1732 expetivit
3342 1677 3453 1729 vos,
3485 1666 3546 1716 ut
3598 1661 3828 1718 cribra-4

2169 1753 2251 1805 ret
2277 1752 2422 1805 sicut
2442 1750 2690 1805 triticum
2716 1767 2737 1811 .·
2767 1766 2865 1819 ego
2896 1753 3082 1805 autem
3105 1751 3303 1823 rogavi
3356 1766 3455 1822 pro
3483 1754 3559 1819 te,
3588 1756 3647 1807 ut
3703 1768 3815 1807 non

2169 1838 2386 1909 deﬁciat
2410 1839 2543 1909 ﬁdes
2568 1847 2662 1895 tua
2689 1857 2708 1894 :
2740 1847 2790 1895 et
2819 1849 2881 1895 tu
2902 1838 3201 1910 aliquando
3225 1855 3518 1896 conversus
3546 1842 3813 1911 confirma

2166 1930 2369 1997 fratres
2393 1932 2511 1984 tuos
2542 1928 2693 1999 (Luc.
2719 1928 2882 2000 xxn).
2908 1928 3108 2001 Ipsum
3146 1944 3378 2000 quoque
3407 1929 3650 2003 angelus
3708 1945 3812 2002 per

2172 2015 2447 2073 mulieres
2477 2017 2549 2073 ad
2580 2016 2892 2073 videndam
2922 2017 3282 2089 resurgentis
3295 2018 3550 2091 Magistri
3561 2018 3812 2090 gloriam

2173 2105 2409 2161 nomine
2438 2104 2723 2171 invitavit,
2755 2121 2891 2160 cum
2917 2104 3064 2161 dixit
3096 2122 3110 2160 :
3142 2106 3313 2161 Dicite
3337 2106 3615 2178 discipulis
3669 2109 3808 2179 ejus,

2171 2200 2221 2250 et
2251 2197 2431 2261 Petro,
2464 2196 2604 2266 quia
2631 2196 2874 2250 surrexit
2903 2198 2959 2250 et
2986 2210 3103 2250 ecce
3125 2194 3388 2266 praecedet
3426 2210 3511 2250 vos
3542 2197 3604 2250 in
3661 2194 3816 2251 Gali-

2174 2285 2359 2341 laeam.
2390 2285 2473 2338 Ibi
2502 2300 2630 2339 eum
2658 2283 2906 2339 videbitis
2936 2284 3157 2356 (Matth.
3179 2285 3295 2356 xx).
3327 2284 3560 2340 Necnon
3599 2283 3815 2352 eidem,

2172 2373 2302 2444 ipsa
2328 2371 2421 2427 die
2451 2371 2895 2428 resurrectionis
2924 2389 3063 2441 suae,
3096 2372 3229 2445 pius
3259 2377 3317 2428 et
3343 2389 3513 2429 verax
3543 2373 3824 2447 Magister

2175 2458 2467 2530 apparuit,
2512 2459 3015 2530 quemadmodum
3069 2458 3416 2516 venerabilis
3462 2460 3824 2534 evangelista

2172 2546 2356 2603 Lucas
2388 2564 2495 2602 nos
2527 2546 2787 2613 instruit,
2822 2547 3023 2603 dicens
3055 2564 3068 2602 :
3105 2549 3245 2617 Quia
3273 2551 3522 2605 surrexit
3557 2550 3824 2607 Dominus

2176 2652 2316 2703 vere,
2346 2641 2399 2691 et
2428 2638 2690 2708 apparuit
2733 2637 2946 2694 Simoni
2974 2638 3123 2708 (Luc.
3180 2638 3356 2710 xxxv).
3389 2641 3576 2704 Quam
3635 2639 3823 2696 mani-

2175 2724 2542 2780 festationem
2573 2724 2683 2781 soli
2714 2725 2881 2781 Petro
2911 2725 3097 2799 prius,
3131 2726 3339 2783 deinde
3388 2726 3473 2782 illi
3499 2743 3635 2783 cum
3692 2728 3824 2785 reli-

2172 2813 2305 2885 quis
2353 2813 2772 2887 condiscipulis
2806 2814 3041 2886 factam,
3100 2814 3392 2887 gloriosus
3450 2818 3826 2890 coapostolus

2172 2903 2301 2975 ejus
2329 2901 2542 2959 Paulus
2574 2902 2848 2970 declarat,
2876 2904 2977 2958 ubi
3008 2904 3081 2959 ad
3112 2903 3444 2961 Corinthios
3475 2905 3561 2962 sic
3590 2906 3824 2963 scribit:

2175 2991 2315 3060 Quia
2342 2994 2586 3048 surrexit
2615 2993 2863 3051 Christus
2891 2995 3058 3049 tertia
3076 2992 3165 3049 die
3219 2994 3516 3050 secundum
3573 2995 3828 3069 Scriptu-

2172 3098 2284 3152 ras,
2307 3084 2357 3137 et
2386 3084 2520 3154 quia
2549 3084 2692 3138 visus
2715 3091 2792 3137 est
2824 3081 3038 3155 Cephcz’,
3096 3088 3145 3139 et
3174 3087 3293 3155 post
3344 3085 3463 3142 haec
3510 3086 3763 3142 undecim
3780 3086 3829 3157 (ι

414 3172 731 3246 imperator
759 3173 971 3228 habeat
991 3177 1357 3245 potestatem.
1393 3174 1522 3229 Haec
1555 3190 1685 3229 vero
1711 3174 2063 3246 omnia,qua=.
2094 3161 2137 3229 C
2177 3170 2297 3226 Cor.
2330 3173 2422 3242 xv)

414 3279 518 3335 per
541 3263 692 3318 hanc
723 3261 1087 3333 imperialem
1110 3279 1337 3317 sacram
1360 3267 1416 3318 et
1437 3280 1538 3335 per
1566 3262 1681 3319 alia
1710 3263 1924 3320 divalia
1970 3265 2065 3320 de-

416 3355 573 3407 creta
602 3350 916 3405 statuimus
948 3355 1122 3421 atque
1153 3351 1649 3417 conﬁrmavimus,
1680 3369 1867 3424 usque
1910 3353 1968 3407 in
2003 3353 2063 3407 ﬁ-

416 3453 552 3491 nem
584 3437 789 3491 mundi
816 3437 1041 3493 illibata
1068 3443 1124 3493 et
1153 3438 1501 3495 inconcussa
1543 3457 1929 3511 permansura
1957 3442 2062 3498 de-

413 3524 729 3581 cernimus.
757 3548 778 3573 »
818 3525 1039 3581 Deinde
1071 3526 1221 3581 facta
1251 3527 1654 3596 obtestatione,
1688 3545 1884 3585 coram
1946 3535 2057 3586 Deo

409 3614 535 3669 vivo
567 3617 624 3670 et
654 3614 900 3670 terribili
924 3615 1052 3686 ejus
1075 3614 1321 3687 judicio,
1356 3620 1413 3671 et
1450 3616 1868 3688 imprecatione
1897 3623 2059 3676 aeter-

409 3722 496 3759 na:
526 3704 1031 3761 condemnationis
1059 3706 1393 3761 temeratori
1424 3705 1511 3761 vel
1534 3710 1919 3780 contemptori
1969 3709 2055 3781 ip-

407 3793 530 3850 sius
562 3794 653 3850 sui
686 3794 993 3867 privilegii,
1027 3799 1266 3851 secutus
1298 3795 1451 3851 idem
1482 3796 1833 3852 venerabilis
1874 3800 2055 3854 Cons-

404 3884 692 3950 tantinus,
721 3883 837 3938 ait:
875 3908 900 3932 u
936 3884 1124 3955 Hujus
1157 3900 1289 3940 vero
1348 3884 1672 3956 imperialis
1726 3888 1909 3943 nostri
1963 3888 2055 3943 de-

405 3971 546 4025 creti
579 3971 853 4043 paginam
887 3972 1136 4044 propriis
1170 3973 1443 4028 manibus
1473 3974 1833 4043 roborantes,
1877 3993 2052 4048 super

404 4059 800 4113 venerandum
833 4076 1045 4131 corpus
1072 4063 1133 4116 Β.
1182 4062 1355 4129 Petri,
1419 4062 1704 4135 principis
1764 4065 2053 4137 apostolo-

403 4164 534 4202 rum
562 4148 894 4219 posuimus,
927 4148 1125 4220 ibiqne
1152 4151 1338 4205 eidem
1400 4153 1498 4207 Dei
1558 4153 1820 4225 apostolo
1873 4172 2047 4227 spon-

401 4236 605 4292 dentes
635 4252 742 4292 nos
775 4237 1413 4295 cunctainviolabiliter
1443 4256 1807 4312 conservare,
1841 4248 1897 4299 et
1920 4262 2048 4301 nos-

400 4325 508 4382 tris
539 4326 982 4382 successoribus
1026 4326 1483 4400 imperatoribus
1541 4333 1937 4388 conservanda
1986 4335 2045 4389 in

398 4416 694 4472 mandatis
714 4414 1062 4487 relinquere,
1078 4415 1227 4471 Patri
1253 4420 1449 4472 nostro
1471 4417 1769 4488 Silvestre,
1812 4438 2044 4478 summo

2243 3261 2382 3316 XVI.
2416 3264 2678 3317 Instante
2708 3276 2943 3333 quoque
2959 3262 3087 3333 jam
3118 3278 3235 3318 suae
3253 3263 3683 3334 assumptionis
3706 3264 3831 3337 glo-

2170 3349 2277 3416 ria,
2310 3348 2412 3404 ubi
2441 3350 2766 3421 prandebat
2795 3366 2929 3405 cum
2958 3354 3181 3422 septem
3212 3350 3519 3424 discipulis
3552 3352 3833 3423 suis,Do-

2170 3439 2368 3495 minus
2397 3456 2655 3496 amorem
2704 3440 2859 3495 Petri
2884 3456 3022 3513 erga
3069 3456 3133 3497 se
3185 3440 3353 3497 tertio
3410 3441 3739 3513 inquisivit,
3774 3448 3836 3500 et

2169 3528 2340 3584 tertio
2365 3528 2687 3597 conﬁtenti,
2721 3545 2905 3602 agnos
2929 3534 2987 3585 et
3015 3544 3149 3585 oves
3193 3546 3335 3587 suas
3364 3529 3526 3586 tertio
3572 3545 3833 3602 pascere

2165 3617 2458 3690 praecepit,
2492 3634 2596 3690 pro
2630 3618 2847 3690 quibus
2878 3635 2995 3691 qua
3024 3622 3210 3675 morte
3240 3618 3663 3675 clariﬁcaturus
3726 3635 3831 3676 es-

2165 3710 2254 3761 set
2283 3710 2485 3775 Deum,
2519 3706 2579 3762 in
2610 3707 2946 3764 extensione
2976 3724 3262 3764 manuum
3294 3707 3453 3764 illius
3483 3712 3541 3764 et
3569 3708 3832 3779 praecin-

2164 3794 2353 3851 ctione
2385 3795 2584 3851 futura
2611 3796 2801 3852 cidem
2832 3796 3201 3870 significavit.
3235 3797 3343 3863 Qui
3375 3813 3478 3852 nec
3506 3813 3697 3865 mora,
3733 3815 3825 3855 as-

2164 3889 2400 3956 sumpto
2431 3885 2700 3953 Domino,
2734 3885 2793 3941 in
2826 3885 3018 3942 medio
3049 3889 3286 3942 centum
3320 3890 3376 3942 et
3432 3885 3638 3958 viginti
3704 3886 3826 3943 fra-

2161 3976 2315 4027 trum
2345 3989 2685 4047 exsurgens,
2719 3978 2777 4029 et
2805 3974 3129 4046 profundos
3152 3974 3511 4031 sanctissimi
3542 3973 3828 4032 Psalmis.

2159 4065 2228 4117 te:
2261 4078 2469 4119 sensus
2500 4063 2853 4131 edisserens,
2885 4063 3228 4120 auctoritate
3259 4080 3367 4119 sua
3424 4062 3824 4136 apostolicum

2160 4166 2496 4218 numerum,
2558 4156 2714 4207 sorte
2768 4156 3151 4208 annumerato
3212 4151 3456 4219 Mathia,
3515 4152 3825 4224 supplevit

2158 4256 2333 4311 quem
2365 4241 2757 4296 undenarium
2788 4257 3095 4297 remanere
3126 4241 3289 4298 nefas
3345 4239 3613 4296 credidit.
3673 4242 3823 4309 Qui-

2156 4328 2267 4385 bus
2299 4330 2476 4385 etiam
2507 4329 2725 4401 pariter
2753 4330 2937 4386 misso
2977 4330 3199 4402 Spiritu
3230 4330 3289 4386 S.
3350 4329 3409 4384 in
3467 4329 3646 4385 variis
3710 4330 3827 4388 lin-

2158 4418 2314 4491 guis,
2349 4434 2485 4474 cum
2516 4418 2757 4491 quidam
2788 4422 3091 4492 stuperent
3120 4418 3529 4487 admiratione,
3561 4418 3824 4490 quidam

395 4504 653 4577 pontiﬁci
676 4508 731 4561 et
748 4505 1061 4561 universali
1084 4522 1266 4577 papae,
1296 4511 1353 4561 et
1374 4523 1477 4578 per
1492 4524 1626 4564 eum
1659 4510 1884 4566 cunctis
1907 4529 2040 4568 suc-
2075 4530 2122 4595 D
2154 4508 2484 4564 deridentes
2506 4509 2827 4565 inveterata
2841 4508 3098 4565 caacitate
3143 4508 3406 4564 dicerent
3442 4512 3640 4563 musto
3683 4509 3822 4583 ple-

392 4595 725 4651 cessoribus
748 4596 876 4665 ejus
898 4594 1296 4667 pontiﬁcibus,
1322 4596 1566 4652 Domino
1597 4598 1713 4654 Deo
1742 4603 1799 4654 et
1845 4601 2039 4656 Salva-

389 4684 513 4738 tore
542 4688 738 4741 nostro
767 4685 905 4740 Jesu
940 4686 1164 4740 Christo
1196 4689 1509 4754 annuente,
1550 4688 1861 4757 tradimus,
1915 4691 2038 4746 fcli-

390 4773 481 4824 ter
519 4776 694 4843 atque
716 4774 1050 4844 perenniter
1079 4775 1454 4846 possidenda.
1490 4798 1518 4825 ››

459 4858 579 4912 XV.
604 4863 709 4914 Tot
738 4877 873 4932 ergo
904 4866 961 4917 et
998 4862 1215 4919 talibus
1276 4863 1523 4934 aliisque
1581 4868 2035 4939 quamplurimis

386 4946 740 5002 testimoniis
762 4950 1011 5005 subnixa
1036 4968 1150 5005 non
1183 4952 1475 5007 erubescit
1503 4954 1716 5010 veritas
1747 4957 1847 5010 sed
1905 4974 2035 5013 con-

384 5035 609 5091 futatur
638 5036 953 5108 impudens
984 5040 1230 5094 vanitas.
1291 5043 1365 5095 At
1398 5059 1503 5095 nos
1558 5042 1695 5097 hinc
1748 5044 2031 5104 habentes

385 5125 795 5182 testimonium
820 5127 1016 5196 majus
1048 5128 1451 5199 Constantino,
1470 5130 1592 5197 Qui,
1625 5137 1691 5186 ut
1720 5133 1803 5188 ait
1828 5134 2034 5192 beatus

383 5215 742 5288 evangelista
770 5216 1044 5283 Joannes,
1077 5216 1141 5270 de
1169 5224 1314 5271 terra
1345 5222 1444 5286 est,
1467 5222 1516 5274 et
1545 5220 1610 5274 de
1642 5230 1793 5277 terra
1850 5224 2029 5296 loqui-

383 5309 473 5357 tur
493 5304 881 5375 (Joan.1n),vix
904 5306 973 5360 ab
992 5305 1228 5361 homine
1246 5306 1650 5363 testimonium
1682 5313 2024 5385 accipimus,

382 5393 638 5447 contenti
669 5395 1006 5450 testimonio
1037 5392 1197 5450 illius
1228 5394 1327 5465 qui
1355 5395 1426 5449 de
1457 5395 1597 5450 coelo
1620 5400 1797 5466 venit,
1839 5407 1896 5457 et
1926 5421 2025 5459 su-

379 5493 482 5549 per
512 5496 715 5537 omnes
740 5488 848 5550 est,
895 5488 950 5537 et
980 5483 1166 5538 dicit:
1235 5484 1305 5536 Tu
1363 5500 1417 5537 es
1476 5487 1692 5554 Petrus,
1750 5493 1799 5542 et
1856 5507 2022 5563 super

375 5567 515 5624 hanc
540 5575 753 5641 petram
789 5572 1071 5642 aediﬁcabo
1129 5571 1422 5627 Ecclesiam
1486 5588 1682 5644 meam,
1745 5586 1796 5634 et
1844 5586 2016 5651 porta:

2154 4614 2258 4651 nos
2280 4614 2428 4665 esse,
2457 4597 2659 4654 Petrus
2681 4614 2797 4653 uno
2816 4597 2874 4653 S.
2893 4597 3072 4653 Joelis
3092 4596 3429 4653 testimonio
3464 4597 3619 4668 (Joet.
3656 4600 3733 4671 ιι)
3764 4603 3825 4656 et

2149 4685 2385 4758 ignaros
2413 4685 2711 4755 instruxit,
2733 4690 2791 4742 et
2834 4685 3167 4742 incredulos
3212 4684 3519 4741 destruxit.
3579 4684 3824 4746 Deinde

2148 4778 2483 4831 constanter
2510 4773 2907 4847 improperata
2936 4774 3052 4831 illis
3083 4773 3367 4831 scelerata
3396 4790 3505 4830 sua
3561 4777 3820 4850 conspi-

2148 4864 2369 4919 ratione
2398 4864 2678 4919 adversus
2706 4863 3022 4919 Dominum
3066 4868 3125 4920 et
3152 4864 3453 4920 Christum
3475 4864 3627 4934 ejus,
3690 4881 3821 4938 qua

2144 4952 2339 5024 ipsum
2372 4957 2667 5009 auctorem
2698 4952 2825 5007 vitae
2857 4957 3045 5008 morte
3065 4952 3412 5024 turpissima
3460 4955 3602 5006 tunc
3657 4968 3816 5011 con-

2142 5043 2487 5096 demnautes
2531 5041 2943 5097 interfecerant
2998 5039 3342 5096 clarissimis
3398 5039 3552 5095 beati
3611 5040 3815 5100 David

2148 5129 2400 5186 oraculis
2428 5128 2675 5185 astruxit
2703 5128 2863 5186 illius
2894 5133 3159 5185 sanctam
3190 5127 3715 5198 resurrectionem,
3750 5138 3817 5190 et

2145 5218 2461 5292 gloriosam
2493 5218 2920 5287 ascensionem,
2953 5223 3011 5275 et
3030 5219 3104 5273 ab
3133 5234 3199 5274 eo
3257 5216 3809 5289 impraesentiarum

2141 5310 2355 5364 factam
2387 5307 2641 5378 Spiritus
2672 5308 2860 5364 sancti
2891 5306 3256 5364 effusionem.
3292 5307 3397 5372 Ita,
3420 5311 3809 5380 compunctis

2134 5397 2374 5467 Judaeis,
2405 5396 2633 5467 primus
2664 5396 3062 5471 apostolorum
3095 5396 3209 5453 reis
3240 5394 3551 5468 sanguinis
3599 5397 3810 5456 Chris-

2134 5488 2174 5544 ti
2205 5484 2601 5559 paenitentiam
2631 5486 2859 5556 indixit,
2884 5491 2943 5545 et
2971 5503 3174 5545 eorum
3206 5484 3477 5558 protinus
3508 5484 3621 5543 tria
3651 5488 3803 5547 mil-

2125 5577 2205 5634 lia
2224 5574 2535 5648 baptizavit
2566 5576 2699 5646 (Act.
2735 5577 2817 5649 ιι).
