4088 6174
416 313 541 383 τω

1440 319 1549 381 .s.
1595 317 1876 384 ηιξκιε
1916 315 1999 382 Ix
2044 278 2277 382 sane
2317 316 2751 385 OPUSGULA.

3696 321 3881 388 ταῦθ

478 451 606 510 ’ΧΧ.
640 453 1005 526 Quapropter.
1025 470 1059 510 a
1086 455 1251 510 tanta
1281 454 1680 526 amentiajam
1711 454 2053 526 resipiscite,
2086 456 2143 523 Α
2173 454 2294 511 Cor.
2322 455 2387 527 ι.)
2418 455 2485 510 Et
2511 454 2613 511 ubi
2649 451 2883 515 notavit
2907 469 3005 515 eos
3051 471 3123 515 ex
3167 457 3501 532 arrogantia
3553 453 3711 518 falsa
3761 466 3820 520 et

423 544 480 599 et
509 542 742 599 Latinos
771 558 898 597 vere
928 542 1267 609 catholicos,
1302 548 1475 616 atque
1507 543 1744 599 maximi
1776 544 1925 600 Petri
1970 542 2058 598 fa-

421 630 585 686 milia
600 630 778 684 riores
795 629 1115 702 discipulos
1140 632 1646 704 institutionisque
1666 633 1795 703 ejus
1807 632 2060 687 devotio-

419 735 511 774 res
523 720 740 773 sectato
748 723 1090 788 res,cessate
1105 738 1171 776 su
1179 722 1324 777 bsan
1334 723 1523 777 nando
1542 722 1819 795 azymitas
1836 737 2059 792 vocare,

418 810 519 863 aut
546 806 822 864 ecclesias
844 808 961 865 illis
981 811 1290 882 denegare,
1323 828 1427 867 seu
1449 815 1756 878 tormenta,
1776 811 1927 867 sicut
1949 827 2059 865 cm-

417 894 609 969 pistis,
644 896 873 966 inferre,
902 898 951 954 si
980 898 1157 956 vultis
1201 917 1357 955 nunc
1400 905 1457 956 et
1500 918 1730 972 semper
1758 916 1961 973 pacem
2008 903 2065 955 et

415 984 745 1058 portionem
778 1004 912 1044 cum
943 988 1109 1044 Petro
1141 989 1374 1046 habere.
1408 991 1587 1060 Cujus
1636 990 1962 1045 doctrinam
2006 993 2065 1044 et

414 1075 792 1132 traditionem
824 1077 883 1131 in
913 1077 1174 1149 Epistola
1203 1079 1274 1133 ad
1305 1078 1987 1150 Romanos,sapientibus
2007 1081 2065 1133 et

417 1164 832 1238 insipientibus
852 1167 1080 1223 debitor
1094 1166 1191 1223 ille
1211 1168 1473 1241 gentium
1494 1168 1802 1235 Doctor,ad
1822 1167 2062 1223 tertium

418 1256 627 1312 caelum
657 1259 714 1312 et
740 1255 801 1310 in
832 1257 1170 1328 paradisum
1198 1262 1420 1330 raptus,
1454 1258 1537 1313 sic
1568 1274 1670 1329 per
1695 1257 1894 1313 omnia
1912 1272 2065 1311 com-

419 1348 882 1418 mendat,dicens
931 1364 943 1404 :
984 1350 1238 1403 Primum
1284 1348 1501 1418 quidem
1546 1349 1763 1416 gratias
1808 1363 1906 1418 ago
1955 1352 2064 1403 Deo

417 1455 533 1497 meo
572 1454 676 1509 per
722 1441 908 1495 Iesum
966 1438 1244 1494 Christum
1286 1454 1389 1509 pro
1436 1439 1689 1493 omnibus
1733 1438 1902 1503 vobis,
1933 1438 2063 1509 quia

418 1529 551 1600 ﬁdes
580 1532 755 1585 vestra
782 1532 1149 1586 annuntiatur
1178 1530 1236 1585 in
1268 1529 1522 1584 universo
1562 1526 1765 1583 mundo
1794 1528 1965 1599 (Rom.
2000 1527 2059 1597 1).

418 1619 499 1674 Ex
525 1620 696 1691 cujus
746 1619 984 1692 capituli
1034 1617 1337 1675 occasione
1382 1619 1589 1673 beatus
1637 1620 1691 1673 et
1738 1614 2065 1672 catholicus

418 1708 619 1764 doctor
635 1706 1436 1781 Augustinus,in:Latinaque
1457 1706 1659 1779 lingua
1675 1705 2062 1772 clarissimus,

2171 544 2479 599 mundanas
2510 545 2806 617 sapientia:
2835 547 3141 619 subjunxit
3188 567 3206 602 :
3254 550 3380 605 lam
3407 551 3648 607 δαίων-ιιὶὶ
3667 554 3817 621 estis,

2159 632 2282 704 jam
2307 632 2499 689 divites
2525 636 2662 705 facti
2687 636 2837 703 estis,
2868 637 2988 693 sine
3012 638 3169 693 nobis
3211 640 3493 708 regnetis:
3522 644 3576 695 et
3602 643 3822 698 utinam

2168 723 2495 791 regnaretis,
2527 725 2589 778 ut
2633 727 2685 778 et
2730 739 2827 779 nos
2874 725 3151 781 vobiscum
3196 734 3588 798 regnaremus!
3616 731 3669 798 (I
3696 731 3818 788 Cor.

2173 810 2346 882 1v.)Et
2376 809 2662 867 inﬂationi
2689 828 2891 868 eorum
2922 813 3182 870 minatus
3201 814 3424 888 virgam
3446 816 3527 873 ait
3551 834 3564 873 :
3586 819 3823 877 Omnino
3854 828 3857 829 ⁷

2172 900 2400 956 auditur
2423 902 2571 957 inter
2597 918 2689 957 vos
2715 904 3028 974 fornicatio,
3058 907 3112 960 et
3131 905 3259 960 talis
3284 907 3601 977 fornicata),
3639 910 3823 979 qualis

2170 1006 2271 1045 nec
2321 991 2466 1047 inter
2510 996 2713 1062 gentes,
2764 993 2845 1048 ita
2889 996 2952 1048 ut
2991 1009 3222 1050 uxorem
3245 999 3423 1066 patris
3468 994 3669 1053 habeat
3704 1002 3824 1071 qui-

2170 1079 2319 1134 dam.
2350 1080 2415 1134 Et
2443 1095 2531 1135 vos
2561 1082 2749 1151 inﬂati
2792 1084 2939 1150 estis,
2990 1086 3044 1138 et
3086 1100 3197 1139 non
3241 1088 3417 1157 magis
3463 1086 3677 1142 luctum
3725 1088 3822 1143 ha-

2175 1169 2388 1231 buistis,
2422 1176 2482 1224 ut
2507 1169 2735 1225 tollatur
2752 1170 2821 1226 de
2845 1171 3023 1228 medio
3060 1180 3299 1229 vestrum
3325 1176 3423 1246 qui
3449 1174 3549 1231 hoc
3574 1191 3713 1248 opus
3748 1178 3825 1247 fe-

2172 1258 2247 1313 cit
2275 1257 2324 1329 (I
2353 1256 2472 1315 Cor.
2504 1258 2579 1329 v).
2615 1258 2836 1324 Quibus
2860 1259 3124 1333 expletis,
3154 1263 3463 1319 admonuit
3489 1281 3588 1320 eos
3619 1281 3822 1323 secum

2173 1347 2419 1421 epulari,
2440 1366 2556 1406 non
2582 1349 2641 1405 in
2667 1350 2948 1407 fermento
2967 1353 3329 1425 veteri,quod
3351 1355 3536 1409 totam
3558 1368 3821 1411 massam

2175 1438 2518 1511 corrumpit,
2551 1440 2653 1495 sed
2703 1439 2760 1493 in
2808 1440 3026 1513 azymis
3075 1441 3431 1498 sinceritatis
3462 1446 3520 1498 et
3561 1443 3823 1500 veritatis

2174 1526 2329 1598 (Ibid.
2339 1529 2356 1599 )

2245 1614 2416 1671 XXII.
2454 1615 2638 1686 Igitur
2666 1616 2797 1673 istis
2825 1620 2881 1672 et
2909 1617 3253 1689 hujusmodi
3282 1618 3619 1692 apostolicis
3652 1638 3822 1678 sanc-

2176 1707 2488 1776 torumque
2518 1708 2756 1761 Patrum
2787 1706 2960 1763 dictis
2978 1722 3113 1763 cum
3145 1708 3442 1765 evidenter
3466 1711 3826 1782 approbetur

418 1800 591 1868 atque
619 1800 821 1894 noster
847 1797 1317 1894 Chrysostomus,
1350 1797 1431 1851 ait
1467 1812 1479 1849 :
1505 1795 1671 1851 Fides
1719 1794 1851 1862 ista,
1886 1810 2064 1894 quam
2094 1794 2516 1894 BvLatinorum
2548 1793 2775 1894 sincera
2802 1795 3636 1894 obedientia,et‘plurimorum
3666 1798 3823 1856 Gras-

419 1885 667 1942 Romani
706 1885 946 1953 habent,
977 1887 1105 1958 ipsa
1148 1885 1469 1957 eademque
1518 1887 1627 1952 est,
1660 1888 1718 1939 et
1762 1900 1879 1939 non
1927 1882 2060 1951 alia,

419 1992 546 2048 quae
574 1976 633 2031 in
665 1976 936 2032 universo
967 1976 1193 2031 mundo
1237 1974 1622 2030 annuntiatur
1671 1977 1730 2030 et
1774 1972 2060 2045 creditur;

418 2081 545 2137 quae
575 2081 690 2121 non
722 2065 915 2120 solum
965 2065 1025 2119 in
1074 2069 1248 2132 terra,
1283 2064 1386 2120 sed
1418 2067 1475 2119 et
1502 2063 1563 2117 in
1595 2061 1755 2118 caelis
1785 2062 2063 2135 praedica-

416 2158 540 2222 tur;
566 2154 892 2226 quiaJesus
909 2153 1235 2225 paciﬁcavit
1256 2169 1359 2225 per
1379 2151 1727 2225 sanguinem
1750 2167 1927 2207 suum
1947 2167 2063 2208 non

417 2242 607 2298 solum
635 2242 937 2297 terrestria
964 2246 1021 2297 et
1050 2243 1295 2310 inferna,
1330 2242 1431 2296 sed
1460 2246 1517 2297 et
1547 2240 1801 2297 caelestia
1830 2241 1965 2312 (Col.
2001 2243 2061 2309 1).

416 2331 487 2386 Et
516 2330 626 2385 hoc
655 2334 745 2384 est
772 2330 831 2383 in
856 2329 1126 2385 universo
1157 2331 1378 2386 mundo
1408 2331 1585 2386 ﬁdem
1617 2329 1942 2403 praedicari,
1964 2347 2067 2401 per

417 2433 597 2490 quam
629 2416 828 2473 omnia
856 2418 1115 2474 mundus
1135 2418 1212 2473 sit
1232 2419 1504 2475 subditus
1536 2419 1791 2475 Deo.Sed
1817 2418 2064 2475 Paulum

419 2506 616 2563 audite
646 2506 1103 2577 subsequentem
1140 2524 1153 2561 :
1186 2507 1441 2563 Desidero
1486 2507 1667 2563 videre
1708 2524 1818 2576 vos,
1858 2515 1920 2563 ut
1952 2507 2065 2562 ali-

419 2594 552 2668 quid
582 2596 869 2665 impertiar
896 2594 1047 2651 vobis
1075 2597 1274 2665 gratiae
1299 2597 1611 2668 spiritualis
1639 2596 1710 2652 ad
1734 2596 2065 2666 conﬁrman-

419 2684 517 2739 dos
557 2700 649 2739 vos
696 2684 868 2755 (Rom.
920 2683 983 2755 1).
1036 2685 1144 2750 Qui
1201 2701 1273 2740 ne
1319 2688 1625 2757 putaretur
1666 2683 1811 2741 velle
1842 2684 2063 2757 aliquid

419 2771 778 2828 institutioni
808 2773 961 2828 Petri
990 2773 1203 2829 addere
1227 2774 1316 2829 vel
1346 2775 1597 2842 demere,
1630 2774 1896 2847 exposuit
1924 2774 2064 2846 quid

420 2857 630 2915 dixerit
657 2860 728 2915 ad
756 2862 1161 2931 conﬁrmandos
1188 2878 1281 2918 vos
1312 2881 1328 2917 :
1360 2863 1417 2917 id
1453 2871 1549 2930 est,
1581 2864 1749 2918 simul
1795 2864 2066 2919 consolari

421 2949 481 3003 in
510 2949 660 3004 vobis
683 2965 785 3021 per
812 2966 954 3019 eam,
986 2966 1111 3024 qua:
1127 2953 1360 3008 invicem
1385 2960 1479 3020 est,
1512 2953 1675 3024 ﬁdem
1703 2956 1936 3009 vestram
1976 2961 2064 3007 at-

422 3056 525 3113 que
542 3053 721 3093 meam
747 3037 1025 3110 (lbid.).Et
1053 3040 1113 3096 in
1146 3042 1259 3097 line
1288 3042 1555 3114 Epistolas
1578 3060 1822 3099 monens
1855 3059 1951 3098 eos
1973 3042 2067 3099 de-

418 3128 599 3197 vitarc
627 3128 803 3186 falsos
833 3129 1125 3198 fratres,et
1151 3135 1359 3203 praeter
1386 3132 1712 3189 doctrinam
1743 3150 1920 3206 quam
1952 3134 2064 3206 ipsi

2174 1898 2376 1938 eorum
2406 1882 2769 1954 improbetur
2796 1889 3071 1958 corrupta
3098 1885 3429 1955 insolentia,
3462 1891 3601 1943 sunt
3628 1888 3827 1945 adhuc

2172 1971 2343 2044 plura
2372 1970 2464 2027 his
2491 1988 2667 2045 super
2695 1972 2805 2030 hoc
2836 1974 2985 2046 parti
3034 1979 3246 2031 nostra;
3279 1975 3549 2045 faventia,
3583 1992 3737 2048 quas,
3772 1978 3824 2034 si

2171 2060 2369 2117 liceret
2400 2061 2471 2116 ad
2505 2061 2765 2117 medium
2795 2063 3231 2132 deducere,non
3265 2063 3451 2120 solum
3474 2065 3826 2123 excederent

2175 2149 2416 2206 modum
2475 2150 2754 2222 epistolas,
2786 2168 2989 2208 verum
3049 2152 3227 2209 etiam
3272 2156 3506 2225 possent
3557 2153 3823 2209 armaria

2175 2255 2437 2295 onerare.
2471 2240 2836 2313 Quapropter
2858 2240 2954 2297 his
2976 2240 3234 2312 omissis,
3256 2241 3590 2298 cbaritative
3607 2259 3826 2299 mone-

2176 2344 2329 2397 mus,
2349 2344 2421 2383 ne
2450 2329 2721 2385 absentes
2740 2328 2872 2385 sitis
2898 2329 3365 2403 vobismetipsis;
3399 2331 3501 2387 sed
3547 2347 3648 2387 vos
3689 2334 3832 2387 ante

2172 2433 2277 2472 vos
2303 2417 2694 2488 constituatis,
2726 2418 2850 2475 vias
2876 2419 3369 2491 praedecessorum
3408 2412 3740 2477 vestrorum
3772 2425 3832 2476 et

2172 2510 2395 2562 vestras
2426 2505 2673 2563 sollicite
2704 2507 3216 2575 consideretis,nec
3244 2525 3350 2564 nos
3369 2508 3598 2580 privato
3626 2525 3833 2571 amore

2175 2594 2508 2667 palpetis,et
2536 2596 2595 2651 in
2629 2596 2875 2653 fratrum
2906 2597 3090 2654 oculis
3111 2598 3398 2655 festucam
3428 2597 3832 2670 explorantes,

2175 2682 2233 2738 in
2263 2684 2470 2741 vestris
2500 2685 2726 2741 trabem
2758 2702 2874 2742 non
2905 2686 3172 2743 videatis.
3223 2686 3633 2745 Recordamini
3664 2687 3831 2745 illius

2174 2772 2440 2829 nefandas
2468 2774 2695 2846 synodi,
2727 2792 2904 2847 quam
2935 2776 3245 2832 voluerunt
3272 2776 3464 2832 vocari
3507 2775 3833 2850 septimam

2173 2861 2350 2917 vestri
2381 2861 2797 2931 hzsresiarchae,
2849 2881 3099 2936 quorum
3145 2863 3604 2937 conspiratione,
3636 2865 3831 2938 ipsius

2173 2949 2405 3007 Domini
2440 2952 2624 3007 nostri
2647 2952 2788 3009 Jesu
2817 2952 3031 3009 Christi
3054 2957 3111 3009 et
3128 2956 3466 3011 sanctorum
3496 2955 3831 3010 reverendae

2174 3039 2482 3114 imagines,
2515 3046 2617 3097 aut
2645 3042 2898 3098 ﬂammis
2932 3042 3178 3111 traditae,
3212 3045 3313 3098 aut
3335 3042 3507 3114 aquis
3535 3046 3681 3099 sunt
3711 3043 3831 3099 im-

2175 3129 2645 3202 mersae,picturzs
2672 3146 2806 3187 vero
2828 3148 2899 3188 ex
2916 3130 3238 3203 parietibus
3271 3128 3650 3188 basilicarum
3670 3131 3831 3188 dele-

419 3196 784 3291 acceperant,
815 3196 1055 3289 euntes,
1076 3196 1170 3275 ait.
1223 3238 1234 3275 :
1268 3226 1415 3290 Rogo
1456 3239 1565 3288 vos,
1613 3196 1836 3293 fratres,
1870 3232 1928 3279 ut
1970 3196 2061 3281 ob-
2095 3196 2138 3262 (ἶ
2174 3196 2647 3291 tze(216):0uibus
2662 3196 2935 3292 quamvis
2949 3235 3179 3292 semper
3196 3219 3517 3278 restituerit
3536 3219 3834 3280 Romano-

420 3309 644 3363 servetis
688 3323 776 3362 eos
816 3309 913 3380 qui
952 3308 1311 3364 dissensiones
1366 3318 1417 3365 et
1459 3312 1809 3382 o/fendicula,
1861 3318 2070 3384 praeter
2178 3324 2307 3363 rum
2333 3309 2675 3380 pontiﬁcum
2699 3308 3035 3376 auctoritas,
3066 3325 3182 3381 prae
3204 3308 3432 3364 cunctis
3461 3311 3661 3365 tamen
3688 3327 3829 3367 san-

420 3395 724 3450 doctrinam
752 3411 917 3464 quam
943 3411 1036 3450 vos
1063 3396 1352 3461 didicistis,
1398 3400 1653 3467 faciunt;
1700 3408 1755 3455 et
1801 3401 2070 3458 declinata
2174 3396 2421 3452 ctissimi
2451 3414 2614 3470 papa:
2646 3395 2864 3456 Nicolai
2890 3397 3078 3453 ubivis
3109 3396 3405 3454 laudanda
3430 3396 3699 3466 libertas,
3724 3399 3831 3471 qui

419 3504 488 3559 ab
516 3489 1044 3565 illis,Hujuscemodi
1070 3489 1219 3542 enim
1251 3487 1459 3542 Christo
1489 3488 1716 3542 Domino
1734 3493 1925 3546 nostra
1955 3507 2065 3546 non

422 3589 687 3655 serviunt,
719 3582 814 3639 sed
857 3596 954 3636 suo
996 3577 1208 3643 ventri;
1254 3583 1305 3631 et
1334 3591 1435 3646 per
1483 3575 1664 3630 dulces
1709 3592 1986 3633 sermones
2014 3584 2065 3635 et

421 3676 815 3738 benedictiones
868 3670 1131 3727 seducunt
1185 3664 1345 3721 corda
1414 3666 1807 3720 innocentium.
1877 3670 2065 3724 Vestra

414 3772 562 3828 enim
591 3763 901 3824 obedientia
933 3762 989 3816 in
1020 3759 1175 3815 omni
1216 3758 1328 3812 loco
1374 3754 1655 3826 divulgata
1700 3758 1795 3811 est.
1849 3755 2060 3814 Gaudeo

413 3861 587 3933 igitur
612 3858 674 3911 in
701 3854 851 3910 vobis
882 3852 1051 3919 (Rom.
1087 3849 1226 3920 xv1).

482 3947 624 4003 XXI.
656 3944 800 4000 Ecce
831 3942 890 3996 in
916 3940 1097 3997 totius
1127 3936 1392 4010 Epistolas
1424 3935 1574 3992 serie
1604 3952 1719 3991 non
1766 3934 2059 3992 invenitur

412 4051 665 4108 magnus
684 4033 903 4090 Paulus
927 4030 1101 4084 fidem
1124 4028 1463 4083 Latinorum
1485 4024 1821 4092 correxisse,
1838 4041 1943 4080 nec
1971 4026 2055 4080 vi-

412 4126 497 4181 tia
524 4121 920 4195 redarguisse;
956 4119 1055 4172 scd
1087 4113 1524 4187 congratulatus
1558 4113 1693 4168 ﬁdei
1734 4118 1792 4170 et
1818 4130 2052 4169 conver-

412 4212 624 4272 sationi
655 4225 879 4276 eorum,
903 4208 973 4262 de
1002 4203 1429 4277 perseverantia
1456 4203 2050 4271 commonuisse,cum

411 4320 527 4359 non
559 4303 796 4374 propter
824 4295 1131 4368 reprobam
1160 4291 1470 4357 actionem,
1503 4291 1603 4345 sed
1652 4294 1708 4346 et
1745 4291 1817 4346 ob
1863 4292 2051 4363 ipsius

409 4388 545 4447 ﬁdei
576 4385 926 4444 citissimum
975 4379 1346 4452 naufragium
1379 4378 1439 4433 in
1471 4379 1696 4437 Graecos
1745 4379 1918 4434 fuerit
1966 4380 2051 4434 in-

405 4482 608 4537 vectus
638 4472 951 4532 accerrime
980 4472 1052 4527 ab
1082 4469 1246 4525 initio
1298 4484 1484 4539 usque
1533 4468 1707 4523 ﬁnem
1741 4467 1943 4540 primas
1975 4469 2048 4523 ad

2173 3502 2276 3557 per
2302 3485 2524 3559 legatos
2554 3503 2692 3542 suos
2717 3491 2835 3542 tam
2872 3503 2976 3558 pro
3014 3485 3196 3542 sacris
3231 3484 3607 3559 imaginibus,
3633 3502 3833 3558 quam

2171 3593 2277 3648 pro
2307 3575 2670 3648 depositione
2717 3575 2869 3630 beati
2919 3574 3201 3631 antistitis
3231 3575 3457 3649 lgnatii,
3490 3577 3545 3629 et
3587 3574 3831 3631 substi-

2171 3665 2394 3721 tutione
2414 3663 2603 3720 Photii
2621 3663 3229 3737 neophyti,ecclesiam
3252 3665 3395 3738 διεῖδε
3411 3662 3636 3737 Sephiae
3661 3664 3833 3721 clan-

2170 3753 2265 3824 sit,
2289 3755 2472 3812 donec
2501 3754 2658 3811 sedis
2688 3751 3017 3827 apostolica:
3050 3751 3443 3827 acquiesceret
3470 3750 3748 3810 decretis.

2239 3843 2436 3900 XXIII.
2469 3844 2637 3900 Absit
2665 3847 2857 3899 autem
2893 3846 2957 3897 ut
2976 3841 3225 3898 velimus
3254 3841 3488 3897 credere
3513 3841 3676 3913 quod
3713 3859 3827 3915 pu-

2164 3931 2319 3988 blica
2360 3932 2517 3988 fama
2546 3948 2662 3988 non
2693 3931 2925 3988 dubitat
2970 3946 3250 3998 asserere,
3282 3928 3826 4003 Constantinopoli-

2164 4025 2313 4077 tanae
2327 4021 2594 4077 Ecclesiae
2608 4020 2923 4093 contigisse
2936 4019 3544 4086 uteunuchos,contra
3555 4019 3829 4092 primum

2163 4111 2349 4167 sancti
2373 4109 2587 4168 Nicaeni
2609 4109 2837 4166 concilii
2860 4107 3439 4182 capitulum,passim
3463 4123 3825 4183 promoven-

2162 4200 2542 4268 do,feminam
2563 4199 2622 4254 in
2642 4199 2777 4254 sede
2799 4197 3147 4271 pontificum
3169 4212 3411 4252 suorum
3434 4195 3831 4254 sublimasset

2159 4288 2620 4361 aliquando.Hoc
2642 4290 2763 4341 tam
2786 4284 3177 4342 abominabile
3208 4283 3401 4340 scelus
3437 4284 3826 4341 dewstabile-

2160 4395 2273 4450 que
2296 4375 2653 4443 facinus,etsi
2668 4374 2987 4433 enormitas
3007 4372 3194 4447 ipsius
3209 4372 3297 4429 vel
3311 4373 3517 4428 horror
3527 4372 3829 4430 fraterna-

2158 4483 2271 4538 que
2299 4464 2698 4522 benevolentia
2719 4481 2833 4521 non
2863 4462 3148 4534 permittit
3181 4479 3287 4518 nos
3329 4461 3580 4530 credere,
3615 4464 3827 4520 consi-

404 4566 731 4625 Corinthios
760 4561 1048 4636 Epistolas.
1092 4558 1255 4624 Quod
1310 4562 1461 4614 certe
1505 4556 1688 4629 liquet
1733 4557 1791 4612 in
1843 4557 2045 4629 paucis
2073 4560 2122 4625 D
2155 4557 2356 4612 derata
2380 4558 2577 4610 tamen
2609 4553 2834 4608 incuria
2850 4556 3043 4609 vestra
3071 4568 3209 4626 erga
3237 4554 3575 4607 sanctorum
3600 4567 3826 4609 censu-

399 4654 720 4726 verbis,ubi
750 4652 831 4710 ait
862 4670 875 4709 :
907 4651 1110 4706 Fidelis
1165 4649 1322 4712 Deus,
1370 4662 1468 4719 per
1509 4662 1665 4717 quem
1712 4649 1887 4702 vocati
1917 4648 2045 4702 estis

399 4748 461 4800 in
505 4745 818 4801 societatem
861 4741 1000 4795 Filii
1054 4740 1173 4810 eius
1230 4739 1354 4793 Jesu
1414 4735 1618 4790 Christi
1677 4736 1894 4791 Domini
1942 4753 2039 4791 no-

398 4833 519 4887 stri.
580 4831 803 4886 Obsecro
855 4832 1037 4883 autem
1092 4843 1201 4894 vos,
1252 4828 1473 4897 fratres,
1529 4840 1630 4895 per
1684 4839 1881 4878 nomen
1937 4825 2039 4880 Do-

396 4921 541 4975 mini
566 4919 743 4973 nostri
767 4920 899 4975 Jesu
929 4916 1152 4980 Christi,
1202 4924 1263 4969 ut
1313 4915 1550 4986 idipsum
1596 4912 1789 4967 dicatis
1836 4928 2037 4980 omnes,

395 5017 447 5065 et
488 5024 599 5063 non
637 5008 751 5061 sint
800 5007 859 5059 in
905 5005 1050 5058 vobis
1097 5005 1426 5068 schismata;
1453 5004 1579 5058 sitis
1607 5005 1789 5057 autem
1814 5004 2041 5074 perfecti

394 5100 452 5154 in
511 5096 694 5153 eodem
750 5110 931 5158 sensu,
986 5100 1037 5147 et
1096 5095 1157 5146 in
1207 5092 1395 5146 eadem
1448 5093 1696 5147 scientia.
1745 5090 2038 5162 Signiﬁca-

392 5191 509 5243 tum
556 5191 636 5244 est
683 5186 832 5239 enim
886 5181 1027 5236 mihi
1083 5181 1150 5236 de
1202 5181 1370 5246 vobis,
1417 5184 1615 5249 fratres
1658 5182 1786 5246 mei,
1836 5181 1903 5235 ab
1950 5180 2037 5235 his

390 5279 485 5349 qui
539 5278 667 5332 sunt
717 5272 922 5339 ChIocs,
968 5270 1109 5342 quod
1157 5271 1523 5326 contentiones
1565 5272 1677 5324 sint
1720 5271 1866 5324 inter
1920 5284 2029 5324 vos.

386 5368 493 5420 Hoc
548 5367 732 5418 autem
789 5360 906 5416 dico
959 5356 1098 5432 quoi
1156 5361 1528 5429 unusquisque
1565 5366 1803 5413 vestrum
1848 5358 2031 5413 dicit:

2157 4662 2281 4700 ram
2313 4642 2773 4715 canonum,quia
2791 4640 3093 4699 eunuchos
3112 4644 3169 4698 et
3189 4639 3387 4714 aliqua
3416 4643 3580 4713 parte
3600 4656 3828 4716 corpo-

2153 4734 2236 4789 ris
2268 4733 2636 4803 imminutos,
2669 4748 2785 4787 non
2816 4730 3007 4787 solum
3057 4730 3129 4785 ad
3175 4728 3533 4794 clericatum,
3576 4731 3687 4785 sed
3747 4732 3823 4787 ad

2150 4820 2751 4896 pontiﬁcatum'etiam
2768 4819 3167 4876 indifferenter
3182 4835 3247 4874 ac
3259 4817 3825 4877 solemniteradhuc

2151 4910 2654 4984 promovetis,fleri
2676 4909 2934 4982 potuisse
2951 4923 3288 4982 pensamus.
3305 4906 3417 4963 Sed
3435 4904 3576 4978 quid
3599 4905 3826 4985 plura?

2148 5001 2258 5055 Tot
2288 5004 2347 5055 ot
2393 5000 2552 5054 antis
2602 4997 3000 5055 schismaticis
3033 5001 3090 5053 et
3108 4995 3415 5063 haereticis,
3447 4993 3821 5055 catholicam

2148 5094 2324 5161 atque
2354 5087 2733 5160 apostolicam
2753 5086 3066 5142 Ecclesiam
3091 5089 3287 5159 aperte
3306 5083 3820 5156 impugnantibus

2148 5184 2205 5234 et
2236 5178 2561 5233 discindere
2608 5175 3033 5243 laborantibus,
3067 5174 3349 5230 hactenus
3394 5173 3818 5243 redundastis,

2144 5272 2210 5323 ut
2240 5268 2445 5324 Latina
2474 5267 2561 5323 vel
2595 5264 2986 5323 Occidentalis
3018 5262 3274 5320 Ecclesia
3293 5263 3366 5319 de
3393 5261 3557 5319 vobis
3585 5266 3820 5322 merito

2142 5356 2417 5428 conqueri
2449 5357 2798 5427 possit,voce
2830 5369 3057 5427 sponsae
3075 5353 3274 5408 dicens
3300 5352 3359 5407 in
3382 5350 3636 5408 Canticis
3657 5368 3815 5411 can-

384 5454 491 5523 Ego
534 5451 750 5522 quidem
790 5467 912 5505 sum
942 5448 1124 5517 Pauli,
1156 5463 1249 5518 ego
1296 5451 1479 5501 autem
1524 5446 1731 5515 Apollo,
1764 5462 1862 5514 ego
1907 5462 2029 5501 vero
2139 5445 2388 5500 ticorum
2423 5461 2435 5498 :
2467 5446 2603 5499 Filii
2632 5446 2830 5500 matris
2876 5458 3015 5501 mem
3056 5445 3444 5516 pugnaverunt
3470 5444 3665 5497 contra
3722 5460 3819 5501 me

386 5539 601 5612 Cephea,
636 5554 728 5608 ego
776 5542 961 5593 autem
1009 5538 1227 5592 Christi.
1266 5535 1488 5589 Divisus
1534 5536 1612 5588 est
1659 5533 1945 5589 Christus?
1983 5536 2029 5606 (I
2136 5533 2458 5604 (Cant.l).Et
2488 5549 2618 5589 vere
2653 5552 2665 5588 :
2699 5533 2967 5606 nunquid
2997 5532 3154 5589 enim
3188 5532 3451 5589 Romana
3478 5532 3535 5586 et
3554 5536 3811 5602 aposto-

455 5627 601 5701 (216)
630 5626 759 5683 Haec
789 5629 878 5682 est
905 5621 1544 5695 Constantinopolitana
1568 5623 1677 5679 sub
1699 5627 2075 5683 Constantino
2105 5624 2486 5695 Copronymo.
