4088 6174
221 348 347 416 τοι
1191 304 1596 414 ualerem
1635 344 1741 411 nr
1780 338 2148 447 causam
2190 338 2663 410 PONTIFIGIA.
3513 347 3633 413 762

216 486 333 545 lica
351 486 545 557 sedes,
578 498 705 558 qua
737 501 841 559 per
856 482 1228 559 Evangelium
1250 484 1454 560 genuit
1485 483 1749 541 Latinam
1771 483 1868 539 Ec-
1900 476 2298 547 A‘ﬁeremiam
2342 485 2546 539 contra
2595 479 2884 555 quosdam
2928 483 3330 558 conqueritur,
3376 485 3580 557 dicens
3617 505 3631 546 :

217 576 459 634 clesiam
488 574 551 631 in
578 575 908 642 Occidente,
931 579 1118 633 mater
1137 592 1252 632 non
1275 579 1365 632 est
1386 574 1869 646 Constantinopo-
1979 572 2059 627 Me
2087 571 2499 645 dereliquerunt
2527 575 2738 645 fontem
2766 590 2930 646 aquae
2957 577 3118 646 vivae,
3159 578 3209 632 et
3236 576 3494 647 foderunt
3523 579 3633 636 sibi

217 666 415 723 litanae
441 662 719 720 Ecclesia:
749 665 808 719 in
839 664 1089 733 Oriente,
1115 681 1291 738 quam
1324 682 1426 738 per
1455 663 1775 738 gloriosum
1808 663 1872 718 ἢ·
1978 663 2265 727 cisternas,
2298 662 2560 718 cisternas
2589 661 2900 736 dissipatas,
2934 680 3061 735 qum
3088 667 3368 723 continere
3395 683 3510 723 non
3543 684 3632 723 va-

215 754 367 811 lium
400 769 578 809 suum
612 752 1081 822 Constantinum,
1114 758 1171 809 et
1200 753 1425 812 nobiles
1458 752 1873 825 sapientesque
1982 750 2095 805 lent
2121 767 2290 821 aquas
2320 750 2450 821 (Jcr,
2484 752 2567 822 ιι).
2602 752 2672 807 Et
2708 756 2840 824 post
2870 752 3067 825 aliqua
3107 773 3120 810 :
3154 755 3312 811 Nunc
3349 756 3483 828 quid
3533 756 3638 812 tibi

220 844 544 911 Romanos,
579 859 695 898 non
725 846 955 898 tantum
988 844 1272 908 moribus,
1310 843 1410 899 sed
1442 846 1498 898 et
1528 842 1716 898 muris
1748 845 1871 897 stu-
1979 840 2062 893 vis
2101 841 2161 893 in
2209 841 2300 894 via
2348 842 2597 911 Ai'gypti,
2630 844 2689 896 ut
2722 843 2875 897 bibas
2923 860 3132 915 aquam
3178 845 3502 916 turpidam?
3530 846 3638 901 Aut

221 932 356 990 duit
384 932 709 1005 reparare?
738 931 900 996 Quod
923 932 971 987 si
996 931 1491 1001 contradicitis,ad
1525 932 1665 1004 quid
1681 935 1873 987 vestro
1982 927 2114 997 quid
2144 928 2245 983 tibi
2263 930 2322 983 in
2341 930 2449 984 viis
2477 930 2849 1000 Assyriorum,
2868 940 2928 987 ut
2959 932 3107 988 bibas
3126 950 3332 1005 aquam
3357 935 3641 1005 ﬂuminis?

219 1021 567 1095 imperatori
600 1020 814 1076 Latinis
836 1019 1061 1089 laudes,
1096 1021 1236 1077 etin
1267 1019 1526 1079 Ecclesia
1543 1021 1756 1077 Graecis
1786 1036 1873 1076 re-
1984 1015 2170 1088 (Ibid)
2193 1019 2348 1085 Quas
2381 1018 2584 1091 utique
2615 1036 2686 1076 ne
2707 1020 2979 1077 sitiemus
3000 1021 3156 1078 idem
3186 1027 3361 1090 vetat,
3393 1022 3593 1080 dicens
3622 1040 3635 1080 :

223 1111 489 1169 citantur
538 1110 750 1165 Latinae
779 1108 1103 1166 lectiones?
1132 1111 1351 1183 Utique
1387 1111 1459 1168 ob
1490 1109 1875 1166 reverentiam
1983 1107 2216 1162 Prohibe
2242 1113 2434 1178 guttur
2464 1117 2617 1164 tuum
2656 1127 2690 1164 a
2744 1112 2842 1166 siti
2888 1111 3092 1182 (Ibid).
3142 1111 3289 1167 Hinc
3334 1111 3634 1179 Salomon,

220 1199 393 1257 illius
423 1198 652 1266 matris,
686 1215 816 1272 quae
826 1201 954 1271 jam
985 1201 1211 1256 cunctis
1242 1216 1604 1273 paganorum
1636 1196 1879 1254 crudeli-
1984 1213 2132 1268 quas
2164 1213 2353 1268 aquas
2383 1203 2680 1270 appetere,
2699 1215 2965 1271 quasque
2986 1201 3309 1258 debeamus
3329 1202 3511 1259 vitare
3540 1202 3640 1258 de-

218 1288 455 1346 tatibus
494 1291 551 1345 et
576 1287 941 1344 diversorum
972 1292 1401 1347 tormentorum
1452 1287 1878 1362 quaestionibus
1988 1288 2344 1351 monstrans,
2364 1287 2446 1342 ait
2470 1304 2483 1342 :
2508 1288 2640 1345 Bibe
2655 1306 2855 1359 aquam
2881 1289 2945 1345 de
2963 1292 3203 1346 cisterna
3220 1296 3337 1357 tua,
3361 1300 3412 1347 et
3433 1294 3643 1362 ﬂuenta

218 1379 436 1435 vexata
465 1380 523 1433 et
551 1377 918 1450 impugnata,
954 1393 1020 1433 ac
1047 1377 1206 1434 velut
1237 1394 1471 1446 aurum,
1522 1376 1720 1433 nimiis
1751 1392 1879 1449 per-
1979 1377 2132 1448 putei
2177 1378 2284 1430 tui.
2340 1378 2678 1433 Dcriventur
2722 1380 2899 1448 fontes
2947 1381 3033 1434 tui
3068 1382 3239 1449 foras,
3269 1384 3322 1433 et
3354 1383 3414 1434 in
3442 1378 3644 1451 plateis

221 1471 567 1525 secutorum
613 1465 871 1523 ﬂammis
900 1467 1159 1539 decocta,
1193 1466 1534 1525 deliciosam
1566 1466 1773 1539 ﬁliam,
1804 1465 1883 1520 vi-
1988 1481 2161 1536 aquas
2190 1468 2312 1520 tuas
2357 1465 2560 1522 divide.
2592 1467 2796 1522 Habeto
2839 1484 2931 1523 cas
2977 1469 3149 1536 solus,
3178 1485 3279 1524 nec
3317 1470 3428 1524 sint
3473 1469 3648 1523 alieni

220 1556 444 1614 delicet
469 1556 790 1614 Ecclesium
824 1557 1525 1631 Constantinopolitanam
1570 1557 1771 1615 edidit.
1983 1554 2285 1627 participes
2315 1556 2415 1611 tui.
2446 1555 2533 1612 Sit
2564 1571 2700 1613 vena
2729 1559 2825 1612 tua
2856 1556 3139 1613 benedicta
3167 1556 3354 1629 (Prov.
3378 1556 3457 1628 v).
3491 1556 3559 1612 Et
3585 1555 3646 1612 in

300 1643 592 1700 XXIV.Et
611 1648 762 1701 certe
773 1645 903 1717 jam
925 1646 1505 1705 decimaaNeronein
1521 1645 1883 1703 Christianos
1988 1643 2510 1715 subsequentibus,
2566 1645 2900 1703 baereticam
2931 1647 3272 1714 vanitatem,
3305 1647 3418 1703 sub
3458 1645 3649 1719 specie

220 1734 569 1807 persecutio
601 1734 831 1807 penitus
852 1734 1174 1802 refrixerat,
1199 1737 1326 1809 jam
1369 1752 1542 1791 omne
1573 1736 1883 1791 mundanas
1990 1731 2183 1788 stultae
2208 1732 2494 1799 mulieris,
2518 1733 2735 1789 visibili
2759 1735 3193 1806 quodammodo
3221 1735 3412 1791 forma
3432 1734 3650 1793 colora-

221 1821 483 1921 insania
498 1823 836 1921 incendium
868 1824 1125 1921 sopitum
1157 1829 1301 1894 erat,
1325 1827 1453 1898 jam
1481 1826 1664 1881 Roma
1686 1824 1886 1881 adulta
1916 1856 1964 1921 Β
1988 1825 2116 1877 tam
2138 1825 2314 1894 atque
2332 1822 2623 1894 depictam
2649 1822 2988 1891 introducit,
3011 1823 3241 1880 dicens:
3260 1825 3461 1880 Mulier
3477 1825 3653 1880 stulta

222 1912 283 1965 et
314 1907 601 1982 longave,
632 1910 694 1965 in
721 1910 918 1966 divino
951 1910 1109 1967 cultu
1138 1912 1342 1968 victrix
1362 1916 1420 1968 et
1440 1916 1735 1979 coronata,
1769 1911 1888 1967 alta
1916 1907 1963 1921 ¹’
1999 1914 2049 1966 et
2068 1911 2324 1978 clamosa,
2353 1911 2625 1982 plenaque
2653 1912 2940 1977 illecebris,
2959 1916 3012 1966 et
3040 1911 3187 1967 nihil
3202 1914 3424 1967 omnino
3452 1912 3649 1977 sciens,

222 2014 377 2072 pace
391 1998 820 2072 triumphabat,
842 2000 969 2071 jam
993 2001 1440 2057 innumerabilis
1462 2002 1768 2074 utriusque
1800 2018 1892 2057 se-

219 2104 343 2144 xus
367 2090 425 2144 et
464 2088 707 2144 diversas
738 2090 927 2146 aetatis
961 2095 1287 2163 martyrum
1316 2092 1626 2159 exercitus,
1672 2090 1891 2147 nostris

221 2176 457 2249 azymis
486 2176 1119 2249 saginatus,universos
1148 2179 1487 2235 idololatriae
1518 2179 1768 2253 fregerat
1786 2178 1892 2233 im-

222 2269 430 2338 petus,
476 2266 605 2337 jam
646 2267 960 2335 mundum,
995 2272 1051 2323 et
1080 2268 1280 2341 ipsum
1320 2269 1527 2324 mundi
1567 2268 1892 2341 principem

223 2356 348 2411 sub
381 2353 633 2426 pedibus
663 2354 935 2423 habebat,
973 2356 1099 2428 jam
1132 2373 1246 2413 non
1279 2356 1474 2417 solum
1519 2356 1633 2429 ipsi
1683 2360 1893 2412 nostra;

224 2443 635 2500 institutionis
684 2442 1001 2516 antistites,
1047 2445 1149 2501 sed
1188 2449 1245 2503 et
1288 2445 1543 2503 ministri
1577 2461 1801 2513 eorum,
1835 2445 1894 2501 in

229 2533 463 2607 quibus
488 2534 837 2589 Laurentius
860 2551 927 2590 ac
949 2534 1313 2604 Vincentius,
1338 2535 1499 2590 omni
1527 2535 1748 2591 mundo
1779 2538 1896 2591 stu—

228 2625 443 2696 pente,
475 2620 888 2678 deficientibus
927 2622 1073 2696 ipsis
1112 2623 1422 2679 tormentis
1469 2628 1527 2680 et
1576 2623 1898 2681 tortoribus

232 2708 639 2768 insultabant.
665 2710 836 2768 Modo
862 2712 1109 2768 delicata
1129 2711 1249 2768 ﬁlia
1270 2712 1329 2767 in
1355 2712 1612 2771 conclavi
1635 2713 1899 2771 residens

1998 1999 2145 2056 sedet
2201 2001 2261 2055 in
2302 2000 2513 2072 foribus
2540 1999 2731 2056 domus
2758 2015 2877 2058 sum
2911 2017 3078 2071 super
3102 2002 3302 2056 sellam
3344 2002 3405 2054 in
3440 2000 3653 2057 excelso

1999 2090 2151 2144 urbis
2181 2090 2314 2157 loco,
2348 2097 2405 2144 ut
2436 2093 2648 2147 vocaret
2676 2098 3017 2146 transeuntes
3046 2106 3146 2159 per
3164 2091 3312 2145 viam
3338 2093 3391 2146 et
3416 2104 3650 2161 pergen-

2002 2186 2079 2234 tes
2108 2179 2306 2234 itinere
2332 2194 2428 2234 suo
2460 2195 2473 2233 :
2510 2180 2614 2247 Qui
2642 2187 2718 2235 est
2745 2180 3029 2251 parvulus,
3072 2179 3306 2235 declinet
3334 2178 3405 2234 ad
3430 2195 3538 2235 me.
3587 2179 3654 2234 Et

2002 2268 2217 2323 vecordi
2254 2268 2435 2324 locuta
2471 2277 2550 2324 est
2582 2286 2595 2323 :
2628 2269 2799 2340 Aquae
2843 2271 3071 2340 furtivae
3108 2268 3378 2325 dulciores
3418 2275 3568 2336 sunt,
3601 2272 3654 2324 et

2001 2358 2164 2429 panis
2193 2357 2540 2414 absconditus
2563 2359 2804 2413 suavior.
2838 2360 2911 2414 Et
2943 2359 3222 2427 ignoravit
3241 2357 3383 2429 quod
3402 2359 3653 2427 gigantes

2005 2444 2086 2501 ibi
2103 2448 2239 2509 sint,
2261 2448 2386 2501 etin
2405 2446 2695 2517 profundis
2715 2448 2953 2518 infernis
2964 2449 3199 2503 convivae
3210 2448 3324 2520 ejus
3343 2447 3527 2519 (Prov.
3553 2448 3652 2512 ιιι).

2079 2533 2267 2589 XXVI.
2302 2534 2563 2598 Quorum
2607 2551 2680 2591 ne
2711 2534 2788 2592 sit
2817 2536 3108 2609 particeps
3151 2536 3211 2591 in
3242 2534 3444 2592 tartari
3488 2534 3654 2589 ﬂam-

2007 2624 2143 2691 mis,
2177 2640 2325 2695 quas
2356 2623 2615 2680 vicissim
2647 2624 2777 2682 sine
2807 2625 2921 2685 ﬁne
2953 2629 3157 2697 pascat
3204 2621 3478 2680 medullis
3506 2622 3653 2689 suis,

1999 2713 2128 2784 jam
2160 2729 2315 2769 nunc
2344 2713 2468 2769 ﬁlia
2488 2715 2819 2771 recordetur
2858 2714 3115 2787 gemitus
3134 2711 3241 2784 pia
3262 2709 3581 2784 genitricis,
3603 2712 3661 2765 et

235 2815 477 2865 secura,
498 2798 746 2871 deliciis,
761 2799 1024 2870 lascivia,
1047 2805 1105 2858 et
1134 2801 1307 2876 longo
1331 2802 1449 2861 otio
1465 2800 1773 2871 dissoluta,
1794 2821 1899 2862 nec
2009 2806 2153 2873 quot
2178 2801 2267 2857 vel
2300 2807 2522 2875 quanta
2551 2803 2812 2875 pericula
2839 2805 3074 2874 propter
3100 2817 3256 2866 eam,
3287 2791 3391 2856 Seu
3423 2800 3663 2871 propter

233 2889 307 2946 ad
331 2903 622 2960 campum
643 2889 755 2944 rite
769 2890 1204 2962 agonizantium
1229 2890 1546 2964 aliquando
1568 2909 1896 2965 progressa,

234 2979 336 3051 pia
371 2980 568 3034 matre
589 2980 890 3051 eatagente
921 2981 979 3034 et
1007 2980 1357 3035 decernante
1388 2997 1493 3053 pro
1515 2996 1599 3046 ea,
1626 2997 1743 3037 non
1774 2998 1903 3037 eru-

234 3065 439 3124 bescit
470 3069 573 3122 aut
600 3071 834 3122 veretur
859 3066 1178 3139 primatum
1199 3084 1490 3142 arrogare,
1523 3073 1801 3125 maternae
1819 3086 1905 3126 se-

2009 2906 2242 2946 sorores
2273 2891 2484 2963 ipsius,
2500 2891 2561 2946 in
2582 2895 2745 2947 utero
2764 2907 2871 2947 suo
2892 2890 3175 2947 hactenus
3197 2888 3369 2957 vidit;
3395 2891 3454 2944 et
3471 2886 3662 2961 gratia

2011 2978 2113 3034 Dei
2144 2978 2338 3035 discat
2354 2978 2491 3035 talis
2522 2978 2666 3047 fieri,
2701 2979 2908 3035 saltem
2940 2978 3259 3045 admonita,
3292 2974 3484 3049 qualis
3514 2975 3665 3031 bene

2012 3067 2085 3124 de
2115 3084 2177 3123 se
2209 3067 2480 3124 meritam
2512 3052 2783 3133 matrem,
2813 3067 2989 3124 etiam
3022 3067 3184 3125 senio
3214 3083 3281 3125 ac
3307 3065 3549 3124 assiduo
3578 3063 3664 3122 in-

237 3154 479 3212 nectuti
508 3156 628 3227 iam
659 3155 913 3212 emeritae
946 3157 1244 3230 derogare,
1278 3174 1383 3213 nec
1414 3159 1669 3213 eii‘eatum
1690 3174 1904 3231 corpus
1946 3224 1979 3231 _
2014 3172 2253 3212 curvam
2272 3155 2540 3213 laboreet
2557 3156 2892 3224 tremulam,
2911 3157 3048 3213 data
3063 3172 3241 3212 manu
3264 3159 3664 3226 atquesuppo-

237 3246 382 3317 ejus
414 3224 718 3299 laboribus
748 3248 803 3300 et
826 3244 1058 3314 diebus,
1077 3224 1439 3320 nugososque
1460 3250 1517 3302 et
1538 3246 1735 3304 minus
1764 3224 1905 3304 vali-
1937 3224 1981 3293 (ἶ
2018 3245 2130 3302 sito
2159 3244 2407 3300 humero
2436 3244 2983 3302 studeatsublevare
3003 3249 3061 3302 et
3080 3224 3430 3312 sustentare,
3453 3224 3569 3298 non
3591 3241 3664 3299 ad

236 3332 358 3390 dos
384 3335 576 3399 artus,
599 3332 893 3403 quondam
907 3337 1135 3390 torosos
1155 3339 1212 3390 et
1232 3335 1304 3390 ad
1327 3333 1526 3407 praelia
1542 3334 1737 3391 divina
1758 3353 1915 3394 exer-
2023 3332 2255 3390 ruinam
2287 3332 2603 3406 impellere,
2635 3334 2983 3406 deprimere,
3007 3332 3367 3405 perturbare,
3399 3329 3488 3387 vel
3516 3327 3661 3387 ami-

240 3425 376 3487 tos,
396 3417 604 3475 saltem
616 3417 809 3493 aliquo
829 3420 1220 3479 humanitatis
1234 3426 1501 3496 respectu
1516 3423 1916 3494 considerare,
2022 3437 2177 3494 gere.
2212 3421 2309 3478 Pio
2339 3423 2547 3480 affectu
2568 3427 2625 3481 et
2644 3421 2854 3479 humili
2885 3423 3058 3478 corde
3097 3421 3320 3493 jugiter
3348 3418 3672 3494 perpendat

248 3506 498 3566 nullam
531 3510 909 3566 reverentiam
932 3510 1264 3569 reverendis
1285 3512 1448 3567 canis
1466 3511 1653 3584 ipsius
1675 3512 1912 3585 habere,
2025 3509 2163 3583 quid
2194 3510 2350 3566 idem
2376 3510 2653 3567 Salomon
2683 3510 2872 3567 dicat:
2900 3511 3107 3567 Stultus
3124 3509 3524 3581 homodespieit
3545 3522 3665 3563 ma-

249 3597 363 3654 se‘d
430 3596 621 3668 ipsam
678 3596 928 3670 puellari
982 3598 1215 3656 levitate
1270 3603 1403 3673 post
1456 3599 1916 3659 innumerabiles
2024 3606 2162 3655 trem
2207 3616 2363 3655 suam
2413 3601 2594 3670 (Prov.
2628 3601 2851 3669 xv);et
2881 3600 3018 3656 item
3047 3618 3061 3655 :
3095 3599 3171 3656 Ne
3193 3599 3488 3671 despicias,
3542 3612 3669 3653 cum

247 3685 605 3758 triumphos
636 3684 708 3741 ad
735 3687 989 3744 recidiva
1023 3687 1178 3744 bella
1218 3689 1527 3745 adversum
1560 3693 1745 3746 semet
1783 3707 1916 3762 pro-
2023 3689 2266 3761 senuerit
2312 3692 2491 3745 mater
2535 3696 2635 3745 tua
2660 3690 2843 3761 (Prov.
2876 3690 3060 3761 xxiii).
3099 3687 3374 3760 Alioquin
3406 3686 3476 3753 si,
3509 3682 3668 3755 quod

247 3788 495 3843 vocare,
528 3777 584 3830 et
610 3791 741 3831 eam
771 3775 956 3833 solido
987 3779 1381 3850 perfectorum
1427 3778 1557 3835 cibo
1607 3778 1914 3852 privatam,
2026 3774 2206 3831 absit!
2238 3777 2503 3848 pertinax
2530 3792 2658 3833 esse
2683 3777 2951 3840 voluerit,
2982 3780 3038 3832 et
3069 3776 3174 3848 piae
3207 3774 3377 3829 matri
3407 3768 3667 3843 superci-

245 3865 323 3921 ad
356 3864 699 3920 carnalium
729 3864 821 3920 lac
848 3866 1166 3935 retrahere,
1206 3867 1361 3939 quod
1385 3870 1587 3922 contra
1608 3884 1783 3923 usum
1814 3885 1915 3923 na-
2025 3863 2174 3919 lium
2192 3866 2319 3936 ejus
2344 3868 2403 3920 et
2417 3865 2812 3938 arrogantiam
2834 3864 3027 3920 adhuc
3048 3859 3468 3926 dissimulanti,
3491 3862 3671 3931 atque

243 3957 432 4018 ture,
468 3968 541 4008 ex
567 3952 715 4025 ipsis
745 3953 1073 4025 pubertatis
1100 3971 1222 4010 sum
1252 3954 1530 4012 mammis
1561 3954 1620 4012 in
1651 3956 1917 4029 Egypto,
2028 3953 2101 4010 ad
2132 3953 2587 4009 satisfactionem
2621 3952 2909 4026 patienter
2938 3950 3319 4024 exspectanti,
3348 3963 3584 4022 parcere
3613 3950 3672 4004 et

244 4042 419 4098 sicut
467 4056 649 4113 supra
684 4040 908 4098 dictum
937 4047 1047 4112 est,
1089 4042 1261 4099 toties
1300 4043 1637 4110 confractis,
1673 4048 1920 4101 conatur
2028 4057 2232 4113 parere
2261 4040 2696 4112 contempserit,
2728 4039 3055 4112 experietur
3092 4040 3151 4095 in
3206 4037 3437 4095 anicula
3483 4040 3671 4094 matre

245 4130 646 4205 impudenter
663 4130 750 4187 ori
778 4133 910 4203 ejus
936 4130 1243 4187 instillare.
2028 4129 2241 4185 virides
2286 4145 2471 4185 annos
2500 4131 2725 4185 exertos
2756 4129 2825 4185 ad
2860 4133 3236 4201 paternorum
3284 4126 3671 4184 traditionum

318 4218 832 4276 XXX.Etunitam
855 4219 1063 4277 saltem
1075 4218 1382 4276 verumlac
1401 4220 1413 4274 !
1433 4220 1539 4276 Sed
1556 4220 1699 4293 prob
1722 4220 1914 4277 dolor!
2029 4210 2427 4273 defensionem
2465 4216 2733 4285 lacertos,
2766 4216 3214 4274 adolescentulis
3241 4218 3672 4289 oompetentem

248 4326 373 4366 non
395 4310 500 4365 est
527 4305 640 4376 iac,
664 4325 780 4381 quo
800 4311 1002 4366 tenera
1031 4308 1295 4365 ﬁdelium
1321 4308 1603 4382 paulatim
1627 4309 1922 4366 nutriatur
2030 4304 2410 4373 alacritatem,
2434 4305 2765 4377 juvenculae
2804 4306 3197 4362 constantiam
3227 4306 3521 4361 efﬁcacem
3547 4321 3561 4371 ;
3594 4308 3673 4374 et,

247 4396 541 4466 infantia,
572 4401 642 4452 ut
669 4397 742 4453 ad
774 4397 1026 4454 solidam
1056 4414 1251 4457 escam
1281 4396 1595 4472 pertingat,
1628 4398 1729 4453 sed
1762 4399 1917 4469 quod
2021 4396 2193 4467 juxta
2218 4393 2608 4463 Salomonem,
2643 4398 2961 4452 contumax
3001 4394 3270 4450 comedet
3317 4395 3541 4448 fructus
3568 4391 3672 4447 vis:

246 4487 549 4546 Salomon
603 4486 927 4543 cavendum
958 4486 1287 4555 denuntiat,
1321 4487 1522 4543 dicens
1554 4502 1569 4542 :
1601 4486 1712 4543 Fili
1741 4489 1841 4555 mi,
1872 4489 1923 4542 si
2031 4500 2170 4552 sum,
2202 4483 2441 4555 suisque
2489 4483 2750 4541 consiliis
2780 4483 3143 4540 saturabitur
3171 4482 3353 4552 (Prov.
3387 4480 3433 4550 ι)
3464 4496 3478 4535 :
3512 4478 3675 4550 quia,

240 4580 301 4633 te
361 4576 704 4632 lactaverint
742 4580 1069 4647 peccatores,
1091 4592 1161 4632 ne
1199 4577 1481 4648 aquiescas
1517 4576 1595 4633 eis
1639 4574 1819 4648 (Prov.
1858 4576 1920 4649 ι).
1956 4595 2003 4660 D
2030 4573 2183 4629 sicut
2210 4571 2366 4628 idem
2397 4576 2647 4628 testatur
2677 4589 2690 4627 :
2722 4572 3025 4628 Benedictio
3048 4572 3228 4660 patris
3255 4570 3457 4660 ﬁrmat
3492 4567 3676 4624 domos

242 4666 320 4722 Et
354 4683 370 4722 :
416 4666 511 4722 Vm
530 4665 586 4720 ei
610 4666 709 4736 qui
736 4664 907 4721 lactat
934 4666 1175 4721 amicum
1202 4681 1384 4733 suum,
1415 4668 1468 4721 et
1496 4664 1645 4720 ducit
1675 4680 1802 4721 eum
1830 4666 1921 4722 via
1956 4656 1993 4660 ⁷
2027 4662 2302 4733 ﬁliorum;
2324 4660 2637 4717 maledictio
2654 4665 2837 4716 autem
2854 4661 3051 4714 matris
3064 4656 3677 4728 eradicatfundamenta

244 4770 377 4813 non
400 4753 553 4810 bona
580 4756 775 4821 (Prov.
806 4754 943 4826 xvi).
985 4752 1101 4809 Nec
1131 4756 1221 4809 est
1240 4768 1415 4826 aqua,
1451 4752 1523 4808 de
1554 4768 1672 4825 qua
1701 4752 1801 4825 qui
1832 4752 1920 4809 bi-
2031 4749 2218 4822 (Eccli.
2256 4748 2371 4819 in);
2405 4752 2463 4804 et
2490 4748 2742 4818 iterumi:
2769 4749 2941 4815 Quam
2968 4747 3131 4801 malae
3157 4748 3324 4817 famae
3352 4750 3428 4802 est
3457 4746 3554 4817 qui
3581 4745 3679 4819 fu-

242 4843 434 4911 berit,
468 4857 593 4898 non
623 4841 787 4898 sitiat
812 4839 988 4912 ultra,
1012 4841 1149 4914 quia
1178 4841 1279 4897 ﬁet
1297 4840 1359 4897 in
1390 4857 1458 4897 eo
1491 4841 1620 4899 fons
1650 4858 1814 4915 aquae
1837 4858 1925 4897 sa-
2029 4841 2110 4911 git
2134 4846 2383 4911 patrem;
2402 4841 2455 4892 et
2483 4839 2560 4892 est
2588 4836 2908 4892 maledictus
2928 4852 2963 4890 a
2991 4836 3096 4891 Deo
3120 4837 3217 4908 qui
3239 4843 3535 4908 exasperat
3558 4851 3680 4892 ma-

245 4931 473 4989 lientis
497 4931 565 4986 in
591 4929 773 4987 vitam
799 4934 1077 4987 aeternam
1108 4933 1167 4987 et
1195 4930 1443 4987 flumina
1471 4930 1543 4987 de
1571 4933 1768 4987 ventre
1796 4931 1924 5002 ejus
2032 4931 2175 4985 trem
2203 4926 2404 5000 (Ibid.).
2437 4926 2506 4982 Et
2533 4943 2545 4981 :
2572 4926 2679 4994 Qui
2704 4925 2909 4996 afﬂigit
2934 4927 3168 4996 patrem,
3186 4933 3237 4981 et
3255 4926 3404 4997 fugit
3428 4932 3680 4992 matrem,

246 5022 460 5079 tinent:
486 5034 657 5094 aqua:
683 5020 825 5075 vivae
854 5020 1030 5092 (Joan.
1062 5021 1185 5092 vn),
1204 5018 1306 5075 sed
1336 5017 1534 5092 potius
1563 5035 1727 5093 aquas
1759 5017 1925 5074 furti-
2035 5018 2437 5089 ignominiosus
2464 5022 2541 5071 est
2570 5016 2619 5070 et
2648 5014 2850 5085 infelix
2879 5014 3064 5084 (Prov.
3096 5015 3237 5087 xxx).
3261 5014 3447 5079 Quam
3478 5014 3683 5085 utique

246 5128 339 5167 ve
389 5110 475 5166 de
521 5108 740 5182 puteis,
778 5125 925 5181 quos
973 5106 1286 5174 Palaestini,
1318 5108 1513 5164 lutum
1545 5125 1663 5165 non
1711 5124 1927 5180 aquam
2038 5106 2329 5162 offendere
2359 5106 2523 5160 cavet
2542 5101 2814 5176 quisquis
2846 5101 3073 5175 placere
3097 5103 3249 5176 patri
3278 5103 3494 5170 studet,
3526 5099 3685 5157 velut

248 5202 563 5267 amantes,
618 5197 989 5270 repleverunt
1018 5200 1173 5253 terra
1202 5199 1359 5268 (Gen.
1392 5196 1545 5268 xxvx)
1574 5215 1586 5263 ;
1621 5194 1709 5252 vel
1740 5197 1809 5251 de
1841 5195 1927 5250 ci-
2038 5195 2212 5252 etiam
2241 5193 2484 5266 quidam
2514 5191 2870 5264 sapientium
2900 5193 3094 5249 saeculi
3127 5194 3209 5248 ait
3241 5209 3253 5247 :

246 5286 494 5346 sternis
521 5285 826 5359 dissipatis
844 5286 974 5359 (Jer.
1000 5287 1086 5357 ιι),
1119 5301 1223 5342 seu
1254 5285 1602 5342 ﬂuminibus
1622 5283 1853 5359 Egypti
1874 5288 1931 5340 et

243 5374 611 5450 Babylonis,
664 5374 882 5447 quibus
912 5373 1273 5431 distenditur
1299 5379 1521 5443 venter,
1554 5378 1611 5431 et
1652 5375 1930 5447 gravatus

247 5483 377 5523 non
415 5462 703 5537 repletur,
726 5463 825 5520 sed
850 5462 1189 5519 exinanitur
1204 5465 1262 5518 et
1281 5462 1623 5521 intumescit
1640 5464 1822 5533 (Num.
1847 5466 1925 5531 v),
2108 5459 2331 5515 XXVII.
2366 5458 2467 5514 His
2489 5457 2671 5532 igitur
2690 5459 2747 5512 et
2766 5454 2899 5511 aliis
2922 5453 3375 5528 quamplurimis
3393 5453 3579 5526 liquet
3598 5472 3687 5513 as-

247 5558 319 5613 ιιι
348 5568 535 5611 more
564 5552 867 5626 hydropici
914 5555 1076 5609 tanto
1108 5550 1241 5625 plus
1271 5551 1432 5609 sitiat
1473 5554 1545 5609 ad
1589 5551 1927 5626 perniciem,
2037 5546 2547 5620 sertionibusquid
2568 5541 3045 5602 mereaturetiam
3058 5541 3529 5603 carnalisma'tris
3547 5560 3683 5603 con-

246 5644 501 5718 πιαῐο
513 5640 890 5715 plusbiberit.
910 5641 991 5699 De
1013 5640 1229 5714 quibus
1251 5642 1504 5715 profecto
1526 5642 1811 5702 Dominus
1828 5659 1931 5715 per
2037 5640 2295 5710 temptus
2317 5653 2330 5692 :
2356 5640 2413 5694 et
2433 5636 2575 5709 quid
2594 5637 2664 5692 de
2685 5631 3007 5707 spiritualis
3018 5633 3319 5707 genitricis
3335 5634 3689 5694 contumelia

2122 5327 2197 5378 Ne
2225 5328 2449 5376 matrem
2478 5322 2740 5381 offendas,
2772 5322 2900 5373 dum
2928 5324 3010 5372 vis
3037 5324 3212 5373 bonus
3240 5334 3354 5370 esse
3385 5318 3614 5382 parenti.
