4088 6174
390 263 511 350 763,

1456 271 1525 338 s.
1569 268 1854 337 LEONIS
1890 269 1978 365 ix
2017 271 2255 336 pars
2295 272 2738 343 OPUSGULA:
2782 274 2791 281 ‘

3675 285 3792 349 764

389 412 448 467 et
476 405 888 482 exprobatione
916 405 1176 465 dicetur?
1204 407 1311 467 Illa
1338 405 1634 482 siquidem
1661 407 1723 464 in
1753 407 2034 481 iniquita-
2062 399 2122 479 λζ
2149 416 2317 470 scaut
2335 416 2746 486 etsequantur,
2768 413 3142 474 contenditis.
3161 414 3238 474 Ut
3259 415 3417 475 enim
3434 417 3641 489 fertur,
3663 434 3794 476 cm-

386 498 546 556 tibus
566 514 673 555 nos
695 501 1007 570 conceptos
1027 499 1321 571 generavit
1341 499 1415 555 ad
1437 504 1712 565 mortem;
1737 498 1849 555 ista
1876 516 2033 568 vero,

387 587 578 661 culpis
608 586 895 653 remissis,
919 588 1281 660 regeneravit
1310 590 1382 643 ad
1412 588 1616 644 vitam.
1641 589 1897 654 Quarum
1930 605 2034 644 ceu

386 676 590 749 dispar
606 680 700 731 est
718 675 1014 746 meritum,
1040 676 1121 731 ita
1140 681 1196 732 et
1216 677 1435 750 dispar,
1460 694 1564 749 pro
1586 694 1787 733 earum
1813 677 2035 733 honore

386 769 454 821 ut
482 766 562 841 [et
588 763 702 835 vel]
733 764 1013 820 dedecore
1058 764 1387 836 praemium,
1440 764 1540 838 qui
1588 764 1884 821 carnalem
1915 782 2035 821 ma-

385 853 848 910 tremhonoranti
864 852 1198 927 longmvitas
1212 870 1389 926 super
1402 854 1779 911 morientium
1793 858 2030 924 terram,

354 946 443 998 iet
471 942 908 998 ﬁrmamentum
942 959 1087 998 casae
1133 961 1356 999 casurae
1405 944 1860 1017 repromittitur;
1907 960 2033 1000 exa-

386 1033 643 1104 speranti
667 1036 864 1088 autem
901 1049 1052 1097 eam,
1075 1036 1439 1089 terrenorum
1475 1033 1786 1089 eradicatio
1820 1033 2030 1089 funda-

384 1124 739 1177 mentorum.
772 1122 948 1177 Porro
970 1121 1335 1193 spiritualem
1366 1125 1730 1187 venerantes,
1779 1122 2031 1196 longitu-

382 1209 579 1266 dinem
610 1211 838 1265 dierum
870 1209 931 1263 in
961 1210 1162 1265 dextra
1182 1210 1281 1265 Dei
1312 1209 1595 1265 videbunt
1624 1212 1793 1282 (Psal.
1826 1213 1940 1284 xv),
1972 1216 2031 1268 et

380 1296 438 1351 in
471 1300 626 1352 terra
647 1296 963 1350 viventium
992 1295 1117 1352 sine
1140 1297 1255 1352 ﬁne
1277 1297 1626 1353 habitabant
1650 1316 1662 1365 ;
1689 1305 2029 1370 spernentes

379 1400 515 1440 vero
547 1383 967 1455 illam,duplici
990 1384 1334 1440 contritione
1355 1391 1752 1453 conterentur,
1778 1393 1853 1455 et,
1879 1388 2031 1444 sicut

379 1470 659 1543 diploide,
682 1470 1022 1526 confusione
1052 1488 1161 1526 sua
1188 1472 1510 1529 induentur
1548 1475 1720 1546 (Psal.
1754 1476 1931 1549 cvm),
1975 1481 2032 1534 et

378 1559 545 1615 radix
569 1575 771 1616 eorum
794 1560 866 1615 de
888 1564 1043 1616 terra
1070 1560 1391 1618 viventium
1414 1563 1698 1619 evelletur
1720 1565 1892 1637 (Psal.
1926 1566 2024 1638 ιι).

378 1649 603 1704 Etenim
655 1649 884 1706 affectio
942 1651 1193 1708 carnalis
1244 1653 1449 1709 matris
1493 1653 1542 1709 si
1603 1672 1709 1711 nos
1758 1657 2028 1728 prohibet

376 1754 426 1844 αἱ
464 1738 785 1844 reverentia
854 1738 1167 1844 spirituali,
1237 1741 1474 1839 penitus
1533 1742 1917 1843 relinquenda
1971 1750 2103 1844 etB

373 1825 775 1883 abscindenda
804 1831 893 1883 est
924 1828 1114 1896 nobis,
1153 1832 1213 1883 ut
1236 1828 1295 1883 in
1320 1830 1764 1889 Deuteronomio
1798 1832 2024 1907 Moyses

374 1915 445 1970 de
471 1915 628 1970 tribu
661 1915 789 1971 Levi
818 1915 959 1971 dicit
990 1934 1003 1973 :
1034 1918 1140 1985 Qui
1168 1917 1377 1973 dixerit
1401 1921 1554 1990 patri
1590 1937 1687 1976 suo
1730 1930 1782 1977 et
1806 1925 1975 1979 matri
2006 1940 2019 1979 :

370 2004 559 2060 Nescio
587 2021 677 2061 vos
696 2023 716 2067 ;
745 2008 799 2060 et
827 2007 1099 2078 fratribus
1128 2008 1245 2063 suis
1280 2026 1292 2064 :
1324 2010 1519 2079 Ignoro
1550 2011 1708 2079 illos;
1739 2020 1790 2067 et
1814 2015 2022 2069 nescie-

370 2097 501 2149 runt
532 2094 674 2163 ﬁlios
702 2110 829 2152 suos
874 2112 887 2150 :
933 2096 995 2150 hi
1020 2096 1386 2152 custodierunt
1433 2101 1812 2157 testamentum
1845 2107 2020 2173 tuum,

360 2181 576 2254 judicia
614 2186 730 2249 tua,
780 2198 809 2237 ο
854 2184 1041 2251 Jacob,
1072 2188 1125 2240 et
1154 2186 1326 2256 legem
1355 2195 1527 2253 tuam,
1561 2204 1591 2243 ο
1619 2190 1790 2245 Israel
1839 2192 2017 2265 (Deut.

367 2274 588 2339 xxxm).
650 2271 814 2334 Quod
872 2272 1124 2343 denique
1185 2273 1424 2330 iacturis
1472 2276 1727 2334 domnus
1757 2279 1931 2337 Jesus
1961 2282 2019 2338 in

370 2357 679 2429 Evangelio
713 2358 1053 2431 centuplum
1082 2360 1196 2427 hic,
1229 2366 1286 2416 et
1314 2361 1374 2416 in
1408 2363 1603 2420 t‘uturo
1631 2365 1809 2422 vitam
1855 2373 2020 2427 aeter-

371 2461 509 2500 nam
533 2445 873 2517 repromisit
894 2447 1097 2519 (Illatth.
1130 2450 1268 2521 xui).

439 2534 682 2590 XXVIII.
715 2536 823 2591 Sed
850 2551 981 2591 ccce
1006 2538 1129 2608 jam
1162 2555 1279 2593 non
1309 2539 1480 2595 debet
1506 2541 1737 2615 ingrata
1765 2544 1885 2601 ﬁlia
1914 2563 2018 2620 ap-

370 2639 592 2696 parere,
627 2624 764 2695 quia
787 2641 902 2696 prae
932 2626 1155 2681 caeteris
1185 2643 1314 2683 eam
1346 2629 1634 2687 honorare
1664 2633 1904 2705 dignata
1931 2641 2020 2692 est

368 2716 554 2768 mater
582 2728 709 2767 sua.
744 2713 889 2768 Nam
919 2730 1054 2769 cum
1088 2715 1248 2771 nullo
1279 2717 1473 2774 divino
1503 2719 1589 2776 vel
1619 2720 1875 2779 humano
1899 2725 2018 2797 pri-

364 2800 571 2873 vilegio
600 2800 1001 2858 honorabilior
1029 2818 1134 2858 seu
1167 2804 1378 2861 clarior
1408 2806 1540 2863 aliis
1566 2810 1840 2868 Ecclesiis
1870 2813 2016 2869 Con-

367 2888 888 2962 stantinopolitana
934 2891 1144 2949 existat
1189 2894 1464 2967 Ecclesia,
1527 2901 1584 2953 et
1635 2900 2015 2971 Antiochena,

365 2980 541 3050 atque
558 2978 974 3049 Alexandrina,
995 2998 1027 3036 o
1042 2980 1470 3041 brevercntiam
1493 2987 1775 3062 principis
1792 2996 2019 3063 aposto-

2145 521 2250 562 nes
2281 503 2615 561 Latinorum
2644 504 2919 563 basilicas
2958 524 3135 580 penes
3176 524 3280 565 vos
3311 506 3633 578 clausistis,
3666 525 3791 566 mo-

2144 594 2347 651 nachis
2370 595 2727 652 monasteria
2736 598 2793 652 et
2807 596 3121 654 abbatibus
3136 596 3567 667 tulistis,donec
3581 599 3796 657 vestris

2140 684 2398 741 viverent
2423 683 2731 741 institutis.
2765 685 2908 743 Ecce
2930 685 2991 743 in
3020 686 3129 744 hac
3158 691 3347 760 parte,
3392 687 3657 745 Romana
3684 689 3791 746 Ec-

2143 774 2320 831 clesia
2350 778 2568 847 quanto
2594 773 2919 844 discretior,
2969 776 3325 834 moderatior
3363 781 3421 833 et
3448 776 3794 834 clementior

2140 863 2306 919 vobis
2327 867 2417 920 est
2438 862 2451 919 l
2475 861 2776 935 Siquidem
2797 879 2933 920 cum
2951 863 3106 921 intra
3124 868 3182 922 et
3202 869 3364 923 extra
3388 866 3635 923 Romam
3656 866 3790 939 plu-

2141 950 2295 1008 rima
2324 952 2655 1009 Graecorum
2687 952 3052 1025 reperiantur
3071 954 3428 1010 monasteria
3454 954 3575 1011 sive
3605 954 3789 1012 eccle-

2139 1043 2260 1114 site,
2283 1040 2512 1099 nullum
2533 1058 2735 1099 eorum
2748 1042 2939 1099 adhuc
2950 1044 3328 1115 perturbatur
3341 1043 3428 1100 vel
3441 1043 3790 1116 prohibetur

2141 1149 2175 1188 a
2204 1136 2446 1206 paterna
2486 1131 2820 1201 traditione,
2857 1132 2977 1189 sive
3005 1149 3116 1189 sua
3142 1134 3605 1203 consuetudine;
3639 1135 3786 1206 quin

2139 1221 2335 1294 potius
2366 1221 2647 1277 suadetur
2674 1224 2732 1276 et
2759 1222 3108 1278 admonetur
3148 1238 3277 1278 eam
3308 1223 3634 1278 observare.
3666 1222 3786 1279 Nec

2138 1309 2295 1366 enim
2317 1308 2748 1366 animositatem
2762 1309 2956 1382 impiae
2974 1310 3262 1367 haereseos
3274 1311 3471 1379 habet,
3490 1327 3614 1382 qua
3633 1329 3787 1368 sem-

2137 1415 2241 1471 per
2269 1397 2554 1456 divisione
2584 1399 2820 1472 gaudet,
2848 1398 3050 1456 dicens
3079 1416 3182 1472 per
3210 1399 3555 1473 patricidam
3586 1417 3782 1458 mere-

2134 1487 2341 1545 tricem
2372 1505 2385 1545 :
2416 1493 2527 1545 Nec
2553 1489 2713 1557 mihi,
2744 1504 2844 1545 nec
2866 1488 2970 1545 tibi
2993 1490 3084 1557 sit,
3108 1488 3198 1545 sed
3225 1489 3502 1546 dividatur
3528 1491 3627 1561 (III
3651 1492 3779 1564 Reg.

2135 1579 2311 1647 xvn);
2343 1578 2445 1634 sed
2477 1578 2689 1650 pietate
2716 1594 2863 1634 versa
2894 1578 3101 1634 matris
3132 1579 3215 1636 sic
3255 1578 3631 1636 Salomoan
3679 1581 3783 1636 de-

2134 1669 2443 1739 precatur:
2498 1666 2742 1734 Obsecro,
2794 1666 3031 1734 domine,
3076 1668 3199 1725 date
3238 1668 3367 1725 huic
3395 1671 3669 1740 infantem
3695 1672 3779 1725 vi-

2133 1773 2258 1812 vum
2287 1759 2337 1811 et
2383 1756 2552 1813 nolite
2597 1757 2908 1826 interﬁcere
2951 1773 3077 1813 eum
3116 1757 3318 1830 (Ibid).
3362 1756 3486 1814 Scit
3523 1775 3779 1831 namque

2133 1845 2273 1917 quia
2302 1844 2385 1901 nil
2415 1845 2632 1901 obsunt
2650 1844 2826 1901 saluti
2856 1845 3216 1902 credentium
3246 1844 3484 1902 diverse
3514 1863 3618 1918 pro
3649 1846 3775 1904 loco

2132 1938 2191 1991 et
2218 1938 2480 2007 tempore
2509 1934 2985 2002 consuetudines,
3016 1936 3252 2006 quando
3299 1952 3416 1992 una
3462 1936 3629 2005 ﬁdes,
3674 1953 3777 2008 per

2132 2022 2500 2079 dilectionem
2558 2039 2807 2095 operans
2863 2023 3019 2080 bona
3061 2040 3189 2096 quae
3238 2027 3442 2095 potest,
3500 2023 3600 2079 uni
3651 2024 3773 2082 Deo

2131 2113 2506 2169 commendat
2532 2128 2758 2168 omnes.
3438 2179 3442 2183 ‘

2200 2201 2358 2257 XXX.
2392 2201 2555 2267 Quod
2586 2217 2688 2257 vos
2719 2216 2854 2257 cum
2884 2217 2954 2258 ex
2983 2201 3177 2258 debito
3198 2202 3413 2275 gradus
3440 2204 3497 2257 et
3520 2200 3635 2258 loci
3662 2219 3765 2258 ve-

2130 2292 2237 2348 stri
2259 2290 2615 2364 oportuisset
2634 2286 2783 2348 scire
2803 2293 2859 2347 et
2878 2290 3210 2364 praedicare,
3236 2294 3522 2365 quatenus
3551 2293 3623 2348 de
3652 2292 3773 2349 col-

2129 2380 2296 2438 lectis
2326 2380 2532 2437 ovibus
2552 2380 2800 2454 gratiam
2832 2396 2867 2435 a
2886 2380 3039 2437 bono
3068 2384 3321 2453 pastore,
3355 2397 3475 2437 non
3498 2382 3775 2438 condem-

2129 2470 2426 2526 nationem
2476 2486 2580 2541 pro
2610 2467 2891 2541 dispersis
2920 2468 3292 2525 mereremini
3338 2470 3637 2543 percipere
3683 2471 3777 2527 in-

2129 2558 2396 2615 eurristis
2425 2557 2571 2614 illud
2590 2556 2852 2631 Apostoli
2873 2558 2947 2614 ad
2976 2558 3249 2616 Hebraeos
3283 2577 3296 2616 :
3331 2560 3495 2629 Quia,
3526 2576 3654 2616 cum
3679 2560 3776 2618 de-

2129 2647 2358 2703 bueritis
2384 2648 2642 2719 magistri
2670 2662 2784 2704 esse
2810 2654 3066 2719 tempore,
3100 2649 3301 2704 iterum
3322 2664 3535 2706 necesse
3563 2650 3779 2707 habetis

2124 2736 2308 2793 doceri
2350 2751 2474 2808 quae
2515 2737 2626 2793 sint
2670 2737 2937 2794 elementa
2982 2753 3298 2794 sermonum
3324 2739 3423 2795 Dei
3453 2739 3646 2811 (Hebr.
3694 2739 3779 2811 v.)

2126 2825 2311 2882 Zetum
2340 2827 2490 2881 enim
2518 2825 2616 2882 Dei
2639 2824 2872 2895 habetis,
2899 2825 2990 2881 sed
3020 2841 3128 2882 non
3157 2827 3456 2883 secundum
3487 2830 3782 2885 scientiam

2126 2915 2301 2986 (Rom.
2332 2914 2411 2987 x).
2440 2915 2624 2980 Quam
2642 2917 2709 2969 ut
2729 2912 3284 2985 apprehendissetis,
3307 2932 3427 2973 non
3452 2915 3630 2985 saltu,
3672 2917 3778 2974 sed

2125 3002 2402 3060 canonico
2423 3001 2746 3071 intervallo,
2778 3001 2899 3059 imo
2921 3002 3096 3075 plano
3125 3004 3271 3076 pede
3302 3005 3375 3060 ad
3397 3005 3778 3079 episcopatus

365 3064 757 3168 lqrumrinte'f
785 3066 930 3125 alias
962 3072 1746 3168 Ρθιιξξξῐϐηξάίβηξῐδῖίεεὶυτα
1767 3096 1781 3147 ἱ
1806 3083 2013 3168 tamen
2047 3144 2087 3168 η
2126 3090 2359 3148 culmen
2399 3109 2433 3147 a
2463 3090 2611 3148 laica
2640 3091 3081 3149 conversatione
3116 3064 3414 3166 pervenire
3430 3064 3776 3168 .debu‘istis,

366 3154 460 3257 pia
482 3159 687 3257 mater.
713 3144 2014 3257 130111893scilicetEcclesia.nol'ensdilectam
2045 3144 2088 3211 C
2126 3144 2878 3248 ié'IoBis";e"r;;gi;éaHQ
2889 3144 3088 3238 “ait;
3116 3144 3779 3257 iiiiig’xpaghiifié

365 3242 545 3346 ﬁliam
575 3244 709 3301 dote
730 3245 1182 3346 honoriﬁcentia:
1203 3266 1271 3305 ex
1287 3255 1411 3346 toto
1432 3269 1648 3324 carere,
1681 3273 1786 3346 per
1814 3258 2014 3317 beatos
2121 3269 2394 3341 episcopo
2426 3242 2673 3323 dicentis
2708 3284 2722 3324 :
2755 3266 2873 3323 Non
2897 3242 3251 3341 neophytum,
3281 3287 3352 3329 ne
3369 3242 3433 3328 ei
3449 3242 3779 3346 superbiam

366 3333 822 3435 praedecessores
869 3339 1101 3435 nostros
1150 3337 1209 3435 in
1251 3339 1477 3435 aliquot
1524 3345 1761 3416 synodis
1792 3348 2014 3405 curavit
2121 3333 2295 3414 elatus
2320 3333 2387 3413 in
2407 3356 2685 3431 judicium
2723 3354 2933 3412 incidat
2972 3333 3179 3415 diaboli
3221 3333 3271 3432 (1
3311 3362 3442 3417 Tim.
3476 3333 3584 3435 ui).
3617 3364 3777 3421 Nam

366 3419 674 3506 decernere
705 3426 787 3489 ut,
826 3423 987 3478 salva
1017 3426 1429 3498 principalium
1468 3435 1525 3487 et
1555 3435 2010 3506 apostolicarum

367 3501 596 3563 sediuin
617 3510 862 3582 antiqua
880 3513 1184 3585 dignitate,
1209 3501 1891 3594 Constantinopolitanus
1914 3543 2013 3582 an-

366 3596 534 3653 tistes
563 3596 952 3655 honoraretur
981 3601 1132 3657 sicut
1176 3604 1346 3676 regiae
1378 3605 1629 3666 civitatis
1677 3612 2012 3686 episcopus,

367 3687 637 3774 quamvis
664 3687 1037 3747 Justinianus
1087 3691 1396 3766 religiosus
1444 3698 1744 3770 Augustus
1786 3700 2015 3774 legibus

363 3772 643 3832 humanis
671 3776 955 3835 voluisset
999 3787 1261 3839 astruere
1290 3787 1354 3839 ut
1382 3789 1517 3856 post
1557 3803 1770 3860 papam
1804 3772 2017 3848 Roma-

363 3879 507 3917 num
559 3866 757 3921 sedeat
790 3866 1447 3944 Constantinopolitanae
1482 3876 1696 3946 praesul
1726 3878 2015 3937 Ecclesiae.

362 3953 420 4004 et
447 3956 600 4007 certe
657 3953 769 4008 hoc
817 3956 980 4012 nulla
1016 3957 1130 4014 alia
1178 3961 1519 4019 excellentia
1564 3966 1908 4024 meritorum
1930 3975 2021 4027 est

365 4042 663 4126 assecuta,
696 4042 810 4095 nisi
840 4046 991 4113 quod
1016 4046 1273 4105 Romana
1304 4052 1558 4108 Ecclesia
1576 4071 1679 4126 pro
1710 4073 1906 4115 amore
1926 4076 2019 4116 ve-

364 4124 647 4220 nerabilis
676 4128 1064 4199 Constantini,
1090 4136 1365 4208 seipsam,
1389 4124 1679 4212 quantum
1712 4145 1771 4201 in
1803 4162 1870 4202 eo
1890 4149 2021 4220 fuit,

362 4211 704 4309 honoraritis
733 4221 791 4272 et
812 4220 1152 4309 exultantis,
1200 4211 1492 4284 civitatem
1528 4231 1717 4303 ipsius
1756 4233 1860 4291 hoc
1900 4211 2019 4309 pri;

358 4299 579 4373 vilegio
617 4303 857 4362 honoris
888 4308 1014 4365 sola
1042 4309 1303 4369 humana
1343 4299 1745 4378 benevolentia
1772 4299 2025 4399 insigni-

356 4389 456 4459 vit,
482 4391 652 4484 juxta
680 4396 977 4469 prophetae
1021 4400 1242 4458 dictum
1294 4406 1365 4460 ad
1400 4405 1524 4462 Heli
1562 4426 1574 4463 :
1612 4389 2025 4484 Gloriﬁcaritem

2123 3464 2257 3504 cum
2279 3446 2471 3502 locum
2490 3443 2744 3501 doctoris
2756 3448 3003 3519 usurpat
3021 3446 3314 3517 indoctus,
3333 3465 3563 3506 necesse
3583 3455 3679 3507 est
3711 3457 3786 3509 ut

2126 3538 2228 3590 aut
2255 3533 2445 3592 discat
2474 3533 2630 3606 quod
2661 3533 2882 3602 doceat,
2915 3538 3018 3592 aut
3044 3551 3231 3593 caecus
3260 3540 3477 3610 pastor,
3514 3553 3619 3594 seu
3652 3556 3784 3596 non

2126 3623 2327 3681 valens
2354 3621 2571 3678 latrare
2591 3622 2754 3679 canis
2775 3626 2975 3679 mutus
2996 3626 3126 3693 (Isa.
3147 3626 3280 3698 va),
3304 3625 3626 3700 perniciose
3660 3629 3788 3685 sibi

2125 3716 2182 3770 et
2211 3711 2492 3784 subjectis
2524 3714 2841 3779 remaneat,
2874 3715 2977 3768 aut
3005 3712 3231 3770 discere
3253 3718 3311 3771 et
3351 3718 3537 3772 tacere
3567 3717 3788 3774 erube-

2126 3818 2317 3870 scens,
2350 3799 2741 3872 perniciosius
2767 3800 2971 3857 docere
3000 3807 3339 3874 praesumat.
3362 3804 3512 3860 Raro
3542 3821 3792 3878 quoque

2128 3889 2319 3948 evenit
2350 3893 2437 3957 ut,
2470 3888 2529 3943 in
2561 3887 2821 3945 culmine
2849 3888 3102 3960 positus,
3152 3891 3338 3947 valeat
3383 3892 3794 3952 humilitatem

2129 3980 2355 4035 discere
2378 3977 2478 4050 qui
2499 3977 2559 4032 in
2581 3975 2723 4033 imis
2740 3993 2856 4033 non
2878 3976 3052 4033 desiit
3066 3980 3389 4052 superbire.
3415 3980 3539 4037 Huc
3560 3984 3798 4041 accedit

2131 4073 2188 4125 et
2213 4067 2359 4123 illud
2390 4067 2568 4139 quod,
2602 4064 2939 4139 albuginem
2962 4066 3186 4126 habens
3215 4069 3276 4126 in
3307 4070 3495 4138 oculo,
3524 4088 3560 4125 a
3590 4088 3799 4129 sacer-

2132 4157 2289 4213 dotio
2319 4154 2681 4229 prohibetur.
2720 4153 3075 4228 Albuginem
3107 4157 3325 4230 quippe
3365 4158 3541 4215 habet
3564 4160 3625 4215 in
3658 4177 3805 4219 ocu-

2134 4243 2489 4317 lo,quisquis
2504 4243 2797 4317 arroganti
2804 4243 2869 4315 aj
2879 4244 3089 4300 ustitise
3105 4245 3191 4301 vel
3205 4247 3502 4318 sapientia;
3514 4254 3804 4307 cecatur.

2204 4333 2393 4389 XXXI.
2427 4333 2536 4389 Sed
2569 4333 2726 4389 absit
2759 4336 2826 4388 ut
2869 4331 3127 4406 religiosi
3158 4334 3452 4409 principes
3498 4340 3557 4393 et
3585 4340 3808 4397 ortho-

2137 4423 2293 4490 doxi,
2345 4424 2520 4494 atque
2548 4419 3055 4478 Christianissima
3082 4426 3140 4479 et
3184 4424 3295 4480 Deo
3324 4425 3531 4482 devota
3559 4427 3811 4501 civitas,

360 4480 811 4590 Ϊξθρίοζξβησαδθὶ
833 4489 931 4590 αἱ
950 4492 1134 4545 autem
1151 4499 1502 4551 σοηίθνηηαηε
1525 4514 1627 4566 me,
1652 4510 1816 4558 ενιιηι
1849 4505 2016 4578 igno-
2071 4513 2118 4580 Ι)
2147 4529 2250 4570 vos
2272 4511 2332 4566 in
2353 4480 2464 4568 ho‘c
2484 4514 2678 4567 vestro
2698 4526 2891 4566 errore
2911 4510 3235 4568 audiendos
3254 4516 3461 4585 putent
3486 4530 3501 4571 :
3523 4530 3685 4587 quos
3706 4480 3818 4590 po:

364 4571 429 4630 ‘c"
447 4573 528 4629 les
553 4575 598 4642 (ι
621 4578 748 4647 Reg.
785 4578 869 4646 II).

427 4662 616 4719 XXIX.
649 4665 758 4721 Aut
787 4666 836 4722 si
860 4669 1015 4739 quozl
1037 4669 1192 4726 aliud
1217 4672 1444 4742 retinet,
1480 4681 1580 4732 aut
1639 4685 1807 4751 putat
1841 4698 1903 4738 se
1935 4683 2038 4741 ha-

2145 4601 2268 4658 tius
2310 4601 2383 4656 ad
2426 4599 2671 4656 unitatis
2713 4599 2935 4657 bonum
2977 4603 3199 4656 terrore
3245 4602 3551 4674 potestatis
3585 4621 3814 4680 cogere

2146 4691 2381 4746 debent.
2405 4688 2802 4745 Recordentur
2817 4689 3491 4763 Constantinopolitanos
3509 4697 3815 4763 praesules

350 4749 493 4850 bere
518 4752 821 4850 dignitatis
853 4757 1242 4850 privilegium,
1276 4778 1377 4818 vos
1410 4749 1666 4822 rebelles
1716 4768 1936 4826 lumini
1969 4790 2036 4829 ac
2144 4778 2205 4834 in
2259 4781 2489 4833 tantum
2520 4776 2733 4849 priscis
2773 4776 3137 4850 temporibus
3167 4749 3653 4837 familiarissime

355 4838 608 4932 veritati,
640 4844 987 4932 etsignil‘eri
1015 4850 1235 4903 umbrae
1262 4855 1320 4906 et
1344 4852 1646 4932 vanitatis,
1680 4858 1943 4928 proferte
1973 4860 2035 4918 in

357 4927 643 5023 medium.
672 4930 789 4987 Vos
822 4933 978 4988 enim
1011 4935 1388 5009 alloquimur,
1412 4927 1530 5013 qui,
1554 4927 1709 5001 sicut
1732 4948 2033 5023 Dominus

354 5014 435 5112 ait
464 5014 803 5112 Pharisaais,
838 5023 1045 5077 tulistis
1073 5027 1283 5082 clavem
1311 5031 1569 5089 scientiae
1597 5034 1749 5105 (Luc.
1786 5041 1890 5108 x1),
1925 5014 2025 5112 qui

358 5104 642 5163 claudistis
672 5124 904 5180 regnum
933 5113 1195 5168 caelorum
1223 5121 1352 5172 ante
1381 5104 1647 5193 homines,
1678 5141 1780 5182 nec
1806 5104 2033 5200 ipsiin-

360 5197 539 5263 tratis,
570 5214 671 5253 nec
698 5199 839 5289 alios
866 5207 1076 5257 intrare
1100 5206 1421 5274 permittitis
1451 5208 1670 5281 (Matth.
1702 5197 1892 5289 xxiii),
1925 5221 2026 5276 sed

354 5287 551 5359 potius
596 5288 950 5360 prohibetis,
986 5291 1126 5348 dum
1159 5295 1366 5352 matris
1394 5303 1788 5360 venerandam
1820 5287 2026 5365 faciem

355 5391 677 5447 conspuore
697 5379 982 5450 quaaritis,
1003 5381 1145 5438 dum
1169 5400 1298 5440 eam
1339 5386 1725 5460 insequimini
1747 5395 2026 5453 conviciis

350 5467 410 5517 et
455 5464 951 5536 maledictis,dum
976 5487 1159 5542 agnos
1181 5473 1309 5544 ejus
1330 5475 1402 5529 ab
1426 5492 1493 5531 ea
1514 5484 2023 5552 segregare,etiam

357 5550 733 5609 anathemate
763 5560 819 5611 et
850 5557 1116 5633 ﬂagellis,
1152 5578 1225 5618 ne
1254 5578 1452 5620 vocem
1484 5550 2023 5646 maternamagno-

2144 4866 2348 4924 morbo
2382 4865 2666 4940 superbiae
2715 4865 3038 4936 laborasse,
3070 4870 3137 4922 ut
3165 4867 3354 4925 edicto
3392 4871 3820 4942 Augustorum

2142 4954 2477 5024 Theodosii,
2524 4953 2758 5011 Arcadii
2787 4958 2846 5010 et
2891 4954 3128 5012 Honorii
3158 4956 3611 5034 prohibitusrsit
3640 4964 3824 5034 quis-

2139 5061 2175 5118 q
2186 5061 2325 5101 uam
2339 5061 2408 5101 ex
2427 5042 3072 5116 Constantinopolitana
3090 5045 3352 5103 Ecclesia
3361 5033 3721 5121 pontiﬁcatu
3731 5070 3819 5123 ω,

2143 5135 2417 5192 defuncto
2465 5133 2735 5206 episcopo
2764 5131 3044 5202 Sisinnio,
3074 5133 3350 5208 deinceps
3381 5152 3637 5209 sperare,
3704 5143 3820 5200 sed

2138 5240 2208 5280 ex
2237 5221 2353 5279 alia
2381 5222 2495 5279 sibi
2516 5221 2740 5295 jugiter
2766 5223 3105 5295 pontiﬁcem
3135 5228 3422 5296 expetere,
3455 5226 3598 5298 quia
3626 5234 3823 5287 erant

2135 5310 2297 5368 inani
2323 5309 2520 5384 glorias
2546 5310 2726 5366 dediti
2751 5314 2809 5367 et
2830 5329 3009 5385 supra
3031 5313 3273 5369 modum
3296 5318 3666 5387 arrogantes,
3696 5335 3816 5376 ceu

2136 5403 2600 5456 commemorant
2645 5399 3127 5474 historiographi.
3167 5401 3276 5469 Qui
3324 5403 3503 5460 etiam
3535 5404 3830 5465 referunt

2135 5490 2288 5561 quod
2312 5489 2684 5563 septuaginta
2699 5505 2801 5545 sex
2817 5488 3142 5547 Orientales
3164 5491 3445 5566 episcopi,
3479 5493 3825 5555 concilium

2133 5577 2477 5636 Sardicense
2543 5577 2927 5651 declinantes,
2972 5579 3033 5636 in
3093 5579 3486 5657 Philippopoli
3528 5582 3816 5646 Thracia
