4088 6174
234 294 381 362 τω·

1210 300 1623 367 EPISTOLE
1662 300 1763 368 ar
1804 249 2171 367 causam
2215 302 2690 369 pourmcm.

3520 282 3645 378 766

238 433 852 494 anathematizandum
883 436 1349 495 conventiculum
1382 438 1694 506 haberunt,
1746 457 1881 496 san-
1913 440 1969 507 Α
1997 437 2365 511 punirentur.
2398 438 2620 497 Idcirco
2649 442 2758 499 etsi
2786 443 2859 500 ad
2891 442 3000 501 hoc
3029 461 3131 503 vos
3159 446 3406 521 impellit
3424 454 3640 521 tumor,

238 530 511 598 ctamque
531 525 1041 584 etimmaculatam
1053 527 1295 584 Nicena:
1309 522 1513 601 synodi
1534 528 1708 585 fidem
1724 529 1888 585 adul-

235 619 509 684 terentes,
531 617 829 672 communi
853 618 1281 690 subscriptione
1292 635 1546 675 errorem
1567 635 1743 675 suum
1755 614 1887 675 con-

235 704 547 760 ﬁrmarunt
562 703 982 773 ;Occidentales
998 724 1125 763 vero
1137 708 1400 773 trecenti,
1416 707 1666 780 amplexi
1679 724 1886 764 sanam

233 796 574 849 sanctorum
606 798 849 850 Patrum
901 796 1273 865 sententiam,
1338 797 1730 853 unanimitate
1780 815 1889 853 sua

234 882 705 938 corroborarunt.
739 885 899 949 Quod
934 888 1124 940 totum
1154 886 1286 941 ideo
1344 885 1579 953 dicitur,
1638 903 1711 942 ne
1756 892 1889 959 post

234 970 498 1044 priorum
520 972 913 1043 cognitionem
934 973 1163 1030 incaute
1185 976 1571 1047 praesentibus
1595 975 1883 1031 credatur.

301 1060 527 1117 XXXII.
560 1061 708 1116 Nam
731 1062 1004 1118 Romanis
1026 1063 1294 1120 Ecclesia:
1316 1065 1482 1134 ﬁdes,
1508 1082 1611 1137 per
1627 1066 1887 1136 Petrum,

235 1165 416 1221 super
440 1154 667 1222 petram
697 1150 1000 1217 adificata,
1033 1168 1137 1207 nec
1165 1151 1448 1210 hactenus
1504 1154 1719 1223 deﬁcit,
1781 1171 1888 1211 nec

235 1237 469 1294 deﬁciet
494 1237 554 1296 in
586 1239 817 1306 saeuis,
850 1238 1075 1297 Christo
1094 1241 1221 1312 ejus
1242 1241 1489 1297 Domino
1516 1247 1760 1315 rogante
1784 1260 1887 1315 pro

234 1343 322 1394 ea,
355 1344 464 1384 ceu
494 1330 742 1384 testatur
770 1328 881 1384 sub
912 1328 1043 1403 ipsa
1066 1329 1340 1403 passione
1371 1347 1475 1389 sua
1504 1348 1516 1387 :
1558 1332 1665 1404 Ego
1694 1335 1890 1404 rogavi

232 1432 333 1488 pro
360 1420 435 1484 te,
468 1419 651 1485 Petre,
684 1422 742 1473 ut
765 1435 878 1473 non
905 1418 1120 1491 deﬁciat
1162 1420 1295 1490 ﬁdes
1350 1427 1496 1489 tua;
1554 1431 1605 1479 et
1662 1431 1722 1479 tu
1779 1424 1886 1478 ali-

232 1506 453 1577 quando
484 1523 772 1563 conversus
802 1509 1068 1578 conﬁrma
1094 1512 1296 1580 fratres
1353 1519 1470 1566 tuos
1515 1513 1662 1581 (Luc.
1720 1516 1884 1581 xxn).

235 1594 366 1659 Quo
395 1594 546 1651 dicto
575 1597 993 1653 demonstravit
1014 1599 1188 1655 fidem
1209 1599 1457 1655 fratrum
1479 1600 1636 1656 vario
1657 1601 1886 1657 defectu

232 1682 701 1755 periclitandam,
734 1686 833 1742 sed
869 1687 1217 1744 inconcussa
1246 1693 1303 1744 et
1352 1689 1720 1746 indeﬁciente
1774 1692 1888 1748 fide

230 1772 579 1878 .Pet'ri,v‘elut
608 1774 789 1830 firmae
821 1776 1095 1878 anchorae
1116 1777 1391 1878 subsidio
1451 1778 1766 1852 figendam,
1829 1785 1888 1836 et
1920 1813 1967 1878 B

229 1861 288 1917 in
322 1862 707 1918 fundamento
733 1863 1081 1920 universalis
1112 1864 1376 1922 Ecclesiae
1398 1867 1885 1925 confirmandam.

229 1951 397 2016 Quod
428 1968 600 2008 nemo
628 1957 823 2025 negat,
842 1952 954 2008 nisi
977 1953 1076 2024 qui
1096 1955 1393 2011 evidenter
1416 1955 1533 2012 haec
1563 1956 1693 2028 ipsa
1714 1958 1891 2014 verba

226 2040 511 2098 Veritatis
541 2041 872 2115 impugnat,
905 2042 1045 2114 quia
1075 2041 1228 2099 sicut
1257 2044 1493 2101 cardine
1527 2049 1714 2102 totum
1739 2047 1888 2119 regi-

225 2134 329 2186 tur
358 2130 602 2198 ostium,
636 2131 717 2187 ita
748 2133 911 2188 Petro
935 2135 992 2187 et
1022 2134 1466 2190 successoribus
1517 2136 1648 2205 ejus
1705 2134 1888 2191 totius

230 2218 506 2277 Ecclesia:
536 2219 873 2292 disponitur
900 2220 1384 2278 emolumentum.
1419 2224 1487 2279 Et
1515 2224 1670 2279 sicut
1714 2225 1888 2280 cardo

226 2307 562 2365 immobilis
590 2325 939 2382 permanens
970 2310 1131 2365 ducit
1161 2315 1219 2366 et
1248 2312 1473 2368 reducit
1501 2313 1746 2380 ostium,
1805 2313 1888 2368 sic

226 2398 442 2454 Petrus
465 2402 523 2453 et
552 2398 642 2454 sui
670 2415 1037 2455 successores
1066 2398 1318 2456 liberum
1350 2401 1420 2456 de
1478 2402 1637 2456 omni
1694 2401 1885 2458 Eccle-

228 2488 316 2545 sia
328 2487 558 2543 habent
568 2487 884 2558 judicium,
898 2505 1032 2544 cum
1060 2505 1228 2544 nemo
1250 2489 1459 2546 debeat
1479 2506 1682 2546 eorum
1698 2491 1885 2547 dimo-

226 2593 370 2634 vere
386 2580 634 2642 statum,
658 2575 797 2648 quia
817 2593 1053 2633 summa
1071 2579 1238 2634 sedes
1258 2595 1292 2634 a
1310 2580 1545 2635 nemine
1559 2580 1882 2651 judicatur.

229 2666 405 2723 Unde
432 2664 627 2721 clerici
660 2666 788 2736 ejus
816 2666 1141 2721 cardinales
1173 2666 1471 2736 dicuntur,
1511 2669 1735 2724 cardini
1766 2670 1885 2725 uti-

230 2773 351 2830 que
380 2754 489 2822 illi,
521 2770 638 2826 quo
669 2750 1230 2825 cetera‘moventur,
1276 2757 1525 2813 vicinius
1585 2758 1882 2815 adhaeren-

226 2849 339 2902 tes.

289 2934 552 2991 XXXIII.
606 2935 970 3006 Quapropter
1023 2952 1131 2992 nos
1189 2936 1515 2993 certissime
1567 2939 1883 2995 retinentes

227 3023 395 3079 omni
425 3022 819 3079 venerabilem
851 3024 1072 3080 mundo
1112 3024 1541 3081 institutionem
1600 3026 1773 3095 Petri,
1828 3030 1885 3082 et

226 3113 413 3169 fidem
440 3111 635 3184 ipsius
674 3111 991 3184 coapostoli
1048 3113 1139 3169 sui
1197 3117 1254 3168 et
1307 3114 1562 3170 doctoris
1618 3114 1883 3187 gentium

1996 533 2191 584 tamen
2225 529 2484 584 retardat
2511 530 2708 587 timor.
2743 533 2878 598 Quae
2909 552 3042 591 cum
3086 536 3167 591 ita
3225 537 3361 607 sint,
3424 541 3642 598 nullius

1995 622 2193 674 tamen
2227 633 2327 673 vos
2348 618 2630 677 detractio
2661 623 2946 695 reprimit,
2990 626 3132 696 quin
3192 626 3498 700 diligenter
3552 630 3641 686 lac

1994 713 2052 764 et
2080 708 2276 764 lanam
2307 712 2379 768 ab
2410 710 2614 767 ovibus
2637 712 2880 785 exigatis
2906 732 2918 781 ;
2945 731 3049 769 nec
3066 715 3368 785 veremini,
3398 734 3470 773 ne
3488 718 3644 774 dica-

1996 802 2092 855 tur
2124 818 2237 856 non
2270 817 2399 859 esse
2427 819 2530 857 vos
2561 818 2728 874 pares
2760 801 2876 858 illis
2909 804 3378 861 antecessoribus
3438 807 3649 863 vestris

1999 891 2251 962 magnis.
2286 891 2402 946 Cur
2431 891 2562 957 hoc,
2591 890 2704 945 nisi
2735 891 2873 963 quia
2902 891 3240 963 quicunque
3292 895 3644 969 sacerdotes,

1996 979 2105 1034 etsi
2138 979 2401 1050 dispares
2433 983 2572 1035 sunt
2592 979 2819 1045 merito,
2846 996 3014 1050 pares
3032 984 3227 1036 tamen
3255 986 3394 1037 sunt
3414 984 3604 1041 ofﬁcio
3620 988 3648 1041 ?

1996 1066 2112 1122 Nec
2143 1072 2332 1140 potest
2351 1067 2624 1141 denegari
2654 1084 2756 1139 pro
2788 1067 2996 1125 merito
3029 1070 3181 1142 quod
3216 1070 3463 1127 debetur
3515 1074 3644 1129 ofﬁ-

1996 1156 2105 1211 cio.
2137 1156 2411 1229 Alioquin
2436 1174 2551 1212 non
2582 1160 2759 1211 staret
2789 1157 3204 1221 sacerdotium,
3237 1159 3288 1215 si
3319 1162 3513 1233 majus
3544 1167 3647 1218 aut

1998 1244 2196 1302 minus
2234 1246 2418 1313 fieret,
2454 1261 2555 1301 seu
2606 1244 2926 1300 variaretur
2980 1248 3305 1304 Secundum
3354 1249 3645 1308 humano-

1999 1349 2129 1388 rum
2176 1333 2517 1390 varietatem
2570 1332 2936 1403 meritorum,
2986 1342 3302 1409 essentque
3358 1356 3504 1412 pene
3562 1345 3647 1396 tot

1997 1423 2322 1493 sacerdotia
2352 1427 2494 1497 quot
2523 1421 2811 1479 homines.

2068 1513 2281 1569 XXXV.
2315 1514 2439 1578 Qua
2470 1514 2540 1568 de
2577 1529 2660 1578 re,
2692 1513 2921 1580 fratres,
2958 1513 3181 1570 utinam
3214 1532 3331 1571 non
3388 1518 3459 1573 ad
3485 1518 3648 1591 judi-

1998 1602 2154 1659 cium
2210 1606 2477 1659 nostrum
2531 1602 2820 1668 dicamus,
2881 1603 3135 1673 profecto
3194 1622 3403 1662 sumus
3456 1608 3651 1679 qualis

1996 1693 2224 1761 Petrus,
2257 1696 2314 1747 et
2345 1709 2460 1747 non
2493 1708 2702 1747 sumus
2760 1691 2953 1763 qualis
3006 1697 3238 1763 Petrus,
3298 1696 3438 1767 quia
3492 1697 3649 1754 idem

1999 1797 2206 1837 sumus
2223 1781 2437 1846 officio,
2460 1784 2516 1835 et
2540 1797 2652 1835 non
2674 1780 2827 1835 idem
2852 1781 3079 1835 merito.
3096 1783 3165 1836 Et
3186 1783 3651 1859 quotiescunque

2001 1869 2089 1924 lac
2119 1872 2176 1925 et
2202 1868 2423 1935 lanam,
2445 1868 2665 1924 scilicet
2695 1866 3051 1940 stipendium
3074 1874 3131 1925 et
3145 1869 3650 1930 honorificentiam

2002 1958 2073 2015 ab
2103 1956 2309 2013 ovibus
2339 1956 2440 2012 Dei
2470 1956 2781 2029 exigimus,
2816 1956 2978 2011 nulla
3007 1957 3201 2013 meriti
3232 1958 3417 2015 nostri
3456 1961 3537 2016 ibi
3585 1962 3652 2019 fit

2000 2044 2496 2114 commemoratio,
2530 2045 2629 2100 sed
2662 2044 2852 2101 officio
2886 2048 3083 2101 nostro
3117 2047 3400 2118 quaeritur
3452 2050 3650 2107 debita

1999 2134 2481 2206 recompensatio.
2514 2135 2593 2188 Ac
2625 2133 2673 2188 si
2701 2132 2975 2188 meritum
3007 2134 3159 2189 Petri
3194 2152 3307 2191 non
3337 2136 3647 2211 habentes,

1998 2223 2257 2280 officium
2288 2226 2487 2279 autem
2533 2223 2686 2278 Petri
2744 2228 3152 2295 exsequentes,
3208 2225 3397 2282 officio
3449 2232 3647 2286 nostro

1999 2314 2227 2369 debitos
2281 2311 2648 2384 reposcimus
2714 2312 2988 2378 honores,
3045 2314 3322 2386 Apostolo
3381 2316 3645 2374 dicente:

1998 2403 2255 2471 Quandiu
2274 2403 2388 2457 min
2397 2403 2526 2457 ister
2539 2417 2655 2468 ero,
2680 2402 3058 2457 ministerium
3071 2419 3253 2458 meum
3274 2402 3650 2477 honori/icabo

1996 2494 2169 2563 (Rom.
2206 2491 2383 2560 11).Et
2410 2507 2779 2563 przemonens
2829 2507 2964 2547 oves
3013 2491 3226 2548 Christi
3287 2494 3359 2549 ad
3418 2495 3647 2553 solven-

1995 2580 2137 2635 dum
2170 2578 2419 2653 singulis
2450 2578 2664 2646 debita,
2700 2579 2815 2634 ait:
2860 2579 3081 2635 Reddite
3140 2583 3398 2637 omnibus
3448 2583 3646 2653 debita,

1993 2670 2085 2724 cui
2112 2669 2391 2743 honorem,
2426 2667 2685 2724 honorem
2715 2669 2888 2738 (Rom.
2923 2668 3070 2739 vm).
3092 2668 3217 2723 Non
3255 2669 3394 2740 quia
3424 2670 3647 2728 bonum

1994 2758 2071 2813 sit
2082 2756 2775 2830 accipientibus,sedquia
2788 2755 3009 2810 malum
3027 2756 3228 2812 sitnon
3243 2757 3645 2817 reddentibus.

1994 2847 2088 2903 Sic
2100 2864 2235 2919 ergo
2248 2851 2303 2902 et
2315 2845 2692 2901 beatissimus
2706 2844 3101 2917 praedecessor
3119 2848 3315 2902 noster
3332 2847 3646 2921 Gregorius

1994 2936 2133 2991 dicit
2157 2953 2168 2991 :
2193 2936 2374 2991 Nemo
2397 2951 2503 2990 nos
2526 2937 2764 3007 propter
2779 2950 2886 2989 nos
2907 2933 2963 2988 in
2990 2933 3115 2990 loco
3157 2935 3305 2991 Petri
3340 2937 3647 3011 despiciat,

1993 3024 2134 3096 quia
2163 3042 2232 3079 ex
2261 3024 2538 3079 cathedra
2566 3024 2714 3094 ejus,
2749 3023 2868 3089 cui,
2920 3027 3157 3080 auctore
3207 3025 3345 3096 Deo,
3407 3029 3648 3099 quales-

1998 3131 2230 3186 cunque
2259 3112 2663 3186 praasidemus,
2689 3111 2885 3168 debita
2914 3112 3027 3169 sibi
3048 3113 3189 3184 jura
3219 3118 3485 3172 nostrum
3519 3118 3645 3173 ofﬁ-

228 3200 424 3269 Pauli,
448 3181 1020 3257 clarissimo—calamo
1042 3202 1459 3275 subscriptam,
1476 3204 1547 3259 ab
1570 3181 1891 3275 apostolica
1918 3181 1961 3249 (ἶ
2001 3181 2157 3259 cium
2190 3181 2486 3258 reclamat.
2513 3202 2866 3273 Frequenter
2885 3181 3214 3259 enim—solet
3243 3204 3470 3261 evenire
3491 3207 3644 3278 quod

225 3290 378 3347 sede
406 3288 682 3345 omnibus
708 3288 893 3346 libere
922 3288 1248 3347 clamamus
1280 3292 1436 3364 quod
1476 3290 1696 3348 Galatis
1732 3291 1888 3348 idem

225 3377 501 3434 Paulus:
535 3379 674 3435 Licet
698 3394 816 3448 nos,
849 3383 946 3434 aut
1000 3381 1230 3449 angelus
1260 3380 1326 3436 de
1378 3382 1506 3437 caelo
1555 3382 1891 3451 evangelizet

228 3468 419 3536 vobis,
472 3471 846 3541 praeterquam
899 3468 1039 3541 quod
1114 3470 1548 3541 euangelizatum
1592 3479 1668 3525 est
1720 3472 1886 3541 vobis,

225 3557 536 3614 anathema
561 3559 655 3613 sit.
689 3557 840 3613 Sicut
865 3557 1131 3629 praedixi,
1163 3563 1216 3614 et
1268 3576 1417 3615 nunc
1469 3561 1671 3615 iterum
1726 3560 1885 3618 dico:

225 3646 290 3703 Si
316 3647 449 3719 quis
506 3647 973 3717 euangelizaverit
1018 3650 1223 3719 praeter
1276 3648 1333 3702 id
1387 3648 1529 3720 quod
1583 3651 1887 3721 accepistis,

222 3735 537 3791 anathema
562 3737 637 3790 sit
665 3734 813 3807 (Gal.
846 3736 908 3808 1).
940 3736 1056 3792 Nec
1086 3736 1218 3793 ideo
1258 3736 1587 3804 silebimus,
1637 3738 1686 3793 si
1744 3739 1886 3793 dici-

222 3840 361 3880 mur
398 3839 522 3878 non
551 3838 681 3880 esse
710 3824 915 3896 quales
944 3825 1246 3892 debemus,
1280 3842 1384 3882 nec
1408 3825 1597 3898 qualis
1643 3830 1733 3883 est
1783 3831 1889 3884 Pe-

219 3917 376 3970 trus.
416 3912 585 3979 Quod
614 3912 817 3986 utique
846 3914 1139 3987 agendum
1164 3918 1339 3983 esset,
1360 3915 1408 3971 si
1440 3916 1716 3987 cuiquam
1739 3910 1890 3972 com-

219 4003 655 4059 mendaremus
670 4001 1084 4075 nosmetipsos.
1118 4004 1259 4072 Quia
1285 4020 1431 4070 vero,
1462 4004 1617 4060 sicut
1637 4006 1719 4059 ait
1737 4006 1888 4077 Apo-

217 4091 439 4160 stolus,
472 4106 592 4146 non
632 4090 993 4162 praedicamus
1029 4095 1402 4163 nosmetipsos,
1450 4093 1544 4149 sed
1589 4094 1889 4148 Dominum

213 4181 407 4237 Iesum
462 4195 568 4235 nos
615 4184 797 4236 autem
845 4196 1025 4237 servos
1070 4196 1351 4237 servorum
1403 4182 1523 4253 ejus
1568 4197 1668 4252 per
1693 4185 1730 4239 Ι
1735 4197 1886 4236 esum

214 4270 286 4339 (ΙΙ
313 4268 451 4326 Cor.
490 4268 607 4338 IV);
638 4269 795 4324 nobis
821 4285 920 4340 pro
945 4269 1177 4325 minimo
1208 4274 1307 4338 est,
1336 4274 1398 4324 ut
1436 4286 1471 4324 a
1529 4270 1680 4325 vobis
1730 4271 1885 4342 judi-
1932 4268 1937 4274 ’

208 4372 432 4425 eenmr,
463 4360 566 4412 aut
589 4358 657 4413 ab
678 4357 918 4414 humano
937 4356 1048 4427 die,
1080 4360 1349 4430 quoniam
1378 4360 1474 4429 qui
1527 4358 1735 4428 iudicat
1761 4375 1882 4427 nos,

206 4445 493 4501 Dominus
551 4449 629 4501 est
682 4446 731 4518 (Ι
759 4446 879 4502 Cor.
905 4447 1003 4519 IV).
1060 4448 1241 4519 Neque
1295 4448 1446 4503 enim
1500 4450 1596 4520 qui
1643 4449 1886 4519 seipsum

2001 3291 2275 3359 dicimus,
2306 3295 2374 3346 ut
2403 3307 2653 3363 persona
2683 3289 2742 3344 in
2773 3289 2884 3345 hoc
2914 3291 3134 3346 mundo
3176 3296 3383 3363 potens
3440 3294 3644 3367 despe-

1998 3385 2157 3437 ctum
2191 3396 2424 3436 servum
2455 3378 2685 3434 habeat.
2720 3378 2985 3450 Cumque
3029 3396 3132 3452 per
3185 3397 3319 3436 eum
3380 3382 3507 3439 suis
3557 3383 3645 3439 vel

1999 3469 2287 3527 extraneis
2318 3468 2516 3540 aliqua
2544 3468 2804 3538 mandat,
2838 3484 2955 3523 non
3005 3468 3343 3540 despicitur,
3398 3488 3649 3543 persona

1999 3559 2167 3616 missi
2224 3558 2394 3626 servi,
2454 3556 2591 3630 quia
2646 3556 2707 3613 in
2750 3557 2923 3613 corde
2997 3561 3262 3613 servatur
3327 3561 3649 3618 reverentia

1998 3645 2286 3702 mittentis
2317 3643 2558 3701 domini.
2601 3644 2823 3716 Ergone
2880 3643 3087 3700 saltem
3150 3646 3306 3715 quod
3364 3647 3647 3704 Dominus

1999 3734 2288 3790 concessit
2318 3733 2626 3788 Pharisaeis
2657 3738 2714 3789 et
2761 3732 2978 3788 Scribis
3039 3732 3378 3788 sedentibus
3435 3734 3495 3788 in
3547 3751 3646 3790 ca-

1997 3823 2206 3879 thedra
2276 3822 2515 3894 Moysis,
2598 3836 2799 3875 servus
2857 3820 3167 3891 denegabit
3222 3820 3641 3892 qualibuscum-

1999 3928 2110 3983 que
2140 3910 2434 3967 conservis
2464 3907 2589 3964 suis
2620 3907 2678 3961 in
2711 3906 2988 3962 cathedra
3019 3907 3168 3962 Petri
3195 3908 3223 3963 ?
3251 3910 3431 3981 Super
3460 3912 3641 3969 cathe-

1996 4000 2173 4065 dram,
2200 3998 2412 4070 inquit,
2444 3997 2640 4068 Moysis
2668 3995 2927 4051 sederunt
2973 3995 3180 4053 Scriba:
3233 4002 3286 4053 et
3345 3999 3643 4057 Pharisaei.

1998 4090 2194 4145 Omnia
2222 4102 2346 4158 ergo
2376 4100 2712 4157 quaecunque
2738 4084 2984 4140 dixerint
3014 4086 3168 4142 vobis
3196 4092 3410 4144 servate
3451 4093 3504 4145 et
3557 4092 3644 4161 fa-

1994 4181 2097 4234 cite
2126 4175 2333 4249 (Matth.
2366 4176 2551 4245 xxm).
2582 4175 2668 4230 lta
2699 4175 2853 4246 quod
2888 4174 3038 4230 male
3069 4176 3342 4245 vivimus,
3374 4182 3641 4236 nostrum

1995 4271 2118 4323 est:
2153 4266 2306 4338 quod
2334 4280 2469 4320 vero
2499 4264 2654 4319 bona
2683 4263 2958 4330 dicimus,
2992 4264 3303 4332 cathedrae,
3333 4268 3505 4338 cujus
3545 4285 3646 4325 oc-

1995 4356 2228 4412 casione
2256 4368 2495 4409 necesse
2526 4352 2814 4409 habemus
2871 4357 3029 4409 recta
3086 4353 3418 4425 praedicare.
3481 4355 3646 4412 Unde

1994 4444 2135 4501 dicit
2164 4442 2259 4498 ille
2280 4441 2803 4498 exercitatissimus
2838 4441 3087 4497 Paulus:
3122 4444 3261 4497 Dum
3290 4443 3642 4509 omnimodis,

202 4533 588 4601 mmemiat,
621 4534 722 4589 ille
744 4534 1004 4606 probatus
1022 4542 1120 4603 est,
1179 4533 1271 4590 sed
1327 4550 1487 4604 quem
1536 4535 1676 4590 Deus
1732 4551 1878 4591 com-
1910 4551 1957 4616 D
1984 4536 2102 4590 sive
2124 4533 2426 4601 occasione,
2460 4532 2573 4587 sive
2602 4531 2814 4586 invidia
2855 4532 3099 4586 Christus
3144 4532 3532 4597 annuntietur,
3591 4540 3644 4588 et

197 4623 554 4695 mndata]
581 4622 702 4679 Cor.
736 4626 812 4691 χ).
841 4622 910 4678 Et
939 4621 1272 4695 repellendo
1302 4622 1680 4679 temerarium
1711 4623 1878 4694 judi-
1988 4626 2047 4680 in
2109 4622 2206 4678 hoc
2260 4620 2491 4692 gaudeo,
2548 4622 2639 4675 sed
2691 4624 2744 4675 et
2799 4619 3042 4689 gaudebo
3090 4617 3319 4690 (Philip.
3384 4619 3467 4691 ιι).
3501 4620 3641 4676 Ecce

202 4713 395 4781 cium,
438 4711 585 4767 dicit
613 4711 793 4768 alibi:
828 4712 900 4767 Tu
934 4713 1059 4784 quis
1084 4728 1160 4779 es,
1223 4713 1321 4784 qui
1358 4713 1577 4784 judicas
1631 4713 1881 4768 alienum

196 4804 478 4858 servm?
505 4800 618 4855 Suo
650 4802 868 4858 domino
885 4804 992 4857 stat
1018 4808 1114 4856 aut
1140 4801 1322 4868 cadit;
1350 4804 1545 4873 potens
1602 4805 1683 4856 est
1728 4802 1881 4858 enim

197 4891 345 4948 Deus
380 4890 568 4947 illum
587 4897 826 4946 statuere
854 4891 1029 4963 (Rom.
1056 4891 1194 4962 x1v).

274 4979 544 5037 XXXIV.
602 4979 825 5052 Nempe
880 4983 937 5035 et
986 4996 1110 5047 vos,
1177 4978 1312 5035 licet
1371 4978 1879 5052 quamplurimum

196 5068 524 5134 tumentis,
559 5069 830 5140 quamvis
861 5069 932 5125 de
963 5068 1127 5124 vobis
1159 5067 1313 5123 ultra
1339 5068 1581 5123 modum
1615 5068 1735 5124 alta
1755 5086 1882 5125 sen-

197 5157 394 5228 tiatis,
432 5173 558 5213 non
589 5157 886 5213 credimus
911 5161 1131 5227 tamen,
1166 5158 1321 5229 quod
1352 5156 1542 5214 dicere
1591 5157 1875 5228 audeatis,

196 5264 305 5304 vos
336 5262 484 5305 esse
501 5245 709 5318 quales
727 5246 971 5312 debetis,
992 5250 1094 5301 aut
1121 5245 1315 5318 qualis
1336 5245 1679 5315 Alexander,
1701 5246 1879 5303 Joan-

195 5352 306 5392 nes
337 5335 836 5407 Chrysostomus,
859 5334 947 5391 vel
1006 5334 1317 5391 Flavianus
1377 5334 1504 5403 fuit,
1566 5334 1718 5390 sicut
1776 5351 1882 5391 nec

191 5423 626 5482 Antiochenus
651 5439 714 5480 se
743 5422 944 5493 talem,
975 5423 1169 5495 qualis
1198 5422 1421 5480 exstitit
1466 5423 1593 5495 ipse
1654 5424 1879 5491 Petrus,

192 5530 305 5570 nec
335 5511 790 5570 Alexandrinus
823 5528 1025 5586 parem
1060 5529 1122 5568 se
1166 5512 1359 5569 Mat'co
1414 5511 1502 5568 vel
1561 5501 1882 5569 Athanasio

190 5602 484 5676 proﬁteri
509 5606 602 5661 est
630 5618 833 5672 ausus,
867 5602 1007 5676 quia
1027 5601 1154 5661 sine
1198 5601 1608 5661 retractatione
1667 5619 1701 5659 a
1760 5602 1883 5659 suis

1987 4709 2300 4784 Apostolus
2330 4709 2415 4765 sic
2442 4707 2804 4764 necessarios
2835 4706 2994 4761 ducit
3023 4705 3384 4777 hujusmodi,
3408 4711 3474 4763 ut
3498 4725 3642 4782 gau-

1987 4801 2123 4856 deat
2155 4814 2333 4870 super
2361 4796 2444 4853 eis
2469 4813 2482 4865 ;
2517 4798 2573 4851 et
2601 4812 2703 4851 vos
2733 4794 2833 4866 qui
2862 4794 3028 4861 estis,
3061 4795 3160 4867 qui
3223 4795 3643 4870 negligentiam

1987 4905 2189 4945 eorum
2221 4887 2293 4942 ad
2326 4883 2607 4958 injuriam
2629 4882 2959 4956 apostolicae
2992 4883 3284 4940 cathedrae
3340 4891 3640 4960 retorque-

1988 4977 2101 5033 tis‘?
2122 4977 2238 5032 Nos
2265 4975 2421 5031 enim
2446 4973 2589 5045 quid
2613 4972 2859 5028 sumus?
2878 4973 2994 5030 Nec
3011 4976 3213 5030 contra
3234 4991 3341 5032 nos
3370 4981 3460 5032 est
3482 4994 3643 5033 mur-

1992 5083 2123 5121 mur
2152 5068 2435 5129 vestrum,
2470 5062 2571 5117 sed
2603 5066 2808 5116 contra
2835 5062 3171 5129 Dominum,
3206 5065 3376 5135 cujus
3406 5066 3641 5120 ordina-

1993 5154 2138 5210 tioni
2194 5150 3039 5220 resistendo,-damnationem
3092 5152 3253 5207 vobis
3313 5151 3641 5222 acquiritis,

1992 5260 2128 5300 cum
2154 5245 2355 5297 nostra
2386 5242 2666 5313 potestas,
2699 5238 2854 5294 sicut
2878 5245 2935 5296 et
2966 5240 3177 5307 omnis,
3219 5257 3251 5292 ει
3308 5238 3468 5293 nullo
3528 5239 3643 5295 alio

1994 5332 2110 5388 nisi
2143 5332 2214 5387 ab
2248 5331 2375 5402 ipso
2410 5328 2504 5385 sit.
2532 5327 2844 5384 Sciendum
2876 5332 2966 5383 est
3022 5329 3160 5398 quia
3215 5324 3360 5380 falsa
3408 5327 3646 5398 justitia

1992 5418 2489 5492 dedignationem,
2525 5434 2661 5472 vera
2689 5419 2885 5472 autem
2918 5413 3386 5487 compassionem
3432 5414 3634 5475 habet.

1991 5513 2115 5577 Qua
2134 5507 2337 5580 utique
2350 5505 2685 5579 privamini,
2700 5504 3059 5569 insultando,
3076 5520 3187 5558 non
3209 5505 3640 5576 compatiendo;

1996 5597 2197 5655 aliena
2260 5595 2603 5655 calamitati.
2661 5595 2732 5652 Et
2804 5594 2950 5652 forte
3022 5593 3342 5668 approbare
3392 5594 3646 5682 nequitis
