4088 6174
439 273 557 344 ’167

1509 267 1576 331 S.
1615 265 1901 334 LEONIS
1939 265 2024 332 IX
2067 265 2296 332 PAPE
2335 264 2771 333 OPUSCULA.

3724 261 3846 328 768

437 423 594 502 quod
651 419 900 492 objicerc
955 409 1044 470 vel
1101 403 1442 467 calamuiari
1500 405 1896 502 praesumitis:
1949 405 2075 502 i_mo
2105 403 2161 472 Α
2191 403 2468 502 θῇρξῆᾳξα
2497 419 2752 502 sua‘ncn
2780 396 2895 502 sibi
2925 397 3564 502 tantum,lsednmagis
3617 403 3836 502 mutua

435 498 662 574 constat
691 525 791 562 vos
820 502 1198 573 comprobare
1229 515 1344 554 non
1378 515 1567 570 posse.
1601 498 1713 552 Sed
1743 501 1886 552 esto.
1936 499 2080 551 Ecce

431 608 492 660 in
519 602 648 657 caelo
665 595 844 667 judea:
870 599 1071 657 noster,
1105 599 1156 645 et
1191 590 1436 645 conscius
1492 595 1675 642 noster
1727 588 1787 641 in
1848 588 2081 642 excelsis

432 690 550 762 (Job
579 685 716 754 XVI).

499 773 737 833 XXXVI.
773 773 1056 827 Caeterum
1090 769 1160 822 de
1190 765 1425 822 homine
1452 765 1684 830 sentite,
1719 782 1751 821 0
1785 765 2076 832 homines,

428 866 583 939 quod
614 861 1040 928 vultis;unum
1101 862 1294 911 tamen
1355 853 1713 910 conscientia
1772 853 2082 926 respondet

427 947 619 1018 nobis,
655 951 797 1022 quia
825 946 1089 1004 omnium
1129 943 1513 999 Ecclesiarum
1565 942 1664 998 Dei
1725 941 1973 998 salutem
2023 946 2081 997 et

428 1041 841 1100 exultationem
873 1050 1244 1105 summopere
1278 1033 1703 1088 desideramus.
1728 1031 1837 1086 Sed
1871 1036 1933 1086 ut
1955 1031 2080 1102 qui-

428 1149 662 1204 cunque
693 1128 991 1202 quodlibet
1021 1143 1090 1180 ex
1122 1122 1398 1194 superbia
1430 1121 1688 1192 arripiat,
1723 1124 1778 1175 et
1805 1120 1915 1175 sibi
1949 1137 2080 1175 con-

428 1227 518 1277 tra
549 1223 810 1276 nostram
843 1211 1222 1287 apostolicam
1258 1211 1456 1265 sedem
1508 1215 1683 1281 atque
1739 1209 1894 1280 leges
1950 1211 2078 1280 ejus

428 1313 687 1380 usurpet,
712 1307 820 1361 hoc
853 1320 957 1358 nos
982 1301 1225 1356 tolerare
1252 1316 1366 1354 non
1391 1315 1728 1369 possumus,
1754 1298 1894 1369 quia
1923 1297 2079 1369 quis-

425 1399 556 1469 quis
590 1397 856 1450 Romanaz
890 1389 1153 1446 Ecclesiae
1195 1387 1598 1443 auctoritatem
1631 1385 1719 1441 vel
1778 1385 2080 1458 privilegia

423 1499 702 1541 evacuare
718 1499 816 1536 seu
845 1479 1194 1534 imminuere
1215 1475 1564 1544 nititur,non
1588 1475 1681 1530 hic
1700 1474 2079 1530 uniusEocle-

421 1573 650 1639 sise,sed
677 1571 857 1627 totius
877 1565 1336 1624 Christianitatis
1357 1565 1796 1620 subversionem
1819 1568 1877 1620 et
1899 1563 2076 1618 inter-

419 1661 568 1717 itum
583 1656 1157 1727 machinalur.Cujus
1169 1654 1324 1710 enim
1339 1652 1741 1726 compassione
1754 1651 1839 1708 vel
1854 1657 2080 1708 susten-

2188 492 2449 558 utilitati,
2480 492 2775 550 exhibent.
2822 492 2986 550 Unde
3041 496 3280 549 secutus
3308 490 3465 548 idem
3493 489 3835 563 Apostolus,

2189 582 2308 638 ait:
2368 581 2428 638 Si
2481 583 2824 654 gloriﬁcatur
2884 600 3060 639 unum
3115 582 3441 647 membrum,
3498 579 3842 652 congaudent

2187 673 2375 728 omnia
2402 672 2648 728 membra
2687 673 2735 744 (I
2763 671 2885 728 Cor.
2942 675 3085 740 xm).
3148 672 3216 726 Et
3267 673 3499 743 quanta
3557 669 3838 741 insipien-

2186 762 2280 817 tia:
2311 766 2401 818 est
2431 759 2584 818 nolle
2616 777 2725 817 nos
2757 761 2976 817 imitari
3009 761 3166 834 quod
3199 776 3428 825 sumus,
3461 763 3518 814 et
3547 759 3704 830 quod
3764 759 3837 814 ad

2189 850 2590 907 transitoriam
2652 849 2831 906 vitam
2903 848 3245 923 aliquandiu
3323 848 3691 903 retinendam
3741 863 3834 903 ac-

2188 941 2472 1013 cepimus,
2505 955 2620 996 non
2651 939 3038 1007 considerare,
3072 943 3138 995 ut
3166 937 3225 993 in
3255 941 3603 1010 perpetuum
3635 937 3830 993 subsi-

2188 1033 2435 1085 stamus.

2257 1119 2541 1176 XXXVIII.
2578 1119 2727 1184 Quia
2752 1135 2884 1175 vero
2919 1121 3054 1174 ante
3079 1117 3278 1173 omnia
3308 1115 3588 1189 pestilens
3645 1118 3836 1171 mater

2187 1208 2482 1280 superbia,
2507 1209 2754 1281 ejusque
2783 1209 2914 1264 cred
2926 1206 3204 1264 ulissimae
3221 1204 3596 1272 tilias,invidia
3612 1204 3834 1260 scilicet

2187 1314 2254 1353 ac
2285 1297 2478 1355 inanis
2534 1297 2720 1370 gloria
2775 1297 2998 1371 passim
3055 1297 3353 1352 obstinata
3407 1295 3568 1351 rabie
3620 1310 3834 1366 corpus

2187 1386 2401 1442 Christi
2436 1386 2758 1443 moliuntur
2788 1387 3108 1442 eviscerare
3137 1389 3192 1440 et
3221 1384 3554 1449 dilacerare,
3574 1399 3682 1440 non
3704 1381 3830 1452 efﬁ-

2183 1478 2405 1532 ciamur
2434 1478 2621 1532 inanis
2659 1477 2856 1548 gloriae
2910 1475 3116 1547 cupidi,
3178 1477 3408 1530 invicem
3454 1475 3829 1545 provocantes,

2185 1567 2417 1622 invicem
2449 1566 2748 1622 invidentes
2777 1565 2916 1637 (Gal.
2941 1566 3019 1636 v),
3052 1581 3144 1632 ne,
3194 1564 3352 1636 quod
3381 1567 3604 1620 avertat
3653 1563 3827 1629 Deus,

2187 1655 2487 1727 contingat
2517 1654 2688 1711 nobis
2717 1653 2941 1709 dictum
2972 1651 3232 1725 Apostoli
3259 1669 3271 1706 :
3306 1653 3456 1721 Quod
3494 1654 3544 1707 si
3598 1653 3830 1708 invicem

418 1751 639 1808 tatione
661 1747 906 1803 ulterius
934 1745 1303 1818 respirabunt
1335 1742 1512 1798 liliaaa
1535 1741 1738 1814 quovis
1760 1759 2074 1814 oppressae,
2106 1776 2154 1840 Β
2185 1744 2465 1812 mordetis,
2538 1743 2712 1799 videte
2784 1759 2853 1800 ne
2943 1744 3010 1798 ab
3101 1744 3336 1798 invicem
3424 1745 3828 1798 consumamini

422 1842 595 1903 unica
625 1833 725 1896 illa
754 1836 1035 1894 sull‘ocata
1053 1835 1276 1888 matre?
1299 1833 1478 1904 Cujus
1506 1831 1800 1903 refugium
1823 1830 2076 1904 appella-

419 1929 728 1991 bunt‘t’Ad
763 1942 936 2000 quam
973 1922 1315 1995 coniugium
1347 1921 1694 1977 habebunt?
1746 1922 1878 1993 Ipsa
1917 1921 2073 1976 enim

419 2019 826 2088 Athanasium,
860 2015 988 2087 ipsa
1018 2029 1222 2069 omnes
1255 2011 1575 2066 catholicos
1609 2009 1885 2082 suscepit,
1914 2009 2070 2076 fovit,

421 2110 702 2174 defendit,
733 2111 790 2162 et
820 2103 1059 2160 sedibus
1088 2100 1338 2174 propriis
1371 2099 1574 2172 pulsos
1607 2098 1880 2154 restituit.

491 2197 762 2256 XXXVII.
799 2194 929 2249 Ideo
963 2191 1249 2263 cupiendo
1277 2205 1483 2244 omnes
1507 2188 1562 2242 in
1588 2188 1910 2244 visceribus
1932 2188 2072 2244 Jesu

419 2289 634 2347 Christi
667 2284 996 2345 nobiscum,
1024 2297 1124 2335 vos
1155 2280 1543 2334 admonemus
1576 2293 1648 2331 ne
1697 2277 1907 2333 falsum
1969 2295 2070 2333 no-

421 2395 554 2436 men
577 2369 1108 2442 scientiae,justitia3
1132 2367 1216 2422 vel
1233 2367 1427 2439 gloria:
1447 2366 1778 2438 qumrendo,
1798 2383 1952 2422 unus
1976 2365 2071 2422 ad-

416 2483 622 2523 versus
653 2463 898 2521 alterum
920 2459 1175 2523 infletur,
1210 2473 1280 2512 ne
1306 2456 1454 2512 cinis
1485 2461 1542 2510 et
1573 2461 1727 2511 terra
1749 2455 2070 2528 periculose

419 2554 816 2628 superbiat,ne
830 2546 1240 2606 abominabilis
1253 2551 1310 2601 et
1323 2543 1918 2610 miserhomo,bibens
1931 2561 2070 2615 qua-

418 2645 470 2702 si
500 2660 685 2716 squas
717 2639 1088 2712 iniquitatem
1112 2636 1225 2707 (Job
1259 2636 1373 2704 xv),
1417 2634 1712 2706 sequendo
1761 2633 2067 2702 exteriora,

419 2735 480 2790 in
503 2731 623 2788 vita
639 2746 748 2786 sua
767 2727 1032 2801 projiciat
1051 2725 1258 2780 intima
1275 2740 1401 2778 sua.
1416 2723 1612 2778 Simus
1631 2739 1812 2777 unum
1833 2739 2065 2794 corpus.

418 2825 475 2878 et
498 2837 653 2878 unus
682 2817 946 2891 spiritus,
980 2816 1133 2871 sicut
1161 2813 1348 2868 vocati
1405 2829 1616 2867 sumus
1673 2812 1731 2866 in
1791 2829 1908 2868 una
1965 2829 2067 2884 spe

416 2909 737 2966 vocationis
771 2910 980 2962 nostra:
1012 2896 1226 2974 ('Ephes.
1261 2905 1356 2970 iv).
1391 2903 1522 2973 Ipsa
1551 2901 1808 2973 corporis
1831 2917 2064 2972 compo-

419 2998 556 3055 sitio
585 3000 643 3053 et
673 2995 1074 3051 membrorum
1105 3009 1211 3047 nos
1236 2992 1442 3046 doceat
1471 2989 1723 3062 qualiter
1752 2995 1808 3045 et
1859 2989 2063 3062 quanti

419 3087 690 3145 habenda
720 3083 798 3141 sit
818 3082 1084 3138 Ecclesiae
1106 3081 1322 3136 unitas.
1356 3082 1485 3152 Ipsa
1505 3079 1718 3135 etenim
1743 3096 1955 3151 corpus
1976 3082 2064 3134 est

2185 1833 2372 1905 (Ibid.)
2405 1834 2473 1889 Et
2524 1831 2670 1888 illud
2722 1831 2963 1889 Jacobi:
3025 1831 3176 1901 Quod
3231 1833 3284 1887 si
3338 1831 3520 1888 zelum
3572 1847 3826 1888 amarum

2183 1923 2412 1989 habetis,
2488 1926 2539 1977 et
2607 1923 2975 1978 contentiones
3070 1925 3201 1976 sunt
3277 1922 3338 1976 in
3416 1921 3582 1988 vobis,
3657 1921 3827 1976 nolite

2180 2013 2432 2083 gloriari,
2465 2014 2514 2067 et
2544 2011 2826 2068 mendaces
2873 2026 2986 2067 esse
3035 2010 3294 2065 adversus
3339 2011 3638 2065 veritatem.
3699 2011 3826 2064 Non

2181 2109 2259 2158 est
2290 2103 2394 2156 ista
2421 2102 2694 2172 sapientia
2721 2100 3002 2156 desursum
3034 2098 3375 2167 descendens,
3431 2098 3521 2153 sed
3571 2106 3816 2162 terrena,

2179 2191 2464 2259 animalis,
2497 2191 2788 2247 diabolica.
2836 2190 2971 2258 Quae
3025 2196 3211 2244 autem
3261 2188 3539 2244 desursum
3589 2189 3671 2242 est
3727 2203 3820 2241 sa-

2177 2281 2405 2352 pientia,
2437 2281 2616 2352 primo
2646 2278 2866 2351 quidem
2917 2277 3123 2350 pudica
3179 2282 3276 2344 est,
3327 2276 3520 2333 deinde
3567 2276 3823 2348 pacifica,

2178 2370 2449 2436 modesta,
2481 2367 2792 2438 suadibilis,
2820 2384 3016 2423 amans
3044 2368 3262 2433 bonum,
3291 2369 3413 2422 sine
3468 2365 3828 2422 simulatione

2179 2459 2313 2530 (Jac.
2347 2459 2452 2530 ω).
2485 2457 2602 2513 Has
2632 2457 2829 2529 itaque
2859 2457 3009 2512 duas
3039 2461 3096 2512 et
3123 2455 3289 2512 valde
3328 2454 3444 2511 sibi
3502 2454 3826 2511 contrarias

2178 2547 2498 2619 sapientiae
2527 2545 2687 2619 vigili
2713 2549 2909 2602 mente
2935 2544 3272 2612 discernite,
3300 2548 3358 2600 et
3387 2543 3438 2600 si
3467 2544 3672 2600 Petrus
3702 2544 3826 2599 sin-

2177 2635 2459 2708 gulari-ter
2487 2636 2678 2708 ﬁgura
2703 2635 2924 2692 summi
2955 2633 3164 2706 capitis
3193 2634 3399 2700 nostri,
3452 2633 3744 2705 vicariusq
3756 2651 3826 2691 ue

2176 2727 2327 2796 ejus,
2356 2742 2423 2781 ac
2452 2723 2545 2781 sui
2575 2740 2946 2781 successores
2971 2724 3100 2794 jam
3127 2723 3187 2779 in
3218 2722 3388 2779 terris
3419 2723 3673 2779 retinent
3693 2739 3822 2794 spe-

2175 2813 2383 2870 cialem
2404 2813 2749 2886 dignitatem
2781 2812 2995 2869 terreni
3020 2811 3389 2884 cmlestisque
3421 2812 3610 2884 regni,
3644 2811 3824 2868 nolite

2175 2903 2432 2960 invidere
2487 2902 2574 2958 vel
2630 2901 2937 2960 detrahere
2995 2905 3266 2958 Romanis
3315 2899 3587 2958 Ecclesia
3648 2901 3823 2974 opici,

2173 3007 2351 3065 quem
2381 3008 2486 3064 per
2512 2991 2853 3048 charitatem
2884 2995 3073 3047 totum
3102 2989 3309 3046 valetis
3337 2989 3608 3063 adipisci,
3649 2995 3706 3047 et
3759 2991 3822 3046 in

2173 3081 2343 3136 nobis
2365 3097 2608 3154 regnare
2623 3085 2681 3136 et
2702 3080 2836 3154 ipsi.
2851 3080 2950 3135 Sin
2963 3078 3137 3148 alias,
3165 3078 3416 3135 audietis
3431 3079 3591 3151 quod
3610 3095 3817 3152 supra:

416 3175 652 3242 Christi,
689 3177 754 3230 ut
785 3170 1099 3244 Apostolus
1119 3169 1293 3224 dicit:
1337 3147 1427 3225 Vos
1457 3169 1584 3223 estis
1613 3183 1806 3238 corpus
1835 3147 2059 3235 Christi,
2093 3147 2136 3214 (ἶ
2170 3171 2290 3226 Jam
2321 3147 2558 3226 satuvrati
2584 3147 2745 3237 estis;
2753 3169 2876 3241 jam
2900 3168 3096 3225 divites
3113 3147 3249 3240 [acti
3276 3169 3403 3224 estis
3425 3147 3470 3221 ε*
3493 3168 3614 3224 sine
3665 3147 3824 3224 nobis

415 3276 465 3323 et
493 3264 736 3322 membra
761 3263 826 3318 de
855 3260 1094 3316 membro
1125 3259 1171 3328 (I
1199 3259 1319 3313 Cor.
1356 3257 1478 3328 xu).
1514 3259 1576 3311 Et
1634 3258 1777 3311 sicut
1836 3258 1895 3311 in
1951 3273 2060 3312 uno

415 3370 638 3426 corpore
664 3353 840 3406 multa
873 3350 1116 3405 membra
1144 3348 1431 3415 habentur,
1461 3347 1646 3401 omnia
1675 3353 1857 3401 autem
1891 3361 2060 3402 mem-

419 3446 524 3500 bra
539 3458 647 3498 non
666 3441 914 3497 eumdem
939 3441 1124 3492 actum
1145 3436 1366 3499 habent,
1395 3437 1467 3490 ita
1490 3435 1655 3488 multi
1675 3451 1847 3489 unum
1867 3451 2060 3506 corpus

413 3547 601 3588 sumus
634 3532 694 3585 in
725 3529 952 3590 Christo,
975 3527 1184 3596 singuli
1204 3533 1386 3580 autem
1408 3525 1550 3578 alter
1568 3526 1797 3579 alterius
1818 3525 2063 3580 membra

415 3622 587 3694 (Rom.
621 3618 746 3689 xu).
775 3619 837 3672 Et
867 3618 915 3671 si
943 3616 1076 3670 dicit
1106 3615 1347 3680 auditus,
1382 3614 1464 3668 vel
1495 3629 1708 3668 manus.
1769 3614 1887 3668 Non
1941 3630 2063 3668 sum

414 3709 622 3773 oculus,
652 3723 762 3762 non
791 3723 914 3761 sum
945 3705 1011 3759 de
1038 3719 1298 3775 corpore:
1358 3703 1474 3757 ideo
1530 3718 1641 3756 non
1693 3710 1771 3756 est
1826 3702 1894 3756 de
1943 3717 2062 3756 cor-

413 3797 585 3870 pore?
615 3797 673 3851 Si
703 3800 876 3850 totum
902 3809 1093 3865 corpus
1122 3792 1332 3856 oculus,
1387 3791 1485 3846 ubi
1541 3790 1804 3845 auditus?
1860 3791 1907 3861 (ι
1939 3790 2058 3845 Cor.

414 3887 540 3959 ιιι),
573 3890 629 3942 et
659 3884 867 3956 reliqui
900 3899 1132 3938 sensus.
1165 3881 1330 3936 Nunc
1352 3885 1546 3936 autem
1569 3879 1860 3951 disposuit
1885 3879 2060 3948 Deus,

418 3975 570 4031 sicut
598 3973 800 4041 voluit,
835 3970 1096 4044 corporis
1129 3970 1430 4036 membra;
1456 3967 1690 4040 singula
1715 3967 1906 4023 officio
1955 3985 2062 4023 suo

416 4066 569 4136 apta.
606 4062 934 4118 Membrum
964 4075 1095 4115 vero
1129 4075 1234 4113 suo
1274 4057 1463 4112 officio
1524 4074 1639 4111 non
1699 4061 2059 4124 contentum,

416 4153 515 4210 sed
547 4152 789 4224 cupiens
822 4147 1125 4220 praeripere
1167 4145 1445 4212 alienum,
1470 4145 1780 4200 conturbat
1804 4145 2063 4217 corporis

415 4242 681 4299 ordinem
697 4243 884 4293 totum
903 4253 916 4302 ;
932 4234 1087 4289 velut
1103 4232 1150 4287 si
1169 4232 1330 4287 visus
1351 4249 1539 4299 voces,
1555 4233 1792 4288 auditus
1815 4233 2058 4302 colores,

414 4335 624 4405 gustus
654 4328 884 4389 odores,
915 4321 1165 4377 olfactus
1197 4336 1434 4391 asperas
1464 4337 1555 4376 res
1585 4325 1687 4376 aut
1735 4321 1913 4389 lenes,
1975 4329 2060 4379 ta-

2168 3261 2445 3328 regnatis;
2477 3268 2638 3332 atque
2666 3259 2884 3315 utinam
2901 3259 3206 3329 regnantis
3232 3259 3292 3313 ut
3319 3264 3370 3313 et
3396 3273 3496 3313 nos
3545 3257 3822 3313 vobiscum

2166 3364 2519 3421 regnaremus
2551 3348 2600 3419 (Ι
2621 3351 2746 3406 Cor.
2780 3348 2878 3419 iv).

2241 3437 2482 3494 XXXIX.
2516 3438 2662 3494 Ecce
2691 3453 2798 3493 nos
2827 3439 3084 3493 vestram
3113 3435 3362 3509 gloriam
3393 3435 3662 3491 ducimus
3711 3453 3820 3491 no-

2171 3531 2353 3583 stram
2379 3543 2392 3581 :
2413 3543 2517 3581 cur
2535 3543 2636 3582 vos
2653 3524 2957 3582 annullare
2984 3524 3241 3581 nitimini
3274 3524 3441 3581 nobis
3457 3523 3743 3580 divinitus
3765 3530 3832 3581 et

2171 3615 2515 3671 humanitus
2545 3630 2886 3671 concessam
2911 3614 2939 3668 ?
2967 3614 3172 3670 Nonne
3202 3613 3380 3669 decus
3422 3611 3507 3667 vel
3563 3612 3832 3670 dedecus

2171 3704 2264 3761 sui
2294 3703 2501 3776 capitis
2533 3719 2746 3760 manus
2775 3719 2876 3760 seu
2910 3719 3012 3775 pes
3037 3720 3214 3759 suum
3232 3720 3346 3759 non
3369 3701 3566 3760 ducit?
3588 3703 3708 3759 Nec
3730 3703 3832 3758 do-

2169 3793 2269 3859 let,
2301 3793 2402 3848 sed
2434 3791 2626 3865 potius
2657 3791 2876 3865 gaudet
2904 3807 3021 3848 uno
3051 3807 3254 3859 sensu,
3286 3792 3344 3847 id
3375 3796 3484 3860 est,
3518 3790 3644 3848 solo
3665 3796 3830 3848 tactu

2171 3882 2456 3937 donatum
2486 3896 2719 3952 corpus,
2746 3880 3186 3953 superpositum
3209 3881 3322 3936 sibi
3353 3881 3834 3952 caputomnibus

2170 3969 2388 4042 pollere
2416 3969 2709 4039 sensibus,
2737 3969 2876 4041 quia
2903 3985 3002 4026 eos
3035 3968 3294 4026 militare
3324 3969 3482 4036 facit,
3521 3973 3580 4024 et
3615 3969 3830 4042 invigi-

2169 4058 2289 4115 lare
2317 4057 2578 4130 corporis
2605 4057 2853 4129 subjecti
2883 4055 3242 4114 utilitatibus
3270 4076 3284 4125 ;
3320 4061 3377 4114 et
3406 4062 3585 4129 caput
3612 4059 3690 4115 de
3712 4074 3836 4115 omo

2171 4147 2632 4219 nibusjudicans
2644 4147 2918 4204 sensibus
2933 4145 3095 4203 nullo
3109 4163 3285 4203 sensu
3293 4147 3836 4220 judicatur,utpote

2171 4236 2355 4292 solius
2367 4235 2459 4293 sui
2461 4235 2686 4308 judicio
2699 4235 3266 4294 sufficientissimum
3284 4239 3493 4308 :utque
3505 4236 3837 4308 Apostolus

2171 4325 2344 4382 dicit:
2372 4326 2699 4397 Spiritualis
2717 4324 2934 4396 judicat
2959 4326 3170 4392 omnia,
3204 4327 3320 4396 ipse
3347 4329 3532 4381 autem
3549 4327 3832 4381 anemine

416 4425 546 4475 ctus
582 4416 832 4470 tentaret
883 4411 1213 4466 discernere
1271 4425 1531 4481 sapores,
1593 4427 1786 4466 nonne
1844 4412 2063 4468 frustra
2161 4414 2448 4487 judicatur
2476 4415 2525 4486 (Ι
2555 4413 2676 4471 Cor.
2706 4415 2748 4486 ι)
2779 4413 2910 4470 Hac
2938 4418 2996 4470 et
3025 4430 3204 4485 supra
3236 4413 3393 4469 dicta
3431 4413 3504 4469 de
3559 4416 3832 4486 corporis

416 4519 620 4562 omnes
642 4499 1020 4575 paterentur?
1052 4498 1146 4554 Sic
1177 4496 1545 4570 singulorum
1584 4503 1927 4555 ornamenta
1959 4517 2060 4557 seu
2092 4519 2139 4583 Β
2169 4503 2355 4560 nostri
2386 4502 2696 4560 harmonia
2723 4503 2774 4558 si
2822 4518 2938 4559 non
2987 4500 3217 4558 sentitis
3265 4502 3326 4558 in
3374 4502 3561 4570 vobis,
3593 4503 3656 4558 in
3698 4521 3832 4562 cor-

417 4593 761 4652 indumenta
783 4606 896 4646 non
919 4587 1341 4645 suntomnibus
1359 4587 1640 4643 membris
1661 4591 2060 4656 accommoda,

416 4700 523 4739 nec
548 4698 840 4754 congrua;
876 4680 976 4736 sed
1009 4677 1473 4750 unumquodque
1512 4676 1756 4749 requirit
1813 4695 1940 4745 sua,
2002 4683 2062 4735 et

417 4771 616 4842 abjicit
643 4770 854 4826 aliena.
873 4769 1092 4840 Nempe
1124 4768 1338 4823 refutat
1367 4783 1468 4838 pes
1498 4781 1796 4835 coronam,
1829 4766 2058 4840 galeam

415 4865 472 4916 et
501 4858 742 4933 pileum,
775 4861 1066 4929 caputque
1096 4855 1360 4912 sandalia
1388 4855 1475 4910 vel
1511 4853 1751 4928 pedules
1781 4855 1853 4911 ad
1881 4872 2058 4913 suum

414 4967 530 5006 non
554 4946 1121 5020 applicatusum.Sic
1139 4962 1422 5002 manuum
1445 4945 1700 5018 dignitas
1726 4949 1783 5001 et
1806 4945 2062 5004 maxima

413 5037 660 5104 utilitas,
695 5035 963 5109 quamvis
985 5039 1299 5106 componat
1327 5034 1616 5106 insignem
1648 5035 1880 5108 imperii
1905 5052 2060 5092 coro-

414 5147 574 5198 nam,
611 5145 726 5184 non
757 5132 950 5183 tamen
974 5125 1122 5180 hanc
1142 5124 1254 5181 sibi
1284 5125 1522 5197 adaptat
1571 5128 1627 5180 et
1658 5125 1925 5197 imponit,
1957 5127 2058 5182 sed

414 5219 610 5292 capiti,
638 5221 912 5274 contenta
939 5215 1064 5271 suis
1095 5212 1360 5284 armillis,
1393 5213 1788 5271 dextrocherio
1845 5219 1898 5271 et
1955 5231 2057 5271 an-

414 5307 589 5363 nulis.
625 5307 780 5362 Idem
813 5305 878 5360 fit
906 5308 963 5360 et
990 5304 1050 5358 in
1073 5303 1314 5373 caeteris,
1339 5308 1397 5359 et
1418 5307 1538 5358 tam
1569 5303 1794 5359 discors
1827 5320 2061 5359 concor-

414 5395 512 5449 dia
539 5399 626 5450 est
657 5395 712 5448 in
745 5395 830 5450 eis
854 5397 916 5450 ut
936 5410 1138 5450 eorum
1161 5391 1462 5465 quodlibet
1479 5391 1577 5446 alii
1599 5392 1857 5446 officium
1880 5410 2056 5449 suum

413 5481 651 5537 omnino
683 5483 958 5553 deputare
991 5487 1254 5549 recuset;
1284 5484 1341 5536 et
1371 5485 1565 5534 tamen
1598 5479 1668 5534 de
1700 5480 1848 5536 bono
1881 5481 2057 5538 unius

413 5570 631 5650 pariter
650 5571 960 5640 exsultent,
975 5571 1125 5626 sicut
1142 5571 1212 5626 de
1229 5567 1383 5625 malo
1406 5567 1797 5624 communiter
1816 5568 2015 5627 dolent
2036 5589 2049 5640 ;

2170 4608 2308 4665 pore
2356 4609 2473 4648 non
2530 4592 2696 4660 estis,
2753 4606 2858 4647 nec
2912 4590 2975 4646 in
3029 4606 3271 4662 corpore
3329 4590 3554 4658 vivitis;
3598 4596 3657 4648 et
3685 4593 3737 4648 si
3769 4593 3828 4649 in

2167 4697 2408 4754 corpore
2465 4680 2702 4750 Christi,
2760 4679 2915 4752 quod
2988 4681 3080 4734 est
3136 4678 3415 4746 Ecclesia,
3475 4696 3594 4736 non
3653 4683 3829 4748 estis,

2165 4786 2272 4827 nec
2293 4770 2364 4826 de
2391 4785 2458 4825 eo
2478 4769 2696 4837 vivitis,
2720 4769 2849 4840 jam
2879 4767 3070 4823 videte
3094 4767 3197 4824 ubi
3224 4772 3284 4824 et
3315 4767 3456 4840 quid
3492 4767 3648 4825 sitis.
3709 4772 3832 4828 Ab-

2169 4858 2338 4914 scissi
2367 4857 2531 4925 estis,
2555 4855 2913 4931 putrescitis,
2937 4859 2996 4911 et
3013 4854 3173 4911 velut
3191 4855 3419 4929 palmes
3446 4857 3734 4930 praecisus
3759 4861 3834 4916 de

2165 4947 2281 5003 vite
2309 4947 2464 5005 foras
2495 4946 2664 5004 missi
2693 4945 2860 5014 estis,
2892 4949 2949 5002 ct
2977 4945 3262 5011 arescitis,
3287 4949 3353 5002 ut
3382 4946 3443 5002 in
3468 4947 3669 5019 ignem
3695 4949 3836 5006 mit-

2167 5037 2396 5105 tamini,
2429 5040 2485 5092 et
2513 5033 2766 5093 ardeatis
2787 5034 2944 5108 quod
2976 5031 3175 5090 divina
3201 5034 3390 5107 pietas
3412 5034 3583 5109 longe
3643 5036 3839 5094 faciat

2169 5143 2202 5182 a
2232 5126 2417 5182 vobis.

2237 5215 2346 5272 XL.
2379 5215 2487 5271 Sed
2517 5214 2798 5287 quiajam
2813 5231 2972 5272 nunc
2999 5214 3270 5271 videmur
3297 5213 3548 5287 digressi
3574 5216 3831 5273 modum

2167 5303 2443 5377 epistolae,
2475 5302 2590 5359 alio
2621 5303 2856 5360 exordio
2875 5318 3204 5377 congruum
3219 5303 3564 5360 censuimus.
3579 5319 3833 5377 respon-

2165 5394 2298 5449 dere
2329 5397 2534 5448 vestras
2565 5391 3094 5466 calumnia,quam
3125 5391 3524 5451 confratribus
3552 5397 3611 5449 et
3634 5393 3837 5466 coepi-

2165 5481 2357 5554 scopis
2387 5480 2605 5538 nostris
2635 5481 2862 5554 Apulis,
2887 5483 3171 5557 scriptam
3210 5484 3281 5541 ad
3341 5481 3828 5557 suggillationem

2164 5570 2348 5628 nostri
2379 5569 2584 5644 azymi,
2605 5576 2664 5629 st
2690 5572 3166 5645 prndisatienem
3186 5572 3363 5632 vestri
3383 5571 3684 5639 fel-menti,
3703 5585 3832 5628 non
