4088 6174
264 336 393 429 ἠδὲ)

1250 324 1659 433 Eptsrom
1700 323 2206 433 arcesnam
2256 329 2715 434 commisti.

3563 370 3684 444 ’ΠΟ

275 497 595 558 dubitastis
627 496 897 572 dirigere.
925 496 1082 559 Inter
1108 498 1230 557 hinc
1261 500 1571 578 dirigimus
1598 504 1809 561 vestris
1839 521 1925 560 ca-
1954 505 2010 571 Α
2039 507 2128 561 tas
2155 521 2420 573 suorum,
2454 506 2609 577 quod
2627 505 2862 564 tandem
2886 524 2990 581 per
3017 511 3092 580 te,
3118 508 3460 570 charissima
3482 515 3678 585 frater,

271 587 682 668 villationibus
711 588 1065 663 refragantia
1092 590 1516 650 venerabilium
1540 592 1779 650 Patrum
1817 610 1925 650 no-

273 683 534 737 strorum
567 674 767 749 aliqua
796 694 973 750 super
1000 677 1096 735 his
1127 679 1344 752 scripta
1374 698 1388 751 ;
1420 680 1651 752 deinde,
1685 686 1750 738 ut
1768 682 1925 740 Deus

270 765 612 841 inspirabit,
645 770 849 822 nostra
876 768 1182 841 rescripta,
1213 773 1503 841 quatenus
1525 769 1928 845 multipliciter

268 861 467 915 vestra
496 855 883 913 refundantur
912 859 1131 915 etretro
1153 857 1416 915 ferantur
1426 860 1648 932 jacula,
1671 865 1729 918 et
1747 877 1924 935 quem

270 963 388 1004 non
416 943 601 1003 vultis
631 944 863 1001 feriant.
897 944 1045 1001 Nam
1076 945 1125 1003 si
1155 963 1258 1003 vos
1292 964 1405 1004 non
1437 948 1925 1020 erubescitis,nec

268 1034 496 1093 timetis
526 1034 599 1090 de
630 1032 1005 1107 loquacitate,
1036 1051 1143 1091 nos
1168 1052 1283 1091 non
1314 1040 1544 1094 tantum
1563 1038 1923 1107 erubescere,

267 1130 564 1199 quantum
594 1122 803 1180 timere
833 1124 1117 1180 debemus
1144 1125 1214 1180 de
1239 1125 1661 1198 taciturnitate,
1686 1127 1825 1201 quia
1854 1128 1926 1184 de

268 1219 478 1272 nostra
507 1212 832 1270 multorum
859 1213 1117 1287 pendent
1145 1214 1375 1288 animas,
1408 1233 1537 1290 quea
1591 1216 1757 1273 falsis
1816 1216 1926 1273 fra-

267 1302 465 1360 tribus
496 1300 998 1360 calumniantibus
1025 1305 1082 1362 et
1107 1303 1278 1361 nobis
1310 1305 1662 1377 tacentibus,
1708 1305 1928 1362 habent

269 1409 481 1466 perire.

340 1481 479 1538 XLI.
514 1481 634 1538 Ista
652 1485 851 1539 autem
877 1479 1046 1556 vobis
1088 1484 1334 1554 paterna
1381 1482 1617 1557 pietate,
1677 1500 1743 1540 ac
1799 1499 1927 1558 ger-

274 1588 458 1629 mana
484 1569 791 1627 dilectione
845 1568 1081 1625 interim
1128 1569 1531 1642 rescribimus,
1590 1572 1650 1627 in
1708 1571 1927 1644 quibus

275 1659 759 1718 satisdeclinasse
782 1676 888 1715 nos
910 1657 1228 1728 credimus,
1254 1676 1326 1715 ne
1345 1659 1402 1714 in
1428 1659 1572 1717 illud
1594 1660 1926 1718 Salomonis

275 1749 671 1807 incideremus
696 1767 709 1805 :
739 1749 865 1806 Noti
894 1747 1215 1820 respondere
1242 1748 1405 1805 stulto
1423 1750 1593 1822 juxta
1627 1751 1927 1806 stultitiam

272 1857 453 1941 suam,
482 1856 554 1895 ne
582 1838 845 1938 efﬁciaris
897 1838 990 1893 illi
1029 1837 1242 1937 similis
1288 1841 1475 1937 (Prov.
1507 1843 1684 1939 xxvi).
1707 1839 1922 1896 Verum
1958 1875 2004 1941 Β

274 1927 324 1986 si
353 1945 474 1984 non
510 1927 895 2000 resipueritis,
930 1923 1311 1998 experiemini
1366 1928 1522 2001 quod
1579 1927 1735 1984 idem
1794 1944 1929 1984 mox

270 2022 513 2074 secutus
543 2017 662 2094 ait:
698 2014 967 2089 Responde
989 2014 1163 2071 stulto
1186 2014 1358 2086 juxta
1405 2018 1698 2074 stultitiam
1744 2034 1925 2084 suam,

276 2123 344 2163 ne
369 2107 482 2163 sibi
499 2109 722 2179 sapiens
741 2122 853 2162 esse
878 2103 1127 2161 videatur
1139 2102 1343 2178 (Ibid).
1372 2105 1441 2162 Et
1467 2105 1615 2163 illud
1644 2105 1925 2180 Apostoli:

276 2198 606 2254 Haereticum
639 2196 912 2252 hominem
940 2198 1058 2269 post
1106 2212 1279 2250 unam
1302 2198 1353 2251 et
1407 2196 1703 2253 secundum
1757 2212 1930 2254 corre-

270 2287 516 2359 ptionem
543 2285 725 2341 devita
756 2303 768 2353 ;
794 2286 1083 2343 subversas
1111 2294 1191 2343 est
1216 2286 1367 2342 enim
1396 2286 1495 2357 qui
1520 2284 1789 2352 eiusmodi
1828 2290 1926 2354 est,

275 2381 323 2431 et
351 2375 650 2449 delinquit,
674 2376 904 2447 proprio
952 2375 1167 2448 judicio
1213 2374 1608 2431 condemnatus
1666 2374 1789 2446 (Tit.
1817 2375 1927 2447 In).

275 2464 346 2521 Et
374 2463 632 2520 cavendo
662 2462 1038 2520 interdictum
1067 2463 1280 2521 veteris
1307 2462 1455 2537 legis
1484 2462 1931 2535 typicum,dein-

276 2569 413 2626 ceps
447 2569 566 2608 non
587 2569 907 2625 coquemus
928 2554 1164 2610 haedum
1180 2553 1240 2608 in
1259 2551 1405 2608 lacte
1426 2552 1633 2608 matris
1650 2568 1768 2607 suae
1789 2569 1802 2617 ;
1829 2553 1929 2609 sed

277 2641 687 2715 impetiginem
726 2642 853 2713 ejus
882 2646 940 2697 et
986 2641 1242 2698 scabiem
1272 2638 1618 2697 fricahimus
1646 2639 1934 2698 instanter

277 2728 538 2786 mordaci
569 2734 730 2788 aceto
762 2734 819 2786 et
847 2729 1033 2786 multo
1066 2730 1186 2788 sale
1218 2747 1234 2798 ;
1265 2728 1406 2802 quia
1438 2744 1573 2784 eum
1605 2728 1803 2785 dolore
1827 2729 1931 2786 ab-

275 2819 602 2876 scindenda
630 2823 772 2875 sunt
799 2836 926 2891 qua;
954 2818 1073 2875 leni
1124 2835 1305 2875 manu
1365 2816 1591 2892 palpari
1621 2822 1679 2874 et
1735 2818 1931 2876 sanari

278 2910 683 2982 nonpossunt,
715 2912 780 2964 ut
799 2908 1088 2965 Dominus
1110 2908 1407 2978 admonet,
1426 2906 1663 2964 dicens:
1705 2907 1768 2963 Si
1810 2924 1930 2963 ma-

274 3015 377 3053 nus
393 3003 513 3066 tua,
540 2997 877 3070 velpeltuus
904 2996 1246 3054 scandalizat
1264 3000 1335 3067 te,
1386 2996 1646 3053 abscinde
1700 3013 1827 3053 eum
1873 3000 1925 3052 et

268 3088 488 3160 projice
507 3086 603 3142 abs
622 3089 776 3144 te.Et
793 3089 849 3142 si
863 3087 1051 3145 oculus
1070 3088 1201 3142 tuus
1218 3085 1562 3142 scandalizat
1582 3094 1786 3153 te,erue
1805 3102 1932 3142 eum

277 3176 693 3249 (Hatth.xvm).
745 3177 857 3232 Sed
913 3176 1211 3234 miseratio
1262 3174 1361 3231 Dei
1414 3174 1749 3248 praecedens
1806 3174 1929 3231 haec

2032 593 2259 651 videtur
2280 594 2610 652 reﬂoruisse
2641 602 2852 653 sanctae
2881 598 3255 657 Antiochense
3277 601 3541 661 Ecclesiae
3564 610 3681 662 stu-

2035 681 2219 751 dium,
2253 687 2310 738 et
2340 683 2556 740 sentire
2587 686 2741 757 quod
2776 691 2866 743 est
2896 688 3293 746 sentiendum.
3324 692 3389 746 In
3408 692 3506 748 hoc
3532 695 3683 750 enim

2032 775 2345 839 cognoscent
2375 788 2579 843 omnes,
2612 791 2740 846 quia
2772 775 2979 832 Christi
3004 794 3192 849 sumus
3231 780 3499 853 discipuli
3558 782 3682 854 (qui

2034 858 2292 932 primum
2326 859 2383 915 in
2415 860 2544 933 ipsa
2571 879 2786 937 magna
2805 866 3109 922 Antiochia
3138 869 3422 925 nominati
3448 871 3686 927 fuerunt

2036 947 2402 1019 Christiani),
2462 953 2512 1005 si
2539 951 2887 1008 dilectionem
2943 954 3300 1013 habuerimus
3328 958 3687 1018 adinvincem

2034 1037 2213 1109 (Joan.
2247 1038 2372 1110 xu),
2405 1043 2456 1094 et
2508 1040 2745 1110 idipsum
2775 1041 3082 1100 diwerimus
3097 1061 3303 1114 omnes,
3333 1051 3386 1102 et
3416 1064 3528 1104 non
3554 1050 3682 1119 fue—

2033 1128 2149 1181 rint
2180 1128 2235 1181 in
2254 1126 2407 1182 nobis
2436 1127 2699 1184 shismata
2729 1148 2747 1183 :
2778 1133 2830 1186 si
2849 1133 3121 1201 fuerimus
3151 1137 3380 1206 perfecti
3409 1138 3470 1191 in
3498 1137 3684 1193 eodem

2032 1230 2213 1283 sensu,
2245 1218 2297 1269 et
2353 1217 2413 1269 in
2452 1215 2637 1271 eadem
2684 1220 2916 1274 scientia
2971 1220 3115 1290 (Cor.
3175 1223 3236 1291 1).
3281 1222 3479 1295 Neque
3523 1224 3682 1281 enim

2034 1303 2211 1371 Deus,
2243 1304 2344 1375 qui
2376 1320 2531 1360 unus
2563 1310 2671 1372 est,
2704 1306 2762 1360 in
2795 1307 3071 1365 scissuris
3102 1310 3413 1379 mentium,
3472 1313 3573 1368 sed
3620 1313 3682 1370 in

2035 1391 2159 1448 sola
2183 1392 2406 1448 unitate
2431 1397 2488 1448 et
2503 1411 2651 1466 puro
2673 1396 2845 1451 corde
2868 1397 3114 1463 habitat,
3133 1402 3188 1452 et
3236 1398 3498 1456 habitare
3546 1401 3686 1458 facit

2037 1480 2345 1537 unanimes
2367 1480 2425 1536 in
2442 1481 2921 1556 domo.A1ioquin
2944 1486 3155 1543 domus
3176 1504 3527 1560 exasperans
3550 1490 3684 1558 erit,

2036 1586 2141 1625 nec
2153 1570 2281 1641 jam
2303 1568 2482 1642 digna
2500 1570 2691 1627 vocari
2714 1572 2969 1630 Ecclesia
2985 1574 3106 1642 Dei,
3124 1576 3227 1631 sed
3250 1592 3549 1653 synagoga
3567 1595 3687 1636 ma-

2038 1657 2384 1731 ligni.Porro
2408 1658 2560 1714 sicut
2584 1659 2991 1717 calamitosum
3014 1665 3390 1732 est,siunitas
3416 1667 3688 1725 deestbo-

2036 1745 2164 1814 nis;
2190 1745 2274 1801 ita
2291 1746 2713 1820 perniciosum,
2744 1750 2793 1804 si
2826 1751 2981 1805 adsit
3000 1751 3197 1807 malis.
3250 1754 3414 1818 Quod
3461 1755 3589 1828 ipse
3617 1774 3689 1814 ex

2036 1834 2501 1907 spcculasanetae
2520 1834 2680 1893 illius
2698 1837 3087 1906 Ecciesize,cui
3107 1841 3321 1897 videris
3343 1843 3687 1915 designatus

2036 1923 2318 1980 divinitus
2364 1924 2716 1997 speculator,
2762 1928 3036 1998 prudenti
3085 1928 3251 1985 oculo
3303 1929 3684 1989 considerans

2037 2014 2462 2088 promotionem
2481 2019 2644 2070 tuam
2671 2015 2741 2071 ad
2766 2014 3094 2088 episcopale
3126 2017 3426 2091 fastigium
3448 2018 3683 2077 electio-

2038 2120 2111 2158 ne
2135 2102 2271 2159 cleri
2292 2107 2348 2159 et
2367 2103 2587 2176 p0puli,
2605 2103 2759 2161 sicut
2779 2105 3014 2173 asseris,
3046 2108 3279 2176 factam,
3304 2112 3482 2181 atque
3506 2109 3687 2168 ﬁdem

2038 2198 2225 2263 tuam,
2260 2193 2587 2249 secundum
2603 2193 2856 2267 antiquae
2879 2196 3319 2253 consuetudinis
3339 2196 3687 2272 religiosum

2038 2286 2097 2338 et
2116 2281 2282 2338 valde
2307 2283 2702 2339 necessarium
2725 2283 3008 2351 studium,
3032 2284 3362 2357 apostolicae
3386 2290 3444 2342 et
3483 2288 3686 2360 primm

2039 2370 2429 2438 sedi,cui,Deo
2452 2376 2708 2439 auctore,
2734 2373 3004 2444 quamvis
3026 2373 3253 2447 indigni
3275 2375 3684 2447 praesidemus,

2041 2461 2388 2517 annuntiare
2410 2466 2466 2516 et
2484 2477 2769 2533 exponere
2786 2464 3026 2520 curasti.
3053 2464 3115 2519 In
3138 2480 3254 2536 quo
3276 2466 3427 2521 facto
3464 2464 3689 2521 noverit

2038 2553 2140 2605 tua
2161 2548 2393 2606 dilectio
2419 2566 2526 2605 nos
2571 2548 2894 2622 plurimum
2938 2557 3228 2608 recreatos
3284 2557 3341 2608 et
3364 2552 3595 2626 gavisos
3624 2554 3689 2611 in

2040 2637 2284 2694 Domino
2310 2655 2321 2705 ;
2354 2638 2513 2710 quia,
2538 2639 2692 2711 quod
2712 2638 2963 2695 maxime
2991 2640 3315 2711 oportebat,
3340 2641 3445 2696 tibi
3476 2646 3535 2697 et
3577 2642 3686 2697 Ec-

2041 2724 2228 2781 clesia:
2252 2727 2342 2782 cui
2366 2726 2769 2798 temporaliter
2784 2728 3062 2799 praesides
3084 2744 3199 2783 non
3223 2728 3507 2784 distulisti
3559 2729 3684 2786 effl-

2040 2830 2188 2870 cere.
2241 2813 2541 2887 Siquidem
2572 2815 2645 2871 ab
2703 2814 3022 2888 apostolica
3079 2820 3180 2871 tua
3235 2816 3372 2872 sede
3422 2820 3685 2874 nostram

2039 2902 2418 2974 apostolicam
2441 2904 2638 2960 sedem
2670 2903 3048 2971 consulendo,
3081 2904 3500 2978 perpendimus
3523 2910 3687 2964 tuam

2041 2990 2409 3047 dilectionem
2438 2991 2590 3048 nolle
2620 2992 2850 3049 deviare
2886 3009 2920 3049 a
2949 2992 3251 3050 Dominico
3306 2999 3364 3051 et
3419 2996 3695 3053 omnium.

2039 3086 2373 3137 sanctorum
2408 3084 2648 3136 Patrum
2681 3081 2955 3137 concordi
2986 3082 3236 3151 decreto,
3272 3100 3388 3155 quo
3443 3083 3686 3141 inviola-

2038 3168 2231 3224 biliter
2252 3169 2479 3226 cunctis
2509 3169 2569 3224 in
2601 3173 2719 3226 toto
2748 3170 2887 3226 orbe
2926 3174 3216 3227 terrarum
3247 3170 3691 3240 Ecclesiis,san-

277 3242 485 3322 nostra
511 3242 685 3336 dicta,
714 3269 919 3339 parcet
948 3269 1007 3321 et
1034 3264 1203 3322 nobis
1232 3268 1291 3321 et
1317 3242 1503 3335 vobis,
1536 3268 1603 3320 ut
1652 3264 1927 3337 deinceps

2040 3262 2134 3313 cta
2164 3258 2426 3314 Romana
2455 3261 2512 3314 et
2542 3257 2863 3330 apostolica
2893 3259 3063 3315 sedes
3092 3264 3267 3331 caput
3305 3261 3687 3332 praeponitur,

281 3371 403 3410 non
435 3354 514 3409 sit
537 3370 770 3413 necesse
795 3355 950 3411 circa
979 3354 1333 3428 quaestiones
1364 3357 1421 3409 et
1449 3369 1679 3426 pugnas
1726 3352 1929 3410 verbo-

278 3460 413 3500 rum
440 3443 834 3516 occupari,sed
868 3460 936 3500 ex
963 3443 1176 3500 divinis
1197 3442 1430 3517 paginis
1456 3446 1716 3498 nostram
1741 3441 1799 3497 in
1821 3441 1931 3498 hoc

272 3533 500 3590 mundo
530 3533 1059 3606 peregrinationem
1100 3531 1349 3589 invicem
1384 3529 1696 3599 consolari,
1743 3535 1801 3587 et
1830 3548 1929 3604 pa-

276 3623 444 3679 ciﬁce
465 3621 786 3689 adhortari,
806 3627 873 3678 ut
892 3621 1207 3679 Psalmista
1232 3619 1390 3679 canit
1413 3638 1426 3677 :
1452 3622 1573 3677 Pax
1599 3621 1777 3676 multa
1805 3620 1933 3676 dili-

273 3712 533 3783 gentibus
562 3711 737 3783 legem
763 3719 937 3779 tuam,
969 3710 1217 3776 Domine,
1267 3717 1319 3766 et
1348 3725 1459 3765 non
1501 3712 1581 3766 est
1610 3709 1726 3764 illis
1770 3726 1930 3765 scan-

271 3801 471 3857 dalum
500 3801 670 3873 (Psal.
703 3801 921 3871 cxvm).
956 3798 1119 3866 Quod
1150 3815 1284 3859 vero
1314 3797 1572 3855 charitas
1619 3801 1678 3853 et
1735 3799 1929 3854 unitas

274 3891 530 3948 fratrum
560 3890 690 3963 ipsa
711 3890 790 3945 sit
817 3888 907 3945 lex
934 3887 1057 3961 Dei,
1091 3887 1346 3945 ostendit
1381 3885 1527 3942 illud
1583 3885 1878 3960 Evangelii
1912 3904 1925 3943 :

268 3981 382 4035 Hoc
404 3983 486 4034 est
508 3986 849 4051 praeceptum
874 3994 1078 4044 meum,
1112 3980 1171 4032 ut
1191 3976 1445 4046 diligatis
1475 3976 1710 4032 invicem
1749 3976 1926 4047 (toan.

269 4070 422 4141 xm),
457 4070 645 4134 Quam
695 4085 804 4125 nos
861 4066 1149 4127 sinceram
1189 4065 1285 4122 hic
1338 4081 1698 4134 conservare,
1756 4068 1812 4121 et
1867 4064 1927 4121 in

272 4160 478 4215 futuro
508 4157 636 4215 sine
668 4157 783 4213 ﬁne
808 4156 1024 4228 ipsam,
1064 4172 1192 4230 quae
1222 4154 1378 4212 Deus
1435 4157 1543 4222 est,
1577 4152 1926 4227 perspicere,

270 4250 373 4320 qui
401 4247 521 4303 vult
549 4262 736 4304 omnes
756 4246 1006 4303 homines
1033 4245 1215 4303 salvos
1242 4244 1387 4315 ﬁeri,
1448 4246 1501 4299 et
1557 4243 1628 4300 ad
1682 4244 1927 4312 agnitio-

269 4338 673 4394 nemveritatis
699 4337 887 4392 venire
912 4335 957 4407 (Ι
989 4336 1119 4393 Tim.
1154 4334 1240 4407 ιι),
1283 4333 1559 4407 dignetur
1614 4332 1927 4389 concedere

267 4430 483 4483 Amen.

1052 4512 1139 4571 CI.

2042 3347 2114 3403 ad
2137 3364 2315 3419 quam
2339 3348 2590 3419 majores
2612 3347 3045 3404 etdifﬁciliores
3058 3365 3245 3404 causae
3268 3350 3533 3406 omnium
3583 3350 3684 3407 Ec-

2041 3435 2175 3491 clesi
2183 3453 2352 3491 arum
2370 3435 2710 3491 definienda:
2742 3436 3185 3493 referantur.Sic
3201 3438 3399 3495 omnia
3411 3454 3690 3495 veneran-

2047 3524 2121 3580 da
2142 3522 2411 3590 concilia,
2437 3524 2520 3580 sic
2546 3524 2701 3598 leges
2724 3524 2995 3582 humanaa
3016 3526 3410 3601 promulgant,
3451 3528 3535 3584 sic
3564 3528 3691 3601 ipse

2040 3614 2291 3671 Sanctus
2312 3618 2671 3684 sanctorum,
2704 3614 2822 3670 Rex
2843 3631 3049 3688 regum
3097 3623 3154 3671 et
3192 3616 3479 3673 Dominus
3501 3618 3690 3674 domi-

2039 3702 2308 3758 nantium
2332 3703 2642 3758 conﬁrmat
2666 3720 2679 3770 ;
2701 3707 2994 3774 quatenus
3017 3704 3093 3758 ibi
3119 3704 3459 3777 principalis
3502 3706 3691 3777 digni-

2038 3791 2179 3848 tatis
2208 3796 2265 3848 et
2292 3792 2474 3847 totius
2512 3792 2919 3848 ecclesiastica:
2966 3777 3287 3862 disciplina:
3336 3792 3688 3849 venerabilis

2038 3897 2183 3953 apex
2205 3879 2547 3952 praefulgent
2566 3884 2622 3935 et
2640 3879 2951 3951 praecellat,
2978 3879 3076 3934 ubi
3101 3879 3225 3951 ipse
3272 3885 3467 3936 vertex
3510 3885 3687 3954 atque

2038 3970 2210 4025 cardo
2233 3967 2632 4040 apostolorum
2653 3968 2858 4023 Petrus
2877 3968 3072 4024 carnis
3093 3984 3211 4023 eum
3236 3968 3468 4047 beatam
3486 3986 3689 4027 resur-

2039 4057 2355 4113 rectionem
2378 4056 2437 4110 in
2463 4055 2781 4112 novissimo
2799 4056 2892 4112 die
2912 4058 3493 4130 expcctat.Nimirum
3516 4058 3681 4116 solus

2037 4150 2125 4201 est
2147 4144 2243 4201 ille
2264 4162 2368 4218 pro
2390 4162 2528 4217 quo,
2553 4162 2625 4201 ne
2648 4145 2918 4202 deﬁceret
2949 4148 3078 4218 ejus
3100 4147 3266 4215 ﬁdes,
3302 4148 3590 4204 Dominus
3635 4154 3695 4205 et

2038 4234 2303 4291 Salvator
2317 4235 2527 4291 asserit
2540 4251 2602 4291 se
2616 4235 3079 4308 rogasse,dicens
3096 4254 3109 4292 :
3124 4237 3550 4307 Simon,8imon,
3576 4254 3695 4294 ecce

2036 4323 2268 4380 Satanas
2282 4325 2544 4395 expetivit
2564 4340 2675 4391 vos,
2699 4328 2759 4380 ut
2802 4324 3072 4381 cribraret
3090 4328 3233 4382 sicut
3281 4328 3567 4392 triticum;
3597 4341 3691 4397 ego

2035 4416 2220 4469 autem
2247 4414 2442 4484 rogavi
2454 4429 2554 4485 pro
2584 4421 2655 4484 te,
2676 4421 2738 4469 ut
2764 4430 2876 4470 non
2913 4413 3132 4485 deﬁciat
3185 4413 3317 4485 ﬁdes
3362 4423 3482 4469 tua.
3512 4414 3577 4467 Et
3632 4416 3694 4467 tu

2034 4503 2335 4576 aliquando
2363 4504 2953 4572 conversus,conﬁrma
2973 4504 3174 4573 fratres
3198 4510 3317 4557 tuos
3340 4502 3497 4561 (Luc.
3522 4500 3689 4572 XXII).

266 4606 326 4661 S.
364 4605 564 4661 Leonis
594 4603 824 4677 epistola
872 4602 943 4659 ad
999 4606 1227 4677 Petrum
1276 4601 1589 4677 episcopum
1634 4598 1927 4677 Antioche-
1960 4612 2005 4677 Ι)
2037 4592 2172 4657 Ουω
2201 4592 2552 4649 venerabilis
2575 4596 2633 4649 et
2662 4593 2869 4648 efﬁcax
2899 4590 3085 4647 oratio
3106 4588 3360 4645 obtinuit
3398 4589 3556 4661 quod
3586 4587 3689 4644 ha-

344 4693 502 4731 num.
535 4671 957 4731 —'Gratulatur
977 4672 1044 4729 de
1066 4674 1182 4745 ejus
1204 4671 1335 4745 erga
1365 4671 1541 4745 sedem
1578 4671 1927 4745 apostolicam

345 4748 717 4804 observantia.
752 4744 1051 4815 Conﬁrmat
1069 4742 1186 4814 eius
1215 4742 1635 4810 ordinationem,
1665 4744 1715 4798 si
1739 4758 1930 4798 secun-

342 4820 483 4875 dum
510 4834 750 4874 canones
778 4818 953 4890 fuerit
971 4820 1271 4890 prodamus.
1304 4815 1569 4890 portatur
1592 4821 1655 4869 ut
1681 4828 1802 4890 suae
1829 4815 1929 4890 Ec:

302 4926 307 4929 -
344 4893 538 4949 clesia
563 4884 893 4962 dignitatem
914 4884 1158 4945 tueatur.
1191 4885 1392 4943 Probat
1415 4886 1579 4962 ﬁdem
1623 4884 1698 4941 ad
1751 4901 1807 4941 se
1829 4884 1930 4962 _ab

347 4979 410 5019 eo
439 4957 709 5034 scriptum
735 4959 980 5034 canitiei):
1010 4974 1122 5015 esse
1158 4974 1323 5034 quam
1344 4959 1485 5034 tenet
1539 4957 1791 5034 Romana
1816 4958 1930 5012 Ec-

345 5028 733 5107 clesiafcujus
761 5032 891 5103 ﬁdei
917 5048 1133 5087 summa
1159 5028 1342 5102 capita
1371 5028 1441 5083 ad
1468 5045 1594 5084 eum
1622 5029 1810 5084 mittit.

906 5121 1098 5194 (Anno
1123 5119 1308 5190 1054.)

710 5209 925 5282 [Mansi
958 5208 1164 5266 Concil.
1196 5207 1344 5275 XIX,
1374 5206 1524 5271 660.]

344 5320 462 5376 Leo
490 5318 822 5392 episcopus,
854 5332 1059 5375 servus
1087 5311 1547 5382 servorumDei,
1582 5311 1791 5370 dilecto
1819 5310 1933 5368 fra-

277 5408 355 5465 tri
386 5412 445 5465 et
473 5407 825 5481 coepiscopo
843 5406 1054 5464 Ps'rao.

344 5495 848 5570 Congratulamur
877 5493 1253 5557 vehementer
1279 5492 1341 5550 in
1370 5490 1617 5551 Domino
1646 5494 1758 5548 tuae
1802 5507 1934 5548 san-

272 5586 565 5649 ctissimae
588 5585 960 5654 fraternitati,
984 5572 1569 5657 atauemultimodas
1582 5580 1823 5657 gratias,
1872 5584 1940 5638 ut

270 5674 530 5752 dignum
550 5678 662 5747 est,
681 5675 993 5734 referimus
1012 5673 1067 5733 ei
1089 5672 1191 5751 qui
1220 5675 1311 5733 est
1336 5688 1472 5732 vera
1497 5688 1611 5756 pax
1637 5675 1697 5731 et
1749 5669 1939 5730 chari-

2040 4686 2245 4738 ctenus
2275 4682 2418 4738 ﬁdes
2448 4681 2601 4738 Petri
2629 4698 2742 4737 non
2775 4678 3003 4749 defecit,
3038 4695 3143 4734 nec
3166 4678 3461 4734 defectura
3498 4677 3688 4734 credi-

2038 4771 2209 4828 turin
2232 4770 2621 4827 tbronoillius
2645 4768 2912 4841 usquein
2955 4766 3239 4823 saeculum
3283 4767 3523 4838 saeculi;
3584 4768 3690 4826 sed

2039 4860 2413 4918 confirmabit
2434 4859 2610 4914 corda
2632 4857 2876 4912 fratrum
2922 4855 3099 4913 variis
3123 4858 3515 4915 coneutienda
3554 4857 3693 4916 fidei

2038 4945 2740 5023 periclitationibus,sicut
2764 4961 2952 5017 usque
2992 4962 3148 5001 nunc
3187 4946 3535 5004 confirmare
3573 4964 3691 5004 non

2039 5038 2423 5095 cessavit.Pro
2446 5036 2614 5107 cujus
2637 5033 2976 5091 excellentia
2996 5035 3228 5092 tertiam
3251 5054 3285 5093 a
3305 5036 3568 5093 Romana
3587 5037 3690 5092 Ec-

2041 5127 2221 5184 clesia
2240 5125 2585 5199 dignitatem
2607 5122 2820 5180 retinet
2840 5124 3204 5182 Antiochena
3222 5142 3396 5197 quam
3421 5129 3476 5180 te
3493 5124 3689 5181 defen-

2043 5218 2181 5273 dere
2201 5230 2575 5287 summopere
2607 5229 3061 5283 monemus,non
3102 5219 3215 5271 tuae
3264 5212 3688 5285 gloriaa,causa,

2045 5305 2147 5361 sed
2168 5321 2271 5377 pro
2294 5301 2571 5371 sedis,cui
2589 5302 2663 5357 ad
2684 5306 2917 5374 tempus
2939 5300 3487 5374 praesides,antiqua
3505 5299 3690 5356 hono-

2046 5393 2471 5451 rificentia.Nec
2493 5390 2784 5449 revoceris
2803 5390 2875 5446 ab
2898 5389 3007 5444 hac
3031 5388 3351 5446 intentione
3374 5386 3695 5461 cujuslibet

2046 5500 2259 5557 pompa
2279 5481 2369 5539 vel
2390 5478 2892 5556 arrogantia,quin
2913 5482 3252 5535 constanter
3271 5478 3552 5536 defendas
3585 5479 3690 5537 ho-

2046 5589 2456 5646 norem-,quem
2475 5570 2847 5629 Antiochena:
2867 5568 3135 5626 Ecclesiae
3184 5566 3548 5643 reliquerunt
3566 5586 3663 5628 om
3676 5598 3692 5614 -

2048 5665 2147 5727 nia
2173 5667 2514 5723 sanctorum
2533 5666 2778 5721 Patrum
2798 5657 3068 5723 concilia.
3098 5658 3185 5720 Ad
3206 5660 3361 5737 quod
3384 5659 3608 5738 utique,
3640 5657 3693 5721 si
