4088 6174
196 313 326 376 113

1187 311 1594 378 EPISTOLE
1637 314 1739 392 ET
1782 308 2144 380 DECRETA
2188 316 2660 385 PONTIFICIA.

3512 334 3629 396 7'74

208 445 617 518 thonepapaet
650 444 1536 520 ConstantinonepoteHeraclii;
1570 450 1867 518 ultimum,
1899 453 1955 520 Α
1986 451 2033 505 si
2069 469 2183 507 non
2214 454 2543 526 transgredi
2573 455 2928 513 laboraveris
2953 458 3232 516 terminos
3264 479 3412 534 quos
3435 471 3626 537 patres

210 535 536 592 secundum
566 535 887 603 Nicanum,
911 536 1020 592 sub
1051 536 1304 592 Adriano
1335 555 1484 611 papa
1509 541 1566 594 et
1587 540 1865 595 Constan-

207 625 328 680 tino
364 626 562 681 Irenes
593 624 735 692 filio,
769 642 872 697 pro
903 625 1232 682 reverendis
1265 627 1492 683 Domini
1528 629 1670 685 Jesu
1704 629 1865 684 Chri-

211 714 282 770 sti
315 717 373 770 et
403 719 744 770 sanctorum
775 715 1155 788 imaginibus.
1187 715 1480 788 Quidquid
1515 735 1691 789 supra
1713 718 1868 774 dicta

211 808 435 876 septem
470 807 672 859 sancta
699 809 756 859 et
784 804 1134 861 universalia
1161 805 1408 860 concilia
1453 811 1765 862 senserunt
1813 811 1869 863 et

210 892 706 962 collaudaverunt,
742 892 929 949 sentio
960 897 1016 949 et
1045 892 1347 950 collaudo:
1386 899 1443 950 et
1485 912 1868 969 quoscunque

210 981 874 1051 anathematizaverunt,
951 982 1398 1039 anathematizo.
1471 987 1633 1040 Hanc
1689 986 1866 1040 ﬁdem

210 1075 416 1125 sancta
446 1070 711 1126 Romana
731 1074 786 1124 et
815 1069 1137 1142 apostolica
1165 1072 1331 1127 sedes
1363 1073 1535 1128 corde
1578 1073 1760 1130 credit
1788 1074 1859 1129 ad

203 1158 522 1230 justitiam,
569 1164 625 1214 et
666 1175 763 1215 ore
811 1159 1122 1215 confitetur
1171 1160 1242 1215 ad
1282 1159 1532 1216 salutem
1581 1163 1754 1233 (Rom.
1787 1163 1864 1234 x).

211 1249 547 1304 Secundum
577 1247 728 1303 hanc
759 1249 968 1317 vivere,
1001 1248 1250 1304 Domino
1278 1249 1550 1317 donante,
1577 1253 1790 1319 studet,
1813 1255 1871 1307 et

211 1353 315 1409 pro
344 1337 474 1408 ejus
503 1337 859 1404 defensione,
892 1336 942 1393 si
972 1339 1310 1410 oportuerit,
1356 1339 1503 1395 mori
1537 1344 1738 1412 parata
1760 1343 1867 1396 est.

215 1427 401 1490 Quam
433 1429 492 1481 et
518 1425 580 1480 in
607 1430 680 1490 te,
715 1427 894 1482 frater
924 1427 1290 1496 charissima,
1322 1428 1638 1500 perfectam
1662 1445 1872 1502 cogno-

215 1515 460 1583 scimus,
485 1519 540 1570 et
561 1516 882 1571 secundum
907 1531 1034 1572 eam
1054 1520 1111 1571 te
1132 1516 1319 1572 vivere
1339 1517 1645 1573 nobiscum
1667 1519 1870 1574 admo-

213 1619 452 1671 nemus,
485 1604 732 1675 profecto
765 1605 1014 1661 scientes
1064 1605 1204 1677 quia
1252 1605 1395 1661 ﬁdes
1440 1606 1566 1663 sine
1596 1607 1870 1680 Operibus

216 1695 453 1748 mortua
481 1695 567 1748 est
595 1693 729 1764 (Jac.
765 1697 850 1763 ιι).
885 1693 1224 1750 Salutamus
1273 1711 1407 1750 cum
1457 1697 1617 1751 omni
1665 1697 1869 1753 frater-

212 1781 399 1837 nitate
427 1797 529 1837 seu
561 1780 816 1887 c’ollegio.
850 1785 1061 1837 sanctae
1111 1783 1383 1838 Romanae
1431 1788 1488 1839 et
1536 1785 1868 1857 apostolicae
1899 1823 1948 1887 B

213 1870 372 1928 sedis
389 1874 550 1925 tuam
577 1869 1002 1927 fraternitatem
1025 1876 1314 1941 sanctam,
1331 1877 1727 1946 cunctumque
1750 1876 1870 1932 col-

211 1959 434 2034 legium
455 1960 516 2015 in
547 1959 796 2016 Domino
827 1959 932 2016 tibi
964 1961 1294 2032 subjectum
1319 1980 1333 2031 ;
1363 1966 1420 2018 et
1451 1967 1514 2018 ut
1543 1980 1646 2035 pro
1675 1969 1875 2020 nostra

212 2049 450 2122 gemina
525 2047 715 2104 salute
779 2049 1238 2121 omnipotentem
1295 2052 1605 2107 Dominum
1657 2053 1876 2126 jugiter

213 2154 414 2194 exores
445 2153 757 2209 precamur
785 2137 1130 2209 plurimum,
1165 2141 1473 2196 reverenda
1493 2145 1549 2196 et
1579 2141 1875 2198 desidera-

215 2227 353 2283 bilis
381 2227 579 2282 frater.

1004 2333 1094 2388 CII

220 2440 274 2494 S.
312 2440 507 2512 Leo-nis
528 2438 757 2512 cpistola
784 2437 855 2512 ad
873 2437 1189 2512 Michaelem
1216 2440 1879 2512 ConstantinOpolitanum

278 2508 690 2582 patriarcham.
724 2540 792 2549 —
819 2508 1142 2582 Gratulatur
1190 2512 1243 2564 ei
1290 2511 1432 2582 quod
1475 2508 1682 2568 Graecos
1728 2516 1878 2569 Lati-

288 2581 711 2656 nis_concil_iare
724 2581 979 2656 studeret.
1013 2582 1209 2656 Arguit
1238 2598 1384 2656 eum,
1404 2590 1519 2638 tum
1540 2585 1678 2655 quod
1698 2587 1882 2656 patri-

290 2651 492 2726 archas
521 2651 962 2707 Alexandrinum
990 2655 1040 2708 et
1069 2653 1466 2726 Antiochenam
1492 2651 1612 2711 sum
1628 2651 1883 2726 potestati

291 2724 564 2798 subjicere
591 2727 900 2798 conaretur,
945 2732 1062 2779 tum
1090 2723 1251 2798 quod,
1276 2727 1604 2782 universalis
1628 2723 1884 2798 patriar-

292 2796 409 2850 chz
439 2811 643 2851 nomen
672 2796 778 2849 sibi
796 2803 1104 2867 usurparet,
1136 2799 1199 2868 et,
1229 2797 1527 2852 Romanam
1559 2796 1881 2868 Ecclesium,

289 2881 420 2941 quae
449 2869 510 2941 in
541 2868 754 2937 azymis
791 2875 1036 2941 sanctum
1069 2867 1432 2941 eucharistiae
1466 2885 1684 2924 sacrum
1716 2872 1883 2941 conﬁ-

288 2937 425 3006 ciat,
459 2937 768 2992 damnaret.
803 2939 1006 2993 Probat
1047 2939 1330 2994 Christum
1371 2942 1433 2994 in
1479 2957 1672 3012 azyma
1701 2937 1885 2997 conse-

289 3025 494 3065 crasse.

871 3099 1061 3170 (Anno
1090 3097 1278 3170 4064.)

800 3187 1013 3258 [Mansi
1044 3187 1315 3259 ΧΙΧ,643]

299 3295 418 3349 L30
429 3294 756 3366 episcopus,
772 3309 974 3350 servus
988 3311 1287 3349 servorum
1306 3294 1426 3364 Dei,
1444 3295 1721 3350 MICHAELI
1737 3296 1889 3351 Con-

229 3381 758 3454 stantinopolitano
791 3381 1242 3454 archiepiscopo.

305 3471 539 3543 Scripta
567 3476 680 3527 tuae
721 3471 1074 3528 honorandae
1105 3471 1486 3528 fraternitatis
1527 3474 1766 3529 tandem
1815 3474 1885 3529 ad

229 3578 339 3617 nos
374 3565 782 3632 pervenerunt,
825 3561 884 3615 in
933 3560 1151 3632 quibus
1197 3561 1268 3616 ad
1320 3561 1573 3617 maxime
1619 3578 1887 3619 necessa-

227 3650 388 3706 rium
414 3650 808 3721 omnibusque
837 3649 1052 3706 Christi
1098 3649 1367 3706 fidelibus
1416 3649 1886 3723 amplectendam

227 3738 454 3794 bonum
508 3737 826 3794 concordiae
876 3743 932 3792 et
998 3737 1240 3793 unitatis
1303 3738 1595 3794 exhortari
1645 3741 1884 3808 studes;

226 3832 524 3899 quatenus
555 3830 686 3897 post
714 3825 962 3880 nimium
988 3825 1193 3898 longas
1214 3829 1271 3880 et
1293 3826 1651 3898 perniciosas
1673 3829 1892 3884 discor-

223 3917 376 3983 dias,
401 3916 527 3972 filia
545 3933 612 3970 ex
633 3916 879 3987 propriae
902 3915 1110 3970 matris
1128 3914 1596 3971 reconciliatione
1617 3915 1884 3972 exsultet'

222 4006 301 4060 Ad
337 4005 502 4077 quod
536 4004 738 4075 utique
776 4009 832 4059 te
881 4007 1289 4076 provocantem
1332 4007 1390 4060 et
1434 4009 1888 4076 praemonentem

223 4097 388 4148 tanto
418 4093 755 4165 promptius
785 4091 1116 4148 auscultare
1160 4090 1453 4164 cupimus,
1504 4097 1722 4164 quanta
1749 4093 1890 4165 vigi-

222 4179 448 4237 lantius
479 4179 1002 4236 animadvertimus
1033 4180 1185 4236 hanc
1214 4179 1402 4237 solam
1431 4197 1560 4237 esse
1589 4181 1888 4254 propriam

222 4274 278 4323 et
328 4268 654 4342 specialem
703 4268 977 4324 virtutem
1020 4268 1254 4340 piorum
1305 4272 1479 4340 atque
1527 4273 1886 4336 sanctorum,

223 4374 357 4413 cum
393 4361 613 4412 caeterae
650 4356 896 4413 virtutes
940 4357 1112 4414 bonis
1164 4362 1223 4412 et
1270 4357 1441 4413 malis
1491 4373 1619 4414 esse
1663 4358 1891 4430 possint

220 4462 595 4512 communes,
653 4445 899 4501 Domino
956 4445 1039 4502 sic
1110 4451 1633 4518 praemonstrante:
1685 4448 1748 4502 In
1793 4447 1891 4503 hoc

220 4537 551 4604 cognoscent
576 4550 759 4589 omnes
790 4537 925 4605 quia
952 4537 1062 4591 mei
1107 4537 1234 4591 estis
1262 4535 1543 4607 discipuli,
1574 4538 1624 4591 si
1652 4535 1890 4591 dilectio-
1919 4560 1965 4623 D

216 4641 342 4679 nem
356 4624 668 4681 habueritis
682 4624 751 4678 ad
764 4625 1000 4680 invicem
1011 4625 1187 4696 (Joan.
1203 4627 1350 4694 xm).
1375 4625 1444 4679 Et
1456 4623 1726 4696 deiloquo
1740 4624 1887 4679 Pau-

216 4710 273 4766 lo
305 4716 702 4784 protestante:
740 4714 932 4769 Pacem
962 4714 1262 4783 sequimini
1280 4729 1403 4768 cum
1422 4714 1674 4768 omnibus
1694 4716 1746 4769 et
1764 4729 1890 4768 san-

217 4803 572 4869 ctimoniam,
588 4805 709 4857 sine
733 4819 840 4873 qua
852 4818 1010 4858 nemo
1025 4801 1606 4873 videbitDeum(Hebr.
1627 4801 1751 4873 xu).
1772 4801 1887 4857 Un—

217 4889 289 4946 de
342 4889 677 4962 plurimum
726 4896 840 4946 tuae
902 4891 1254 4946 fraternitati
1303 4890 1783 4964 congratulamur
1828 4892 1886 4945 in

216 4976 502 5043 Domino,
555 4977 832 5048 quoniam
883 4995 1187 5034 summum
1231 4978 1584 5035 desiderium
1618 4983 1886 5034 nostrum

214 5070 322 5123 tua
363 5067 668 5122 industria
707 5068 1042 5139 anticipasti
1079 5086 1092 5136 ;
1147 5069 1299 5140 quod
1351 5067 1550 5140 utique
1595 5068 1643 5123 si
1692 5067 1886 5140 aliquo

217 5155 446 5229 frigore
491 5155 796 5212 charitatis
843 5155 1205 5228 pigritareris
1251 5157 1510 5228 exsequi,
1563 5161 1762 5213 nostra
1790 5157 1888 5212 de-

214 5243 444 5300 bueras
469 5244 706 5300 solertia
721 5243 1041 5316 praveniri.
1066 5244 1183 5301 Nos
1205 5245 1382 5314 enim,
1394 5247 1564 5317 juxta
1583 5246 1888 5317 praefatum

214 5331 599 5404 Apostolum,
627 5332 676 5388 si
704 5332 826 5389 ﬁeri
851 5336 1062 5405 potest,
1095 5349 1229 5390 cum
1253 5335 1528 5390 omnibus
1549 5333 1889 5390 hominibus

214 5438 439 5494 pacem
517 5422 731 5479 habere
796 5423 972 5495 (Rom.
1031 5423 1134 5494 χιι)
1201 5427 1610 5496 peroptamus;
1670 5427 1888 5497 quanto

215 5512 425 5585 magis
471 5527 609 5584 ergo
655 5515 870 5582 tecum,
921 5527 1099 5584 quem
1154 5511 1420 5569 videmus
1471 5511 1738 5570 Ecclesiae
1787 5513 1887 5568 Dei

211 5600 397 5661 valde
437 5601 642 5661 utilem
671 5605 729 5660 et
756 5601 1158 5663 necessarium
1184 5618 1358 5680 posse
1385 5603 1507 5663 fore
1526 5602 1887 5676 ministrum,

1978 541 2159 596 nostri
2190 545 2556 613 posuerunt?
2585 545 2654 599 Et
2691 547 2830 619 quia
2877 547 3218 603 Christianae
3261 553 3629 622 perfectionis

1976 631 2065 683 est
2094 630 2401 701 pacificum
2433 648 2561 688 esse
2597 634 2793 702 etiam,
2829 652 2961 690 cum
3011 637 3268 694 inimicis
3315 640 3494 710 pacis,
3528 661 3630 715 spe

1977 718 2373 786 correctionis,
2438 738 2551 776 non
2624 740 2913 778 consensu
2983 725 3404 797 malignitatis;
3469 734 3630 786 tanto

1977 805 2286 862 sollicitius
2319 809 2603 865 debemus
2637 829 2837 867 omnes
2861 815 3194 869 occasiones
3219 818 3631 876 scandalorum

1978 894 2048 950 de
2080 896 2268 951 medio
2299 896 2522 965 tollere,
2574 908 2793 970 quanto
2843 902 3104 957 tenacius
3153 908 3426 975 optamus
3470 909 3631 979 pacis

1978 983 2198 1038 amicos
2230 983 2495 1042 retinere.
2531 987 2790 1044 Plurima
2820 994 3013 1045 autem
3045 1008 3112 1046 ex
3142 997 3242 1046 tua
3276 995 3632 1053 fraternitate

1978 1070 2367 1128 intolerabilia
2399 1092 2600 1130 rumor
2621 1078 2747 1147 jam
2789 1079 2887 1132 diu
2919 1080 3158 1149 pertulit
3205 1082 3276 1135 ad
3324 1100 3495 1138 aures
3528 1102 3628 1140 no-

1979 1164 2150 1225 stras,
2187 1177 2312 1232 qua:
2352 1180 2478 1232 nos,
2513 1166 2724 1236 partim
2776 1167 2912 1237 quia
2944 1167 3313 1225 incredibilia
3351 1171 3630 1228 videban-

1979 1252 2095 1316 tur,
2151 1250 2362 1320 partim
2414 1253 2551 1323 quia
2597 1253 2760 1308 nulla
2823 1255 3068 1310 facultas
3114 1257 3445 1328 inquirendi
3492 1262 3632 1317 talia

1980 1337 2425 1406 concedebatur,
2503 1341 2839 1398 indiscussa
2898 1343 3200 1416 hucusque
3261 1346 3628 1420 reliquimus.

1979 1425 2240 1498 Denique
2270 1428 2479 1484 diceris
2514 1430 2860 1503 neophytus,
2909 1438 2966 1486 et
3016 1450 3130 1486 non
3180 1435 3468 1504 gradatim
3501 1455 3631 1507 pro-

1981 1513 2216 1571 siluisse
2247 1517 2319 1571 ad
2353 1518 2681 1590 episcopale
2726 1520 3068 1592 fastigium:
3106 1523 3261 1594 quod
3294 1523 3634 1582 nullatenus

1980 1619 2108 1659 esse
2139 1604 2470 1660 faciendum
2507 1621 2562 1661 et
2586 1608 2900 1679 Apostolus
2950 1610 3149 1665 edocet
3197 1613 3245 1681 (1
3274 1613 3405 1668 Tim.
3439 1614 3546 1685 ιιι),
3581 1619 3638 1670 et

1980 1692 2336 1748 venerabiles
2363 1711 2616 1750 canones
2648 1696 3026 1753 interdicunt.
3076 1699 3222 1755 Hinc
3266 1719 3409 1757 nova
3448 1703 3635 1758 ambi-

1980 1780 2134 1836 tione
2163 1780 2623 1838 Alexandrinum
2674 1790 2726 1840 et
2769 1787 3196 1842 Antiochenum
3250 1790 3633 1860 patriarchas,

1982 1870 2240 1942 antiquis
2273 1887 2391 1925 sum
2422 1872 2724 1944 dignitatis
2755 1873 3076 1946 privilegiis
3125 1876 3352 1946 privare
3397 1881 3634 1934 conten-

1983 1959 2149 2027 dens,
2181 1964 2383 2014 contra
2412 1977 2585 2016 omne
2605 1961 2691 2016 fas
2713 1964 2883 2033 etjus
2906 1967 3004 2018 tuo
3035 1964 3293 2019 dominio
3317 1965 3638 2038 subjugare

1983 2048 2234 2103 conaris.
2269 2050 2429 2114 Quod
2463 2053 2680 2121 quanto
2710 2056 2808 2106 tuo
2841 2052 3097 2123 periculo
3129 2057 3338 2121 tentes,
3362 2055 3638 2112 omnibus

1986 2153 2140 2191 sanae
2169 2137 2382 2193 mentis
2414 2143 2607 2210 patet:
2643 2141 3118 2212 quandoquidem
3170 2159 3322 2199 vana
3369 2143 3554 2217 gloria
3582 2144 3638 2202 et

1985 2242 2200 2297 pompa
2229 2225 2491 2282 saeculari
2524 2226 2735 2293 elatus,
2769 2229 3080 2285 consilium
3130 2231 3451 2289 divinitatis
3481 2235 3639 2291 anti-

1989 2330 2168 2385 quum
2191 2331 2367 2386 super
2385 2314 2782 2371 stabilimento
2805 2317 3211 2375 columnarum
3233 2337 3350 2376 suae
3371 2321 3640 2382 Ecclesia

1989 2403 2108 2473 [Hic
2135 2403 2280 2458 deest
2311 2408 2534 2460 mutare
2573 2413 2668 2460 aut
2715 2406 2928 2476 aliquid
2975 2409 3266 2480 ejusmodi]
3312 2413 3638 2481 contendis,

1990 2492 2158 2564 quasi
2190 2509 2259 2547 ex
2292 2491 2596 2550 fallacibus
2645 2493 2868 2550 divitiis
2915 2497 3320 2568 praejndicium
3373 2500 3639 2558 facturus

1989 2580 2094 2649 illi,
2131 2581 2229 2652 qui
2255 2598 2386 2636 cum
2411 2599 2540 2638 vere
2561 2586 2617 2637 et
2634 2582 3009 2655 singulariter
3031 2585 3192 2642 dives
3216 2592 3388 2655 esset,
3416 2606 3639 2661 pauper

1992 2687 2094 2742 pro
2127 2671 2294 2726 nobis
2326 2671 2512 2726 factus
2543 2673 2615 2743 (ll
2631 2672 2750 2727 Cor.
2769 2674 2914 2743 νιιι),
2953 2673 3168 2746 delegit
3190 2692 3309 2729 suae
3327 2677 3636 2748 temporali

1994 2758 2280 2813 nativitati
2307 2759 2652 2830 oppidulum
2676 2764 2732 2816 et
2752 2761 3041 2832 speluncae
3065 2761 3452 2818 diversorium
3479 2767 3628 2832 (Luc.

1995 2846 2081 2918 Ii),
2115 2865 2230 2902 non
2265 2847 2563 2919 quodlibet
2591 2865 2796 2921 regum
2828 2849 3134 2920 palatium.
3161 2851 3343 2922 Cujus
3376 2853 3642 2926 exempla

1998 2934 2268 3006 quisquis
2301 2936 2515 3004 horret,
2551 2937 2621 2992 ad
2645 2941 2860 2993 sortem
2884 2937 3044 2993 illius
3071 2941 3346 3010 pertinet,
3379 2943 3478 3014 qui
3502 2947 3641 2999 tunc

1999 3041 2102 3096 per
2150 3041 2233 3091 se,
2285 3042 2440 3079 nunc
2499 3030 2697 3081 autem
2752 3043 2855 3098 per
2911 3045 3050 3083 suos
3111 3030 3393 3087 satellites
3451 3032 3642 3089 dicere

2001 3115 2212 3168 audet:
2248 3113 2544 3169 Ascendam
2571 3131 2736 3186 super
2763 3115 3119 3172 altitudinem
3148 3120 3398 3187 nubium,
3443 3123 3644 3177 similis

1919 3189 1962 3255 C
2001 3219 2094 3258 ero
2123 3201 2403 3257 Allissimo
2444 3204 2573 3270 (Isa.
2616 3205 2752 3276 xiv).
2794 3205 2896 3260 Sed
2934 3222 3045 3261 non
3092 3209 3442 3277 cogitationes
3482 3225 3640 3275 meae,

1997 3293 2352 3362 cogitationes
2380 3298 2613 3354 vestra);
2643 3309 2819 3365 neque
2839 3295 2948 3351 viae
2976 3310 3132 3362 meae,
3155 3299 3255 3351 viae
3275 3299 3486 3362 vistrce,
3507 3298 3644 3354 dicit

1999 3382 2260 3435 Dominus
2291 3380 2422 3451 (Isa.
2459 3383 2585 3447 LV):
2620 3381 2718 3452 qui
2753 3381 3035 3455 dispergit
3065 3385 3348 3456 superbos
3370 3386 3426 3440 in
3453 3387 3644 3442 furore

2000 3486 2127 3537 suo,
2162 3473 2218 3525 et
2247 3469 2568 3541 respiciens
2599 3487 2832 3525 omnem
2865 3478 3235 3544 arrogantem
3261 3473 3556 3543 humiliat,
3589 3480 3646 3532 et

1998 3557 2260 3630 exsurgit
2293 3563 2356 3612 ut
2377 3575 2490 3612 non
2517 3557 2820 3630 praevaleat
2840 3558 3035 3625 homo,
3061 3561 3119 3615 in
3143 3563 3310 3632 cujus
3332 3569 3647 3635 conspectu

1999 3665 2112 3702 non
2141 3652 2230 3702 est
2252 3647 2425 3702 Deus.
2449 3646 2528 3701 Ne
2550 3646 2704 3702 enim
2728 3649 3003 3720 superbia
3024 3655 3258 3721 propter
3274 3651 3644 3706 altitudinem

1998 3753 2166 3791 suam
2183 3753 2244 3791 se
2256 3737 2629 3806 conjunctam
2644 3736 3169 3807 putaretDeo,dicit
3187 3737 3647 3793 PsalmistazAlta

1996 3826 2218 3892 alonge
2262 3826 2533 3892 cognoscit
2575 3825 2818 3877 excelsus
2860 3824 3122 3878 Dominus
3169 3824 3336 3894 (Psal.
3372 3825 3640 3896 cxxxvn).

1999 3911 2160 3966 Unde
2191 3928 2294 3982 per
2325 3910 2707 3981 semetipsum
2741 3913 3024 3965 testatur:
3057 3912 3207 3979 Quod
3239 3912 3416 3968 altum
3447 3922 3526 3969 est
3556 3915 3646 3970 ho-

1997 4001 2240 4055 minibus
2297 3999 2667 4054 abominabilc
2722 4007 2800 4054 est
2866 3999 3013 4070 apud
3086 4003 3254 4056 Deum
3301 4002 3451 4073 (Luc.
3502 4005 3642 4075 xvi).

1999 4088 2197 4153 Qualis
2214 4103 2367 4153 vero,
2391 4092 2446 4165 et
2464 4104 2641 4158 quam
2664 4087 3028 4144 detestabilis
3051 4095 3226 4161 atque
3253 4091 3647 4148 lamentabilis

1998 4180 2086 4232 est
2114 4176 2215 4231 illa
2246 4175 2532 4247 sacrilega
2561 4177 2886 4248 usurpatio,
2921 4194 3037 4249 qua
3058 4182 3116 4235 te
3138 4180 3526 4237 universalem
3553 4199 3648 4254 pa-

1997 4265 2312 4321 triarcham
2338 4267 2529 4336 jactas
2562 4265 2782 4337 ubique
2812 4270 2868 4322 et
2916 4266 3131 4340 scripto
3182 4273 3238 4324 et
3279 4271 3473 4335 verbo,
3509 4287 3643 4326 cum

1999 4355 2190 4409 omnis
2206 4354 2303 4410 Dei
2324 4354 2550 4409 amicus
2569 4355 2911 4426 hujusmodi
2934 4355 3216 4411 hactenus
3238 4357 3530 4413 horruerit
3548 4358 3645 4413 ho-

2007 4443 2198 4498 norari
2212 4443 2596 4498 vocabulo?Et
2609 4445 2884 4516 quispost
2897 4444 3192 4499 Christum
3207 4444 3643 4500 convcnientius

2000 4535 2195 4604 posset
2224 4531 2493 4604 insigniri
2524 4532 2632 4588 hoc
2657 4532 2958 4600 vocabulo,
2985 4549 3164 4603 quam
3207 4533 3296 4586 cui
3321 4532 3536 4587 dicitur
3560 4533 3644 4586 di-

1996 4622 2129 4676 vina
2167 4637 2302 4676 voce
2326 4637 2339 4675 :
2367 4622 2442 4675 Tu
2470 4637 2525 4676 es
2555 4623 2752 4676 Petrus
2779 4627 2831 4675 et
2871 4637 3034 4692 super
3063 4621 3204 4674 hanc
3231 4628 3444 4691 petram
3473 4619 3643 4690 aediﬁ-

1997 4710 2127 4765 cabo
2155 4711 2446 4764 Ecclesium
2476 4726 2658 4764 meam
2687 4709 2896 4772 (ΜαιιΙι.
2920 4712 3060 4775 xvx),
3086 4713 3197 4763 etc.
3223 4708 3643 4765 Verumtamen

1999 4798 2136 4870 quia
2157 4797 2253 4854 ille
2276 4815 2387 4853 non
2417 4797 2711 4852 invenitur
2733 4796 3082 4852 universalis
3105 4798 3403 4870 apostolus
3425 4799 3643 4869 dictus,

1998 4888 2265 4960 quamvis
2281 4887 2548 4959 princeps
2561 4884 2958 4956 apostolorum
2975 4885 3644 4956 sitconstitutus,nullus

1998 4993 2402 5033 successorum
2437 4976 2564 5045 ejus
2594 4978 2712 5028 tam
2747 4975 3080 5048 prodigioso
3113 4980 3471 5050 praenomine
3503 4997 3642 5034 con-

1998 5066 2182 5121 sensit
2212 5063 2490 5136 appellari
2527 5063 2782 5133 penitus,
2816 5063 2951 5120 licet
2980 5083 3194 5138 magno
3227 5068 3400 5122 Leoni
3432 5068 3641 5137 prside-

1998 5155 2214 5210 cessori
2247 5158 2466 5220 nostro,
2502 5157 2560 5207 et
2585 5155 3030 5210 successoribus
3063 5156 3268 5226 ipsius,
3304 5156 3409 5208 hoc
3440 5160 3643 5208 sancta

1998 5239 2816 5299 decreveritChalceionensis
2839 5244 3118 5314 synodus.
3141 5242 3358 5313 Nempe
3381 5240 3643 5296 animad-

1996 5332 2299 5388 vertebant
2329 5347 2444 5386 non
2475 5346 2604 5386 esse
2633 5329 2888 5385 amicum
2909 5330 3130 5401 sponsi,
3153 5329 3253 5400 qui
3287 5345 3391 5400 pro
3422 5346 3640 5401 sponso

1995 5420 2166 5477 vellet
2178 5421 2362 5476 amari
2389 5438 2401 5488 ;
2423 5419 2563 5492 quin
2580 5419 2776 5492 potius
2800 5418 3269 5492 paranymphum
3292 5423 3348 5474 et
3368 5417 3639 5477 lenonem

1996 5509 2358 5578 Antichristi,
2395 5509 2494 5581 qui
2519 5509 2861 5566 adversatur
2882 5513 2938 5565 et
2953 5501 3249 5564 extollitur
3270 5525 3447 5583 super
3467 5528 3641 5568 omne

1997 5601 2154 5679 quod
2172 5598 2384 5659 dicitur
2393 5598 2571 5669 Deus,
2585 5602 2688 5660 aut
2699 5598 2855 5676 quod
2868 5597 3097 5660 colitur.
3120 5598 3264 5660 Ecce
3275 5598 3374 5661 ille
3388 5602 3641 5664 Joannes
