4088 6174
492 319 608 379 775

1559 313 1625 374 S.
1672 311 1953 374 LEONIS
1996 310 2075 372 IX
2123 309 2350 372 PAP/E
2391 309 2824 376 OPUSCULA.

3767 304 3886 380 m

492 452 702 517 vester,
737 447 906 518 cujus
934 461 1158 502 vesanae
1203 443 1630 501 adinventionis
1664 441 1856 498 adhuc
1879 441 2136 497 hazredes
2165 443 2217 509 Α
2249 459 2366 497 sum
2398 443 2750 515 egressionis
2779 461 2848 500 ex
2878 443 3158 517 {Egyptoz
3193 444 3350 502 istud
3379 460 3513 503 vero
3541 445 3880 508 Christianis

494 535 872 609 permanetis,
907 534 1028 607 qui,
1063 535 1388 591 secundum
1433 531 1831 599 Psalmistam,
1885 549 1986 602 per
2033 547 2132 586 vos

494 625 685 682 adhuc
716 629 881 682 vocat
912 625 1153 678 nomina
1183 641 1290 678 sua
1313 624 1370 676 in
1397 622 1568 676 terris
1591 621 1735 687 suis,
1760 637 1893 674 cum
1918 620 2136 674 interiit

492 731 606 770 non
639 714 895 786 sumpsit
923 713 1138 780 omnia,
1174 728 1362 782 neque
1383 710 1686 766 descendit
1704 726 1839 764 cum
1861 724 1926 764 eo
1947 707 2134 780 gloria

491 805 560 858 ad
591 804 884 860 infernum
912 820 924 868 ;
957 802 1095 873 quia
1126 817 1259 855 cum
1293 801 1350 854 in
1384 799 1601 853 honore
1632 802 1807 865 esset,
1833 815 1942 853 non
1968 797 2134 852 intel-

489 893 629 950 lexit
651 893 818 964 (Psal.
847 895 1027 957 xuii).
1061 891 1188 961 Ipse
1211 905 1244 944 a
1260 887 1619 942 beatissimis
1638 886 2011 958 pontiﬁcibus
2034 886 2131 940 Pe-

489 981 640 1054 lagio
676 986 732 1037 et
745 979 1017 1052 Gregorio
1040 979 1345 1050 (Psucws
1361 975 1429 1044 II,
1449 977 1740 1047 epistolal;
1775 975 2128 1040 Gascomus,

489 1069 592 1125 lib.
625 1087 702 1136 v1,
731 1071 885 1140 epist.
921 1085 996 1136 ιν,
1042 1073 1098 1123 et
1141 1067 1220 1121 lib
1271 1084 1371 1132 vn,
1419 1068 1556 1137 epist
1598 1065 1726 1135 xxx)
1777 1066 2128 1119 successori-

487 1158 714 1229 busque
746 1173 948 1212 eorum
983 1173 1083 1228 pro
1106 1155 1214 1211 hac
1240 1153 1554 1208 insolentia
1579 1153 2126 1219 anathematizatus,

486 1247 545 1302 in
590 1264 697 1302 sua
727 1245 1044 1319 pertinacia
1083 1242 1478 1299 irrevocabilis
1508 1241 1702 1314 periit,
1727 1242 1972 1312 jamque
2023 1257 2126 1312 per

486 1335 876 1409 quadraginta
896 1340 954 1389 et
977 1333 1438 1405 quadringentos
1461 1347 1647 1386 annos
1677 1347 1795 1386 suae
1825 1335 2128 1386 contuma-

487 1425 584 1478 cia
605 1439 885 1495 sequaces
908 1420 1268 1493 praecipitare
1292 1437 1406 1475 non
1446 1419 1709 1475 cessavit.
1734 1419 1957 1483 Quibus
1989 1417 2127 1490 quid

485 1512 705 1583 profuit
722 1512 1016 1582 superbia,
1039 1509 1370 1564 divitiarum
1385 1509 1662 1578 jactantia
1684 1507 1822 1579 quid
1843 1506 2130 1563 contulit?

488 1601 843 1656 Transierunt
863 1601 1049 1655 omnia
1076 1599 1219 1654 velut
1243 1600 1438 1653 umbra
1459 1597 1608 1669 (Sap.
1641 1597 1714 1668 v).
1741 1597 1879 1665 Quid
1899 1597 2130 1668 denique

479 1689 698 1760 prodest
721 1689 954 1753 homini,
989 1690 1038 1741 si
1083 1691 1257 1742 totum
1299 1687 1576 1742 mundum
1615 1687 1877 1754 lueretur,
1927 1688 2128 1741 animm

483 1795 607 1834 vero
655 1795 763 1832 suae
811 1778 1197 1832 detrimentum
1251 1778 1545 1848 patiatur?
1605 1775 1809 1847 (Matth.
1863 1775 2004 1845 xvr.)
2062 1775 2205 1876 EtB

483 1867 776 1937 quomodo
809 1865 1036 1920 animas
1069 1881 1171 1935 pro
1204 1864 1481 1919 fratribus
1509 1863 1735 1920 habetis
1765 1880 1998 1936 ponere,
2026 1863 2126 1935 qui

481 1955 653 2010 inane
686 1970 897 2009 nomen
930 1958 986 2007 et
1017 1953 1350 2007 universam
1381 1952 1700 2008 Ecclesiam
1725 1951 2127 2008 scandalizans

481 2042 862 2116 delignamini
887 2043 1176 2114 deponere
1197 2042 1224 2096 ‘I
1239 2041 1535 2113 Resipisce
1551 2058 1708 2115 ergo,
1731 2059 2030 2115 rogamus,
2051 2042 2124 2098 ab

479 2133 589 2188 hac
604 2132 855 2200 insania,
875 2148 946 2188 ne
966 2131 1123 2188 illius
1137 2147 1377 2187 consors
1405 2135 1467 2186 tu
1500 2132 1921 2204 quoque,quod
1935 2131 2089 2187 absit
2107 2130 2118 2184 l

479 2223 606 2292 ﬁas,
641 2223 712 2278 de
742 2237 857 2294 quo
883 2220 1132 2275 dicitur:
1169 2221 1336 2276 Omne
1366 2221 1602 2275 sublime
1631 2221 1792 2286 videt,
1824 2224 1873 2276 et
1905 2222 2022 2292 ipse
2049 2227 2124 2276 est

486 2327 780 2384 rex'super
808 2312 1090 2365 universos
1133 2310 1277 2379 filios
1323 2310 1591 2380 superbia:
1622 2309 1736 2380 (Job
1784 2309 1917 2380 xu).
1973 2308 2120 2364 Illud

479 2405 674 2458 autem
708 2400 840 2472 quis
873 2415 988 2454 non
1019 2402 1272 2470 stupeat,
1308 2399 1461 2470 quod
1504 2403 1637 2470 post
1690 2403 1773 2454 tot
1802 2402 2036 2454 sanctos
2067 2402 2123 2453 et

479 2490 833 2547 orthodoxos
865 2489 1081 2557 Patres,
1115 2505 1218 2561 per
1249 2487 1408 2543 mille
1434 2492 1492 2542 et
1534 2488 1738 2560 viginti
1787 2506 1820 2542 a
1851 2487 2122 2560 passione

479 2577 799 2635 Salvatoris
829 2594 1038 2646 annos,
1073 2593 1258 2632 novus
1289 2576 1676 2632 calumniator
1717 2575 1983 2632 Ecclesiae
2018 2577 2118 2631 La-

481 2671 738 2725 tinorum
778 2665 1092 2731 emersisti,
1143 2665 1644 2721 anathematizans
1691 2681 1895 2722 omnes
1920 2669 1976 2720 et
2006 2683 2118 2737 pu-

479 2759 692 2816 blicam
726 2755 1191 2829 persecutionem
1222 2754 1501 2820 excitans,
1533 2755 1871 2826 quicunque
1891 2755 2120 2826 partici-

477 2852 756 2921 parentur
785 2848 1288 2902 sacramentorum
1318 2861 1386 2899 ex
1431 2843 1700 2915 azymis?
1747 2846 1931 2910 Quam
1973 2862 2116 2916 prte-

473 2936 871 3008 sumptipnem
886 2938 1048 2989 tuam
1062 2937 1119 2988 et
1129 2933 1286 2988 fama
1298 2931 1468 2987 nobis
1483 2931 1780 3000 obtulit,et
1791 2931 1806 2985 l
1817 2932 2116 2988 itterarum

473 3027 583 3083 sub
617 3023 854 3081 nomine
873 3027 973 3078 tuo
997 3023 1067 3077 ad
1089 3020 1309 3093 Apulos
1329 3022 1599 3077 datarum
1621 3025 1816 3076 textus
1844 3021 2117 3077 manifes-

472 3115 642 3172 tavit:
663 3130 790 3186 qua:
804 3111 1086 3168 violenter
1105 3114 1366 3166 astruere
1385 3114 1670 3166 conantur
1696 3111 2109 3166 fermentatum

474 3220 686 3278 panem
719 3201 921 3270 fuisse,
953 3217 1068 3272 quo
1100 3200 1384 3256 Dominus
1404 3198 1686 3272 apostolis
1707 3200 1832 3255 suis
1852 3199 2113 3272 corporis

471 3294 565 3351 sui
598 3290 1189 3365 mysteriumincmna
1204 3289 1651 3345 commendavit.
1676 3289 1834 3352 Quod
1875 3288 2113 3344 omnino

473 3384 691 3439 falsum
718 3397 846 3437 esse
869 3396 937 3436 ex
958 3383 1204 3451 utroque
1224 3382 1572 3434 testamento
1607 3377 1880 3434 facillime
1911 3379 2112 3450 depre-

470 3471 779 3528 henditur:
809 3469 947 3540 quia
977 3467 1078 3539 qui
1110 3483 1224 3522 non
1258 3470 1492 3522 venerat
1521 3464 1741 3522 solvere
1767 3466 1978 3538 legem,
2009 3467 2110 3522 sed

469 3559 810 3631 adimplere,
836 3559 1007 3627 juxta
1028 3555 1215 3628 ipsius
1238 3555 1382 3627 legis
1406 3559 1761 3627 praeceptum
1791 3571 1856 3610 ex
1891 3555 2109 3626 azymis

468 3655 526 3707 et
567 3649 699 3704 vino
748 3651 916 3702 vetus
961 3645 1180 3718 pascha
1224 3643 1582 3715 adimplevit,
1632 3648 1690 3698 et
1735 3643 2000 3715 protinus
2043 3659 2110 3697 ex

470 3739 690 3812 azymis
721 3744 778 3793 et
809 3736 941 3790 vino
971 3751 1206 3800 novum,
1236 3734 1388 3790 sicut
1417 3736 1612 3805 aperte
1662 3733 1847 3788 Lucas
1889 3742 2106 3797 narrat,

469 3827 778 3900 discipulis
807 3826 1066 3882 tradidit.
1115 3825 1310 3896 Neque
1361 3822 1517 3878 enim
1559 3822 1699 3877 totis
1742 3826 1868 3877 octo
1900 3822 2108 3876 diebus

468 3919 585 3974 illis
635 3917 1048 3972 fermentatum
1102 3913 1421 3985 apparebat
1467 3911 1526 3966 in
1569 3909 1847 3966 omnibus
1894 3911 2110 3966 ﬁnibus

468 4006 663 4074 Israel,
706 4010 764 4062 et
793 4003 950 4076 apud
985 4017 1395 4072 quemcunque
1427 3999 1853 4066 inveniebatur,
1887 3999 2112 4070 peribat

468 4098 665 4153 anima
701 4095 828 4163 ejus
860 4092 929 4146 de
962 4089 1172 4161 populo
1205 4106 1312 4145 suo
1361 4090 1550 4161 (Exod.
1602 4091 1724 4159 χιι).
1777 4088 1937 4152 Quod
1971 4088 2018 4142 si
2051 4089 2109 4143 in

465 4186 637 4241 Cmna
666 4179 898 4236 Domini
926 4179 1064 4232 Jesu
1098 4177 1485 4248 apparuisset,
1519 4182 1619 4232 aut
1651 4178 1776 4248 ipse
1808 4194 1910 4232 seu
1942 4177 2112 4233 disci-

467 4273 587 4346 puli
613 4270 740 4339 ejus
769 4282 1005 4337 quoquo
1038 4265 1209 4320 modo
1228 4269 1588 4336 gustassent,
1608 4265 1768 4333 juste
1794 4266 1946 4321 sicut
1969 4284 2108 4338 pra:-

464 4359 812 4415 varicatores
833 4354 981 4426 legis
1007 4353 1288 4424 perirent,
1312 4369 1417 4408 nec
1439 4353 1564 4424 ipse
1589 4353 1871 4410 Dominus
1894 4356 2110 4412 diceret

464 4446 590 4503 suis
603 4442 1046 4500 insidiatoribus
1063 4461 1075 4498 :
1094 4444 1228 4512 Quis
1241 4458 1310 4498 ex
1327 4441 1472 4497 vobis
1483 4446 1674 4510 arguet
1687 4459 1772 4498 me
1784 4443 1848 4498 de
1860 4450 2073 4515 peccato
2087 4450 2112 4500 .9

2243 531 2302 585 in
2334 532 2678 587 memoriam
2708 532 3017 588 Dominicis
3049 534 3363 605 passionis,
3398 550 3514 606 qua
3551 535 3624 596 ad
3657 535 3879 594 Patrem

2240 620 2511 675 transivit
2540 636 2608 674 ex
2641 620 2750 674 hoc
2772 623 3011 677 mundo.
3037 622 3148 677 Sed
3170 623 3312 694 quia
3340 627 3458 678 tam
3490 624 3560 680 de
3591 623 3687 681 his
3715 641 3880 697 quam

2241 707 2312 762 de
2343 707 2494 774 aliis,
2527 709 2743 780 quibus
2777 725 2882 764 nos
2932 709 3334 775 calumniaris,
3381 711 3558 768 latius
3606 730 3642 767 a
3677 715 3882 772 nostris

2241 796 2462 851 nuntiis
2509 813 2609 868 per
2641 797 2756 852 alia
2785 798 3004 869 scripta
3044 803 3263 866 nostra,
3304 816 3431 872 quas
3492 800 3783 869 deferunt,
3814 804 3884 860 iu-

2241 884 2484 940 strueris
2509 900 2521 939 :
2549 885 2641 940 hic
2659 885 2912 941 breviter
2932 887 3198 959 attigisse
3211 887 3462 944 sitsatis.
3487 889 3687 946 Discat
3697 896 3881 949 autem

2239 973 2572 1030 fraternitas
2601 978 2721 1041 tua,
2755 974 2964 1030 saltem
2985 976 3308 1042 admonita,
3335 981 3503 1033 caute
3518 983 3575 1034 et
3594 979 3882 1038 humiliter

2238 1061 2418 1133 loqui,
2454 1079 2524 1117 ne
2555 1061 2870 1134 aliquando
2891 1064 3176 1120 Dominus
3197 1065 3352 1121 dicat
3373 1072 3429 1122 et
3450 1067 3554 1121 tibi
3580 1085 3593 1122 :
3616 1069 3702 1124 Ea:
3721 1069 3880 1125 abun-

2237 1151 2430 1205 dantia
2455 1151 2631 1205 cordis
2659 1168 2715 1207 os
2765 1152 3005 1223 loquitur
3051 1152 3258 1224 (Matth.
3305 1155 3428 1224 xu).
3480 1155 3783 1228 Scripsisti
3811 1159 3876 1216 si-

2239 1238 2475 1310 quidem
2509 1240 2698 1306 nobis,
2723 1241 3002 1312 quoniam
3026 1241 3075 1297 si
3099 1259 3216 1298 una
3229 1241 3483 1300 Ecclesia
3504 1244 3771 1302 Romana
3790 1262 3877 1318 per

2239 1345 2346 1383 nos
2377 1327 2619 1384 haberet
2648 1345 2860 1386 nomen
2906 1335 3097 1398 tuum,
3131 1347 3334 1387 omnes
3365 1332 3635 1390 Ecclesiae
3667 1335 3726 1390 in
3768 1341 3873 1394 toto

2239 1417 2377 1472 orbe
2394 1419 2683 1472 terrarum
2701 1418 2982 1474 haberent
2994 1435 3100 1491 per
3114 1422 3168 1475 te
3191 1437 3401 1476 nomen
3418 1426 3710 1478 nostrum.
3739 1424 3871 1490 Quid

2238 1505 2346 1561 hoc
2377 1506 2625 1562 monstri
2676 1512 2784 1576 est,
2835 1508 3012 1564 frater
3058 1508 3448 1566 charissima?
3489 1511 3754 1570 Romana
3781 1514 3872 1570 Ec-

2238 1594 2436 1663 clesia,
2490 1599 2664 1668 caput
2709 1601 2766 1651 et
2808 1601 2995 1653 mater
3045 1597 3456 1669 Ecclesiarum,
3519 1602 3783 1658 membra
3823 1606 3870 1662 et

2239 1683 2389 1740 ﬁlias
2421 1701 2534 1740 non
2567 1684 2787 1740 habet?
2814 1686 2879 1740 Et
2911 1687 3205 1757 quomodo
3237 1691 3426 1760 potest
3453 1689 3572 1746 dici
3593 1696 3769 1763 caput
3786 1695 3874 1749 aut

2240 1774 2472 1829 mater?
2500 1773 2802 1830 Credimus
2835 1775 2989 1830 enim
3023 1781 3259 1848 propter
3302 1778 3458 1849 quod
3501 1783 3559 1838 et
3586 1779 3873 1852 loquimur

2237 1867 2412 1935 atque
2428 1867 2761 1920 constanter
2777 1865 3145 1936 proﬁtemur:
3162 1866 3425 1923 Romana
3451 1867 3710 1926 Ecclesia
3738 1871 3871 1928 adeo

2236 1968 2349 2006 non
2382 1957 2469 2007 est
2493 1952 2637 2022 sola,
2667 1952 2755 2008 vel
2779 1953 2932 2010 sicut
2961 1957 3022 2009 tu
3044 1959 3237 2026 putas,
3262 1973 3397 2023 una,
3423 1962 3486 2012 ut
3507 1958 3565 2014 in
3603 1963 3722 2016 toto
3739 1959 3870 2018 orbe

2233 2043 2522 2096 terrarum
2541 2058 2904 2114 quaecunque
2925 2043 3083 2099 natio
3113 2043 3386 2100 dissentit
3408 2047 3655 2118 superbe
3683 2049 3756 2104 ab
3783 2064 3867 2116 ea,

2233 2146 2349 2186 non
2380 2129 2456 2185 sit
2477 2131 2602 2200 jam
2633 2131 2879 2187 dicenda
2908 2132 2994 2187 vel
3047 2132 3317 2190 habenda
3355 2134 3601 2192 Ecclesia
3645 2135 3862 2208 aliqua,

2233 2219 2334 2274 sed
2358 2219 2594 2276 omnino
2618 2219 2778 2276 nulla
2802 2239 2814 2289 ;
2841 2221 2980 2293 quin
3005 2223 3200 2294 potius
3223 2223 3671 2282 conciliabulum
3688 2225 3868 2282 haere-

2231 2307 2500 2376 ticorum,
2553 2315 2654 2364 aut
2705 2311 3171 2366 conventiculum
3238 2313 3768 2381 schismaticorum,
3814 2318 3870 2370 et

2231 2415 2527 2471 synagoga
2557 2399 2801 2454 Satanae.
2837 2400 3064 2456 Videris
3104 2401 3294 2457 dicere
3336 2401 3481 2458 illud
3526 2402 3712 2458 sancti
3739 2402 3866 2460 Elia

2229 2491 2370 2542 tunc
2414 2489 2824 2560 praesumentis
2868 2489 2938 2544 de
2987 2506 3090 2545 se:
3145 2492 3380 2547 Relictus
3427 2509 3550 2547 sum
3595 2508 3690 2564 ego
3729 2492 3867 2549 salus

2214 2576 2331 2652 .(III
2361 2577 2488 2645 Reg.
2522 2576 2660 2647 xxx).
2694 2577 2806 2632 Sed
2837 2578 2974 2633 audi
3001 2579 3140 2649 quid
3163 2578 3259 2634 ille
3288 2579 3514 2636 audivit
3543 2598 3578 2636 a
3603 2581 3862 2638 Domino.

2230 2667 2444 2736 Reliqui
2470 2666 2612 2735 mihi
2637 2673 2840 2736 septem
2872 2667 3057 2722 millia
3103 2670 3348 2722 virorum
3387 2669 3486 2739 (III
3530 2670 3655 2740 Reg.
3691 2671 3862 2740 mu).

2229 2754 2488 2821 Quiesce,
2523 2752 2756 2825 quiesce
2779 2755 2929 2824 jam,
2960 2755 3312 2812 venerabilis
3343 2756 3538 2827 frater,
3563 2756 3634 2813 ab
3661 2757 3754 2814 his
3775 2774 3869 2814 sum

2228 2842 2692 2914 perstitionibus,
2727 2859 2797 2897 ne
2834 2840 2979 2898 illud
3030 2842 3360 2900 Salomonis
3404 2845 3466 2900 in
3517 2850 3572 2901 te
3602 2845 3863 2904 dicatur:

2225 2932 2366 2987 Sunt
2385 2933 2482 3002 qui
2499 2948 2556 2986 se
2577 2931 2766 2986 divites
2787 2933 3061 3003 affectant,
3082 2933 3226 2988 nihil
3241 2934 3502 2991 habentes
3518 2935 3710 3006 (Prov.
3726 2937 3863 3005 XIII).

2224 3019 2602 3075 Simillimum
2626 3036 2835 3092 nempe
2856 3020 2964 3075 hoc
2983 3024 3070 3076 est
3081 3021 3376 3077 diabolicae
3391 3024 3758 3097 arrogantia,
3772 3023 3864 3095 qui

2227 3125 2405 3181 regna
2435 3108 2640 3163 mundi
2662 3126 2695 3163 a
2725 3108 3022 3165 conditore
3051 3111 3313 3166 omnium
3345 3112 3496 3168 facta
3524 3118 3743 3185 putans
3767 3129 3866 3169 sua

2144 3167 2187 3233 (ἶ
2225 3167 2372 3261 esse,
2406 3197 2550 3252 dixit
2579 3197 2701 3252 illi:
2735 3200 2864 3254 Haec
2891 3200 3078 3254 omnia
3104 3200 3206 3256 tibi
3223 3199 3357 3256 dabo
3379 3167 3588 3271 (Μαιιλ.
3623 3167 3739 3273 {vii
3761 3167 3862 3274 ligi-

2224 3291 2322 3341 tur
2350 3286 2485 3342 hinc
2517 3287 2643 3356 jam
2687 3287 2760 3340 ad
2805 3303 2903 3342 cor
2955 3288 3226 3344 redeatur
3268 3293 3325 3344 et
3371 3294 3492 3344 tam
3539 3290 3864 3362 perniciosa

2223 3375 2499 3430 scandala
2537 3376 2608 3430 de
2661 3376 2853 3430 medio
2899 3375 3203 3447 tollantur,
3252 3381 3309 3433 et
3344 3382 3485 3434 tunc
3535 3381 3858 3436 secundum

2223 3463 2639 3520 Psalmistam:
2687 3465 2956 3537 Loquetur
3005 3468 3268 3522 Dominus
3313 3483 3505 3538 pacem
3548 3471 3607 3522 in
3649 3469 3864 3539 plebem

2220 3571 2396 3621 suam,
2446 3557 2498 3608 et
2543 3569 2705 3625 super
2744 3562 2955 3610 sanctos
2998 3570 3143 3624 suos,
3191 3561 3244 3611 et
3292 3557 3350 3610 in
3393 3573 3481 3612 eos
3517 3557 3612 3628 qui
3639 3572 3865 3613 conver-

2221 3649 2417 3696 tuntur
2446 3643 2515 3697 ad
2543 3659 2634 3698 cor
2662 3644 2833 3714 (Psal.
2867 3647 3078 3713 xxxxv).
3108 3644 3254 3700 Nam
3287 3661 3392 3701 nos
3441 3661 3574 3701 cum
3604 3645 3864 3718 pertina-

2221 3732 2386 3785 cibus
2407 3735 2464 3786 et
2484 3732 2540 3785 in
2556 3748 2748 3787 errore
2761 3749 2868 3787 suo
2882 3735 3364 3804 permanentibus
3382 3750 3584 3806 pacem
3602 3734 3863 3807 aliquam

2223 3819 2435 3874 habere
2458 3837 2570 3875 non
2589 3836 2926 3892 possumus,
2955 3837 3026 3877 ne
3043 3823 3319 3894 operibus
3341 3823 3582 3896 maligni
3603 3839 3863 3880 commu-

2221 3908 2518 3976 nicemus;
2551 3909 2690 3981 quia
2708 3926 2812 3965 nec
2834 3909 3149 3966 Dominum
3171 3911 3469 3967 Christum
3493 3911 3715 3968 alicubi
3734 3911 3868 3968 talia

2223 3997 2799 4055 fecisseinvenimus:
2825 4016 2960 4056 cum
2977 4001 3226 4057 etiamin
3243 4001 3548 4058 nativitate
3567 4001 3762 4074 ipsius
3779 4015 3868 4058 an-

2219 4088 2331 4160 geli
2351 4103 2552 4160 pacem
2575 4089 3068 4144 annuntiaverunt
3088 4089 3458 4146 solummodo
3481 4091 3654 4146 bona:
3674 4091 3869 4146 volun-

2218 4177 2356 4232 tatis
2387 4176 2745 4233 bominibus.
2783 4177 2890 4242 Qui
2912 4179 3090 4234 etiam
3113 4178 3349 4234 oculum
3371 4178 3866 4236 scandalizantem

2218 4266 2540 4321 eruendum
2551 4310 2565 4335 ,
2580 4282 2820 4322 manum
2835 4265 2921 4322 vel
2935 4267 3145 4338 pedem
3157 4266 3628 4326 scandalizantes
3649 4266 3872 4326 abscin-

2219 4355 2442 4411 dendos
2471 4355 2753 4411 insinuat.

2289 4443 2528 4500 Cessent
2547 4461 2683 4516 ergo
2705 4444 2953 4501 hiet-eses
2972 4452 3032 4500 et
3052 4444 3390 4512 schismata,
3411 4450 3468 4503 et
3488 4445 3868 4520 diligentibus

464 4535 640 4606 (Joan.
675 4532 822 4604 VIII.)
853 4532 967 4586 Nec
994 4533 1148 4586 esset
1175 4546 1322 4602 opus
1346 4529 1522 4586 falsos
1560 4537 1736 4587 testes
1777 4535 1846 4587 ad
1874 4536 2114 4605 perden-
2147 4535 2193 4599 D
2224 4532 2410 4605 legem
2444 4532 2544 4588 Dei
2568 4533 2694 4603 jam
2726 4549 2841 4589 non
2864 4534 2976 4590 erit
2993 4533 3359 4602 scandalum,
3385 4535 3485 4591 sed
3524 4551 3640 4606 pax
3667 4533 3867 4592 multa.

462 4624 604 4679 dum
637 4639 770 4678 eum
803 4637 1081 4693 quaarere,
1116 4636 1250 4676 cum
1283 4620 1391 4676 hoc
1421 4619 1543 4676 solo
1575 4622 1911 4692 perdet-stur
1929 4625 2110 4694 juste.

462 4713 572 4770 Sed
600 4712 700 4784 qui
731 4715 1036 4784 peceatum
1070 4727 1184 4764 non
1221 4710 1374 4778 fecit,
1406 4726 1508 4764 nec
1541 4709 1813 4766 inventus
1835 4717 1923 4766 est
1943 4712 2114 4770 dolus

459 4796 522 4857 in
552 4817 649 4856 ore
680 4802 809 4871 ejus
841 4801 909 4870 (Il
935 4801 1083 4855 Petr.
1135 4801 1217 4868 ιι),
1268 4798 1420 4870 quod
1472 4814 1757 4869 passurus
1807 4800 2113 4873 discipulis

460 4888 780 4954 mandavit,
816 4888 1114 4942 evidenter
1145 4903 1248 4959 per
1276 4886 1638 4958 Apostolum,
1672 4888 1730 4941 in
1761 4904 1876 4959 quo
1907 4889 2111 4962 loque-

459 4979 652 5044 batur,
706 4992 1196 5040 commemorans,
1248 4975 1474 5047 inquit:
1529 4978 1844 5047 Epulemur,
1894 4995 2004 5034 non
2054 4983 2113 5035 in

455 5068 725 5140 fermento
743 5066 932 5129 veteri,
952 5079 1126 5134 neque
1143 5066 1202 5118 in
1221 5067 1484 5134 fermento
1506 5065 1732 5120 malitia
1752 5075 1802 5121 et
1818 5071 2098 5138 nequitiae,

456 5156 546 5212 sed
575 5159 633 5211 in
664 5156 875 5227 azymis
904 5154 1238 5209 sinceritatis
1282 5161 1334 5209 et
1381 5155 1621 5209 veritatis
1672 5157 1745 5224 (II
1793 5155 1912 5211 Cor.
1954 5159 2098 5229 xm).

455 5246 697 5318 Denique
725 5243 997 5300 modicum
1028 5244 1360 5314 fermentum
1388 5250 1552 5299 totam
1581 5259 1824 5299 massam
1859 5260 2103 5302 corrum-

450 5337 536 5405 pit
565 5336 612 5406 (I
633 5335 752 5390 Cor.
775 5338 852 5402 v).
880 5332 1222 5403 Ubicunque
1243 5336 1438 5387 autem
1460 5332 1771 5404 corruptio,
1798 5333 1876 5387 ibi
1899 5335 2100 5406 procul

455 5421 634 5477 dubio
655 5427 876 5478 naturai
898 5421 1268 5478 deterioratio
1289 5425 1346 5476 et
1366 5420 1614 5490 alicujus
1635 5420 1758 5476 vitii
1781 5424 2098 5496 susceptio.

2223 4622 2563 4694 Quicunque
2583 4621 2865 4695 gloriatur
2900 4622 3230 4680 Christiano
3267 4623 3523 4692 nomine,
3547 4629 3744 4682 cesset
3761 4623 3868 4680 Ro-

2223 4728 2460 4768 manam
2491 4716 2755 4767 sanctam
2786 4715 2844 4767 et
2873 4710 3252 4784 apostolicam
3275 4711 3597 4770 Ecclesium
3631 4711 3868 4770 maledi-

2223 4817 2350 4856 cere
2379 4805 2436 4855 et
2463 4798 2787 4867 lacessere,-
2817 4800 2958 4871 quia
2987 4800 3206 4857 frustra
3249 4801 3745 4873 patremfamilias
3775 4800 3869 4857 ho-

2223 4892 2408 4955 norat,
2433 4888 2703 4960 quisquis
2733 4889 2859 4958 ejus
2892 4905 3128 4944 uxorem
3168 4889 3505 4945 exhonorat.
3555 4891 3632 4946 Et
3661 4892 3872 4947 frustra

2222 4976 2687 5033 matrisfamilias
2718 4981 2892 5048 caput
2921 4982 2978 5033 et
3006 4978 3211 5034 faciem
3245 4979 3608 5051 magniﬁcat,
3638 4980 3743 5052 qui
3775 4977 3871 5034 mi-

2222 5068 2416 5123 nimos
2455 5065 2708 5122 ﬁliorum
2747 5067 2876 5137 ejus
2918 5066 3296 5139 impugnans,
3331 5074 3617 5140 tanquam
3659 5069 3871 5141 digitos

2211 5156 2426 5228 pedum
2440 5154 2602 5212 illius
2620 5154 2942 5211 conculcet.
2959 5155 3194 5212 Undein
3211 5155 3621 5215 Ecclesiastieo
3635 5157 3868 5214 dicitur:

2212 5247 2386 5314 Quam
2417 5247 2576 5303 malae
2599 5249 2679 5302 est
2705 5250 2894 5316 (om,
2926 5246 3025 5315 qui
3041 5246 3186 5316 fugit
3212 5254 3474 5316 patrem;
3497 5254 3550 5303 et
3578 5251 3665 5304 est
3703 5245 3870 5303 male-

2209 5334 2381 5390 dictus
2409 5351 2440 5388 a
2473 5339 2584 5388 Deo
2615 5336 2711 5405 qui
2751 5340 3038 5404 exasperat
3086 5337 3320 5389 matrem
3349 5334 3548 5404 (Eccti.
3585 5336 3706 5406 ιιι),
3733 5339 3792 5392 et
3811 5333 3869 5388 in

2209 5421 2531 5478 Proverbiis
2555 5438 2568 5476 :
2604 5421 2832 5478 Oculum
2861 5425 2956 5495 qui
2984 5422 3289 5479 subsannat
3301 5427 3544 5496 patrem,
3566 5429 3621 5480 et
3643 5423 3872 5497 despicit

526 5510 703 5565 Porro
725 5514 992 5568 nostrum
1036 5510 1258 5567 Pascha
1295 5509 1424 5565 ideo
1455 5524 1668 5564 novum
1699 5508 1934 5580 dicitur,
1963 5513 2102 5584 quia
2205 5517 2455 5578 matrem,
2485 5511 2744 5583 eﬂodiant
2770 5527 2897 5567 eum
2923 5514 3071 5568 corvi
3105 5511 3171 5569 de
3198 5515 3556 5582 torrentibus,
3601 5523 3660 5570 et
3693 5527 3869 5571 oms

455 5597 600 5661 illud
629 5603 826 5659 vectus
857 5604 1211 5676 praceptum
1240 5602 1329 5658 est
1356 5595 1635 5673 lsrselitis
1664 5598 1724 5658 in
1755 5601 2100 5662 memoriam
2205 5601 2340 5660 dant
2369 5615 2492 5660 eum
2519 5599 2630 5676 ﬁlii
2667 5601 2872 5679 aquilaD
2901 5601 3084 5678 (Prov.
3111 5619 3242 5662 xxx.
3273 5603 3638 5663 Gonﬂdimus
3671 5607 3870 5663 ωωω
