  <div class='ocr_page' id='page_1' title='image "/cluster/home/n/w/nwhite01/storage/ocr_20150623/143/hvd.32044054760038/396.png"; bbox 0 0 4088 6174; ppageno 0'>
   <div class='ocr_carea' id='block_1_1' title="bbox 252 188 480 331">
    <p class='ocr_par' dir='ltr' id='par_1_1' title="bbox 252 188 480 331">
     <span class='ocr_line' id='line_1_1' title="bbox 252 188 480 331; baseline 0 -39"><span class='ocrx_word' id='word_1_1' title='bbox 252 228 370 331; x_wconf 67' lang='lat' dir='ltr'><strong>jm</strong></span> <span class='ocrx_word' id='word_1_2' title='bbox 472 188 480 197; x_wconf 56' lang='grc'><strong><em>’</em></strong></span> 
     </span>
    </p>
   </div>
   <div class='ocr_carea' id='block_1_2' title="bbox 1173 238 2737 309">
    <p class='ocr_par' dir='ltr' id='par_1_2' title="bbox 1173 238 2737 309">
     <span class='ocr_line' id='line_1_2' title="bbox 1173 238 2737 309; baseline 0.002 -6"><span class='ocrx_word' id='word_1_3' title='bbox 1173 238 1576 305; x_wconf 69' lang='lat' dir='ltr'><strong>EPISTOLIE</strong></span> <span class='ocrx_word' id='word_1_4' title='bbox 1620 241 1720 303; x_wconf 92' lang='lat' dir='ltr'><strong>ET</strong></span> <span class='ocrx_word' id='word_1_5' title='bbox 1762 238 2221 305; x_wconf 81' lang='lat' dir='ltr'><strong>DIPLOMATA</strong></span> <span class='ocrx_word' id='word_1_6' title='bbox 2265 242 2737 309; x_wconf 87' lang='lat' dir='ltr'><strong>PONTIFICIA.</strong></span> 
     </span>
    </p>
   </div>
   <div class='ocr_carea' id='block_1_3' title="bbox 3538 255 3659 320">
    <p class='ocr_par' dir='ltr' id='par_1_3' title="bbox 3538 255 3659 320">
     <span class='ocr_line' id='line_1_3' title="bbox 3538 255 3659 320; baseline 0 -1"><span class='ocrx_word' id='word_1_7' title='bbox 3538 255 3659 320; x_wconf 83' lang='lat'><strong>778</strong></span> 
     </span>
    </p>
   </div>
   <div class='ocr_carea' id='block_1_4' title="bbox 248 338 3657 450">
    <p class='ocr_par' dir='ltr' id='par_1_4' title="bbox 248 338 3657 450">
     <span class='ocr_line' id='line_1_4' title="bbox 248 338 3657 450; baseline 0.007 -29"><span class='ocrx_word' id='word_1_8' title='bbox 248 338 317 421; x_wconf 66' lang='lat' dir='ltr'><strong>ex</strong></span> <span class='ocrx_word' id='word_1_9' title='bbox 347 364 550 422; x_wconf 81' lang='lat' dir='ltr'><strong>divina</strong></span> <span class='ocrx_word' id='word_1_10' title='bbox 572 369 784 441; x_wconf 81' lang='lat' dir='ltr'><strong>pietate</strong></span> <span class='ocrx_word' id='word_1_11' title='bbox 816 373 969 444; x_wconf 91' lang='lat' dir='ltr'><strong>quod</strong></span> <span class='ocrx_word' id='word_1_12' title='bbox 984 372 1054 428; x_wconf 89' lang='lat' dir='ltr'><strong>ab</strong></span> <span class='ocrx_word' id='word_1_13' title='bbox 1078 372 1172 428; x_wconf 91' lang='lat' dir='ltr'><strong>his</strong></span> <span class='ocrx_word' id='word_1_14' title='bbox 1196 374 1466 429; x_wconf 85' lang='lat' dir='ltr'><strong>innoxius</strong></span> <span class='ocrx_word' id='word_1_15' title='bbox 1491 381 1591 429; x_wconf 87' lang='lat' dir='ltr'><strong>aut</strong></span> <span class='ocrx_word' id='word_1_16' title='bbox 1614 379 1906 430; x_wconf 83' lang='lat' dir='ltr'><strong>correctus</strong></span> <span class='ocrx_word' id='word_1_17' title='bbox 2023 375 2227 430; x_wconf 84' lang='lat' dir='ltr'><strong>tendit.</strong></span> <span class='ocrx_word' id='word_1_18' title='bbox 2262 378 2422 441; x_wconf 88' lang='lat' dir='ltr'><strong>Quod</strong></span> <span class='ocrx_word' id='word_1_19' title='bbox 2448 378 2786 450; x_wconf 83' lang='lat' dir='ltr'><strong>quicunque</strong></span> <span class='ocrx_word' id='word_1_20' title='bbox 2825 379 3161 447; x_wconf 84' lang='lat' dir='ltr'><strong>exhonorat,</strong></span> <span class='ocrx_word' id='word_1_21' title='bbox 3215 383 3430 441; x_wconf 79' lang='lat' dir='ltr'><strong>frustra</strong></span> <span class='ocrx_word' id='word_1_22' title='bbox 3487 370 3563 443; x_wconf 29' lang='lat' dir='ltr'><strong>se!</strong></span> <span class='ocrx_word' id='word_1_23' title='bbox 3598 389 3657 444; x_wconf 90' lang='lat' dir='ltr'><strong>in</strong></span> 
     </span>
    </p>
   </div>
   <div class='ocr_carea' id='block_1_5' title="bbox 251 454 1901 536">
    <p class='ocr_par' dir='ltr' id='par_1_5' title="bbox 251 454 1901 536">
     <span class='ocr_line' id='line_1_5' title="bbox 251 454 1901 536; baseline 0.005 -27"><span class='ocrx_word' id='word_1_24' title='bbox 251 454 586 521; x_wconf 86' lang='lat' dir='ltr'><strong>invenieris,</strong></span> <span class='ocrx_word' id='word_1_25' title='bbox 601 458 870 517; x_wconf 81' lang='lat' dir='ltr'><strong>autcerte</strong></span> <span class='ocrx_word' id='word_1_26' title='bbox 894 462 1233 519; x_wconf 83' lang='lat' dir='ltr'><strong>admonitus</strong></span> <span class='ocrx_word' id='word_1_27' title='bbox 1247 462 1361 519; x_wconf 90' lang='lat' dir='ltr'><strong>cito</strong></span> <span class='ocrx_word' id='word_1_28' title='bbox 1384 464 1714 536; x_wconf 88' lang='lat' dir='ltr'><strong>corrigcris.</strong></span> <span class='ocrx_word' id='word_1_29' title='bbox 1740 464 1901 528; x_wconf 84' lang='lat' dir='ltr'><strong>Quod</strong></span> 
     </span>
    </p>
   </div>
   <div class='ocr_carea' id='block_1_6' title="bbox 240 543 1901 623">
    <p class='ocr_par' dir='ltr' id='par_1_6' title="bbox 240 543 1901 623">
     <span class='ocr_line' id='line_1_6' title="bbox 240 543 1901 623; baseline 0.006 -24"><span class='ocrx_word' id='word_1_30' title='bbox 240 543 397 600; x_wconf 78' lang='lat' dir='ltr'><strong>dum</strong></span> <span class='ocrx_word' id='word_1_31' title='bbox 412 545 901 617; x_wconf 74' lang='lat' dir='ltr'><strong>fueritaﬁ&#39;ec&#39;tum,</strong></span> <span class='ocrx_word' id='word_1_32' title='bbox 921 567 1031 623; x_wconf 85' lang='lat' dir='ltr'><strong>pax</strong></span> <span class='ocrx_word' id='word_1_33' title='bbox 1055 556 1255 607; x_wconf 86' lang='lat' dir='ltr'><strong>nostra</strong></span> <span class='ocrx_word' id='word_1_34' title='bbox 1264 553 1391 623; x_wconf 78' lang='lat' dir='ltr'><strong>jam</strong></span> <span class='ocrx_word' id='word_1_35' title='bbox 1421 553 1492 607; x_wconf 88' lang='lat' dir='ltr'><strong>ad</strong></span> <span class='ocrx_word' id='word_1_36' title='bbox 1525 570 1631 609; x_wconf 89' lang='lat' dir='ltr'><strong>nos</strong></span> <span class='ocrx_word' id='word_1_37' title='bbox 1659 570 1773 609; x_wconf 89' lang='lat' dir='ltr'><strong>non</strong></span> <span class='ocrx_word' id='word_1_38' title='bbox 1814 570 1901 609; x_wconf 88' lang='lat' dir='ltr'><strong>re-</strong></span> 
     </span>
    </p>
   </div>
   <div class='ocr_carea' id='block_1_7' title="bbox 237 637 1902 713">
    <p class='ocr_par' dir='ltr' id='par_1_7' title="bbox 237 637 1902 713">
     <span class='ocr_line' id='line_1_7' title="bbox 237 637 1902 713; baseline 0.006 -26"><span class='ocrx_word' id='word_1_39' title='bbox 237 637 523 701; x_wconf 65' lang='lat' dir='ltr'><strong>.vertetur,</strong></span> <span class='ocrx_word' id='word_1_40' title='bbox 549 637 652 692; x_wconf 88' lang='lat' dir='ltr'><strong>sed</strong></span> <span class='ocrx_word' id='word_1_41' title='bbox 674 654 853 713; x_wconf 77' lang='lat' dir='ltr'><strong>super</strong></span> <span class='ocrx_word' id='word_1_42' title='bbox 870 643 928 694; x_wconf 80' lang='lat' dir='ltr'><strong>te</strong></span> <span class='ocrx_word' id='word_1_43' title='bbox 954 641 1301 712; x_wconf 80' lang='lat' dir='ltr'><strong>requiescet,</strong></span> <span class='ocrx_word' id='word_1_44' title='bbox 1349 658 1454 696; x_wconf 87' lang='lat' dir='ltr'><strong>ceu</strong></span> <span class='ocrx_word' id='word_1_45' title='bbox 1507 658 1685 712; x_wconf 83' lang='lat' dir='ltr'><strong>super</strong></span> <span class='ocrx_word' id='word_1_46' title='bbox 1742 640 1902 713; x_wconf 82' lang='lat' dir='ltr'>pacis</span> 
     </span>
    </p>
   </div>
   <div class='ocr_carea' id='block_1_8' title="bbox 235 720 1902 801">
    <p class='ocr_par' dir='ltr' id='par_1_8' title="bbox 235 720 1902 801">
     <span class='ocr_line' id='line_1_8' title="bbox 235 720 1902 801; baseline 0.005 -26"><span class='ocrx_word' id='word_1_47' title='bbox 235 720 434 779; x_wconf 67' lang='lat' dir='ltr'><strong>ﬁlium</strong></span> <span class='ocrx_word' id='word_1_48' title='bbox 468 739 482 777; x_wconf 90' lang='lat'><strong>:</strong></span> <span class='ocrx_word' id='word_1_49' title='bbox 516 729 576 779; x_wconf 90' lang='lat' dir='ltr'><strong>et</strong></span> <span class='ocrx_word' id='word_1_50' title='bbox 595 727 861 799; x_wconf 84' lang='lat' dir='ltr'><strong>regnabit</strong></span> <span class='ocrx_word' id='word_1_51' title='bbox 891 727 1044 784; x_wconf 89' lang='lat' dir='ltr'><strong>inter</strong></span> <span class='ocrx_word' id='word_1_52' title='bbox 1068 746 1176 785; x_wconf 86' lang='lat' dir='ltr'><strong>nos</strong></span> <span class='ocrx_word' id='word_1_53' title='bbox 1206 746 1488 801; x_wconf 89' lang='lat' dir='ltr'><strong>germana</strong></span> <span class='ocrx_word' id='word_1_54' title='bbox 1511 730 1788 797; x_wconf 77' lang='lat' dir='ltr'><strong>Charitas,</strong></span> <span class='ocrx_word' id='word_1_55' title='bbox 1832 730 1902 784; x_wconf 90' lang='lat' dir='ltr'><strong>de</strong></span> 
     </span>
    </p>
   </div>
   <div class='ocr_carea' id='block_1_9' title="bbox 239 810 1903 885">
    <p class='ocr_par' dir='ltr' id='par_1_9' title="bbox 239 810 1903 885">
     <span class='ocr_line' id='line_1_9' title="bbox 239 810 1903 885; baseline 0.005 -21"><span class='ocrx_word' id='word_1_56' title='bbox 239 810 417 865; x_wconf 83' lang='lat' dir='ltr'><strong>corde</strong></span> <span class='ocrx_word' id='word_1_57' title='bbox 446 828 595 883; x_wconf 85' lang='lat' dir='ltr'><strong>puro</strong></span> <span class='ocrx_word' id='word_1_58' title='bbox 614 821 673 869; x_wconf 89' lang='lat' dir='ltr'><strong>et</strong></span> <span class='ocrx_word' id='word_1_59' title='bbox 692 816 1050 872; x_wconf 85' lang='lat' dir='ltr'><strong>conscientia</strong></span> <span class='ocrx_word' id='word_1_60' title='bbox 1096 817 1268 885; x_wconf 88' lang='lat' dir='ltr'><strong>bona,</strong></span> <span class='ocrx_word' id='word_1_61' title='bbox 1329 822 1387 872; x_wconf 86' lang='lat' dir='ltr'><strong>et</strong></span> <span class='ocrx_word' id='word_1_62' title='bbox 1415 818 1548 872; x_wconf 87' lang='lat' dir='ltr'><strong>&#39;lide</strong></span> <span class='ocrx_word' id='word_1_63' title='bbox 1595 834 1711 874; x_wconf 90' lang='lat' dir='ltr'><strong>non</strong></span> <span class='ocrx_word' id='word_1_64' title='bbox 1767 818 1903 873; x_wconf 84' lang='lat' dir='ltr'><strong>ficta</strong></span> 
     </span>
    </p>
   </div>
   <div class='ocr_carea' id='block_1_10' title="bbox 242 898 1900 979">
    <p class='ocr_par' dir='ltr' id='par_1_10' title="bbox 242 898 1900 979">
     <span class='ocr_line' id='line_1_10' title="bbox 242 898 1900 979; baseline 0.006 -28"><span class='ocrx_word' id='word_1_65' title='bbox 242 898 294 967; x_wconf 75' lang='lat' dir='ltr'><strong>(I</strong></span> <span class='ocrx_word' id='word_1_66' title='bbox 317 899 460 965; x_wconf 81' lang='lat' dir='ltr'><strong>Tim.</strong></span> <span class='ocrx_word' id='word_1_67' title='bbox 495 902 579 971; x_wconf 84' lang='lat'><strong>1);</strong></span> <span class='ocrx_word' id='word_1_68' title='bbox 608 919 715 958; x_wconf 89' lang='lat' dir='ltr'><strong>nec</strong></span> <span class='ocrx_word' id='word_1_69' title='bbox 746 920 984 960; x_wconf 87' lang='lat' dir='ltr'><strong>necesse</strong></span> <span class='ocrx_word' id='word_1_70' title='bbox 1025 904 1272 961; x_wconf 83' lang='lat' dir='ltr'><strong>habebis</strong></span> <span class='ocrx_word' id='word_1_71' title='bbox 1333 906 1501 961; x_wconf 91' lang='lat' dir='ltr'><strong>nobis</strong></span> <span class='ocrx_word' id='word_1_72' title='bbox 1547 906 1900 979; x_wconf 86' lang='lat' dir='ltr'><strong>supplicare,</strong></span> 
     </span>
    </p>
   </div>
   <div class='ocr_carea' id='block_1_11' title="bbox 230 987 1903 1066">
    <p class='ocr_par' dir='ltr' id='par_1_11' title="bbox 230 987 1903 1066">
     <span class='ocr_line' id='line_1_11' title="bbox 230 987 1903 1066; baseline 0.005 -25"><span class='ocrx_word' id='word_1_73' title='bbox 230 987 345 1042; x_wconf 70' lang='lat' dir='ltr'><strong>sed</strong></span> <span class='ocrx_word' id='word_1_74' title='bbox 380 988 607 1057; x_wconf 83' lang='lat' dir='ltr'><strong>jubere.</strong></span> <span class='ocrx_word' id='word_1_75' title='bbox 641 991 832 1064; x_wconf 88' lang='lat' dir='ltr'><strong>Super</strong></span> <span class='ocrx_word' id='word_1_76' title='bbox 857 992 1001 1058; x_wconf 60' lang='lat' dir='ltr'><strong>hac,</strong></span> <span class='ocrx_word' id='word_1_77' title='bbox 1036 995 1191 1051; x_wconf 82' lang='lat' dir='ltr'><strong>sicut</strong></span> <span class='ocrx_word' id='word_1_78' title='bbox 1220 994 1467 1066; x_wconf 68' lang='lat' dir='ltr'><strong>coepisti,</strong></span> <span class='ocrx_word' id='word_1_79' title='bbox 1500 995 1812 1062; x_wconf 87' lang='lat' dir='ltr'><strong>collabora,</strong></span> <span class='ocrx_word' id='word_1_80' title='bbox 1839 999 1903 1050; x_wconf 89' lang='lat' dir='ltr'><strong>ut</strong></span> 
     </span>
    </p>
   </div>
   <div class='ocr_carea' id='block_1_12' title="bbox 234 1075 1901 1155">
    <p class='ocr_par' dir='ltr' id='par_1_12' title="bbox 234 1075 1901 1155">
     <span class='ocr_line' id='line_1_12' title="bbox 234 1075 1901 1155; baseline 0.005 -25"><span class='ocrx_word' id='word_1_81' title='bbox 234 1075 363 1131; x_wconf 83' lang='lat' dir='ltr'><strong>duo</strong></span> <span class='ocrx_word' id='word_1_82' title='bbox 390 1080 656 1135; x_wconf 85' lang='lat' dir='ltr'><strong>maxima</strong></span> <span class='ocrx_word' id='word_1_83' title='bbox 685 1097 865 1153; x_wconf 87' lang='lat' dir='ltr'><strong>regna</strong></span> <span class='ocrx_word' id='word_1_84' title='bbox 895 1088 1317 1139; x_wconf 75' lang='lat' dir='ltr'><strong>eouiiectantur</strong></span> <span class='ocrx_word' id='word_1_85' title='bbox 1338 1100 1477 1154; x_wconf 83' lang='lat' dir='ltr'><strong>pace</strong></span> <span class='ocrx_word' id='word_1_86' title='bbox 1490 1084 1901 1155; x_wconf 84' lang='lat' dir='ltr'><strong>optata.0ran-</strong></span> 
     </span>
    </p>
   </div>
   <div class='ocr_carea' id='block_1_13' title="bbox 238 1166 1898 1236">
    <p class='ocr_par' dir='ltr' id='par_1_13' title="bbox 238 1166 1898 1236">
     <span class='ocr_line' id='line_1_13' title="bbox 238 1166 1898 1236; baseline 0.005 -18"><span class='ocrx_word' id='word_1_87' title='bbox 238 1166 362 1218; x_wconf 75' lang='lat' dir='ltr'><strong>tem</strong></span> <span class='ocrx_word' id='word_1_88' title='bbox 374 1181 484 1236; x_wconf 86' lang='lat' dir='ltr'><strong>pro</strong></span> <span class='ocrx_word' id='word_1_89' title='bbox 500 1167 672 1223; x_wconf 89' lang='lat' dir='ltr'><strong>nobis</strong></span> <span class='ocrx_word' id='word_1_90' title='bbox 686 1173 847 1224; x_wconf 89' lang='lat' dir='ltr'><strong>tuam</strong></span> <span class='ocrx_word' id='word_1_91' title='bbox 874 1170 1277 1226; x_wconf 89' lang='lat' dir='ltr'><strong>honorabilem</strong></span> <span class='ocrx_word' id='word_1_92' title='bbox 1294 1173 1714 1228; x_wconf 74' lang='lat' dir='ltr'><strong>fraternitatem</strong></span> <span class='ocrx_word' id='word_1_93' title='bbox 1765 1190 1898 1227; x_wconf 89' lang='lat' dir='ltr'><strong>san-</strong></span> 
     </span>
    </p>
   </div>
   <div class='ocr_carea' id='block_1_14' title="bbox 242 1255 1901 1329">
    <p class='ocr_par' dir='ltr' id='par_1_14' title="bbox 242 1255 1901 1329">
     <span class='ocr_line' id='line_1_14' title="bbox 242 1255 1901 1329; baseline 0.005 -22"><span class='ocrx_word' id='word_1_94' title='bbox 242 1255 606 1310; x_wconf 80' lang='lat' dir='ltr'><strong>cta&#39;l‘rinitas</strong></span> <span class='ocrx_word' id='word_1_95' title='bbox 619 1256 677 1311; x_wconf 90' lang='lat' dir='ltr'><strong>in</strong></span> <span class='ocrx_word' id='word_1_96' title='bbox 696 1262 1041 1329; x_wconf 90' lang='lat' dir='ltr'><strong>perpetuum</strong></span> <span class='ocrx_word' id='word_1_97' title='bbox 1057 1265 1376 1315; x_wconf 85' lang='lat' dir='ltr'><strong>conservet.</strong></span> <span class='ocrx_word' id='word_1_98' title='bbox 1401 1260 1548 1315; x_wconf 82' lang='lat' dir='ltr'><strong>Data</strong></span> <span class='ocrx_word' id='word_1_99' title='bbox 1565 1278 1766 1317; x_wconf 84' lang='lat' dir='ltr'><strong>mense</strong></span> <span class='ocrx_word' id='word_1_100' title='bbox 1806 1261 1835 1315; x_wconf 65' lang='grc' dir='ltr'><strong>«Ι</strong></span> <span class='ocrx_word' id='word_1_101' title='bbox 1845 1278 1901 1315; x_wconf 84' lang='lat' dir='ltr'><strong>a-</strong></span> 
     </span>
    </p>
   </div>
   <div class='ocr_carea' id='block_1_15' title="bbox 238 1341 1311 1417">
    <p class='ocr_par' dir='ltr' id='par_1_15' title="bbox 238 1341 1311 1417">
     <span class='ocr_line' id='line_1_15' title="bbox 238 1341 1311 1417; baseline 0.007 -22"><span class='ocrx_word' id='word_1_102' title='bbox 238 1341 460 1398; x_wconf 77' lang='lat' dir='ltr'><strong>nuario</strong></span> <span class='ocrx_word' id='word_1_103' title='bbox 480 1346 606 1414; x_wconf 90' lang='lat' dir='ltr'><strong>(an.</strong></span> <span class='ocrx_word' id='word_1_104' title='bbox 647 1346 830 1417; x_wconf 82' lang='grc'><strong>1054),</strong></span> <span class='ocrx_word' id='word_1_105' title='bbox 862 1347 1182 1403; x_wconf 83' lang='lat' dir='ltr'><strong>indictione</strong></span> <span class='ocrx_word' id='word_1_106' title='bbox 1212 1365 1311 1403; x_wconf 86' lang='lat' dir='ltr'><strong>v11.</strong></span> 
     </span>
    </p>
   </div>
   <div class='ocr_carea' id='block_1_16' title="bbox 1009 1436 1150 1491">
    <p class='ocr_par' dir='ltr' id='par_1_16' title="bbox 1009 1436 1150 1491">
     <span class='ocr_line' id='line_1_16' title="bbox 1009 1436 1150 1491; baseline 0 0"><span class='ocrx_word' id='word_1_107' title='bbox 1009 1436 1128 1491; x_wconf 81' lang='lat' dir='ltr'><strong>CIII</strong></span> <span class='ocrx_word' id='word_1_108' title='bbox 1139 1478 1150 1491; x_wconf 95' lang='lat'><strong>.</strong></span> 
     </span>
    </p>
   </div>
   <div class='ocr_carea' id='block_1_17' title="bbox 242 1522 1896 1593">
    <p class='ocr_par' dir='ltr' id='par_1_17' title="bbox 242 1522 1896 1593">
     <span class='ocr_line' id='line_1_17' title="bbox 242 1522 1896 1593; baseline 0 -13"><span class='ocrx_word' id='word_1_109' title='bbox 242 1528 323 1580; x_wconf 58' lang='lat' dir='ltr'><strong>‘S.</strong></span> <span class='ocrx_word' id='word_1_110' title='bbox 354 1522 551 1593; x_wconf 78' lang='lat' dir='ltr'><strong>Leonis</strong></span> <span class='ocrx_word' id='word_1_111' title='bbox 577 1523 808 1593; x_wconf 82' lang='lat' dir='ltr'><strong>epistola</strong></span> <span class='ocrx_word' id='word_1_112' title='bbox 835 1524 905 1578; x_wconf 87' lang='lat' dir='ltr'><strong>ad</strong></span> <span class='ocrx_word' id='word_1_113' title='bbox 935 1524 1309 1580; x_wconf 80' lang='lat' dir='ltr'><strong>Constantium</strong></span> <span class='ocrx_word' id='word_1_114' title='bbox 1367 1525 1795 1582; x_wconf 80' lang='lat' dir='ltr'><strong>Monomachum.</strong></span> <span class='ocrx_word' id='word_1_115' title='bbox 1830 1556 1896 1566; x_wconf 90' lang='lat'><strong><em>—</em></strong></span> 
     </span>
    </p>
   </div>
   <div class='ocr_carea' id='block_1_18' title="bbox 330 1592 1897 1666">
    <p class='ocr_par' dir='ltr' id='par_1_18' title="bbox 330 1592 1897 1666">
     <span class='ocr_line' id='line_1_18' title="bbox 330 1592 1897 1666; baseline 0.004 -19"><span class='ocrx_word' id='word_1_116' title='bbox 330 1592 548 1666; x_wconf 75' lang='lat' dir='ltr'><strong>Laudat</strong></span> <span class='ocrx_word' id='word_1_117' title='bbox 573 1592 695 1649; x_wconf 75' lang='lat' dir='ltr'><strong>eam</strong></span> <span class='ocrx_word' id='word_1_118' title='bbox 722 1593 865 1665; x_wconf 82' lang='lat' dir='ltr'><strong>quod</strong></span> <span class='ocrx_word' id='word_1_119' title='bbox 918 1611 1109 1666; x_wconf 83' lang='lat' dir='ltr'><strong>pacem</strong></span> <span class='ocrx_word' id='word_1_120' title='bbox 1140 1598 1282 1652; x_wconf 80' lang='lat' dir='ltr'><strong>inter</strong></span> <span class='ocrx_word' id='word_1_121' title='bbox 1311 1597 1533 1652; x_wconf 80' lang='lat' dir='ltr'><strong>Latinos</strong></span> <span class='ocrx_word' id='word_1_122' title='bbox 1579 1601 1628 1652; x_wconf 85' lang='lat' dir='ltr'><strong>et</strong></span> <span class='ocrx_word' id='word_1_123' title='bbox 1689 1598 1897 1654; x_wconf 69' lang='lat' dir='ltr'><strong>Graecos</strong></span> 
     </span>
    </p>
   </div>
   <div class='ocr_carea' id='block_1_19' title="bbox 322 1664 1895 1724">
    <p class='ocr_par' dir='ltr' id='par_1_19' title="bbox 322 1664 1895 1724">
     <span class='ocr_line' id='line_1_19' title="bbox 322 1664 1895 1724; baseline 0.003 -5"><span class='ocrx_word' id='word_1_124' title='bbox 322 1664 618 1719; x_wconf 80' lang='lat' dir='ltr'><strong>conciliare</strong></span> <span class='ocrx_word' id='word_1_125' title='bbox 642 1664 810 1720; x_wconf 73' lang='lat' dir='ltr'><strong>curet.</strong></span> <span class='ocrx_word' id='word_1_126' title='bbox 845 1664 1109 1722; x_wconf 73' lang='lat' dir='ltr'><strong>Hortatur</strong></span> <span class='ocrx_word' id='word_1_127' title='bbox 1140 1670 1196 1721; x_wconf 87' lang='lat' dir='ltr'><strong>ut</strong></span> <span class='ocrx_word' id='word_1_128' title='bbox 1243 1668 1544 1722; x_wconf 82' lang='lat' dir='ltr'><strong>Romanam</strong></span> <span class='ocrx_word' id='word_1_129' title='bbox 1602 1669 1895 1724; x_wconf 75' lang='lat' dir='ltr'><strong>Ecclesium</strong></span> 
     </span>
    </p>
   </div>
   <div class='ocr_carea' id='block_1_20' title="bbox 315 1733 3653 1864">
    <p class='ocr_par' dir='ltr' id='par_1_20' title="bbox 315 1733 3653 1864">
     <span class='ocr_line' id='line_1_20' title="bbox 315 1733 3653 1813; baseline 0.007 -24"><span class='ocrx_word' id='word_1_130' title='bbox 315 1733 586 1805; x_wconf 78' lang='lat' dir='ltr'><strong>defendat.</strong></span> <span class='ocrx_word' id='word_1_131' title='bbox 613 1736 684 1790; x_wconf 86' lang='lat' dir='ltr'><strong>De</strong></span> <span class='ocrx_word' id='word_1_132' title='bbox 714 1738 1035 1806; x_wconf 73' lang='lat' dir='ltr'><strong>arrogantia</strong></span> <span class='ocrx_word' id='word_1_133' title='bbox 1066 1738 1341 1792; x_wconf 73' lang='lat' dir='ltr'><strong>Michaelis</strong></span> <span class='ocrx_word' id='word_1_134' title='bbox 1400 1738 1892 1812; x_wconf 79' lang='lat' dir='ltr'><strong>Constantinopoli-</strong></span> <span class='ocrx_word' id='word_1_135' title='bbox 1924 1740 1972 1805; x_wconf 91' lang='lat' dir='ltr'><strong>B</strong></span> <span class='ocrx_word' id='word_1_136' title='bbox 2005 1733 2232 1758; x_wconf 55' lang='lat' dir='ltr'><strong>&quot;Num</strong></span> <span class='ocrx_word' id='word_1_137' title='bbox 2258 1733 2411 1775; x_wconf 53' lang='lat'><strong>&#39;05”</strong></span> <span class='ocrx_word' id='word_1_138' title='bbox 2444 1733 2841 1776; x_wconf 48' lang='grc' dir='ltr'><strong>θσωνυτωηω</strong></span> <span class='ocrx_word' id='word_1_139' title='bbox 2870 1733 3092 1808; x_wconf 52' lang='grc' dir='ltr'><strong>ωηῗηὶ</strong></span> <span class='ocrx_word' id='word_1_140' title='bbox 3111 1733 3653 1813; x_wconf 58' lang='lat' dir='ltr'><strong>uumvu’pwvex.&quot;</strong></span> 
     </span>
     <span class='ocr_line' id='line_1_21' title="bbox 315 1794 3653 1864; baseline 0.012 -42"><span class='ocrx_word' id='word_1_141' title='bbox 315 1808 433 1861; x_wconf 46' lang='lat' dir='ltr'><strong>tam.</strong></span> <span class='ocrx_word' id='word_1_142' title='bbox 460 1809 830 1864; x_wconf 38' lang='lat' dir='ltr'><strong>mouentum</strong></span> <span class='ocrx_word' id='word_1_143' title='bbox 865 1810 1171 1864; x_wconf 59' lang='lat' dir='ltr'><strong>legatosque</strong></span> <span class='ocrx_word' id='word_1_144' title='bbox 1200 1810 1555 1864; x_wconf 41' lang='lat' dir='ltr'><strong>commemiat.</strong></span> <span class='ocrx_word' id='word_1_145' title='bbox 1920 1848 1925 1855; x_wconf 90' lang='lat'><em>_</em></span> <span class='ocrx_word' id='word_1_146' title='bbox 2005 1795 2061 1845; x_wconf 89' lang='lat' dir='ltr'><strong>et</strong></span> <span class='ocrx_word' id='word_1_147' title='bbox 2082 1807 2259 1861; x_wconf 85' lang='lat' dir='ltr'><strong>super</strong></span> <span class='ocrx_word' id='word_1_148' title='bbox 2286 1808 2490 1848; x_wconf 90' lang='lat' dir='ltr'><strong>omnes</strong></span> <span class='ocrx_word' id='word_1_149' title='bbox 2521 1794 2798 1851; x_wconf 79' lang='lat' dir='ltr'><strong>mortales</strong></span> <span class='ocrx_word' id='word_1_150' title='bbox 2819 1801 3143 1864; x_wconf 77' lang='lat' dir='ltr'><strong>constituit,</strong></span> <span class='ocrx_word' id='word_1_151' title='bbox 3170 1813 3326 1854; x_wconf 91' lang='lat' dir='ltr'><strong>neca</strong></span> <span class='ocrx_word' id='word_1_152' title='bbox 3350 1800 3653 1860; x_wconf 74' lang='lat' dir='ltr'><strong>beneﬁciis</strong></span> 
     </span>
    </p>
   </div>
   <div class='ocr_carea' id='block_1_21' title="bbox 313 1808 1555 1879">
    <p class='ocr_par' dir='ltr' id='par_1_21' title="bbox 313 1808 1555 1879">
     <span class='ocr_line' id='line_1_22' title="bbox 313 1808 1555 1879; baseline 0.003 -18"><span class='ocrx_word' id='word_1_153' title='bbox 313 1808 433 1861; x_wconf 79' lang='lat' dir='ltr'><strong>lani</strong></span> <span class='ocrx_word' id='word_1_154' title='bbox 460 1809 830 1878; x_wconf 78' lang='lat' dir='ltr'><strong>conqueritur,</strong></span> <span class='ocrx_word' id='word_1_155' title='bbox 865 1810 1171 1879; x_wconf 76' lang='lat' dir='ltr'><strong>legatosque</strong></span> <span class='ocrx_word' id='word_1_156' title='bbox 1200 1810 1555 1865; x_wconf 63' lang='lat' dir='ltr'><strong>commendat.</strong></span> 
     </span>
    </p>
   </div>
   <div class='ocr_carea' id='block_1_22' title="bbox 873 1897 1271 1967">
    <p class='ocr_par' dir='ltr' id='par_1_22' title="bbox 873 1897 1271 1967">
     <span class='ocr_line' id='line_1_23' title="bbox 873 1897 1271 1967; baseline 0.005 -18"><span class='ocrx_word' id='word_1_157' title='bbox 873 1897 1064 1967; x_wconf 83' lang='lat' dir='ltr'><strong>(Anno</strong></span> <span class='ocrx_word' id='word_1_158' title='bbox 1088 1897 1271 1967; x_wconf 78' lang='grc'><strong>1054.)</strong></span> 
     </span>
    </p>
   </div>
   <div class='ocr_carea' id='block_1_23' title="bbox 796 1967 1363 2037">
    <p class='ocr_par' dir='ltr' id='par_1_23' title="bbox 796 1967 1363 2037">
     <span class='ocr_line' id='line_1_24' title="bbox 796 1967 1363 2037; baseline 0.002 -15"><span class='ocrx_word' id='word_1_159' title='bbox 796 1967 1030 2033; x_wconf 81' lang='lat' dir='ltr'><strong>[Mansi,</strong></span> <span class='ocrx_word' id='word_1_160' title='bbox 1053 1968 1195 2034; x_wconf 80' lang='lat' dir='ltr'><strong>XIX,</strong></span> <span class='ocrx_word' id='word_1_161' title='bbox 1214 1969 1363 2037; x_wconf 84' lang='lat'><strong>667.]</strong></span> 
     </span>
    </p>
   </div>
   <div class='ocr_carea' id='block_1_24' title="bbox 314 2054 1893 2128">
    <p class='ocr_par' dir='ltr' id='par_1_24' title="bbox 314 2054 1893 2128">
     <span class='ocr_line' id='line_1_25' title="bbox 314 2054 1893 2128; baseline 0.003 -17"><span class='ocrx_word' id='word_1_162' title='bbox 314 2056 428 2111; x_wconf 71' lang='lat' dir='ltr'><strong>Leo</strong></span> <span class='ocrx_word' id='word_1_163' title='bbox 454 2054 797 2128; x_wconf 87' lang='lat' dir='ltr'><strong>episcopus,</strong></span> <span class='ocrx_word' id='word_1_164' title='bbox 823 2073 1031 2112; x_wconf 90' lang='lat' dir='ltr'><strong>servus</strong></span> <span class='ocrx_word' id='word_1_165' title='bbox 1061 2073 1363 2113; x_wconf 88' lang='lat' dir='ltr'><strong>servorum</strong></span> <span class='ocrx_word' id='word_1_166' title='bbox 1400 2056 1518 2123; x_wconf 88' lang='lat' dir='ltr'><strong>Dei,</strong></span> <span class='ocrx_word' id='word_1_167' title='bbox 1551 2056 1805 2128; x_wconf 91' lang='lat' dir='ltr'><strong>glorioso</strong></span> <span class='ocrx_word' id='word_1_168' title='bbox 1837 2063 1893 2115; x_wconf 92' lang='lat' dir='ltr'><strong>et</strong></span> 
     </span>
    </p>
   </div>
   <div class='ocr_carea' id='block_1_25' title="bbox 238 2134 1890 2217">
    <p class='ocr_par' dir='ltr' id='par_1_25' title="bbox 238 2134 1890 2217">
     <span class='ocr_line' id='line_1_26' title="bbox 238 2134 1890 2217; baseline 0.001 -16"><span class='ocrx_word' id='word_1_169' title='bbox 238 2143 512 2217; x_wconf 82' lang='lat' dir='ltr'><strong>religioso</strong></span> <span class='ocrx_word' id='word_1_170' title='bbox 534 2144 873 2216; x_wconf 83' lang='lat' dir='ltr'><strong>imperatori</strong></span> <span class='ocrx_word' id='word_1_171' title='bbox 903 2162 1063 2201; x_wconf 73' lang='lat' dir='ltr'><strong>novae</strong></span> <span class='ocrx_word' id='word_1_172' title='bbox 1096 2134 1303 2201; x_wconf 64' lang='lat' dir='ltr'><strong>Romae</strong></span> <span class='ocrx_word' id='word_1_173' title='bbox 1323 2147 1721 2202; x_wconf 73' lang='lat' dir='ltr'><strong>CONSTANTINO</strong></span> <span class='ocrx_word' id='word_1_174' title='bbox 1765 2148 1890 2203; x_wconf 85' lang='lat' dir='ltr'><strong>Mo-</strong></span> 
     </span>
    </p>
   </div>
   <div class='ocr_carea' id='block_1_26' title="bbox 242 2232 1250 2304">
    <p class='ocr_par' dir='ltr' id='par_1_26' title="bbox 242 2232 1250 2304">
     <span class='ocr_line' id='line_1_27' title="bbox 242 2232 1250 2304; baseline -0.001 -14"><span class='ocrx_word' id='word_1_175' title='bbox 242 2249 529 2299; x_wconf 66' lang='lat' dir='ltr'><strong>noncno,</strong></span> <span class='ocrx_word' id='word_1_176' title='bbox 560 2232 769 2289; x_wconf 84' lang='lat' dir='ltr'><strong>dilecto</strong></span> <span class='ocrx_word' id='word_1_177' title='bbox 802 2233 942 2304; x_wconf 85' lang='lat' dir='ltr'><strong>lilio,</strong></span> <span class='ocrx_word' id='word_1_178' title='bbox 976 2233 1250 2290; x_wconf 87' lang='lat' dir='ltr'><strong>salutem.</strong></span> 
     </span>
    </p>
   </div>
   <div class='ocr_carea' id='block_1_27' title="bbox 298 2322 1890 2395">
    <p class='ocr_par' dir='ltr' id='par_1_27' title="bbox 298 2322 1890 2395">
     <span class='ocr_line' id='line_1_28' title="bbox 298 2322 1890 2395; baseline 0 -18"><span class='ocrx_word' id='word_1_179' title='bbox 298 2323 562 2387; x_wconf 87' lang='lat' dir='ltr'><strong>Quantas</strong></span> <span class='ocrx_word' id='word_1_180' title='bbox 582 2322 802 2395; x_wconf 84' lang='lat' dir='ltr'><strong>gratias</strong></span> <span class='ocrx_word' id='word_1_181' title='bbox 823 2323 1035 2378; x_wconf 87' lang='lat' dir='ltr'><strong>referre</strong></span> <span class='ocrx_word' id='word_1_182' title='bbox 1047 2323 1270 2395; x_wconf 86' lang='lat' dir='ltr'><strong>jugiter</strong></span> <span class='ocrx_word' id='word_1_183' title='bbox 1285 2324 1603 2379; x_wconf 88' lang='lat' dir='ltr'><strong>debeamus</strong></span> <span class='ocrx_word' id='word_1_184' title='bbox 1628 2324 1890 2379; x_wconf 88' lang='lat' dir='ltr'><strong>creatrici</strong></span> 
     </span>
    </p>
   </div>
   <div class='ocr_carea' id='block_1_28' title="bbox 239 2410 1889 2483">
    <p class='ocr_par' dir='ltr' id='par_1_28' title="bbox 239 2410 1889 2483">
     <span class='ocr_line' id='line_1_29' title="bbox 239 2410 1889 2483; baseline 0 -17"><span class='ocrx_word' id='word_1_185' title='bbox 239 2410 720 2483; x_wconf 83' lang='lat' dir='ltr'><strong>etgubernatrici</strong></span> <span class='ocrx_word' id='word_1_186' title='bbox 752 2411 1017 2466; x_wconf 88' lang='lat' dir='ltr'><strong>omnium</strong></span> <span class='ocrx_word' id='word_1_187' title='bbox 1060 2417 1274 2468; x_wconf 63' lang='lat' dir='ltr'><strong>sanctae</strong></span> <span class='ocrx_word' id='word_1_188' title='bbox 1335 2412 1650 2467; x_wconf 62' lang='lat' dir='ltr'><strong>individua;</strong></span> <span class='ocrx_word' id='word_1_189' title='bbox 1697 2412 1889 2467; x_wconf 86' lang='lat' dir='ltr'><strong>Trini-</strong></span> 
     </span>
    </p>
   </div>
   <div class='ocr_carea' id='block_1_29' title="bbox 239 2498 1888 2572">
    <p class='ocr_par' dir='ltr' id='par_1_29' title="bbox 239 2498 1888 2572">
     <span class='ocr_line' id='line_1_30' title="bbox 239 2498 1888 2572; baseline -0.001 -17"><span class='ocrx_word' id='word_1_190' title='bbox 239 2499 570 2570; x_wconf 83' lang='lat' dir='ltr'><strong>tati,super</strong></span> <span class='ocrx_word' id='word_1_191' title='bbox 593 2498 973 2555; x_wconf 86' lang='lat' dir='ltr'><strong>inenarrabili</strong></span> <span class='ocrx_word' id='word_1_192' title='bbox 1021 2500 1174 2556; x_wconf 91' lang='lat' dir='ltr'><strong>dono</strong></span> <span class='ocrx_word' id='word_1_193' title='bbox 1232 2502 1382 2572; x_wconf 81' lang='lat' dir='ltr'><strong>ejus,</strong></span> <span class='ocrx_word' id='word_1_194' title='bbox 1444 2517 1560 2571; x_wconf 92' lang='lat' dir='ltr'><strong>quo</strong></span> <span class='ocrx_word' id='word_1_195' title='bbox 1613 2504 1888 2572; x_wconf 90' lang='lat' dir='ltr'><strong>operatur</strong></span> 
     </span>
    </p>
   </div>
   <div class='ocr_carea' id='block_1_30' title="bbox 235 2586 1884 2661">
    <p class='ocr_par' dir='ltr' id='par_1_30' title="bbox 235 2586 1884 2661">
     <span class='ocr_line' id='line_1_31' title="bbox 235 2586 1884 2661; baseline 0 -18"><span class='ocrx_word' id='word_1_196' title='bbox 235 2588 439 2643; x_wconf 88' lang='lat' dir='ltr'><strong>omnia</strong></span> <span class='ocrx_word' id='word_1_197' title='bbox 467 2587 527 2642; x_wconf 91' lang='lat' dir='ltr'><strong>in</strong></span> <span class='ocrx_word' id='word_1_198' title='bbox 551 2586 827 2644; x_wconf 88' lang='lat' dir='ltr'><strong>omnibus</strong></span> <span class='ocrx_word' id='word_1_199' title='bbox 857 2588 906 2660; x_wconf 91' lang='lat' dir='ltr'><strong>(I</strong></span> <span class='ocrx_word' id='word_1_200' title='bbox 933 2587 1058 2645; x_wconf 86' lang='lat' dir='ltr'><strong>Cor.</strong></span> <span class='ocrx_word' id='word_1_201' title='bbox 1089 2589 1215 2661; x_wconf 83' lang='lat' dir='ltr'><strong>xu),</strong></span> <span class='ocrx_word' id='word_1_202' title='bbox 1246 2591 1420 2644; x_wconf 84' lang='lat' dir='ltr'><strong>etiam</strong></span> <span class='ocrx_word' id='word_1_203' title='bbox 1470 2606 1539 2644; x_wconf 83' lang='lat' dir='ltr'><strong>ex</strong></span> <span class='ocrx_word' id='word_1_204' title='bbox 1568 2592 1670 2643; x_wconf 89' lang='lat' dir='ltr'><strong>tua</strong></span> <span class='ocrx_word' id='word_1_205' title='bbox 1717 2589 1884 2644; x_wconf 89' lang='lat' dir='ltr'><strong>devo-</strong></span> 
     </span>
    </p>
   </div>
   <div class='ocr_carea' id='block_1_31' title="bbox 230 2674 1885 2749">
    <p class='ocr_par' dir='ltr' id='par_1_31' title="bbox 230 2674 1885 2749">
     <span class='ocr_line' id='line_1_32' title="bbox 230 2674 1885 2749; baseline 0 -17"><span class='ocrx_word' id='word_1_206' title='bbox 230 2676 397 2732; x_wconf 86' lang='lat' dir='ltr'><strong>tione</strong></span> <span class='ocrx_word' id='word_1_207' title='bbox 419 2680 483 2732; x_wconf 84' lang='lat' dir='ltr'><strong>et</strong></span> <span class='ocrx_word' id='word_1_208' title='bbox 495 2674 1102 2747; x_wconf 85' lang='lat' dir='ltr'><strong>religiosaindustria,</strong></span> <span class='ocrx_word' id='word_1_209' title='bbox 1124 2676 1548 2749; x_wconf 85' lang='lat' dir='ltr'><strong>gloriosissime</strong></span> <span class='ocrx_word' id='word_1_210' title='bbox 1574 2676 1658 2731; x_wconf 85' lang='lat' dir='ltr'><strong>ﬁli</strong></span> <span class='ocrx_word' id='word_1_211' title='bbox 1711 2682 1885 2748; x_wconf 90' lang='lat' dir='ltr'><strong>atque</strong></span> 
     </span>
    </p>
   </div>
   <div class='ocr_carea' id='block_1_32' title="bbox 227 2764 1883 2838">
    <p class='ocr_par' dir='ltr' id='par_1_32' title="bbox 227 2764 1883 2838">
     <span class='ocr_line' id='line_1_33' title="bbox 227 2764 1883 2838; baseline -0.001 -16"><span class='ocrx_word' id='word_1_212' title='bbox 227 2764 611 2823; x_wconf 84' lang='lat' dir='ltr'><strong>serenissime</strong></span> <span class='ocrx_word' id='word_1_213' title='bbox 641 2764 976 2837; x_wconf 85' lang='lat' dir='ltr'><strong>imperator,</strong></span> <span class='ocrx_word' id='word_1_214' title='bbox 1011 2767 1369 2837; x_wconf 87' lang='lat' dir='ltr'><strong>perpendere</strong></span> <span class='ocrx_word' id='word_1_215' title='bbox 1404 2782 1756 2838; x_wconf 91' lang='lat' dir='ltr'><strong>possumus:</strong></span> <span class='ocrx_word' id='word_1_216' title='bbox 1782 2766 1883 2837; x_wconf 89' lang='lat' dir='ltr'><strong>qui</strong></span> 
     </span>
    </p>
   </div>
   <div class='ocr_carea' id='block_1_33' title="bbox 214 2852 1884 2925">
    <p class='ocr_par' dir='ltr' id='par_1_33' title="bbox 214 2852 1884 2925">
     <span class='ocr_line' id='line_1_34' title="bbox 214 2852 1884 2925; baseline 0.004 -22"><span class='ocrx_word' id='word_1_217' title='bbox 214 2857 283 2908; x_wconf 85' lang='lat' dir='ltr'><strong>.te</strong></span> <span class='ocrx_word' id='word_1_218' title='bbox 316 2853 497 2909; x_wconf 86' lang='lat' dir='ltr'><strong>talem</strong></span> <span class='ocrx_word' id='word_1_219' title='bbox 520 2853 738 2908; x_wconf 85' lang='lat' dir='ltr'><strong>nostris</strong></span> <span class='ocrx_word' id='word_1_220' title='bbox 756 2852 1020 2908; x_wconf 86' lang='lat' dir='ltr'><strong>exhibuit</strong></span> <span class='ocrx_word' id='word_1_221' title='bbox 1049 2857 1107 2909; x_wconf 91' lang='lat' dir='ltr'><strong>et</strong></span> <span class='ocrx_word' id='word_1_222' title='bbox 1122 2854 1380 2925; x_wconf 88' lang='lat' dir='ltr'><strong>gratuita</strong></span> <span class='ocrx_word' id='word_1_223' title='bbox 1396 2855 1610 2925; x_wconf 87' lang='lat' dir='ltr'><strong>pietate</strong></span> <span class='ocrx_word' id='word_1_224' title='bbox 1632 2853 1884 2925; x_wconf 90' lang='lat' dir='ltr'><strong>providit</strong></span> 
     </span>
    </p>
   </div>
   <div class='ocr_carea' id='block_1_34' title="bbox 216 2941 1883 3012">
    <p class='ocr_par' dir='ltr' id='par_1_34' title="bbox 216 2941 1883 3012">
     <span class='ocr_line' id='line_1_35' title="bbox 216 2941 1883 3012; baseline 0.001 -15"><span class='ocrx_word' id='word_1_225' title='bbox 216 2941 466 3010; x_wconf 78' lang='lat' dir='ltr'><strong>diebus,</strong></span> <span class='ocrx_word' id='word_1_226' title='bbox 498 2941 671 3012; x_wconf 82' lang='lat' dir='ltr'><strong>cujus</strong></span> <span class='ocrx_word' id='word_1_227' title='bbox 698 2941 817 2998; x_wconf 84' lang='lat' dir='ltr'><strong>lida</strong></span> <span class='ocrx_word' id='word_1_228' title='bbox 833 2958 939 3012; x_wconf 89' lang='lat' dir='ltr'><strong>cpe</strong></span> <span class='ocrx_word' id='word_1_229' title='bbox 969 2946 1192 2998; x_wconf 87' lang='lat' dir='ltr'><strong>statum</strong></span> <span class='ocrx_word' id='word_1_230' title='bbox 1221 2945 1437 2997; x_wconf 69' lang='lat' dir='ltr'><strong>sanctas</strong></span> <span class='ocrx_word' id='word_1_231' title='bbox 1468 2947 1524 2998; x_wconf 82' lang='lat' dir='ltr'><strong>et</strong></span> <span class='ocrx_word' id='word_1_232' title='bbox 1581 2941 1883 2998; x_wconf 69' lang='lat' dir='ltr'><strong>catholicae</strong></span> 
     </span>
    </p>
   </div>
   <div class='ocr_carea' id='block_1_35' title="bbox 222 3029 1879 3103">
    <p class='ocr_par' dir='ltr' id='par_1_35' title="bbox 222 3029 1879 3103">
     <span class='ocr_line' id='line_1_36' title="bbox 222 3029 1879 3103; baseline -0.001 -17"><span class='ocrx_word' id='word_1_233' title='bbox 222 3030 502 3087; x_wconf 74' lang='lat' dir='ltr'><strong>Ecclesiae</strong></span> <span class='ocrx_word' id='word_1_234' title='bbox 538 3029 800 3097; x_wconf 83' lang='lat' dir='ltr'><strong>relevari,</strong></span> <span class='ocrx_word' id='word_1_235' title='bbox 834 3034 891 3087; x_wconf 87' lang='lat' dir='ltr'><strong>et</strong></span> <span class='ocrx_word' id='word_1_236' title='bbox 919 3031 1136 3088; x_wconf 88' lang='lat' dir='ltr'><strong>terreni</strong></span> <span class='ocrx_word' id='word_1_237' title='bbox 1171 3031 1399 3103; x_wconf 91' lang='lat' dir='ltr'><strong>imperii</strong></span> <span class='ocrx_word' id='word_1_238' title='bbox 1456 3030 1879 3103; x_wconf 88' lang='lat' dir='ltr'><strong>rempublicam</strong></span> 
     </span>
    </p>
   </div>
   <div class='ocr_carea' id='block_1_36' title="bbox 2014 462 3656 545">
    <p class='ocr_par' dir='ltr' id='par_1_36' title="bbox 2014 462 3656 545">
     <span class='ocr_line' id='line_1_37' title="bbox 2014 462 3656 545; baseline 0.012 -29"><span class='ocrx_word' id='word_1_239' title='bbox 2014 462 2203 534; x_wconf 88' lang='lat' dir='ltr'><strong>ipsius</strong></span> <span class='ocrx_word' id='word_1_240' title='bbox 2219 467 2829 540; x_wconf 87' lang='lat' dir='ltr'><strong>membriscomputat.</strong></span> <span class='ocrx_word' id='word_1_241' title='bbox 2854 467 3007 525; x_wconf 81' lang='lat' dir='ltr'><strong>Illud</strong></span> <span class='ocrx_word' id='word_1_242' title='bbox 3038 473 3235 528; x_wconf 83' lang='lat' dir='ltr'><strong>autem</strong></span> <span class='ocrx_word' id='word_1_243' title='bbox 3264 473 3403 544; x_wconf 87' lang='lat' dir='ltr'><strong>quid</strong></span> <span class='ocrx_word' id='word_1_244' title='bbox 3436 476 3533 545; x_wconf 87' lang='lat' dir='ltr'><strong>sit,</strong></span> <span class='ocrx_word' id='word_1_245' title='bbox 3554 481 3656 535; x_wconf 84' lang='lat' dir='ltr'><strong>tua</strong></span> 
     </span>
    </p>
   </div>
   <div class='ocr_carea' id='block_1_37' title="bbox 2013 553 3658 635">
    <p class='ocr_par' dir='ltr' id='par_1_37' title="bbox 2013 553 3658 635">
     <span class='ocr_line' id='line_1_38' title="bbox 2013 553 3658 635; baseline 0.011 -28"><span class='ocrx_word' id='word_1_246' title='bbox 2013 553 2333 624; x_wconf 88' lang='lat' dir='ltr'><strong>imperialis</strong></span> <span class='ocrx_word' id='word_1_247' title='bbox 2356 554 2590 612; x_wconf 89' lang='lat' dir='ltr'><strong>claritas</strong></span> <span class='ocrx_word' id='word_1_248' title='bbox 2610 558 2849 613; x_wconf 90' lang='lat' dir='ltr'><strong>omnino</strong></span> <span class='ocrx_word' id='word_1_249' title='bbox 2906 557 3101 615; x_wconf 87' lang='lat' dir='ltr'><strong>novit:</strong></span> <span class='ocrx_word' id='word_1_250' title='bbox 3160 559 3306 615; x_wconf 91' lang='lat' dir='ltr'><strong>illud</strong></span> <span class='ocrx_word' id='word_1_251' title='bbox 3344 563 3658 635; x_wconf 82' lang='lat' dir='ltr'><strong>nimirum,</strong></span> 
     </span>
    </p>
   </div>
   <div class='ocr_carea' id='block_1_38' title="bbox 2011 642 3653 718">
    <p class='ocr_par' dir='ltr' id='par_1_38' title="bbox 2011 642 3653 718">
     <span class='ocr_line' id='line_1_39' title="bbox 2011 642 3653 718; baseline 0.01 -23"><span class='ocrx_word' id='word_1_252' title='bbox 2011 642 2165 712; x_wconf 90' lang='lat' dir='ltr'><strong>quod</strong></span> <span class='ocrx_word' id='word_1_253' title='bbox 2190 642 2405 699; x_wconf 86' lang='lat' dir='ltr'><strong>Christi</strong></span> <span class='ocrx_word' id='word_1_254' title='bbox 2431 660 2536 700; x_wconf 93' lang='lat' dir='ltr'><strong>vox</strong></span> <span class='ocrx_word' id='word_1_255' title='bbox 2553 644 2806 717; x_wconf 63' lang='lat' dir='ltr'><strong>praetulit</strong></span> <span class='ocrx_word' id='word_1_256' title='bbox 2835 650 2890 702; x_wconf 90' lang='lat' dir='ltr'><strong>et</strong></span> <span class='ocrx_word' id='word_1_257' title='bbox 2912 646 3289 718; x_wconf 68' lang='lat' dir='ltr'><strong>prmeminere</strong></span> <span class='ocrx_word' id='word_1_258' title='bbox 3315 650 3498 713; x_wconf 73' lang='lat' dir='ltr'><strong>voluit</strong></span> <span class='ocrx_word' id='word_1_259' title='bbox 3524 654 3653 718; x_wconf 82' lang='lat' dir='ltr'><strong>uni-</strong></span> 
     </span>
    </p>
   </div>
   <div class='ocr_carea' id='block_1_39' title="bbox 2012 730 3658 811">
    <p class='ocr_par' dir='ltr' id='par_1_39' title="bbox 2012 730 3658 811">
     <span class='ocr_line' id='line_1_40' title="bbox 2012 730 3658 811; baseline 0.01 -28"><span class='ocrx_word' id='word_1_260' title='bbox 2012 730 2215 797; x_wconf 88' lang='lat' dir='ltr'><strong>versis,</strong></span> <span class='ocrx_word' id='word_1_261' title='bbox 2248 735 2306 786; x_wconf 86' lang='lat' dir='ltr'><strong>et</strong></span> <span class='ocrx_word' id='word_1_262' title='bbox 2335 732 2703 805; x_wconf 86' lang='lat' dir='ltr'><strong>subsequens</strong></span> <span class='ocrx_word' id='word_1_263' title='bbox 2730 734 2995 791; x_wconf 73' lang='lat' dir='ltr'><strong>Ecclesia:</strong></span> <span class='ocrx_word' id='word_1_264' title='bbox 3026 737 3238 807; x_wconf 87' lang='lat' dir='ltr'><strong>pietas,</strong></span> <span class='ocrx_word' id='word_1_265' title='bbox 3268 740 3327 794; x_wconf 85' lang='lat' dir='ltr'><strong>et</strong></span> <span class='ocrx_word' id='word_1_266' title='bbox 3366 740 3658 811; x_wconf 82' lang='lat' dir='ltr'><strong>generalis</strong></span> 
     </span>
    </p>
   </div>
   <div class='ocr_carea' id='block_1_40' title="bbox 2009 821 3660 897">
    <p class='ocr_par' dir='ltr' id='par_1_40' title="bbox 2009 821 3660 897">
     <span class='ocr_line' id='line_1_41' title="bbox 2009 821 3660 897; baseline 0.008 -25"><span class='ocrx_word' id='word_1_267' title='bbox 2009 824 2351 874; x_wconf 88' lang='lat' dir='ltr'><strong>sanctorum</strong></span> <span class='ocrx_word' id='word_1_268' title='bbox 2367 821 2538 877; x_wconf 87' lang='lat' dir='ltr'><strong>Patru</strong></span> <span class='ocrx_word' id='word_1_269' title='bbox 2550 838 2605 877; x_wconf 92' lang='lat' dir='ltr'><strong>m</strong></span> <span class='ocrx_word' id='word_1_270' title='bbox 2627 824 3183 897; x_wconf 85' lang='lat' dir='ltr'><strong>consensusjugiter</strong></span> <span class='ocrx_word' id='word_1_271' title='bbox 3206 825 3499 887; x_wconf 79' lang='lat' dir='ltr'><strong>hactenus</strong></span> <span class='ocrx_word' id='word_1_272' title='bbox 3513 829 3660 887; x_wconf 87' lang='lat' dir='ltr'><strong>cele-</strong></span> 
     </span>
    </p>
   </div>
   <div class='ocr_carea' id='block_1_41' title="bbox 2007 906 3655 986">
    <p class='ocr_par' dir='ltr' id='par_1_41' title="bbox 2007 906 3655 986">
     <span class='ocr_line' id='line_1_42' title="bbox 2007 906 3655 986; baseline 0.01 -25"><span class='ocrx_word' id='word_1_273' title='bbox 2007 906 2213 962; x_wconf 89' lang='lat' dir='ltr'><strong>bravit.</strong></span> <span class='ocrx_word' id='word_1_274' title='bbox 2247 908 2427 979; x_wconf 76' lang='lat' dir='ltr'><strong>Cujus</strong></span> <span class='ocrx_word' id='word_1_275' title='bbox 2457 910 2844 967; x_wconf 86' lang='lat' dir='ltr'><strong>venerabilem</strong></span> <span class='ocrx_word' id='word_1_276' title='bbox 2876 912 3083 968; x_wconf 80' lang='lat' dir='ltr'><strong>faciem</strong></span> <span class='ocrx_word' id='word_1_277' title='bbox 3114 917 3178 969; x_wconf 88' lang='lat' dir='ltr'><strong>tu</strong></span> <span class='ocrx_word' id='word_1_278' title='bbox 3208 930 3402 986; x_wconf 87' lang='lat' dir='ltr'><strong>qoque</strong></span> <span class='ocrx_word' id='word_1_279' title='bbox 3431 917 3655 976; x_wconf 81' lang='lat' dir='ltr'><strong>uohon-</strong></span> 
     </span>
    </p>
   </div>
   <div class='ocr_carea' id='block_1_42' title="bbox 2002 994 3653 1073">
    <p class='ocr_par' dir='ltr' id='par_1_42' title="bbox 2002 994 3653 1073">
     <span class='ocr_line' id='line_1_43' title="bbox 2002 994 3653 1073; baseline 0.01 -24"><span class='ocrx_word' id='word_1_280' title='bbox 2002 994 2235 1051; x_wconf 82' lang='lat' dir='ltr'><strong>rilicare</strong></span> <span class='ocrx_word' id='word_1_281' title='bbox 2266 997 2554 1068; x_wconf 87' lang='lat' dir='ltr'><strong>disponis,</strong></span> <span class='ocrx_word' id='word_1_282' title='bbox 2586 1016 2703 1054; x_wconf 90' lang='lat' dir='ltr'><strong>non</strong></span> <span class='ocrx_word' id='word_1_283' title='bbox 2722 1001 2986 1072; x_wconf 87' lang='lat' dir='ltr'><strong>ingratus</strong></span> <span class='ocrx_word' id='word_1_284' title='bbox 3010 1000 3095 1056; x_wconf 89' lang='lat' dir='ltr'><strong>illi</strong></span> <span class='ocrx_word' id='word_1_285' title='bbox 3122 1018 3248 1073; x_wconf 64' lang='lat' dir='ltr'><strong>quas</strong></span> <span class='ocrx_word' id='word_1_286' title='bbox 3273 1008 3442 1061; x_wconf 88' lang='lat' dir='ltr'><strong>tuum</strong></span> <span class='ocrx_word' id='word_1_287' title='bbox 3482 1007 3653 1065; x_wconf 86' lang='lat' dir='ltr'><strong>verti-</strong></span> 
     </span>
    </p>
   </div>
   <div class='ocr_carea' id='block_1_43' title="bbox 2007 1084 3647 1161">
    <p class='ocr_par' dir='ltr' id='par_1_43' title="bbox 2007 1084 3647 1161">
     <span class='ocr_line' id='line_1_44' title="bbox 2007 1084 3647 1161; baseline 0.007 -23"><span class='ocrx_word' id='word_1_288' title='bbox 2007 1099 2133 1139; x_wconf 92' lang='lat' dir='ltr'><strong>cem</strong></span> <span class='ocrx_word' id='word_1_289' title='bbox 2163 1084 2494 1141; x_wconf 86' lang='lat' dir='ltr'><strong>diademate</strong></span> <span class='ocrx_word' id='word_1_290' title='bbox 2523 1088 2736 1142; x_wconf 88' lang='lat' dir='ltr'><strong>terreni</strong></span> <span class='ocrx_word' id='word_1_291' title='bbox 2767 1088 3131 1161; x_wconf 86' lang='lat' dir='ltr'><strong>principatus</strong></span> <span class='ocrx_word' id='word_1_292' title='bbox 3181 1091 3456 1151; x_wconf 87' lang='lat' dir='ltr'><strong>decenter</strong></span> <span class='ocrx_word' id='word_1_293' title='bbox 3499 1094 3647 1152; x_wconf 87' lang='lat' dir='ltr'><strong>insi-</strong></span> 
     </span>
    </p>
   </div>
   <div class='ocr_carea' id='block_1_44' title="bbox 2006 1172 3652 1252">
    <p class='ocr_par' dir='ltr' id='par_1_44' title="bbox 2006 1172 3652 1252">
     <span class='ocr_line' id='line_1_45' title="bbox 2006 1172 3652 1252; baseline 0.01 -26"><span class='ocrx_word' id='word_1_294' title='bbox 2006 1172 2213 1244; x_wconf 89' lang='lat' dir='ltr'><strong>gnivit,</strong></span> <span class='ocrx_word' id='word_1_295' title='bbox 2246 1178 2303 1228; x_wconf 88' lang='lat' dir='ltr'><strong>et</strong></span> <span class='ocrx_word' id='word_1_296' title='bbox 2331 1175 2702 1231; x_wconf 90' lang='lat' dir='ltr'><strong>tremendum</strong></span> <span class='ocrx_word' id='word_1_297' title='bbox 2742 1183 2800 1232; x_wconf 91' lang='lat' dir='ltr'><strong>et</strong></span> <span class='ocrx_word' id='word_1_298' title='bbox 2827 1179 3148 1234; x_wconf 89' lang='lat' dir='ltr'><strong>amandum</strong></span> <span class='ocrx_word' id='word_1_299' title='bbox 3180 1180 3412 1252; x_wconf 89' lang='lat' dir='ltr'><strong>populis</strong></span> <span class='ocrx_word' id='word_1_300' title='bbox 3440 1182 3652 1251; x_wconf 72' lang='lat' dir='ltr'><strong>etfacit,</strong></span> 
     </span>
    </p>
   </div>
   <div class='ocr_carea' id='block_1_45' title="bbox 2007 1261 3654 1342">
    <p class='ocr_par' dir='ltr' id='par_1_45' title="bbox 2007 1261 3654 1342">
     <span class='ocr_line' id='line_1_46' title="bbox 2007 1261 3654 1342; baseline 0.009 -28"><span class='ocrx_word' id='word_1_301' title='bbox 2007 1264 2082 1327; x_wconf 91' lang='lat' dir='ltr'><strong>et,</strong></span> <span class='ocrx_word' id='word_1_302' title='bbox 2119 1267 2182 1315; x_wconf 87' lang='lat' dir='ltr'><strong>ut</strong></span> <span class='ocrx_word' id='word_1_303' title='bbox 2212 1261 2269 1315; x_wconf 90' lang='lat' dir='ltr'><strong>in</strong></span> <span class='ocrx_word' id='word_1_304' title='bbox 2305 1262 2728 1334; x_wconf 82' lang='lat' dir='ltr'><strong>sempiternum</strong></span> <span class='ocrx_word' id='word_1_305' title='bbox 2751 1281 2980 1337; x_wconf 90' lang='lat' dir='ltr'><strong>regnes,</strong></span> <span class='ocrx_word' id='word_1_306' title='bbox 2997 1266 3654 1342; x_wconf 80' lang='lat' dir='ltr'><strong>chrismateadoptionis</strong></span> 
     </span>
    </p>
   </div>
   <div class='ocr_carea' id='block_1_46' title="bbox 2005 1348 3657 1426">
    <p class='ocr_par' dir='ltr' id='par_1_46' title="bbox 2005 1348 3657 1426">
     <span class='ocr_line' id='line_1_47' title="bbox 2005 1348 3657 1426; baseline 0.012 -24"><span class='ocrx_word' id='word_1_307' title='bbox 2005 1348 2257 1405; x_wconf 77' lang='lat' dir='ltr'><strong>inuexit.</strong></span> <span class='ocrx_word' id='word_1_308' title='bbox 2291 1350 2509 1422; x_wconf 89' lang='lat' dir='ltr'><strong>Nempe</strong></span> <span class='ocrx_word' id='word_1_309' title='bbox 2539 1352 2668 1423; x_wconf 89' lang='lat' dir='ltr'><strong>ipsa</strong></span> <span class='ocrx_word' id='word_1_310' title='bbox 2696 1354 2937 1425; x_wconf 85' lang='lat' dir='ltr'><strong>antiqua</strong></span> <span class='ocrx_word' id='word_1_311' title='bbox 2956 1360 3015 1410; x_wconf 90' lang='lat' dir='ltr'><strong>et</strong></span> <span class='ocrx_word' id='word_1_312' title='bbox 3032 1356 3161 1426; x_wconf 87' lang='lat' dir='ltr'><strong>jam</strong></span> <span class='ocrx_word' id='word_1_313' title='bbox 3193 1359 3657 1419; x_wconf 66' lang='lat' dir='ltr'><strong>emeritaﬂoma</strong></span> 
     </span>
    </p>
   </div>
   <div class='ocr_carea' id='block_1_47' title="bbox 2004 1435 3656 1516">
    <p class='ocr_par' dir='ltr' id='par_1_47' title="bbox 2004 1435 3656 1516">
     <span class='ocr_line' id='line_1_48' title="bbox 2004 1435 3656 1516; baseline 0.011 -27"><span class='ocrx_word' id='word_1_314' title='bbox 2004 1435 2172 1492; x_wconf 88' lang='lat' dir='ltr'><strong>illum</strong></span> <span class='ocrx_word' id='word_1_315' title='bbox 2198 1437 2453 1509; x_wconf 90' lang='lat' dir='ltr'><strong>primum</strong></span> <span class='ocrx_word' id='word_1_316' title='bbox 2478 1440 2911 1497; x_wconf 76' lang='lat' dir='ltr'><strong>nobilissimum</strong></span> <span class='ocrx_word' id='word_1_317' title='bbox 2925 1446 2983 1499; x_wconf 84' lang='lat' dir='ltr'><strong>et</strong></span> <span class='ocrx_word' id='word_1_318' title='bbox 2998 1442 3656 1516; x_wconf 81' lang='lat' dir='ltr'><strong>religiosissimume-</strong></span> 
     </span>
    </p>
   </div>
   <div class='ocr_carea' id='block_1_48' title="bbox 2005 1527 3656 1607">
    <p class='ocr_par' dir='ltr' id='par_1_48' title="bbox 2005 1527 3656 1607">
     <span class='ocr_line' id='line_1_49' title="bbox 2005 1527 3656 1607; baseline 0.01 -27"><span class='ocrx_word' id='word_1_319' title='bbox 2005 1527 2357 1592; x_wconf 86' lang='lat' dir='ltr'><strong>stantinum,</strong></span> <span class='ocrx_word' id='word_1_320' title='bbox 2389 1528 2559 1598; x_wconf 84' lang='lat' dir='ltr'><strong>cujus</strong></span> <span class='ocrx_word' id='word_1_321' title='bbox 2588 1529 2931 1603; x_wconf 86' lang='lat' dir='ltr'><strong>genealogia</strong></span> <span class='ocrx_word' id='word_1_322' title='bbox 2957 1531 3229 1604; x_wconf 88' lang='lat' dir='ltr'><strong>gloriaris</strong></span> <span class='ocrx_word' id='word_1_323' title='bbox 3287 1538 3344 1591; x_wconf 89' lang='lat' dir='ltr'><strong>et</strong></span> <span class='ocrx_word' id='word_1_324' title='bbox 3396 1537 3656 1607; x_wconf 78' lang='lat' dir='ltr'><strong>potentia</strong></span> 
     </span>
    </p>
   </div>
   <div class='ocr_carea' id='block_1_49' title="bbox 2004 1614 3658 1689">
    <p class='ocr_par' dir='ltr' id='par_1_49' title="bbox 2004 1614 3658 1689">
     <span class='ocr_line' id='line_1_50' title="bbox 2004 1614 3658 1689; baseline 0.01 -21"><span class='ocrx_word' id='word_1_325' title='bbox 2004 1614 2420 1686; x_wconf 77' lang='lat' dir='ltr'><strong>magniﬁcaris,</strong></span> <span class='ocrx_word' id='word_1_326' title='bbox 2455 1619 2744 1689; x_wconf 82' lang='lat' dir='ltr'><strong>cujusque</strong></span> <span class='ocrx_word' id='word_1_327' title='bbox 2756 1619 2827 1675; x_wconf 90' lang='lat' dir='ltr'><strong>de</strong></span> <span class='ocrx_word' id='word_1_328' title='bbox 2852 1620 3089 1676; x_wconf 87' lang='lat' dir='ltr'><strong>nomine</strong></span> <span class='ocrx_word' id='word_1_329' title='bbox 3108 1621 3326 1679; x_wconf 86' lang='lat' dir='ltr'><strong>dictam</strong></span> <span class='ocrx_word' id='word_1_330' title='bbox 3348 1624 3559 1683; x_wconf 80' lang='lat' dir='ltr'><strong>urbem</strong></span> <span class='ocrx_word' id='word_1_331' title='bbox 3576 1625 3658 1683; x_wconf 69' lang='lat' dir='ltr'><strong>fa-</strong></span> 
     </span>
    </p>
   </div>
   <div class='ocr_carea' id='block_1_50' title="bbox 2004 1703 3658 1784">
    <p class='ocr_par' dir='ltr' id='par_1_50' title="bbox 2004 1703 3658 1784">
     <span class='ocr_line' id='line_1_51' title="bbox 2004 1703 3658 1784; baseline 0.008 -27"><span class='ocrx_word' id='word_1_332' title='bbox 2004 1718 2232 1758; x_wconf 87' lang='lat' dir='ltr'><strong>mosam</strong></span> <span class='ocrx_word' id='word_1_333' title='bbox 2258 1703 2411 1775; x_wconf 87' lang='lat' dir='ltr'><strong>regis</strong></span> <span class='ocrx_word' id='word_1_334' title='bbox 2443 1705 2841 1776; x_wconf 89' lang='lat' dir='ltr'><strong>temporaliter</strong></span> <span class='ocrx_word' id='word_1_335' title='bbox 2870 1707 3078 1777; x_wconf 87' lang='lat' dir='ltr'><strong>edidit,</strong></span> <span class='ocrx_word' id='word_1_336' title='bbox 3108 1710 3658 1784; x_wconf 78' lang='lat' dir='ltr'><strong>nutrivit,,provexit</strong></span> 
     </span>
    </p>
   </div>
   <div class='ocr_carea' id='block_1_51' title="bbox 2003 1879 3649 1957">
    <p class='ocr_par' dir='ltr' id='par_1_51' title="bbox 2003 1879 3649 1957">
     <span class='ocr_line' id='line_1_52' title="bbox 2003 1879 3649 1957; baseline 0.01 -24"><span class='ocrx_word' id='word_1_337' title='bbox 2003 1879 2251 1934; x_wconf 87' lang='lat' dir='ltr'><strong>cessavit</strong></span> <span class='ocrx_word' id='word_1_338' title='bbox 2278 1880 2461 1936; x_wconf 90' lang='lat' dir='ltr'><strong>donec</strong></span> <span class='ocrx_word' id='word_1_339' title='bbox 2490 1882 2764 1938; x_wconf 90' lang='lat' dir='ltr'><strong>eumdem</strong></span> <span class='ocrx_word' id='word_1_340' title='bbox 2793 1884 2991 1939; x_wconf 58' lang='lat' dir='ltr'><strong>aeterni</strong></span> <span class='ocrx_word' id='word_1_341' title='bbox 3022 1885 3187 1957; x_wconf 80' lang='lat' dir='ltr'><strong>regni</strong></span> <span class='ocrx_word' id='word_1_342' title='bbox 3227 1884 3422 1957; x_wconf 84' lang='lat' dir='ltr'><strong>gloria</strong></span> <span class='ocrx_word' id='word_1_343' title='bbox 3440 1904 3649 1949; x_wconf 84' lang='lat' dir='ltr'><strong>cumu-</strong></span> 
     </span>
    </p>
   </div>
   <div class='ocr_carea' id='block_1_52' title="bbox 2000 1966 3646 2044">
    <p class='ocr_par' dir='ltr' id='par_1_52' title="bbox 2000 1966 3646 2044">
     <span class='ocr_line' id='line_1_53' title="bbox 2000 1966 3646 2044; baseline 0.009 -22"><span class='ocrx_word' id='word_1_344' title='bbox 2000 1966 2160 2023; x_wconf 87' lang='lat' dir='ltr'><strong>lavit.</strong></span> <span class='ocrx_word' id='word_1_345' title='bbox 2196 1968 2357 2024; x_wconf 88' lang='lat' dir='ltr'><strong>Unde</strong></span> <span class='ocrx_word' id='word_1_346' title='bbox 2383 1968 2735 2026; x_wconf 88' lang='lat' dir='ltr'><strong>multimoda</strong></span> <span class='ocrx_word' id='word_1_347' title='bbox 2762 1971 3084 2044; x_wconf 85' lang='lat' dir='ltr'><strong>gratiarum</strong></span> <span class='ocrx_word' id='word_1_348' title='bbox 3115 1972 3342 2031; x_wconf 89' lang='lat' dir='ltr'><strong>actione</strong></span> <span class='ocrx_word' id='word_1_349' title='bbox 3363 1978 3530 2035; x_wconf 84' lang='lat' dir='ltr'><strong>tuam</strong></span> <span class='ocrx_word' id='word_1_350' title='bbox 3547 1992 3646 2035; x_wconf 79' lang='lat' dir='ltr'><strong>ex-</strong></span> 
     </span>
    </p>
   </div>
   <div class='ocr_carea' id='block_1_53' title="bbox 2001 2056 3644 2135">
    <p class='ocr_par' dir='ltr' id='par_1_53' title="bbox 2001 2056 3644 2135">
     <span class='ocr_line' id='line_1_54' title="bbox 2001 2056 3644 2135; baseline 0.007 -24"><span class='ocrx_word' id='word_1_351' title='bbox 2001 2056 2349 2124; x_wconf 88' lang='lat' dir='ltr'><strong>cellentiam,</strong></span> <span class='ocrx_word' id='word_1_352' title='bbox 2380 2057 2802 2130; x_wconf 86' lang='lat' dir='ltr'><strong>gloriosissime</strong></span> <span class='ocrx_word' id='word_1_353' title='bbox 2850 2059 2955 2127; x_wconf 83' lang='lat' dir='ltr'><strong>ﬁli,</strong></span> <span class='ocrx_word' id='word_1_354' title='bbox 3005 2061 3644 2135; x_wconf 72' lang='lat' dir='ltr'><strong>magniﬁcando,,tanto</strong></span> 
     </span>
    </p>
   </div>
   <div class='ocr_carea' id='block_1_54' title="bbox 2000 2146 3648 2226">
    <p class='ocr_par' dir='ltr' id='par_1_54' title="bbox 2000 2146 3648 2226">
     <span class='ocr_line' id='line_1_55' title="bbox 2000 2146 3648 2226; baseline 0.007 -26"><span class='ocrx_word' id='word_1_355' title='bbox 2000 2146 2211 2216; x_wconf 87' lang='lat' dir='ltr'><strong>majori</strong></span> <span class='ocrx_word' id='word_1_356' title='bbox 2233 2163 2410 2217; x_wconf 87' lang='lat' dir='ltr'><strong>super</strong></span> <span class='ocrx_word' id='word_1_357' title='bbox 2430 2152 2531 2203; x_wconf 88' lang='lat' dir='ltr'><strong>tua</strong></span> <span class='ocrx_word' id='word_1_358' title='bbox 2547 2148 2851 2204; x_wconf 88' lang='lat' dir='ltr'><strong>devotione</strong></span> <span class='ocrx_word' id='word_1_359' title='bbox 2870 2154 2929 2206; x_wconf 92' lang='lat' dir='ltr'><strong>et</strong></span> <span class='ocrx_word' id='word_1_360' title='bbox 2939 2150 3335 2223; x_wconf 83' lang='lat' dir='ltr'><strong>recognitione</strong></span> <span class='ocrx_word' id='word_1_361' title='bbox 3352 2152 3648 2226; x_wconf 68' lang='lat' dir='ltr'><strong>raptamur</strong></span> 
     </span>
    </p>
   </div>
   <div class='ocr_carea' id='block_1_55' title="bbox 1998 2228 3644 2309">
    <p class='ocr_par' dir='ltr' id='par_1_55' title="bbox 1998 2228 3644 2309">
     <span class='ocr_line' id='line_1_56' title="bbox 1998 2228 3644 2309; baseline 0.008 -20"><span class='ocrx_word' id='word_1_362' title='bbox 1998 2235 2234 2305; x_wconf 89' lang='lat' dir='ltr'><strong>gaudio,</strong></span> <span class='ocrx_word' id='word_1_363' title='bbox 2254 2240 2474 2306; x_wconf 88' lang='lat' dir='ltr'><strong>quanto</strong></span> <span class='ocrx_word' id='word_1_364' title='bbox 2497 2237 2788 2309; x_wconf 90' lang='lat' dir='ltr'><strong>copiosior</strong></span> <span class='ocrx_word' id='word_1_365' title='bbox 2806 2239 3138 2295; x_wconf 87' lang='lat' dir='ltr'><strong>animarum</strong></span> <span class='ocrx_word' id='word_1_366' title='bbox 3154 2257 3441 2303; x_wconf 79' lang='lat' dir='ltr'><strong>numerus</strong></span> <span class='ocrx_word' id='word_1_367' title='bbox 3454 2258 3526 2301; x_wconf 78' lang='lat' dir='ltr'><strong>ex</strong></span> <span class='ocrx_word' id='word_1_368' title='bbox 3544 2228 3644 2307; x_wconf 69' lang='lat' dir='ltr'><strong>tuo</strong></span> 
     </span>
    </p>
   </div>
   <div class='ocr_carea' id='block_1_56' title="bbox 1999 2323 3646 2403">
    <p class='ocr_par' dir='ltr' id='par_1_56' title="bbox 1999 2323 3646 2403">
     <span class='ocr_line' id='line_1_57' title="bbox 1999 2323 3646 2403; baseline 0.009 -27"><span class='ocrx_word' id='word_1_369' title='bbox 1999 2323 2284 2393; x_wconf 88' lang='lat' dir='ltr'><strong>regimine</strong></span> <span class='ocrx_word' id='word_1_370' title='bbox 2314 2324 2529 2395; x_wconf 89' lang='lat' dir='ltr'><strong>pendet</strong></span> <span class='ocrx_word' id='word_1_371' title='bbox 2558 2330 2776 2397; x_wconf 89' lang='lat' dir='ltr'><strong>tuoque</strong></span> <span class='ocrx_word' id='word_1_372' title='bbox 2805 2325 3079 2385; x_wconf 85' lang='lat' dir='ltr'><strong>innititur</strong></span> <span class='ocrx_word' id='word_1_373' title='bbox 3107 2330 3393 2403; x_wconf 85' lang='lat' dir='ltr'><strong>exemplo.</strong></span> <span class='ocrx_word' id='word_1_374' title='bbox 3416 2330 3646 2395; x_wconf 76' lang='lat' dir='ltr'><strong>Etideo</strong></span> 
     </span>
    </p>
   </div>
   <div class='ocr_carea' id='block_1_57' title="bbox 1995 2418 3650 2492">
    <p class='ocr_par' dir='ltr' id='par_1_57' title="bbox 1995 2418 3650 2492">
     <span class='ocr_line' id='line_1_58' title="bbox 1995 2418 3650 2492; baseline 0.007 -27"><span class='ocrx_word' id='word_1_375' title='bbox 1995 2425 2113 2465; x_wconf 90' lang='lat' dir='ltr'><strong>non</strong></span> <span class='ocrx_word' id='word_1_376' title='bbox 2163 2428 2466 2468; x_wconf 84' lang='lat' dir='ltr'><strong>cessamus</strong></span> <span class='ocrx_word' id='word_1_377' title='bbox 2515 2429 2682 2471; x_wconf 84' lang='lat' dir='ltr'><strong>orare</strong></span> <span class='ocrx_word' id='word_1_378' title='bbox 2740 2430 3114 2474; x_wconf 88' lang='lat' dir='ltr'><strong>communem</strong></span> <span class='ocrx_word' id='word_1_379' title='bbox 3164 2418 3650 2492; x_wconf 70' lang='lat' dir='ltr'><strong>Dominum..per</strong></span> 
     </span>
    </p>
   </div>
   <div class='ocr_carea' id='block_1_58' title="bbox 1996 2504 3649 2577">
    <p class='ocr_par' dir='ltr' id='par_1_58' title="bbox 1996 2504 3649 2577">
     <span class='ocr_line' id='line_1_59' title="bbox 1996 2504 3649 2577; baseline 0.007 -24"><span class='ocrx_word' id='word_1_380' title='bbox 1996 2514 2170 2569; x_wconf 87' lang='lat' dir='ltr'><strong>quem</strong></span> <span class='ocrx_word' id='word_1_381' title='bbox 2203 2516 2368 2573; x_wconf 88' lang='lat' dir='ltr'><strong>reges</strong></span> <span class='ocrx_word' id='word_1_382' title='bbox 2398 2508 2645 2573; x_wconf 87' lang='lat' dir='ltr'><strong>regnant</strong></span> <span class='ocrx_word' id='word_1_383' title='bbox 2684 2508 2741 2559; x_wconf 90' lang='lat' dir='ltr'><strong>et</strong></span> <span class='ocrx_word' id='word_1_384' title='bbox 2786 2504 3079 2577; x_wconf 88' lang='lat' dir='ltr'><strong>principes</strong></span> <span class='ocrx_word' id='word_1_385' title='bbox 3112 2507 3284 2577; x_wconf 87' lang='lat' dir='ltr'><strong>justa</strong></span> <span class='ocrx_word' id='word_1_386' title='bbox 3324 2508 3649 2571; x_wconf 78' lang='lat' dir='ltr'><strong>decernunt</strong></span> 
     </span>
    </p>
   </div>
   <div class='ocr_carea' id='block_1_59' title="bbox 1994 2588 3646 2668">
    <p class='ocr_par' dir='ltr' id='par_1_59' title="bbox 1994 2588 3646 2668">
     <span class='ocr_line' id='line_1_60' title="bbox 1994 2588 3646 2668; baseline 0.008 -27"><span class='ocrx_word' id='word_1_387' title='bbox 1994 2588 2177 2656; x_wconf 86' lang='lat' dir='ltr'><strong>(Prov.</strong></span> <span class='ocrx_word' id='word_1_388' title='bbox 2198 2589 2341 2660; x_wconf 85' lang='lat' dir='ltr'><strong>vm),</strong></span> <span class='ocrx_word' id='word_1_389' title='bbox 2364 2591 2506 2646; x_wconf 88' lang='lat' dir='ltr'><strong>utin</strong></span> <span class='ocrx_word' id='word_1_390' title='bbox 2530 2607 2636 2647; x_wconf 90' lang='lat' dir='ltr'><strong>suo</strong></span> <span class='ocrx_word' id='word_1_391' title='bbox 2661 2591 3024 2665; x_wconf 88' lang='lat' dir='ltr'><strong>beneplacito</strong></span> <span class='ocrx_word' id='word_1_392' title='bbox 3044 2598 3101 2651; x_wconf 92' lang='lat' dir='ltr'><strong>te</strong></span> <span class='ocrx_word' id='word_1_393' title='bbox 3118 2595 3646 2668; x_wconf 66' lang='lat' dir='ltr'><strong>conservetlonga-</strong></span> 
     </span>
    </p>
   </div>
   <div class='ocr_carea' id='block_1_60' title="bbox 1994 2677 3642 2750">
    <p class='ocr_par' dir='ltr' id='par_1_60' title="bbox 1994 2677 3642 2750">
     <span class='ocr_line' id='line_1_61' title="bbox 1994 2677 3642 2750; baseline 0.007 -20"><span class='ocrx_word' id='word_1_394' title='bbox 1994 2693 2154 2742; x_wconf 88' lang='lat' dir='ltr'><strong>vum,</strong></span> <span class='ocrx_word' id='word_1_395' title='bbox 2186 2681 2244 2732; x_wconf 89' lang='lat' dir='ltr'><strong>et</strong></span> <span class='ocrx_word' id='word_1_396' title='bbox 2275 2677 2565 2750; x_wconf 90' lang='lat' dir='ltr'><strong>compleat</strong></span> <span class='ocrx_word' id='word_1_397' title='bbox 2594 2680 2653 2735; x_wconf 89' lang='lat' dir='ltr'><strong>in</strong></span> <span class='ocrx_word' id='word_1_398' title='bbox 2674 2680 2845 2736; x_wconf 84' lang='lat' dir='ltr'><strong>bonis</strong></span> <span class='ocrx_word' id='word_1_399' title='bbox 2867 2683 3225 2739; x_wconf 88' lang='lat' dir='ltr'><strong>desiderium</strong></span> <span class='ocrx_word' id='word_1_400' title='bbox 3248 2690 3439 2740; x_wconf 90' lang='lat' dir='ltr'><strong>tuum.</strong></span> <span class='ocrx_word' id='word_1_401' title='bbox 3462 2684 3642 2747; x_wconf 87' lang='lat' dir='ltr'><strong>Porro</strong></span> 
     </span>
    </p>
   </div>
   <div class='ocr_carea' id='block_1_61' title="bbox 1992 2764 3641 2844">
    <p class='ocr_par' dir='ltr' id='par_1_61' title="bbox 1992 2764 3641 2844">
     <span class='ocr_line' id='line_1_62' title="bbox 1992 2764 3641 2844; baseline 0.006 -26"><span class='ocrx_word' id='word_1_402' title='bbox 1992 2779 2098 2835; x_wconf 88' lang='lat' dir='ltr'><strong>ego</strong></span> <span class='ocrx_word' id='word_1_403' title='bbox 2121 2764 2246 2836; x_wconf 89' lang='lat' dir='ltr'><strong>ipse</strong></span> <span class='ocrx_word' id='word_1_404' title='bbox 2268 2764 2697 2840; x_wconf 88' lang='lat' dir='ltr'><strong>qualiscunque</strong></span> <span class='ocrx_word' id='word_1_405' title='bbox 2718 2768 3048 2838; x_wconf 69' lang='lat' dir='ltr'><strong>apostolicae</strong></span> <span class='ocrx_word' id='word_1_406' title='bbox 3065 2768 3318 2828; x_wconf 84' lang='lat' dir='ltr'><strong>vicarius</strong></span> <span class='ocrx_word' id='word_1_407' title='bbox 3339 2770 3516 2839; x_wconf 86' lang='lat' dir='ltr'><strong>sedis,</strong></span> <span class='ocrx_word' id='word_1_408' title='bbox 3536 2786 3641 2844; x_wconf 74' lang='lat' dir='ltr'><strong>pro</strong></span> 
     </span>
    </p>
   </div>
   <div class='ocr_carea' id='block_1_62' title="bbox 1992 2852 3639 2931">
    <p class='ocr_par' dir='ltr' id='par_1_62' title="bbox 1992 2852 3639 2931">
     <span class='ocr_line' id='line_1_63' title="bbox 1992 2852 3639 2931; baseline 0.007 -25"><span class='ocrx_word' id='word_1_409' title='bbox 1992 2852 2229 2908; x_wconf 89' lang='lat' dir='ltr'><strong>modulo</strong></span> <span class='ocrx_word' id='word_1_410' title='bbox 2249 2852 2599 2910; x_wconf 81' lang='lat' dir='ltr'><strong>humilitatis</strong></span> <span class='ocrx_word' id='word_1_411' title='bbox 2616 2871 2756 2911; x_wconf 80' lang='lat' dir='ltr'><strong>meae</strong></span> <span class='ocrx_word' id='word_1_412' title='bbox 2776 2860 2833 2911; x_wconf 88' lang='lat' dir='ltr'><strong>et</strong></span> <span class='ocrx_word' id='word_1_413' title='bbox 2848 2856 3261 2927; x_wconf 88' lang='lat' dir='ltr'><strong>possibilitatis</strong></span> <span class='ocrx_word' id='word_1_414' title='bbox 3278 2857 3639 2931; x_wconf 81' lang='lat' dir='ltr'><strong>supplerela-</strong></span> 
     </span>
    </p>
   </div>
   <div class='ocr_carea' id='block_1_63' title="bbox 1990 2939 3637 3017">
    <p class='ocr_par' dir='ltr' id='par_1_63' title="bbox 1990 2939 3637 3017">
     <span class='ocr_line' id='line_1_64' title="bbox 1990 2939 3637 3017; baseline 0.007 -23"><span class='ocrx_word' id='word_1_415' title='bbox 1990 2939 2205 2997; x_wconf 88' lang='lat' dir='ltr'><strong>borans</strong></span> <span class='ocrx_word' id='word_1_416' title='bbox 2224 2941 2403 2996; x_wconf 83' lang='lat' dir='ltr'><strong>vicem</strong></span> <span class='ocrx_word' id='word_1_417' title='bbox 2428 2942 2569 2997; x_wconf 86' lang='lat' dir='ltr'><strong>mihi</strong></span> <span class='ocrx_word' id='word_1_418' title='bbox 2589 2942 2918 3000; x_wconf 75' lang='lat' dir='ltr'><strong>commissa:</strong></span> <span class='ocrx_word' id='word_1_419' title='bbox 2936 2943 3414 3017; x_wconf 73' lang='lat' dir='ltr'><strong>dispensationis,</strong></span> <span class='ocrx_word' id='word_1_420' title='bbox 3431 2962 3637 3013; x_wconf 76' lang='lat' dir='ltr'><strong>secun-</strong></span> 
     </span>
    </p>
   </div>
   <div class='ocr_carea' id='block_1_64' title="bbox 1989 3029 3631 3109">
    <p class='ocr_par' dir='ltr' id='par_1_64' title="bbox 1989 3029 3631 3109">
     <span class='ocr_line' id='line_1_65' title="bbox 1989 3029 3631 3109; baseline 0.005 -24"><span class='ocrx_word' id='word_1_421' title='bbox 1989 3029 2128 3085; x_wconf 90' lang='lat' dir='ltr'><strong>dum</strong></span> <span class='ocrx_word' id='word_1_422' title='bbox 2162 3029 2501 3101; x_wconf 91' lang='lat' dir='ltr'><strong>deiloquum</strong></span> <span class='ocrx_word' id='word_1_423' title='bbox 2532 3030 2776 3088; x_wconf 90' lang='lat' dir='ltr'><strong>Paulum</strong></span> <span class='ocrx_word' id='word_1_424' title='bbox 2802 3049 2815 3087; x_wconf 86' lang='lat'><strong><em>:</em></strong></span> <span class='ocrx_word' id='word_1_425' title='bbox 2846 3033 2934 3090; x_wconf 61' lang='lat' dir='ltr'><strong>Vm</strong></span> <span class='ocrx_word' id='word_1_426' title='bbox 2960 3035 3101 3088; x_wconf 85' lang='lat' dir='ltr'><strong>mihi</strong></span> <span class='ocrx_word' id='word_1_427' title='bbox 3128 3038 3230 3103; x_wconf 82' lang='lat' dir='ltr'><strong>est,</strong></span> <span class='ocrx_word' id='word_1_428' title='bbox 3256 3037 3309 3091; x_wconf 81' lang='lat' dir='ltr'><strong>si</strong></span> <span class='ocrx_word' id='word_1_429' title='bbox 3336 3051 3447 3093; x_wconf 82' lang='lat' dir='ltr'><strong>non</strong></span> <span class='ocrx_word' id='word_1_430' title='bbox 3470 3051 3631 3109; x_wconf 79' lang='lat' dir='ltr'><strong>evan-</strong></span> 
     </span>
    </p>
   </div>
   <div class='ocr_carea' id='block_1_65' title="bbox 223 3106 3629 3191">
    <p class='ocr_par' dir='ltr' id='par_1_65' title="bbox 223 3106 3629 3191">
     <span class='ocr_line' id='line_1_66' title="bbox 223 3106 3629 3191; baseline 0.002 -16"><span class='ocrx_word' id='word_1_431' title='bbox 223 3118 525 3175; x_wconf 87' lang='lat' dir='ltr'><strong>meliorari</strong></span> <span class='ocrx_word' id='word_1_432' title='bbox 548 3118 937 3175; x_wconf 82' lang='lat' dir='ltr'><strong>confidamus.</strong></span> <span class='ocrx_word' id='word_1_433' title='bbox 971 3121 1056 3175; x_wconf 92' lang='lat' dir='ltr'><strong>Tu</strong></span> <span class='ocrx_word' id='word_1_434' title='bbox 1075 3120 1235 3175; x_wconf 89' lang='lat' dir='ltr'><strong>enim</strong></span> <span class='ocrx_word' id='word_1_435' title='bbox 1253 3131 1382 3191; x_wconf 83' lang='lat' dir='ltr'><strong>post</strong></span> <span class='ocrx_word' id='word_1_436' title='bbox 1408 3118 1875 3190; x_wconf 88' lang='lat' dir='ltr'><strong>nimiumlongas</strong></span> <span class='ocrx_word' id='word_1_437' title='bbox 1906 3106 1947 3172; x_wconf 89' lang='lat' dir='ltr'><strong>C</strong></span> <span class='ocrx_word' id='word_1_438' title='bbox 1984 3117 2332 3189; x_wconf 76' lang='lat' dir='ltr'><strong>getizavero:</strong></span> <span class='ocrx_word' id='word_1_439' title='bbox 2365 3121 2653 3175; x_wconf 75' lang='lat' dir='ltr'><strong>necessitas</strong></span> <span class='ocrx_word' id='word_1_440' title='bbox 2697 3123 2847 3176; x_wconf 87' lang='lat' dir='ltr'><strong>enim</strong></span> <span class='ocrx_word' id='word_1_441' title='bbox 2895 3122 3039 3178; x_wconf 82' lang='lat' dir='ltr'><strong>mihi</strong></span> <span class='ocrx_word' id='word_1_442' title='bbox 3083 3123 3353 3187; x_wconf 80' lang='lat' dir='ltr'><strong>incumbit</strong></span> <span class='ocrx_word' id='word_1_443' title='bbox 3376 3106 3629 3181; x_wconf 68' lang='lat' dir='ltr'><strong>maxima</strong></span> 
     </span>
    </p>
   </div>
   <div class='ocr_carea' id='block_1_66' title="bbox 221 3206 1876 3280">
    <p class='ocr_par' dir='ltr' id='par_1_66' title="bbox 221 3206 1876 3280">
     <span class='ocr_line' id='line_1_67' title="bbox 221 3206 1876 3280; baseline 0 -17"><span class='ocrx_word' id='word_1_444' title='bbox 221 3212 277 3263; x_wconf 89' lang='lat' dir='ltr'><strong>et</strong></span> <span class='ocrx_word' id='word_1_445' title='bbox 308 3206 673 3279; x_wconf 88' lang='lat' dir='ltr'><strong>perniciosas</strong></span> <span class='ocrx_word' id='word_1_446' title='bbox 685 3206 1029 3275; x_wconf 88' lang='lat' dir='ltr'><strong>discordias,</strong></span> <span class='ocrx_word' id='word_1_447' title='bbox 1058 3208 1287 3279; x_wconf 88' lang='lat' dir='ltr'><strong>primus</strong></span> <span class='ocrx_word' id='word_1_448' title='bbox 1302 3208 1465 3280; x_wconf 87' lang='lat' dir='ltr'><strong>pacis</strong></span> <span class='ocrx_word' id='word_1_449' title='bbox 1486 3212 1544 3263; x_wconf 92' lang='lat' dir='ltr'><strong>et</strong></span> <span class='ocrx_word' id='word_1_450' title='bbox 1556 3207 1876 3264; x_wconf 63' lang='lat' dir='ltr'><strong>concordiae</strong></span> 
     </span>
    </p>
   </div>
   <div class='ocr_carea' id='block_1_67' title="bbox 1988 3208 3630 3280">
    <p class='ocr_par' dir='ltr' id='par_1_67' title="bbox 1988 3208 3630 3280">
     <span class='ocr_line' id='line_1_68' title="bbox 1988 3208 3630 3280; baseline 0.005 -16"><span class='ocrx_word' id='word_1_451' title='bbox 1988 3208 2035 3280; x_wconf 92' lang='grc'><strong>(1</strong></span> <span class='ocrx_word' id='word_1_452' title='bbox 2067 3208 2185 3263; x_wconf 87' lang='lat' dir='ltr'><strong>Cor.</strong></span> <span class='ocrx_word' id='word_1_453' title='bbox 2229 3211 2330 3276; x_wconf 83' lang='lat' dir='ltr'><strong>Ix),</strong></span> <span class='ocrx_word' id='word_1_454' title='bbox 2371 3208 2629 3280; x_wconf 87' lang='lat' dir='ltr'><strong>posituro</strong></span> <span class='ocrx_word' id='word_1_455' title='bbox 2662 3210 2944 3267; x_wconf 88' lang='lat' dir='ltr'><strong>rationem</strong></span> <span class='ocrx_word' id='word_1_456' title='bbox 2999 3215 3212 3268; x_wconf 66' lang='lat' dir='ltr'><strong>aeterno</strong></span> <span class='ocrx_word' id='word_1_457' title='bbox 3261 3215 3320 3268; x_wconf 89' lang='lat' dir='ltr'><strong>et</strong></span> <span class='ocrx_word' id='word_1_458' title='bbox 3365 3211 3630 3279; x_wconf 75' lang='lat' dir='ltr'><strong>districto</strong></span> 
     </span>
    </p>
   </div>
   <div class='ocr_carea' id='block_1_68' title="bbox 217 3294 3629 3373">
    <p class='ocr_par' dir='ltr' id='par_1_68' title="bbox 217 3294 3629 3373">
     <span class='ocr_line' id='line_1_69' title="bbox 217 3294 3629 3373; baseline 0.002 -21"><span class='ocrx_word' id='word_1_459' title='bbox 217 3296 510 3361; x_wconf 87' lang='lat' dir='ltr'><strong>monitor,</strong></span> <span class='ocrx_word' id='word_1_460' title='bbox 542 3294 787 3367; x_wconf 86' lang='lat' dir='ltr'><strong>portitor</strong></span> <span class='ocrx_word' id='word_1_461' title='bbox 813 3301 872 3352; x_wconf 91' lang='lat' dir='ltr'><strong>et</strong></span> <span class='ocrx_word' id='word_1_462' title='bbox 894 3300 1199 3367; x_wconf 84' lang='lat' dir='ltr'><strong>exoptatus</strong></span> <span class='ocrx_word' id='word_1_463' title='bbox 1229 3300 1461 3352; x_wconf 88' lang='lat' dir='ltr'><strong>exactor</strong></span> <span class='ocrx_word' id='word_1_464' title='bbox 1495 3296 1763 3360; x_wconf 79' lang='lat' dir='ltr'><strong>efficeris,</strong></span> <span class='ocrx_word' id='word_1_465' title='bbox 1825 3301 1883 3353; x_wconf 89' lang='lat' dir='ltr'><strong>et</strong></span> <span class='ocrx_word' id='word_1_466' title='bbox 1980 3297 2190 3368; x_wconf 88' lang='lat' dir='ltr'><strong>judici,</strong></span> <span class='ocrx_word' id='word_1_467' title='bbox 2223 3301 2457 3369; x_wconf 83' lang='lat' dir='ltr'><strong>propter</strong></span> <span class='ocrx_word' id='word_1_468' title='bbox 2488 3298 2664 3354; x_wconf 89' lang='lat' dir='ltr'><strong>unius</strong></span> <span class='ocrx_word' id='word_1_469' title='bbox 2695 3298 2953 3370; x_wconf 88' lang='lat' dir='ltr'><strong>regimen</strong></span> <span class='ocrx_word' id='word_1_470' title='bbox 2980 3298 3270 3368; x_wconf 69' lang='lat' dir='ltr'><strong>Ecclesiae,</strong></span> <span class='ocrx_word' id='word_1_471' title='bbox 3293 3316 3363 3359; x_wconf 79' lang='lat' dir='ltr'><strong>ex</strong></span> <span class='ocrx_word' id='word_1_472' title='bbox 3386 3301 3512 3373; x_wconf 74' lang='lat' dir='ltr'><strong>[hoc</strong></span> <span class='ocrx_word' id='word_1_473' title='bbox 3529 3309 3629 3369; x_wconf 81' lang='lat' dir='ltr'><strong>est,</strong></span> 
     </span>
    </p>
   </div>
   <div class='ocr_carea' id='block_1_69' title="bbox 219 3382 1883 3453">
    <p class='ocr_par' dir='ltr' id='par_1_69' title="bbox 219 3382 1883 3453">
     <span class='ocr_line' id='line_1_70' title="bbox 219 3382 1883 3453; baseline 0.001 -14"><span class='ocrx_word' id='word_1_474' title='bbox 219 3383 672 3453; x_wconf 86' lang='lat' dir='ltr'><strong>cnmipsovase</strong></span> <span class='ocrx_word' id='word_1_475' title='bbox 700 3382 1005 3439; x_wconf 87' lang='lat' dir='ltr'><strong>electionis</strong></span> <span class='ocrx_word' id='word_1_476' title='bbox 1065 3382 1399 3439; x_wconf 88' lang='lat' dir='ltr'><strong>humillimo</strong></span> <span class='ocrx_word' id='word_1_477' title='bbox 1462 3383 1639 3439; x_wconf 90' lang='lat' dir='ltr'><strong>Paulo</strong></span> <span class='ocrx_word' id='word_1_478' title='bbox 1692 3384 1883 3441; x_wconf 87' lang='lat' dir='ltr'><strong>dicere</strong></span> 
     </span>
    </p>
   </div>
   <div class='ocr_carea' id='block_1_70' title="bbox 217 3471 1884 3544">
    <p class='ocr_par' dir='ltr' id='par_1_70' title="bbox 217 3471 1884 3544">
     <span class='ocr_line' id='line_1_71' title="bbox 217 3471 1884 3544; baseline 0.001 -16"><span class='ocrx_word' id='word_1_479' title='bbox 217 3471 452 3528; x_wconf 82' lang='lat' dir='ltr'><strong>videris</strong></span> <span class='ocrx_word' id='word_1_480' title='bbox 471 3487 485 3525; x_wconf 90' lang='lat'><strong>:</strong></span> <span class='ocrx_word' id='word_1_481' title='bbox 505 3476 611 3527; x_wconf 85' lang='lat' dir='ltr'><strong>Pro</strong></span> <span class='ocrx_word' id='word_1_482' title='bbox 635 3471 849 3529; x_wconf 81' lang='lat' dir='ltr'><strong>Christo</strong></span> <span class='ocrx_word' id='word_1_483' title='bbox 864 3473 1138 3541; x_wconf 80' lang='lat' dir='ltr'><strong>legatione</strong></span> <span class='ocrx_word' id='word_1_484' title='bbox 1152 3473 1463 3543; x_wconf 81' lang='lat' dir='ltr'><strong>fungentes,</strong></span> <span class='ocrx_word' id='word_1_485' title='bbox 1488 3476 1753 3544; x_wconf 82' lang='lat' dir='ltr'><strong>tanquam</strong></span> <span class='ocrx_word' id='word_1_486' title='bbox 1768 3478 1884 3530; x_wconf 89' lang='lat' dir='ltr'><strong>Deo</strong></span> 
     </span>
    </p>
   </div>
   <div class='ocr_carea' id='block_1_71' title="bbox 220 3561 1887 3635">
    <p class='ocr_par' dir='ltr' id='par_1_71' title="bbox 220 3561 1887 3635">
     <span class='ocr_line' id='line_1_72' title="bbox 220 3561 1887 3635; baseline 0.001 -19"><span class='ocrx_word' id='word_1_487' title='bbox 220 3561 569 3616; x_wconf 70' lang='lat' dir='ltr'><strong>exhortante</strong></span> <span class='ocrx_word' id='word_1_488' title='bbox 580 3576 678 3632; x_wconf 84' lang='lat' dir='ltr'><strong>per</strong></span> <span class='ocrx_word' id='word_1_489' title='bbox 691 3577 811 3625; x_wconf 83' lang='lat' dir='ltr'><strong>nos,</strong></span> <span class='ocrx_word' id='word_1_490' title='bbox 834 3562 1196 3629; x_wconf 81' lang='lat' dir='ltr'><strong>obsecramus,</strong></span> <span class='ocrx_word' id='word_1_491' title='bbox 1216 3562 1657 3619; x_wconf 76' lang='lat' dir='ltr'><strong>recmzcitiamini</strong></span> <span class='ocrx_word' id='word_1_492' title='bbox 1663 3567 1887 3635; x_wconf 81' lang='lat' dir='ltr'><strong>propter</strong></span> 
     </span>
    </p>
   </div>
   <div class='ocr_carea' id='block_1_72' title="bbox 227 3648 1889 3723">
    <p class='ocr_par' dir='ltr' id='par_1_72' title="bbox 227 3648 1889 3723">
     <span class='ocr_line' id='line_1_73' title="bbox 227 3648 1889 3723; baseline 0.001 -18"><span class='ocrx_word' id='word_1_493' title='bbox 227 3666 360 3705; x_wconf 63' lang='lat' dir='ltr'><strong>cura</strong></span> <span class='ocrx_word' id='word_1_494' title='bbox 388 3649 464 3721; x_wconf 89' lang='lat' dir='ltr'><strong>(II</strong></span> <span class='ocrx_word' id='word_1_495' title='bbox 493 3648 614 3704; x_wconf 85' lang='lat' dir='ltr'><strong>Cor.</strong></span> <span class='ocrx_word' id='word_1_496' title='bbox 647 3648 704 3719; x_wconf 82' lang='grc' dir='ltr'><strong>ν)</strong></span> <span class='ocrx_word' id='word_1_497' title='bbox 733 3651 831 3720; x_wconf 87' lang='lat' dir='ltr'><strong>qui</strong></span> <span class='ocrx_word' id='word_1_498' title='bbox 858 3653 936 3705; x_wconf 85' lang='lat' dir='ltr'><strong>est</strong></span> <span class='ocrx_word' id='word_1_499' title='bbox 958 3666 1076 3722; x_wconf 75' lang='lat' dir='ltr'><strong>pax</strong></span> <span class='ocrx_word' id='word_1_500' title='bbox 1099 3654 1308 3718; x_wconf 84' lang='lat' dir='ltr'><strong>nostra,</strong></span> <span class='ocrx_word' id='word_1_501' title='bbox 1341 3652 1437 3721; x_wconf 85' lang='lat' dir='ltr'><strong>qui</strong></span> <span class='ocrx_word' id='word_1_502' title='bbox 1463 3651 1607 3723; x_wconf 83' lang='lat' dir='ltr'><strong>facit</strong></span> <span class='ocrx_word' id='word_1_503' title='bbox 1658 3660 1889 3723; x_wconf 83' lang='lat' dir='ltr'><strong>utraque</strong></span> 
     </span>
    </p>
   </div>
   <div class='ocr_carea' id='block_1_73' title="bbox 226 3737 1888 3814">
    <p class='ocr_par' dir='ltr' id='par_1_73' title="bbox 226 3737 1888 3814">
     <span class='ocr_line' id='line_1_74' title="bbox 226 3737 1888 3814; baseline 0.002 -20"><span class='ocrx_word' id='word_1_504' title='bbox 226 3755 412 3794; x_wconf 81' lang='lat' dir='ltr'><strong>unum</strong></span> <span class='ocrx_word' id='word_1_505' title='bbox 441 3737 661 3809; x_wconf 78' lang='lat' dir='ltr'><strong>(Ephes.</strong></span> <span class='ocrx_word' id='word_1_506' title='bbox 692 3741 779 3806; x_wconf 79' lang='grc' dir='ltr'><strong>ιι).</strong></span> <span class='ocrx_word' id='word_1_507' title='bbox 814 3738 1044 3794; x_wconf 84' lang='lat' dir='ltr'><strong>Etenim</strong></span> <span class='ocrx_word' id='word_1_508' title='bbox 1074 3737 1233 3794; x_wconf 88' lang='lat' dir='ltr'><strong>velut</strong></span> <span class='ocrx_word' id='word_1_509' title='bbox 1263 3737 1537 3812; x_wconf 90' lang='lat' dir='ltr'><strong>religiosa</strong></span> <span class='ocrx_word' id='word_1_510' title='bbox 1565 3743 1621 3796; x_wconf 88' lang='lat' dir='ltr'><strong>et</strong></span> <span class='ocrx_word' id='word_1_511' title='bbox 1645 3740 1888 3814; x_wconf 76' lang='lat' dir='ltr'><strong>egregiae</strong></span> 
     </span>
    </p>
   </div>
   <div class='ocr_carea' id='block_1_74' title="bbox 221 3824 1889 3898">
    <p class='ocr_par' dir='ltr' id='par_1_74' title="bbox 221 3824 1889 3898">
     <span class='ocr_line' id='line_1_75' title="bbox 221 3824 1889 3898; baseline 0.002 -16"><span class='ocrx_word' id='word_1_512' title='bbox 221 3824 452 3883; x_wconf 87' lang='lat' dir='ltr'><strong>indolis</strong></span> <span class='ocrx_word' id='word_1_513' title='bbox 484 3825 700 3898; x_wconf 90' lang='lat' dir='ltr'><strong>proles,</strong></span> <span class='ocrx_word' id='word_1_514' title='bbox 734 3824 990 3897; x_wconf 87' lang='lat' dir='ltr'><strong>gemitus</strong></span> <span class='ocrx_word' id='word_1_515' title='bbox 1020 3827 1189 3883; x_wconf 89' lang='lat' dir='ltr'><strong>matri</strong></span> <span class='ocrx_word' id='word_1_516' title='bbox 1247 3830 1359 3883; x_wconf 67' lang='lat' dir='ltr'><strong>tute</strong></span> <span class='ocrx_word' id='word_1_517' title='bbox 1414 3844 1528 3884; x_wconf 91' lang='lat' dir='ltr'><strong>non</strong></span> <span class='ocrx_word' id='word_1_518' title='bbox 1586 3827 1889 3886; x_wconf 88' lang='lat' dir='ltr'><strong>oblivisce-</strong></span> 
     </span>
    </p>
   </div>
   <div class='ocr_carea' id='block_1_75' title="bbox 228 3915 1894 3988">
    <p class='ocr_par' dir='ltr' id='par_1_75' title="bbox 228 3915 1894 3988">
     <span class='ocr_line' id='line_1_76' title="bbox 228 3915 1894 3988; baseline 0.001 -19"><span class='ocrx_word' id='word_1_519' title='bbox 228 3917 356 3973; x_wconf 85' lang='lat' dir='ltr'><strong>ris:</strong></span> <span class='ocrx_word' id='word_1_520' title='bbox 393 3931 502 3971; x_wconf 92' lang='lat' dir='ltr'><strong>nec</strong></span> <span class='ocrx_word' id='word_1_521' title='bbox 531 3915 1044 3982; x_wconf 83' lang='lat' dir='ltr'><strong>contemnendam,</strong></span> <span class='ocrx_word' id='word_1_522' title='bbox 1072 3915 1211 3987; x_wconf 90' lang='lat' dir='ltr'><strong>quia</strong></span> <span class='ocrx_word' id='word_1_523' title='bbox 1266 3916 1478 3982; x_wconf 87' lang='lat' dir='ltr'><strong>senuit,</strong></span> <span class='ocrx_word' id='word_1_524' title='bbox 1538 3916 1638 3972; x_wconf 89' lang='lat' dir='ltr'><strong>sed</strong></span> <span class='ocrx_word' id='word_1_525' title='bbox 1697 3916 1894 3988; x_wconf 85' lang='lat' dir='ltr'><strong>potius</strong></span> 
     </span>
    </p>
   </div>
   <div class='ocr_carea' id='block_1_76' title="bbox 234 4002 1897 4075">
    <p class='ocr_par' dir='ltr' id='par_1_76' title="bbox 234 4002 1897 4075">
     <span class='ocr_line' id='line_1_77' title="bbox 234 4002 1897 4075; baseline -0.001 -14"><span class='ocrx_word' id='word_1_526' title='bbox 234 4003 622 4061; x_wconf 82' lang='lat' dir='ltr'><strong>reverendam</strong></span> <span class='ocrx_word' id='word_1_527' title='bbox 644 4002 973 4072; x_wconf 88' lang='lat' dir='ltr'><strong>arbitraris,</strong></span> <span class='ocrx_word' id='word_1_528' title='bbox 994 4008 1170 4075; x_wconf 88' lang='lat' dir='ltr'><strong>atque</strong></span> <span class='ocrx_word' id='word_1_529' title='bbox 1193 4003 1382 4075; x_wconf 89' lang='lat' dir='ltr'><strong>plenis</strong></span> <span class='ocrx_word' id='word_1_530' title='bbox 1411 4004 1693 4062; x_wconf 87' lang='lat' dir='ltr'><strong>charitate</strong></span> <span class='ocrx_word' id='word_1_531' title='bbox 1721 4004 1897 4061; x_wconf 86' lang='lat' dir='ltr'><strong>visce-</strong></span> 
     </span>
    </p>
   </div>
   <div class='ocr_carea' id='block_1_77' title="bbox 226 4091 1896 4159">
    <p class='ocr_par' dir='ltr' id='par_1_77' title="bbox 226 4091 1896 4159">
     <span class='ocr_line' id='line_1_78' title="bbox 226 4091 1896 4159; baseline -0.002 -9"><span class='ocrx_word' id='word_1_532' title='bbox 226 4093 430 4157; x_wconf 76' lang='lat' dir='ltr'><strong>ribus,</strong></span> <span class='ocrx_word' id='word_1_533' title='bbox 456 4091 532 4148; x_wconf 87' lang='lat' dir='ltr'><strong>ad</strong></span> <span class='ocrx_word' id='word_1_534' title='bbox 563 4107 692 4147; x_wconf 88' lang='lat' dir='ltr'><strong>eam</strong></span> <span class='ocrx_word' id='word_1_535' title='bbox 722 4092 912 4149; x_wconf 86' lang='lat' dir='ltr'><strong>redire</strong></span> <span class='ocrx_word' id='word_1_536' title='bbox 943 4091 1268 4159; x_wconf 89' lang='lat' dir='ltr'><strong>meditaris,</strong></span> <span class='ocrx_word' id='word_1_537' title='bbox 1294 4097 1357 4147; x_wconf 92' lang='lat' dir='ltr'><strong>ut</strong></span> <span class='ocrx_word' id='word_1_538' title='bbox 1403 4092 1502 4148; x_wconf 92' lang='lat' dir='ltr'><strong>uni</strong></span> <span class='ocrx_word' id='word_1_539' title='bbox 1525 4093 1640 4149; x_wconf 91' lang='lat' dir='ltr'><strong>Deo</strong></span> <span class='ocrx_word' id='word_1_540' title='bbox 1671 4099 1727 4149; x_wconf 88' lang='lat' dir='ltr'><strong>et</strong></span> <span class='ocrx_word' id='word_1_541' title='bbox 1740 4092 1896 4148; x_wconf 89' lang='lat' dir='ltr'><strong>Patri</strong></span> 
     </span>
    </p>
   </div>
   <div class='ocr_carea' id='block_1_78' title="bbox 234 4179 1898 4252">
    <p class='ocr_par' dir='ltr' id='par_1_78' title="bbox 234 4179 1898 4252">
     <span class='ocr_line' id='line_1_79' title="bbox 234 4179 1898 4252; baseline 0 -15"><span class='ocrx_word' id='word_1_542' title='bbox 234 4179 515 4238; x_wconf 83' lang='lat' dir='ltr'><strong>omnium</strong></span> <span class='ocrx_word' id='word_1_543' title='bbox 543 4183 704 4237; x_wconf 81' lang='lat' dir='ltr'><strong>tento</strong></span> <span class='ocrx_word' id='word_1_544' title='bbox 728 4179 835 4236; x_wconf 84' lang='lat' dir='ltr'><strong>ﬁas</strong></span> <span class='ocrx_word' id='word_1_545' title='bbox 866 4180 1099 4236; x_wconf 88' lang='lat' dir='ltr'><strong>charior</strong></span> <span class='ocrx_word' id='word_1_546' title='bbox 1135 4185 1191 4237; x_wconf 90' lang='lat' dir='ltr'><strong>et</strong></span> <span class='ocrx_word' id='word_1_547' title='bbox 1221 4179 1623 4252; x_wconf 89' lang='lat' dir='ltr'><strong>propinquior,</strong></span> <span class='ocrx_word' id='word_1_548' title='bbox 1676 4189 1898 4252; x_wconf 85' lang='lat' dir='ltr'><strong>quanto</strong></span> 
     </span>
    </p>
   </div>
   <div class='ocr_carea' id='block_1_79' title="bbox 235 4265 1896 4339">
    <p class='ocr_par' dir='ltr' id='par_1_79' title="bbox 235 4265 1896 4339">
     <span class='ocr_line' id='line_1_80' title="bbox 235 4265 1896 4339; baseline -0.002 -14"><span class='ocrx_word' id='word_1_549' title='bbox 235 4269 433 4325; x_wconf 85' lang='lat' dir='ltr'><strong>eidem</strong></span> <span class='ocrx_word' id='word_1_550' title='bbox 456 4266 763 4339; x_wconf 86' lang='lat' dir='ltr'><strong>principali</strong></span> <span class='ocrx_word' id='word_1_551' title='bbox 798 4267 970 4322; x_wconf 84' lang='lat' dir='ltr'><strong>matri</strong></span> <span class='ocrx_word' id='word_1_552' title='bbox 1009 4266 1317 4339; x_wconf 84' lang='lat' dir='ltr'><strong>benignior</strong></span> <span class='ocrx_word' id='word_1_553' title='bbox 1374 4272 1549 4338; x_wconf 89' lang='lat' dir='ltr'><strong>atque</strong></span> <span class='ocrx_word' id='word_1_554' title='bbox 1600 4265 1896 4324; x_wconf 85' lang='lat' dir='ltr'><strong>humilior.</strong></span> 
     </span>
    </p>
   </div>
   <div class='ocr_carea' id='block_1_80' title="bbox 238 4354 1903 4429">
    <p class='ocr_par' dir='ltr' id='par_1_80' title="bbox 238 4354 1903 4429">
     <span class='ocr_line' id='line_1_81' title="bbox 238 4354 1903 4429; baseline 0 -17"><span class='ocrx_word' id='word_1_555' title='bbox 238 4358 447 4429; x_wconf 85' lang='lat' dir='ltr'><strong>Neque</strong></span> <span class='ocrx_word' id='word_1_556' title='bbox 477 4356 638 4412; x_wconf 91' lang='lat' dir='ltr'><strong>enim</strong></span> <span class='ocrx_word' id='word_1_557' title='bbox 661 4360 824 4411; x_wconf 89' lang='lat' dir='ltr'><strong>tuam</strong></span> <span class='ocrx_word' id='word_1_558' title='bbox 846 4355 1216 4427; x_wconf 89' lang='lat' dir='ltr'><strong>prudentiam</strong></span> <span class='ocrx_word' id='word_1_559' title='bbox 1250 4354 1413 4423; x_wconf 89' lang='lat' dir='ltr'><strong>latet,</strong></span> <span class='ocrx_word' id='word_1_560' title='bbox 1449 4355 1686 4426; x_wconf 90' lang='lat' dir='ltr'><strong>quodin</strong></span> <span class='ocrx_word' id='word_1_561' title='bbox 1716 4356 1903 4414; x_wconf 91' lang='lat' dir='ltr'><strong>Eccle-</strong></span> 
     </span>
    </p>
   </div>
   <div class='ocr_carea' id='block_1_81' title="bbox 1990 3384 3629 3461">
    <p class='ocr_par' dir='ltr' id='par_1_81' title="bbox 1990 3384 3629 3461">
     <span class='ocr_line' id='line_1_82' title="bbox 1990 3384 3629 3461; baseline 0.002 -19"><span class='ocrx_word' id='word_1_562' title='bbox 1990 3384 2082 3459; x_wconf 88' lang='lat' dir='ltr'><strong>de]</strong></span> <span class='ocrx_word' id='word_1_563' title='bbox 2114 3386 2382 3441; x_wconf 90' lang='lat' dir='ltr'><strong>omnium</strong></span> <span class='ocrx_word' id='word_1_564' title='bbox 2403 3386 2781 3442; x_wconf 88' lang='lat' dir='ltr'><strong>ecclesiarum</strong></span> <span class='ocrx_word' id='word_1_565' title='bbox 2805 3388 3032 3447; x_wconf 80' lang='lat' dir='ltr'><strong>merito.</strong></span> <span class='ocrx_word' id='word_1_566' title='bbox 3057 3387 3163 3444; x_wconf 89' lang='lat' dir='ltr'><strong>Illa</strong></span> <span class='ocrx_word' id='word_1_567' title='bbox 3186 3404 3322 3461; x_wconf 85' lang='lat' dir='ltr'><strong>ergo</strong></span> <span class='ocrx_word' id='word_1_568' title='bbox 3344 3387 3629 3455; x_wconf 76' lang='lat' dir='ltr'><strong>sollicitu-</strong></span> 
     </span>
    </p>
   </div>
   <div class='ocr_carea' id='block_1_82' title="bbox 1993 3474 3637 3550">
    <p class='ocr_par' dir='ltr' id='par_1_82' title="bbox 1993 3474 3637 3550">
     <span class='ocr_line' id='line_1_83' title="bbox 1993 3474 3637 3550; baseline 0.002 -20"><span class='ocrx_word' id='word_1_569' title='bbox 1993 3475 2149 3542; x_wconf 89' lang='lat' dir='ltr'><strong>dine,</strong></span> <span class='ocrx_word' id='word_1_570' title='bbox 2209 3490 2327 3546; x_wconf 88' lang='lat' dir='ltr'><strong>qua</strong></span> <span class='ocrx_word' id='word_1_571' title='bbox 2382 3475 2658 3531; x_wconf 87' lang='lat' dir='ltr'><strong>omnibus</strong></span> <span class='ocrx_word' id='word_1_572' title='bbox 2728 3474 3005 3532; x_wconf 89' lang='lat' dir='ltr'><strong>Ecclesiis</strong></span> <span class='ocrx_word' id='word_1_573' title='bbox 3070 3477 3252 3532; x_wconf 87' lang='lat' dir='ltr'><strong>debeo</strong></span> <span class='ocrx_word' id='word_1_574' title='bbox 3310 3475 3637 3550; x_wconf 86' lang='lat' dir='ltr'><strong>invigilare,</strong></span> 
     </span>
    </p>
   </div>
   <div class='ocr_carea' id='block_1_83' title="bbox 1992 3562 3635 3637">
    <p class='ocr_par' dir='ltr' id='par_1_83' title="bbox 1992 3562 3635 3637">
     <span class='ocr_line' id='line_1_84' title="bbox 1992 3562 3635 3637; baseline 0.004 -19"><span class='ocrx_word' id='word_1_575' title='bbox 1992 3562 2196 3619; x_wconf 88' lang='lat' dir='ltr'><strong>videns</strong></span> <span class='ocrx_word' id='word_1_576' title='bbox 2212 3562 2706 3635; x_wconf 88' lang='lat' dir='ltr'><strong>indisciplinatam</strong></span> <span class='ocrx_word' id='word_1_577' title='bbox 2726 3571 2781 3619; x_wconf 87' lang='lat' dir='ltr'><strong>et</strong></span> <span class='ocrx_word' id='word_1_578' title='bbox 2798 3563 3046 3621; x_wconf 88' lang='lat' dir='ltr'><strong>alienam</strong></span> <span class='ocrx_word' id='word_1_579' title='bbox 3061 3569 3294 3637; x_wconf 84' lang='lat' dir='ltr'><strong>gentem</strong></span> <span class='ocrx_word' id='word_1_580' title='bbox 3306 3564 3635 3633; x_wconf 79' lang='lat' dir='ltr'><strong>incredibili</strong></span> 
     </span>
    </p>
   </div>
   <div class='ocr_carea' id='block_1_84' title="bbox 1995 3651 3637 3727">
    <p class='ocr_par' dir='ltr' id='par_1_84' title="bbox 1995 3651 3637 3727">
     <span class='ocr_line' id='line_1_85' title="bbox 1995 3651 3637 3727; baseline 0.002 -20"><span class='ocrx_word' id='word_1_581' title='bbox 1995 3655 2053 3707; x_wconf 90' lang='lat' dir='ltr'><strong>et</strong></span> <span class='ocrx_word' id='word_1_582' title='bbox 2082 3652 2345 3708; x_wconf 85' lang='lat' dir='ltr'><strong>inaudita</strong></span> <span class='ocrx_word' id='word_1_583' title='bbox 2375 3652 2554 3719; x_wconf 83' lang='lat' dir='ltr'><strong>rabie,</strong></span> <span class='ocrx_word' id='word_1_584' title='bbox 2607 3657 2665 3709; x_wconf 85' lang='lat' dir='ltr'><strong>et</strong></span> <span class='ocrx_word' id='word_1_585' title='bbox 2712 3651 3030 3725; x_wconf 87' lang='lat' dir='ltr'><strong>plusquam</strong></span> <span class='ocrx_word' id='word_1_586' title='bbox 3077 3670 3307 3726; x_wconf 86' lang='lat' dir='ltr'><strong>pagana</strong></span> <span class='ocrx_word' id='word_1_587' title='bbox 3336 3654 3637 3727; x_wconf 70' lang='lat' dir='ltr'><strong>impietate</strong></span> 
     </span>
    </p>
   </div>
   <div class='ocr_carea' id='block_1_85' title="bbox 1997 3740 3643 3813">
    <p class='ocr_par' dir='ltr' id='par_1_85' title="bbox 1997 3740 3643 3813">
     <span class='ocr_line' id='line_1_86' title="bbox 1997 3740 3643 3813; baseline 0.001 -17"><span class='ocrx_word' id='word_1_588' title='bbox 1997 3742 2276 3797; x_wconf 89' lang='lat' dir='ltr'><strong>adversus</strong></span> <span class='ocrx_word' id='word_1_589' title='bbox 2294 3740 2582 3796; x_wconf 74' lang='lat' dir='ltr'><strong>Ecclesiae</strong></span> <span class='ocrx_word' id='word_1_590' title='bbox 2595 3740 2696 3797; x_wconf 90' lang='lat' dir='ltr'><strong>Dei</strong></span> <span class='ocrx_word' id='word_1_591' title='bbox 2715 3741 3017 3812; x_wconf 88' lang='lat' dir='ltr'><strong>insurgere</strong></span> <span class='ocrx_word' id='word_1_592' title='bbox 3032 3741 3255 3813; x_wconf 87' lang='lat' dir='ltr'><strong>passim</strong></span> <span class='ocrx_word' id='word_1_593' title='bbox 3265 3741 3643 3809; x_wconf 82' lang='lat' dir='ltr'><strong>,Christianos</strong></span> 
     </span>
    </p>
   </div>
   <div class='ocr_carea' id='block_1_86' title="bbox 1999 3827 3643 3900">
    <p class='ocr_par' dir='ltr' id='par_1_86' title="bbox 1999 3827 3643 3900">
     <span class='ocr_line' id='line_1_87' title="bbox 1999 3827 3643 3900; baseline -0.001 -14"><span class='ocrx_word' id='word_1_594' title='bbox 1999 3829 2312 3897; x_wconf 89' lang='lat' dir='ltr'><strong>trucidare,</strong></span> <span class='ocrx_word' id='word_1_595' title='bbox 2347 3833 2403 3885; x_wconf 90' lang='lat' dir='ltr'><strong>et</strong></span> <span class='ocrx_word' id='word_1_596' title='bbox 2452 3827 2768 3885; x_wconf 90' lang='lat' dir='ltr'><strong>nonnullos</strong></span> <span class='ocrx_word' id='word_1_597' title='bbox 2799 3828 2964 3884; x_wconf 88' lang='lat' dir='ltr'><strong>novis</strong></span> <span class='ocrx_word' id='word_1_598' title='bbox 2995 3828 3492 3900; x_wconf 88' lang='lat' dir='ltr'><strong>borribilibusque</strong></span> <span class='ocrx_word' id='word_1_599' title='bbox 3524 3834 3643 3897; x_wconf 84' lang='lat' dir='ltr'><strong>tor-</strong></span> 
     </span>
    </p>
   </div>
   <div class='ocr_carea' id='block_1_87' title="bbox 1984 3900 3645 3989">
    <p class='ocr_par' dir='ltr' id='par_1_87' title="bbox 1984 3900 3645 3989">
     <span class='ocr_line' id='line_1_88' title="bbox 1984 3900 3645 3989; baseline -0.001 -15"><span class='ocrx_word' id='word_1_600' title='bbox 1984 3900 2216 3975; x_wconf 85' lang='lat' dir='ltr'><strong>mentis</strong></span> <span class='ocrx_word' id='word_1_601' title='bbox 2247 3933 2432 3989; x_wconf 84' lang='lat' dir='ltr'><strong>uaque</strong></span> <span class='ocrx_word' id='word_1_602' title='bbox 2464 3917 2535 3971; x_wconf 89' lang='lat' dir='ltr'><strong>ad</strong></span> <span class='ocrx_word' id='word_1_603' title='bbox 2567 3916 2951 3972; x_wconf 79' lang='lat' dir='ltr'><strong>defectionem</strong></span> <span class='ocrx_word' id='word_1_604' title='bbox 2989 3914 3197 3972; x_wconf 71' lang='lat' dir='ltr'><strong>animo:</strong></span> <span class='ocrx_word' id='word_1_605' title='bbox 3228 3915 3645 3988; x_wconf 41' lang='lat' dir='ltr'><strong>afﬂigere,,nec</strong></span> 
     </span>
    </p>
   </div>
   <div class='ocr_carea' id='block_1_88' title="bbox 2002 4002 3649 4078">
    <p class='ocr_par' dir='ltr' id='par_1_88' title="bbox 2002 4002 3649 4078">
     <span class='ocr_line' id='line_1_89' title="bbox 2002 4002 3649 4078; baseline 0 -16"><span class='ocrx_word' id='word_1_606' title='bbox 2002 4007 2234 4074; x_wconf 84' lang='lat' dir='ltr'><strong>infanti,</strong></span> <span class='ocrx_word' id='word_1_607' title='bbox 2267 4011 2368 4060; x_wconf 89' lang='lat' dir='ltr'><strong>aut</strong></span> <span class='ocrx_word' id='word_1_608' title='bbox 2397 4003 2661 4071; x_wconf 89' lang='lat' dir='ltr'><strong>seni,seu</strong></span> <span class='ocrx_word' id='word_1_609' title='bbox 2694 4002 2954 4061; x_wconf 59' lang='lat' dir='ltr'><strong>feminea</strong></span> <span class='ocrx_word' id='word_1_610' title='bbox 2984 4003 3286 4078; x_wconf 86' lang='lat' dir='ltr'><strong>fragilitati</strong></span> <span class='ocrx_word' id='word_1_611' title='bbox 3316 4004 3521 4077; x_wconf 23' lang='lat' dir='ltr'><strong>aliquo,</strong></span> <span class='ocrx_word' id='word_1_612' title='bbox 3543 4004 3649 4065; x_wconf 85' lang='lat' dir='ltr'><strong>hu-</strong></span> 
     </span>
    </p>
   </div>
   <div class='ocr_carea' id='block_1_89' title="bbox 2006 4093 3651 4165">
    <p class='ocr_par' dir='ltr' id='par_1_89' title="bbox 2006 4093 3651 4165">
     <span class='ocr_line' id='line_1_90' title="bbox 2006 4093 3651 4165; baseline 0.001 -15"><span class='ocrx_word' id='word_1_613' title='bbox 2006 4093 2309 4150; x_wconf 87' lang='lat' dir='ltr'><strong>manitatis</strong></span> <span class='ocrx_word' id='word_1_614' title='bbox 2338 4098 2603 4164; x_wconf 89' lang='lat' dir='ltr'><strong>respectu</strong></span> <span class='ocrx_word' id='word_1_615' title='bbox 2644 4109 2899 4165; x_wconf 85' lang='lat' dir='ltr'><strong>parcere,</strong></span> <span class='ocrx_word' id='word_1_616' title='bbox 2950 4108 3058 4149; x_wconf 92' lang='lat' dir='ltr'><strong>nec</strong></span> <span class='ocrx_word' id='word_1_617' title='bbox 3109 4093 3262 4150; x_wconf 88' lang='lat' dir='ltr'><strong>inter</strong></span> <span class='ocrx_word' id='word_1_618' title='bbox 3290 4096 3651 4165; x_wconf 75' lang='lat' dir='ltr'><strong>sanctumst</strong></span> 
     </span>
    </p>
   </div>
   <div class='ocr_carea' id='block_1_90' title="bbox 2009 4180 3649 4256">
    <p class='ocr_par' dir='ltr' id='par_1_90' title="bbox 2009 4180 3649 4256">
     <span class='ocr_line' id='line_1_91' title="bbox 2009 4180 3649 4256; baseline 0.002 -19"><span class='ocrx_word' id='word_1_619' title='bbox 2009 4183 2317 4256; x_wconf 84' lang='lat' dir='ltr'><strong>profanum</strong></span> <span class='ocrx_word' id='word_1_620' title='bbox 2348 4180 2605 4252; x_wconf 86' lang='lat' dir='ltr'><strong>aliquam</strong></span> <span class='ocrx_word' id='word_1_621' title='bbox 2656 4181 2999 4240; x_wconf 86' lang='lat' dir='ltr'><strong>distantiam</strong></span> <span class='ocrx_word' id='word_1_622' title='bbox 3038 4181 3275 4254; x_wconf 88' lang='lat' dir='ltr'><strong>habere,</strong></span> <span class='ocrx_word' id='word_1_623' title='bbox 3312 4191 3649 4255; x_wconf 81' lang='lat' dir='ltr'><strong>sanctorum</strong></span> 
     </span>
    </p>
   </div>
   <div class='ocr_carea' id='block_1_91' title="bbox 2010 4268 3648 4347">
    <p class='ocr_par' dir='ltr' id='par_1_91' title="bbox 2010 4268 3648 4347">
     <span class='ocr_line' id='line_1_92' title="bbox 2010 4268 3648 4347; baseline 0.002 -20"><span class='ocrx_word' id='word_1_624' title='bbox 2010 4270 2282 4327; x_wconf 87' lang='lat' dir='ltr'><strong>basilicas</strong></span> <span class='ocrx_word' id='word_1_625' title='bbox 2311 4268 2581 4342; x_wconf 87' lang='lat' dir='ltr'><strong>spoliare,</strong></span> <span class='ocrx_word' id='word_1_626' title='bbox 2610 4269 2942 4338; x_wconf 89' lang='lat' dir='ltr'><strong>incendere,</strong></span> <span class='ocrx_word' id='word_1_627' title='bbox 3001 4275 3058 4330; x_wconf 87' lang='lat' dir='ltr'><strong>et</strong></span> <span class='ocrx_word' id='word_1_628' title='bbox 3114 4272 3186 4338; x_wconf 86' lang='lat' dir='ltr'><strong>ad</strong></span> <span class='ocrx_word' id='word_1_629' title='bbox 3235 4271 3428 4330; x_wconf 87' lang='lat' dir='ltr'><strong>solum</strong></span> <span class='ocrx_word' id='word_1_630' title='bbox 3461 4288 3648 4347; x_wconf 81' lang='lat' dir='ltr'><strong>usque</strong></span> 
     </span>
    </p>
   </div>
   <div class='ocr_carea' id='block_1_92' title="bbox 2010 4358 3651 4436">
    <p class='ocr_par' dir='ltr' id='par_1_92' title="bbox 2010 4358 3651 4436">
     <span class='ocr_line' id='line_1_93' title="bbox 2010 4358 3651 4436; baseline 0.002 -21"><span class='ocrx_word' id='word_1_631' title='bbox 2010 4360 2277 4429; x_wconf 89' lang='lat' dir='ltr'><strong>diruere;</strong></span> <span class='ocrx_word' id='word_1_632' title='bbox 2329 4358 2652 4431; x_wconf 69' lang='lat' dir='ltr'><strong>saepissime</strong></span> <span class='ocrx_word' id='word_1_633' title='bbox 2704 4360 3143 4433; x_wconf 88' lang='lat' dir='ltr'><strong>perversitatem</strong></span> <span class='ocrx_word' id='word_1_634' title='bbox 3183 4362 3313 4433; x_wconf 81' lang='lat' dir='ltr'><strong>ejus</strong></span> <span class='ocrx_word' id='word_1_635' title='bbox 3354 4360 3651 4436; x_wconf 83' lang='lat' dir='ltr'><strong>redargui,</strong></span> 
     </span>
    </p>
   </div>
   <div class='ocr_carea' id='block_1_93' title="bbox 240 4443 3651 4535">
    <p class='ocr_par' dir='ltr' id='par_1_93' title="bbox 240 4443 3651 4535">
     <span class='ocr_line' id='line_1_94' title="bbox 240 4443 3651 4535; baseline 0.001 -34"><span class='ocrx_word' id='word_1_636' title='bbox 240 4444 490 4502; x_wconf 85' lang='lat' dir='ltr'><strong>siastico</strong></span> <span class='ocrx_word' id='word_1_637' title='bbox 520 4444 742 4535; x_wconf 83' lang='lat' dir='ltr'><strong>habent</strong></span> <span class='ocrx_word' id='word_1_638' title='bbox 773 4443 1127 4535; x_wconf 13' lang='lat' dir='ltr'><strong>:rBenedictio</strong></span> <span class='ocrx_word' id='word_1_639' title='bbox 1148 4445 1333 4515; x_wconf 82' lang='lat' dir='ltr'><strong>patris</strong></span> <span class='ocrx_word' id='word_1_640' title='bbox 1362 4445 1546 4535; x_wconf 84' lang='lat' dir='ltr'><strong>ﬁrmat</strong></span> <span class='ocrx_word' id='word_1_641' title='bbox 1598 4444 1781 4535; x_wconf 84' lang='lat' dir='ltr'><strong>domos</strong></span> <span class='ocrx_word' id='word_1_642' title='bbox 1835 4448 1901 4518; x_wconf 85' lang='lat' dir='ltr'><strong>ﬁ-</strong></span> <span class='ocrx_word' id='word_1_643' title='bbox 1933 4471 1979 4535; x_wconf 83' lang='lat' dir='ltr'>D</span> <span class='ocrx_word' id='word_1_644' title='bbox 2011 4447 2327 4519; x_wconf 89' lang='lat' dir='ltr'><strong>obsecravi,</strong></span> <span class='ocrx_word' id='word_1_645' title='bbox 2402 4448 2730 4520; x_wconf 68' lang='lat' dir='ltr'><strong>praedicavi,</strong></span> <span class='ocrx_word' id='word_1_646' title='bbox 2805 4453 3131 4522; x_wconf 83' lang='lat' dir='ltr'><strong>Opportune</strong></span> <span class='ocrx_word' id='word_1_647' title='bbox 3202 4450 3651 4521; x_wconf 85' lang='lat' dir='ltr'><strong>importuneque</strong></span> 
     </span>
    </p>
   </div>
   <div class='ocr_carea' id='block_1_94' title="bbox 240 4532 3656 4604">
    <p class='ocr_par' dir='ltr' id='par_1_94' title="bbox 240 4532 3656 4604">
     <span class='ocr_line' id='line_1_95' title="bbox 240 4532 3656 4604; baseline 0 -13"><span class='ocrx_word' id='word_1_648' title='bbox 240 4537 455 4591; x_wconf 72' lang='lat' dir='ltr'><strong>lterum</strong></span> <span class='ocrx_word' id='word_1_649' title='bbox 477 4550 498 4588; x_wconf 90' lang='lat'><em>:</em></span> <span class='ocrx_word' id='word_1_650' title='bbox 528 4532 842 4588; x_wconf 82' lang='lat' dir='ltr'><strong>maledictio</strong></span> <span class='ocrx_word' id='word_1_651' title='bbox 859 4536 1044 4588; x_wconf 87' lang='lat' dir='ltr'><strong>autem</strong></span> <span class='ocrx_word' id='word_1_652' title='bbox 1058 4535 1253 4588; x_wconf 82' lang='lat' dir='ltr'><strong>matris</strong></span> <span class='ocrx_word' id='word_1_653' title='bbox 1267 4533 1522 4589; x_wconf 73' lang='lat' dir='ltr'><strong>eradicet</strong></span> <span class='ocrx_word' id='word_1_654' title='bbox 1544 4533 1908 4604; x_wconf 72' lang='lat' dir='ltr'><strong>fundamenta</strong></span> <span class='ocrx_word' id='word_1_655' title='bbox 1934 4532 1967 4535; x_wconf 30' lang='grc' dir='ltr'>ί</span> <span class='ocrx_word' id='word_1_656' title='bbox 2015 4536 2226 4603; x_wconf 90' lang='lat' dir='ltr'><strong>institi,</strong></span> <span class='ocrx_word' id='word_1_657' title='bbox 2248 4540 2524 4592; x_wconf 87' lang='lat' dir='ltr'><strong>terrorem</strong></span> <span class='ocrx_word' id='word_1_658' title='bbox 2551 4536 2756 4592; x_wconf 82' lang='lat' dir='ltr'><strong>divinae</strong></span> <span class='ocrx_word' id='word_1_659' title='bbox 2779 4542 2835 4593; x_wconf 88' lang='lat' dir='ltr'><strong>ct</strong></span> <span class='ocrx_word' id='word_1_660' title='bbox 2855 4537 3127 4592; x_wconf 72' lang='lat' dir='ltr'><strong>humana:</strong></span> <span class='ocrx_word' id='word_1_661' title='bbox 3150 4536 3413 4593; x_wconf 63' lang='lat' dir='ltr'><strong>vindicta</strong></span> <span class='ocrx_word' id='word_1_662' title='bbox 3435 4537 3656 4592; x_wconf 89' lang='lat' dir='ltr'><strong>denun-</strong></span> 
     </span>
    </p>
   </div>
   <div class='ocr_carea' id='block_1_95' title="bbox 234 4620 1900 4695">
    <p class='ocr_par' dir='ltr' id='par_1_95' title="bbox 234 4620 1900 4695">
     <span class='ocr_line' id='line_1_96' title="bbox 234 4620 1900 4695; baseline 0.002 -19"><span class='ocrx_word' id='word_1_663' title='bbox 234 4624 475 4695; x_wconf 70' lang='lat' dir='ltr'><strong>{Ecctes.</strong></span> <span class='ocrx_word' id='word_1_664' title='bbox 510 4624 618 4690; x_wconf 78' lang='lat' dir='ltr'><strong>iu).</strong></span> <span class='ocrx_word' id='word_1_665' title='bbox 652 4621 719 4676; x_wconf 84' lang='lat' dir='ltr'><strong>Et</strong></span> <span class='ocrx_word' id='word_1_666' title='bbox 747 4620 894 4676; x_wconf 90' lang='lat' dir='ltr'><strong>illud</strong></span> <span class='ocrx_word' id='word_1_667' title='bbox 920 4638 933 4676; x_wconf 89' lang='lat'><strong>:</strong></span> <span class='ocrx_word' id='word_1_668' title='bbox 961 4621 1037 4677; x_wconf 85' lang='lat' dir='ltr'><strong>Ne</strong></span> <span class='ocrx_word' id='word_1_669' title='bbox 1066 4621 1315 4678; x_wconf 80' lang='lat' dir='ltr'><strong>dimittas</strong></span> <span class='ocrx_word' id='word_1_670' title='bbox 1348 4623 1517 4694; x_wconf 81' lang='lat' dir='ltr'><strong>legem</strong></span> <span class='ocrx_word' id='word_1_671' title='bbox 1549 4625 1746 4679; x_wconf 85' lang='lat' dir='ltr'><strong>matris</strong></span> <span class='ocrx_word' id='word_1_672' title='bbox 1776 4632 1900 4693; x_wconf 74' lang='lat' dir='ltr'><strong>tuae,</strong></span> 
     </span>
    </p>
   </div>
   <div class='ocr_carea' id='block_1_96' title="bbox 240 4709 1907 4785">
    <p class='ocr_par' dir='ltr' id='par_1_96' title="bbox 240 4709 1907 4785">
     <span class='ocr_line' id='line_1_97' title="bbox 240 4709 1907 4785; baseline 0.002 -19"><span class='ocrx_word' id='word_1_673' title='bbox 240 4714 361 4783; x_wconf 83' lang='lat' dir='ltr'><strong>liga</strong></span> <span class='ocrx_word' id='word_1_674' title='bbox 391 4728 520 4767; x_wconf 79' lang='lat' dir='ltr'><strong>eam</strong></span> <span class='ocrx_word' id='word_1_675' title='bbox 551 4712 612 4765; x_wconf 84' lang='lat' dir='ltr'><strong>in</strong></span> <span class='ocrx_word' id='word_1_676' title='bbox 638 4709 798 4766; x_wconf 86' lang='lat' dir='ltr'><strong>corde</strong></span> <span class='ocrx_word' id='word_1_677' title='bbox 828 4712 919 4765; x_wconf 84' lang='lat' dir='ltr'><strong>tuo</strong></span> <span class='ocrx_word' id='word_1_678' title='bbox 941 4712 1159 4782; x_wconf 81' lang='lat' dir='ltr'><strong>jugiter</strong></span> <span class='ocrx_word' id='word_1_679' title='bbox 1191 4712 1374 4783; x_wconf 89' lang='lat' dir='ltr'><strong>(Prov.</strong></span> <span class='ocrx_word' id='word_1_680' title='bbox 1412 4712 1473 4782; x_wconf 85' lang='grc' dir='ltr'><strong>ι).</strong></span> <span class='ocrx_word' id='word_1_681' title='bbox 1535 4713 1653 4777; x_wconf 89' lang='lat' dir='ltr'><strong>Que</strong></span> <span class='ocrx_word' id='word_1_682' title='bbox 1707 4712 1907 4785; x_wconf 87' lang='lat' dir='ltr'><strong>utique</strong></span> 
     </span>
    </p>
   </div>
   <div class='ocr_carea' id='block_1_97' title="bbox 242 4798 1906 4872">
    <p class='ocr_par' dir='ltr' id='par_1_97' title="bbox 242 4798 1906 4872">
     <span class='ocr_line' id='line_1_98' title="bbox 242 4798 1906 4872; baseline 0.001 -17"><span class='ocrx_word' id='word_1_683' title='bbox 242 4799 560 4872; x_wconf 84' lang='lat' dir='ltr'><strong>proverbia</strong></span> <span class='ocrx_word' id='word_1_684' title='bbox 590 4798 1005 4872; x_wconf 86' lang='lat' dir='ltr'><strong>magiscurant</strong></span> <span class='ocrx_word' id='word_1_685' title='bbox 1020 4798 1191 4855; x_wconf 89' lang='lat' dir='ltr'><strong>nobis</strong></span> <span class='ocrx_word' id='word_1_686' title='bbox 1213 4800 1626 4855; x_wconf 89' lang='lat' dir='ltr'><strong>commendare</strong></span> <span class='ocrx_word' id='word_1_687' title='bbox 1657 4806 1906 4857; x_wconf 89' lang='lat' dir='ltr'><strong>matrem</strong></span> 
     </span>
    </p>
   </div>
   <div class='ocr_carea' id='block_1_98' title="bbox 242 4887 1906 4961">
    <p class='ocr_par' dir='ltr' id='par_1_98' title="bbox 242 4887 1906 4961">
     <span class='ocr_line' id='line_1_99' title="bbox 242 4887 1906 4961; baseline 0 -16"><span class='ocrx_word' id='word_1_688' title='bbox 242 4906 376 4960; x_wconf 71' lang='lat' dir='ltr'><strong>quas</strong></span> <span class='ocrx_word' id='word_1_689' title='bbox 410 4889 487 4945; x_wconf 83' lang='lat' dir='ltr'><strong>ad</strong></span> <span class='ocrx_word' id='word_1_690' title='bbox 506 4893 784 4944; x_wconf 68' lang='lat' dir='ltr'><strong>aeternam</strong></span> <span class='ocrx_word' id='word_1_691' title='bbox 810 4887 993 4943; x_wconf 86' lang='lat' dir='ltr'><strong>vitam</strong></span> <span class='ocrx_word' id='word_1_692' title='bbox 1026 4904 1132 4944; x_wconf 90' lang='lat' dir='ltr'><strong>nos</strong></span> <span class='ocrx_word' id='word_1_693' title='bbox 1154 4892 1394 4960; x_wconf 83' lang='lat' dir='ltr'><strong>generat</strong></span> <span class='ocrx_word' id='word_1_694' title='bbox 1414 4893 1470 4944; x_wconf 88' lang='lat' dir='ltr'><strong>ct</strong></span> <span class='ocrx_word' id='word_1_695' title='bbox 1489 4888 1701 4956; x_wconf 89' lang='lat' dir='ltr'><strong>erudit,</strong></span> <span class='ocrx_word' id='word_1_696' title='bbox 1730 4906 1906 4961; x_wconf 88' lang='lat' dir='ltr'><strong>quam</strong></span> 
     </span>
    </p>
   </div>
   <div class='ocr_carea' id='block_1_99' title="bbox 228 4975 1913 5049">
    <p class='ocr_par' dir='ltr' id='par_1_99' title="bbox 228 4975 1913 5049">
     <span class='ocr_line' id='line_1_100' title="bbox 228 4975 1913 5049; baseline -0.001 -14"><span class='ocrx_word' id='word_1_697' title='bbox 228 4977 419 5039; x_wconf 68' lang='lat' dir='ltr'><strong>illam</strong></span> <span class='ocrx_word' id='word_1_698' title='bbox 449 4994 582 5049; x_wconf 73' lang='lat' dir='ltr'><strong>quae</strong></span> <span class='ocrx_word' id='word_1_699' title='bbox 612 4977 685 5032; x_wconf 92' lang='lat' dir='ltr'><strong>ad</strong></span> <span class='ocrx_word' id='word_1_700' title='bbox 718 4980 969 5032; x_wconf 87' lang='lat' dir='ltr'><strong>mortem</strong></span> <span class='ocrx_word' id='word_1_701' title='bbox 1002 4976 1176 5048; x_wconf 87' lang='lat' dir='ltr'><strong>parit,</strong></span> <span class='ocrx_word' id='word_1_702' title='bbox 1211 4980 1268 5032; x_wconf 90' lang='lat' dir='ltr'><strong>et</strong></span> <span class='ocrx_word' id='word_1_703' title='bbox 1294 4975 1608 5033; x_wconf 85' lang='lat' dir='ltr'><strong>carnaliter</strong></span> <span class='ocrx_word' id='word_1_704' title='bbox 1638 4976 1834 5049; x_wconf 89' lang='lat' dir='ltr'><strong>diligit</strong></span> <span class='ocrx_word' id='word_1_705' title='bbox 1855 4982 1913 5033; x_wconf 90' lang='lat' dir='ltr'><strong>et</strong></span> 
     </span>
    </p>
   </div>
   <div class='ocr_carea' id='block_1_100' title="bbox 246 5063 1908 5138">
    <p class='ocr_par' dir='ltr' id='par_1_100' title="bbox 246 5063 1908 5138">
     <span class='ocr_line' id='line_1_101' title="bbox 246 5063 1908 5138; baseline 0 -16"><span class='ocrx_word' id='word_1_706' title='bbox 246 5064 514 5123; x_wconf 85' lang='lat' dir='ltr'><strong>instruit.</strong></span> <span class='ocrx_word' id='word_1_707' title='bbox 548 5064 653 5120; x_wconf 89' lang='lat' dir='ltr'><strong>Cui</strong></span> <span class='ocrx_word' id='word_1_708' title='bbox 681 5064 794 5119; x_wconf 90' lang='lat' dir='ltr'><strong>nisi</strong></span> <span class='ocrx_word' id='word_1_709' title='bbox 829 5063 929 5120; x_wconf 85' lang='lat' dir='ltr'><strong>illa</strong></span> <span class='ocrx_word' id='word_1_710' title='bbox 952 5065 1322 5133; x_wconf 85' lang='lat' dir='ltr'><strong>successerit,</strong></span> <span class='ocrx_word' id='word_1_711' title='bbox 1359 5069 1421 5120; x_wconf 90' lang='lat' dir='ltr'><strong>ut</strong></span> <span class='ocrx_word' id='word_1_712' title='bbox 1444 5071 1908 5138; x_wconf 84' lang='lat' dir='ltr'><strong>regencrctetre-</strong></span> 
     </span>
    </p>
   </div>
   <div class='ocr_carea' id='block_1_101' title="bbox 246 5153 1912 5224">
    <p class='ocr_par' dir='ltr' id='par_1_101' title="bbox 246 5153 1912 5224">
     <span class='ocr_line' id='line_1_102' title="bbox 246 5153 1912 5224; baseline 0.002 -15"><span class='ocrx_word' id='word_1_713' title='bbox 246 5154 467 5221; x_wconf 82' lang='lat' dir='ltr'><strong>foveat,</strong></span> <span class='ocrx_word' id='word_1_714' title='bbox 500 5153 614 5208; x_wconf 81' lang='lat' dir='ltr'><strong>ista</strong></span> <span class='ocrx_word' id='word_1_715' title='bbox 642 5153 846 5224; x_wconf 86' lang='lat' dir='ltr'><strong>procul</strong></span> <span class='ocrx_word' id='word_1_716' title='bbox 878 5153 1057 5210; x_wconf 90' lang='lat' dir='ltr'><strong>dubio</strong></span> <span class='ocrx_word' id='word_1_717' title='bbox 1088 5154 1361 5211; x_wconf 77' lang='lat' dir='ltr'><strong>secundae</strong></span> <span class='ocrx_word' id='word_1_718' title='bbox 1392 5153 1567 5209; x_wconf 88' lang='lat' dir='ltr'><strong>morti</strong></span> <span class='ocrx_word' id='word_1_719' title='bbox 1599 5153 1752 5211; x_wconf 84' lang='lat' dir='ltr'><strong>ﬁlios</strong></span> <span class='ocrx_word' id='word_1_720' title='bbox 1772 5172 1912 5212; x_wconf 88' lang='lat' dir='ltr'><strong>suos</strong></span> 
     </span>
    </p>
   </div>
   <div class='ocr_carea' id='block_1_102' title="bbox 246 5241 1915 5317">
    <p class='ocr_par' dir='ltr' id='par_1_102' title="bbox 246 5241 1915 5317">
     <span class='ocr_line' id='line_1_103' title="bbox 246 5241 1915 5317; baseline 0.001 -19"><span class='ocrx_word' id='word_1_721' title='bbox 246 5241 537 5301; x_wconf 82' lang='lat' dir='ltr'><strong>destinat.</strong></span> <span class='ocrx_word' id='word_1_722' title='bbox 570 5241 745 5297; x_wconf 92' lang='lat' dir='ltr'><strong>Porro</strong></span> <span class='ocrx_word' id='word_1_723' title='bbox 772 5241 895 5296; x_wconf 68' lang='lat' dir='ltr'><strong>haec</strong></span> <span class='ocrx_word' id='word_1_724' title='bbox 928 5241 1219 5298; x_wconf 88' lang='lat' dir='ltr'><strong>catholica</strong></span> <span class='ocrx_word' id='word_1_725' title='bbox 1246 5250 1430 5298; x_wconf 84' lang='lat' dir='ltr'><strong>mater</strong></span> <span class='ocrx_word' id='word_1_726' title='bbox 1469 5246 1526 5297; x_wconf 90' lang='lat' dir='ltr'><strong>et</strong></span> <span class='ocrx_word' id='word_1_727' title='bbox 1579 5242 1915 5317; x_wconf 86' lang='lat' dir='ltr'><strong>incorrupta</strong></span> 
     </span>
    </p>
   </div>
   <div class='ocr_carea' id='block_1_103' title="bbox 230 5330 1917 5403">
    <p class='ocr_par' dir='ltr' id='par_1_103' title="bbox 230 5330 1917 5403">
     <span class='ocr_line' id='line_1_104' title="bbox 230 5330 1917 5403; baseline 0.002 -17"><span class='ocrx_word' id='word_1_728' title='bbox 230 5330 443 5403; x_wconf 79' lang='lat' dir='ltr'><strong>-virgo,</strong></span> <span class='ocrx_word' id='word_1_729' title='bbox 475 5331 746 5401; x_wconf 87' lang='lat' dir='ltr'><strong>quamvis</strong></span> <span class='ocrx_word' id='word_1_730' title='bbox 779 5347 1017 5386; x_wconf 89' lang='lat' dir='ltr'><strong>omnem</strong></span> <span class='ocrx_word' id='word_1_731' title='bbox 1050 5336 1267 5387; x_wconf 88' lang='lat' dir='ltr'><strong>terram</strong></span> <span class='ocrx_word' id='word_1_732' title='bbox 1299 5334 1355 5388; x_wconf 88' lang='lat' dir='ltr'><strong>et</strong></span> <span class='ocrx_word' id='word_1_733' title='bbox 1384 5331 1532 5387; x_wconf 85' lang='lat' dir='ltr'><strong>lines</strong></span> <span class='ocrx_word' id='word_1_734' title='bbox 1563 5332 1720 5388; x_wconf 91' lang='lat' dir='ltr'><strong>orbis</strong></span> <span class='ocrx_word' id='word_1_735' title='bbox 1751 5350 1917 5389; x_wconf 86' lang='lat' dir='ltr'><strong>occu-</strong></span> 
     </span>
    </p>
   </div>
   <div class='ocr_carea' id='block_1_104' title="bbox 230 5418 1920 5493">
    <p class='ocr_par' dir='ltr' id='par_1_104' title="bbox 230 5418 1920 5493">
     <span class='ocr_line' id='line_1_105' title="bbox 230 5418 1920 5493; baseline 0.002 -18"><span class='ocrx_word' id='word_1_736' title='bbox 230 5418 481 5492; x_wconf 81' lang='lat' dir='ltr'><strong>paverit</strong></span> <span class='ocrx_word' id='word_1_737' title='bbox 498 5418 780 5474; x_wconf 90' lang='lat' dir='ltr'><strong>membris</strong></span> <span class='ocrx_word' id='word_1_738' title='bbox 795 5419 923 5476; x_wconf 91' lang='lat' dir='ltr'><strong>suis</strong></span> <span class='ocrx_word' id='word_1_739' title='bbox 936 5419 1531 5492; x_wconf 82' lang='lat' dir='ltr'><strong>etrepleverit,tamen</strong></span> <span class='ocrx_word' id='word_1_740' title='bbox 1548 5438 1664 5477; x_wconf 90' lang='lat' dir='ltr'><strong>unu</strong></span> <span class='ocrx_word' id='word_1_741' title='bbox 1676 5438 1728 5477; x_wconf 83' lang='grc' dir='ltr'>ω</span> <span class='ocrx_word' id='word_1_742' title='bbox 1744 5427 1920 5493; x_wconf 90' lang='lat' dir='ltr'><strong>caput</strong></span> 
     </span>
    </p>
   </div>
   <div class='ocr_carea' id='block_1_105' title="bbox 230 5507 1919 5586">
    <p class='ocr_par' dir='ltr' id='par_1_105' title="bbox 230 5507 1919 5586">
     <span class='ocr_line' id='line_1_106' title="bbox 230 5507 1919 5586; baseline 0.001 -17"><span class='ocrx_word' id='word_1_743' title='bbox 230 5507 535 5571; x_wconf 64' lang='lat' dir='ltr'><strong>omnibus</strong></span> <span class='ocrx_word' id='word_1_744' title='bbox 553 5509 942 5565; x_wconf 83' lang='lat' dir='ltr'><strong>reverendam</strong></span> <span class='ocrx_word' id='word_1_745' title='bbox 965 5512 1022 5564; x_wconf 89' lang='lat' dir='ltr'><strong>et</strong></span> <span class='ocrx_word' id='word_1_746' title='bbox 1039 5508 1485 5582; x_wconf 87' lang='lat' dir='ltr'><strong>suspiciendum</strong></span> <span class='ocrx_word' id='word_1_747' title='bbox 1507 5510 1689 5569; x_wconf 81' lang='lat' dir='ltr'><strong>exerit</strong></span> <span class='ocrx_word' id='word_1_748' title='bbox 1703 5515 1759 5567; x_wconf 91' lang='lat' dir='ltr'><strong>et</strong></span> <span class='ocrx_word' id='word_1_749' title='bbox 1771 5529 1919 5586; x_wconf 65' lang='lat' dir='ltr'><strong>pris-</strong></span> 
     </span>
    </p>
   </div>
   <div class='ocr_carea' id='block_1_106' title="bbox 580 5632 1157 5715">
    <p class='ocr_par' dir='ltr' id='par_1_106' title="bbox 580 5632 1157 5715">
     <span class='ocr_line' id='line_1_107' title="bbox 580 5632 1157 5715; baseline 0.009 -18"><span class='ocrx_word' id='word_1_750' title='bbox 580 5632 847 5701; x_wconf 63' lang='lat' dir='ltr'><strong>Psrnon.</strong></span> <span class='ocrx_word' id='word_1_751' title='bbox 894 5633 1157 5715; x_wconf 79' lang='lat' dir='ltr'><strong>GXblll.</strong></span> 
     </span>
    </p>
   </div>
   <div class='ocr_carea' id='block_1_107' title="bbox 2012 4622 3658 4698">
    <p class='ocr_par' dir='ltr' id='par_1_107' title="bbox 2012 4622 3658 4698">
     <span class='ocr_line' id='line_1_108' title="bbox 2012 4622 3658 4698; baseline 0.001 -17"><span class='ocrx_word' id='word_1_752' title='bbox 2012 4622 2173 4681; x_wconf 58' lang='lat' dir='ltr'><strong>tiavi.’</strong></span> <span class='ocrx_word' id='word_1_753' title='bbox 2202 4625 2313 4681; x_wconf 89' lang='lat' dir='ltr'><strong>Sed</strong></span> <span class='ocrx_word' id='word_1_754' title='bbox 2345 4625 2484 4695; x_wconf 88' lang='lat' dir='ltr'><strong>quia</strong></span> <span class='ocrx_word' id='word_1_755' title='bbox 2508 4625 2751 4698; x_wconf 59' lang='lat' dir='ltr'><strong>Sapiens</strong></span> <span class='ocrx_word' id='word_1_756' title='bbox 2798 4626 2912 4681; x_wconf 87' lang='lat' dir='ltr'><strong>ait:</strong></span> <span class='ocrx_word' id='word_1_757' title='bbox 2960 4626 3145 4693; x_wconf 81' lang='lat' dir='ltr'><strong>Nemo,</strong></span> <span class='ocrx_word' id='word_1_758' title='bbox 3188 4627 3359 4697; x_wconf 85' lang='lat' dir='ltr'><strong>potest</strong></span> <span class='ocrx_word' id='word_1_759' title='bbox 3386 4626 3658 4697; x_wconf 81' lang='lat' dir='ltr'><strong>corrigere</strong></span> 
     </span>
    </p>
   </div>
   <div class='ocr_carea' id='block_1_108' title="bbox 2014 4713 3659 4788">
    <p class='ocr_par' dir='ltr' id='par_1_108' title="bbox 2014 4713 3659 4788">
     <span class='ocr_line' id='line_1_109' title="bbox 2014 4713 3659 4788; baseline -0.001 -16"><span class='ocrx_word' id='word_1_760' title='bbox 2014 4731 2175 4788; x_wconf 85' lang='lat' dir='ltr'><strong>quem</strong></span> <span class='ocrx_word' id='word_1_761' title='bbox 2227 4714 2367 4769; x_wconf 85' lang='lat' dir='ltr'><strong>Deus</strong></span> <span class='ocrx_word' id='word_1_762' title='bbox 2424 4713 2745 4785; x_wconf 64' lang='lat' dir='ltr'><strong>despexerit,</strong></span> <span class='ocrx_word' id='word_1_763' title='bbox 2816 4716 2865 4768; x_wconf 89' lang='lat' dir='ltr'><strong>et</strong></span> <span class='ocrx_word' id='word_1_764' title='bbox 2921 4713 3122 4768; x_wconf 84' lang='lat' dir='ltr'><strong>stultus</strong></span> <span class='ocrx_word' id='word_1_765' title='bbox 3186 4728 3297 4769; x_wconf 85' lang='lat' dir='ltr'><strong>non</strong></span> <span class='ocrx_word' id='word_1_766' title='bbox 3362 4714 3659 4785; x_wconf 79' lang='lat' dir='ltr'><strong>corrigitur</strong></span> 
     </span>
    </p>
   </div>
   <div class='ocr_carea' id='block_1_109' title="bbox 2016 4801 3662 4876">
    <p class='ocr_par' dir='ltr' id='par_1_109' title="bbox 2016 4801 3662 4876">
     <span class='ocr_line' id='line_1_110' title="bbox 2016 4801 3662 4876; baseline -0.001 -15"><span class='ocrx_word' id='word_1_767' title='bbox 2016 4805 2242 4876; x_wconf 80' lang='lat' dir='ltr'><strong>(Eccles.</strong></span> <span class='ocrx_word' id='word_1_768' title='bbox 2269 4802 2365 4873; x_wconf 84' lang='lat' dir='ltr'><strong>vn)</strong></span> <span class='ocrx_word' id='word_1_769' title='bbox 2393 4819 2405 4857; x_wconf 91' lang='lat'><strong>:</strong></span> <span class='ocrx_word' id='word_1_770' title='bbox 2433 4802 2573 4857; x_wconf 87' lang='lat' dir='ltr'><strong>adeo</strong></span> <span class='ocrx_word' id='word_1_771' title='bbox 2595 4802 2881 4859; x_wconf 85' lang='lat' dir='ltr'><strong>obdurata</strong></span> <span class='ocrx_word' id='word_1_772' title='bbox 2899 4805 2956 4857; x_wconf 91' lang='lat' dir='ltr'><strong>et</strong></span> <span class='ocrx_word' id='word_1_773' title='bbox 2975 4801 3272 4860; x_wconf 87' lang='lat' dir='ltr'><strong>obstinata</strong></span> <span class='ocrx_word' id='word_1_774' title='bbox 3291 4801 3418 4874; x_wconf 87' lang='lat' dir='ltr'><strong>ejus</strong></span> <span class='ocrx_word' id='word_1_775' title='bbox 3436 4801 3662 4875; x_wconf 79' lang='lat' dir='ltr'><strong>malitia</strong></span> 
     </span>
    </p>
   </div>
   <div class='ocr_carea' id='block_1_110' title="bbox 2017 4889 3659 4966">
    <p class='ocr_par' dir='ltr' id='par_1_110' title="bbox 2017 4889 3659 4966">
     <span class='ocr_line' id='line_1_111' title="bbox 2017 4889 3659 4966; baseline 0.002 -19"><span class='ocrx_word' id='word_1_776' title='bbox 2017 4891 2362 4964; x_wconf 87' lang='lat' dir='ltr'><strong>permansit,</strong></span> <span class='ocrx_word' id='word_1_777' title='bbox 2396 4893 2461 4945; x_wconf 91' lang='lat' dir='ltr'><strong>ut</strong></span> <span class='ocrx_word' id='word_1_778' title='bbox 2489 4890 2558 4945; x_wconf 92' lang='lat' dir='ltr'><strong>de</strong></span> <span class='ocrx_word' id='word_1_779' title='bbox 2587 4889 2678 4944; x_wconf 90' lang='lat' dir='ltr'><strong>die</strong></span> <span class='ocrx_word' id='word_1_780' title='bbox 2725 4890 2782 4945; x_wconf 88' lang='lat' dir='ltr'><strong>in</strong></span> <span class='ocrx_word' id='word_1_781' title='bbox 2828 4889 2982 4946; x_wconf 90' lang='lat' dir='ltr'><strong>diem</strong></span> <span class='ocrx_word' id='word_1_782' title='bbox 3027 4890 3271 4948; x_wconf 90' lang='lat' dir='ltr'><strong>adderet</strong></span> <span class='ocrx_word' id='word_1_783' title='bbox 3298 4894 3500 4965; x_wconf 79' lang='lat' dir='ltr'><strong>pejora</strong></span> <span class='ocrx_word' id='word_1_784' title='bbox 3526 4907 3659 4966; x_wconf 83' lang='lat' dir='ltr'><strong>pes-</strong></span> 
     </span>
    </p>
   </div>
   <div class='ocr_carea' id='block_1_111' title="bbox 2019 4979 3661 5055">
    <p class='ocr_par' dir='ltr' id='par_1_111' title="bbox 2019 4979 3661 5055">
     <span class='ocr_line' id='line_1_112' title="bbox 2019 4979 3661 5055; baseline 0.001 -19"><span class='ocrx_word' id='word_1_785' title='bbox 2019 4981 2210 5037; x_wconf 91' lang='lat' dir='ltr'><strong>simis.</strong></span> <span class='ocrx_word' id='word_1_786' title='bbox 2243 4979 2405 5035; x_wconf 90' lang='lat' dir='ltr'><strong>Unde</strong></span> <span class='ocrx_word' id='word_1_787' title='bbox 2436 4995 2551 5032; x_wconf 90' lang='lat' dir='ltr'><strong>non</strong></span> <span class='ocrx_word' id='word_1_788' title='bbox 2584 4981 2811 5033; x_wconf 86' lang='lat' dir='ltr'><strong>tantum</strong></span> <span class='ocrx_word' id='word_1_789' title='bbox 2843 4979 3129 5037; x_wconf 83' lang='lat' dir='ltr'><strong>exteriora</strong></span> <span class='ocrx_word' id='word_1_790' title='bbox 3148 4980 3305 5039; x_wconf 90' lang='lat' dir='ltr'><strong>bona</strong></span> <span class='ocrx_word' id='word_1_791' title='bbox 3323 4998 3429 5055; x_wconf 90' lang='lat' dir='ltr'><strong>pro</strong></span> <span class='ocrx_word' id='word_1_792' title='bbox 3449 4980 3661 5051; x_wconf 83' lang='lat' dir='ltr'><strong>libera-</strong></span> 
     </span>
    </p>
   </div>
   <div class='ocr_carea' id='block_1_112' title="bbox 2017 5065 3661 5142">
    <p class='ocr_par' dir='ltr' id='par_1_112' title="bbox 2017 5065 3661 5142">
     <span class='ocr_line' id='line_1_113' title="bbox 2017 5065 3661 5142; baseline 0 -17"><span class='ocrx_word' id='word_1_793' title='bbox 2017 5070 2173 5126; x_wconf 90' lang='lat' dir='ltr'><strong>tione</strong></span> <span class='ocrx_word' id='word_1_794' title='bbox 2203 5067 2395 5124; x_wconf 80' lang='lat' dir='ltr'><strong>ovium</strong></span> <span class='ocrx_word' id='word_1_795' title='bbox 2418 5065 2630 5124; x_wconf 90' lang='lat' dir='ltr'><strong>Christi</strong></span> <span class='ocrx_word' id='word_1_796' title='bbox 2663 5066 2907 5139; x_wconf 88' lang='lat' dir='ltr'><strong>cupiens</strong></span> <span class='ocrx_word' id='word_1_797' title='bbox 2937 5068 3297 5142; x_wconf 87' lang='lat' dir='ltr'><strong>impendere,</strong></span> <span class='ocrx_word' id='word_1_798' title='bbox 3326 5070 3428 5128; x_wconf 88' lang='lat' dir='ltr'><strong>sed</strong></span> <span class='ocrx_word' id='word_1_799' title='bbox 3457 5085 3661 5141; x_wconf 82' lang='lat' dir='ltr'><strong>super-</strong></span> 
     </span>
    </p>
   </div>
   <div class='ocr_carea' id='block_1_113' title="bbox 2021 5154 3662 5230">
    <p class='ocr_par' dir='ltr' id='par_1_113' title="bbox 2021 5154 3662 5230">
     <span class='ocr_line' id='line_1_114' title="bbox 2021 5154 3662 5230; baseline -0.001 -16"><span class='ocrx_word' id='word_1_800' title='bbox 2021 5156 2281 5230; x_wconf 89' lang='lat' dir='ltr'><strong>impendi</strong></span> <span class='ocrx_word' id='word_1_801' title='bbox 2313 5156 2438 5228; x_wconf 88' lang='lat' dir='ltr'><strong>ipse</strong></span> <span class='ocrx_word' id='word_1_802' title='bbox 2470 5158 2804 5227; x_wconf 88' lang='lat' dir='ltr'><strong>peroptans,</strong></span> <span class='ocrx_word' id='word_1_803' title='bbox 2837 5156 3029 5214; x_wconf 90' lang='lat' dir='ltr'><strong>visum</strong></span> <span class='ocrx_word' id='word_1_804' title='bbox 3072 5162 3161 5217; x_wconf 86' lang='lat' dir='ltr'><strong>est</strong></span> <span class='ocrx_word' id='word_1_805' title='bbox 3209 5159 3353 5215; x_wconf 88' lang='lat' dir='ltr'><strong>mihi</strong></span> <span class='ocrx_word' id='word_1_806' title='bbox 3395 5157 3469 5215; x_wconf 89' lang='lat' dir='ltr'><strong>ad</strong></span> <span class='ocrx_word' id='word_1_807' title='bbox 3498 5154 3662 5214; x_wconf 86' lang='lat' dir='ltr'><strong>testi-</strong></span> 
     </span>
    </p>
   </div>
   <div class='ocr_carea' id='block_1_114' title="bbox 2024 5242 3663 5318">
    <p class='ocr_par' dir='ltr' id='par_1_114' title="bbox 2024 5242 3663 5318">
     <span class='ocr_line' id='line_1_115' title="bbox 2024 5242 3663 5318; baseline -0.001 -17"><span class='ocrx_word' id='word_1_808' title='bbox 2024 5245 2287 5301; x_wconf 90' lang='lat' dir='ltr'><strong>monium</strong></span> <span class='ocrx_word' id='word_1_809' title='bbox 2319 5242 2589 5317; x_wconf 73' lang='lat' dir='ltr'><strong>nequitiae</strong></span> <span class='ocrx_word' id='word_1_810' title='bbox 2623 5260 2846 5313; x_wconf 84' lang='lat' dir='ltr'><strong>eorum,</strong></span> <span class='ocrx_word' id='word_1_811' title='bbox 2893 5246 3002 5315; x_wconf 89' lang='lat' dir='ltr'><strong>vel,</strong></span> <span class='ocrx_word' id='word_1_812' title='bbox 3054 5247 3104 5302; x_wconf 92' lang='lat' dir='ltr'><strong>si</strong></span> <span class='ocrx_word' id='word_1_813' title='bbox 3132 5247 3218 5303; x_wconf 92' lang='lat' dir='ltr'><strong>sic</strong></span> <span class='ocrx_word' id='word_1_814' title='bbox 3246 5244 3558 5318; x_wconf 85' lang='lat' dir='ltr'><strong>expediret,</strong></span> <span class='ocrx_word' id='word_1_815' title='bbox 3589 5243 3663 5313; x_wconf 79' lang='lat' dir='ltr'><strong>ad</strong></span> 
     </span>
    </p>
   </div>
   <div class='ocr_carea' id='block_1_115' title="bbox 2026 5331 3664 5407">
    <p class='ocr_par' dir='ltr' id='par_1_115' title="bbox 2026 5331 3664 5407">
     <span class='ocr_line' id='line_1_116' title="bbox 2026 5331 3664 5407; baseline -0.001 -16"><span class='ocrx_word' id='word_1_816' title='bbox 2026 5334 2450 5407; x_wconf 88' lang='lat' dir='ltr'><strong>reprcssionem</strong></span> <span class='ocrx_word' id='word_1_817' title='bbox 2481 5331 2883 5401; x_wconf 79' lang='lat' dir='ltr'><strong>contumaciae,</strong></span> <span class='ocrx_word' id='word_1_818' title='bbox 2918 5333 3236 5391; x_wconf 88' lang='lat' dir='ltr'><strong>humanam</strong></span> <span class='ocrx_word' id='word_1_819' title='bbox 3269 5332 3664 5393; x_wconf 84' lang='lat' dir='ltr'><strong>defensionem</strong></span> 
     </span>
    </p>
   </div>
   <div class='ocr_carea' id='block_1_116' title="bbox 2029 5420 3663 5497">
    <p class='ocr_par' dir='ltr' id='par_1_116' title="bbox 2029 5420 3663 5497">
     <span class='ocr_line' id='line_1_117' title="bbox 2029 5420 3663 5497; baseline 0.001 -18"><span class='ocrx_word' id='word_1_820' title='bbox 2029 5442 2106 5479; x_wconf 89' lang='lat' dir='ltr'><strong>un</strong></span> <span class='ocrx_word' id='word_1_821' title='bbox 2121 5425 2191 5479; x_wconf 89' lang='lat' dir='ltr'><strong>dc</strong></span> <span class='ocrx_word' id='word_1_822' title='bbox 2203 5439 2435 5495; x_wconf 91' lang='lat' dir='ltr'><strong>cunque</strong></span> <span class='ocrx_word' id='word_1_823' title='bbox 2448 5420 2855 5478; x_wconf 88' lang='lat' dir='ltr'><strong>attrahendam</strong></span> <span class='ocrx_word' id='word_1_824' title='bbox 2868 5421 3262 5489; x_wconf 84' lang='lat' dir='ltr'><strong>fore,audicns</strong></span> <span class='ocrx_word' id='word_1_825' title='bbox 3280 5422 3351 5478; x_wconf 89' lang='lat' dir='ltr'><strong>ab</strong></span> <span class='ocrx_word' id='word_1_826' title='bbox 3365 5420 3663 5497; x_wconf 86' lang='lat' dir='ltr'><strong>Apostolo,</strong></span> 
     </span>
    </p>
   </div>
   <div class='ocr_carea' id='block_1_117' title="bbox 2030 5508 3668 5590">
    <p class='ocr_par' dir='ltr' id='par_1_117' title="bbox 2030 5508 3668 5590">
     <span class='ocr_line' id='line_1_118' title="bbox 2030 5508 3668 5590; baseline 0.002 -22"><span class='ocrx_word' id='word_1_827' title='bbox 2030 5512 2323 5590; x_wconf 88' lang='lat' dir='ltr'><strong>principes</strong></span> <span class='ocrx_word' id='word_1_828' title='bbox 2354 5528 2470 5570; x_wconf 91' lang='lat' dir='ltr'><strong>non</strong></span> <span class='ocrx_word' id='word_1_829' title='bbox 2501 5511 2629 5570; x_wconf 90' lang='lat' dir='ltr'><strong>sine</strong></span> <span class='ocrx_word' id='word_1_830' title='bbox 2657 5527 2838 5570; x_wconf 87' lang='lat' dir='ltr'><strong>causa</strong></span> <span class='ocrx_word' id='word_1_831' title='bbox 2863 5508 3124 5585; x_wconf 88' lang='lat' dir='ltr'><strong>gladium</strong></span> <span class='ocrx_word' id='word_1_832' title='bbox 3155 5514 3410 5584; x_wconf 86' lang='lat' dir='ltr'><strong>portare,</strong></span> <span class='ocrx_word' id='word_1_833' title='bbox 3432 5512 3534 5572; x_wconf 84' lang='lat' dir='ltr'><strong>sed</strong></span> <span class='ocrx_word' id='word_1_834' title='bbox 3558 5510 3668 5571; x_wconf 88' lang='lat' dir='ltr'><strong>mi-</strong></span> 
     </span>
    </p>
   </div>
  </div>
