4088 6174
461 316 580 379 779

1757 314 1847 372 S.~
1868 310 2145 372 LEONIS
2191 310 2271 372 IX
2315 311 2564 371 PAP/E.

3740 280 3855 374 796

463 451 679 507 nistros
708 447 808 504 Dei
838 463 986 513 esse,
1014 446 1276 503 vindices
1333 447 1392 502 in
1442 446 1590 501 iram
1643 445 1802 500 omni
1843 443 2104 516 operanti
2132 445 2189 510 Α
2216 447 2302 499 ter
2331 445 2545 515 adjuva
2575 460 2940 516 recuperare,
2995 443 3247 500 retinere
3294 446 3352 499 et
3394 441 3724 499 defendere.
3774 445 3851 500 Ita

461 538 771 606 malum;et
781 537 921 609 quia
935 537 1227 609 principes
1242 554 1356 592 non
1371 540 1510 591 sunt
1524 535 1718 590 timori
1737 534 1872 589 boni
1890 533 2103 605 operis,

461 628 564 684 sed
595 626 735 683 mali
764 627 937 698 (Rom.
965 626 1130 697 xm):
1164 630 1221 680 et
1243 641 1408 697 reges
1459 630 1635 695 atque
1681 623 1859 678 duces
1890 622 2105 677 missos

461 731 497 771 a
524 715 641 773 Deo
671 716 745 771 ad
773 715 1091 772 vindictam
1137 712 1600 768 malefactorum.

533 804 830 861 Ruﬂ'ultus
843 819 979 875 ergo
993 800 1533 872 comitatu,qualem
1552 800 1832 872 temporis
1854 800 2104 855 brevitas

463 896 521 950 et
548 891 867 948 imminens
897 889 1215 946 necessitas
1244 888 1530 961 permisit,
1564 888 1800 960 gloriosi
1833 889 1997 943 ducis
2051 892 2107 941 et

465 979 731 1053 magistri
761 979 1004 1052 Argyroi
1034 977 1362 1034 ﬁdelissimi
1393 979 1479 1033 tui
1502 977 1858 1049 colloquium
1889 982 1945 1031 et
1975 993 2106 1031 con-

464 1067 664 1125 silium
721 1069 1110 1140 expetendum
1169 1067 1389 1133 censui,
1450 1082 1566 1122 non
1625 1072 1690 1121 ut
1754 1067 2104 1136 cujusquam

461 1156 979 1227 Nortmannorum,
1037 1172 1141 1212 seu
1198 1155 1530 1226 aliquorum
1591 1154 1898 1209 hominum
1954 1154 2104 1208 inte-

460 1245 643 1302 ritum
700 1250 983 1317 optarem,
1034 1248 1135 1300 aut
1187 1248 1431 1299 mortem
1490 1248 1820 1310 tractarem,
1881 1243 1982 1297 sed
2044 1246 2107 1295 ut

461 1333 672 1392 saltem
716 1333 978 1390 humano
1026 1337 1244 1388 terrore
1293 1332 1720 1404 resipiscerent,
1771 1332 1873 1402 qui
1911 1332 2107 1385 divina

452 1422 679 1493 judicia
736 1421 979 1478 minime
1024 1420 1364 1476 formidant.
1412 1420 1635 1475 Interea
1687 1421 1857 1476 nobis
1901 1436 2103 1475 eorum

458 1509 839 1581 pertinaciam
899 1508 1141 1565 salutari
1199 1509 1596 1565 admonitione
1658 1510 1923 1579 frangere
1980 1514 2104 1562 ten-

456 1600 739 1667 tautibus,
775 1604 833 1655 et
861 1598 979 1653 illis
1008 1616 1078 1654 ex
1127 1591 1366 1654 adverso
1415 1614 1647 1653 omnem
1683 1596 2104 1668 subjectionem

457 1688 1043 1760 ficte-pollicentibus,
1068 1687 1371 1758 repentino
1394 1686 1615 1758 impetu
1639 1687 1982 1742 comitatum
2008 1702 2105 1739 no-

459 1783 648 1834 strum
667 1775 1088 1848 aggrediuntur
1108 1793 1121 1843 ;
1140 1776 1241 1830 sed
1261 1774 1431 1830 alhuc
1445 1776 1513 1830 de
1531 1775 1767 1831 victoria
1783 1792 1892 1830 sua
1913 1774 2105 1845 potius

461 1847 767 1934 tristantur
783 1878 961 1932 quam
986 1863 1268 1917 laetentur.
1290 1847 1622 1917 Sicuteniin
1644 1867 1745 1916 tua
1766 1862 1952 1933 pietas
1973 1860 2110 1916 scri-

463 1956 597 2011 bere
615 1951 840 2009 curavit
859 1951 931 2008 ad
952 1954 1215 2006 nostram
1237 1951 1718 2016 consolationem,
1745 1968 1845 2023 pro
1870 1951 1980 2006 ista
2002 1968 2107 2005 sua

463 2040 922 2114 praesumptione
954 2039 1236 2109 majorem
1257 2038 1316 2094 in
1339 2041 1603 2111 proximo
1627 2044 1965 2111 exspectant
1995 2039 2105 2094 sibi

463 2134 947 2207 superventuram
973 2126 1460 2200 indignationem,
1480 2132 1611 2200 post
1634 2127 1792 2183 illam
1819 2145 1996 2200 quam
2019 2145 2107 2183 ex-

462 2222 614 2296 perti
637 2224 799 2289 sunt,
827 2235 947 2276 suae
973 2219 1209 2273 catervae
1233 2216 1703 2273 diminutionem.
1733 2217 1850 2272 Nos
1876 2233 2106 2288 quoque

462 2313 727 2370 divinum
749 2307 1105 2380 adjutorium
1129 2305 1298 2363 nobis
1321 2307 1536 2375 adfore,
1556 2310 1613 2362 et
1645 2307 1966 2362 humanum
1990 2324 2100 2362 non

464 2401 660 2458 defore
675 2399 999 2463 credentes,
1016 2396 1089 2451 ab
1107 2395 1215 2451 hac
1233 2401 1432 2451 nostra
1452 2396 1771 2451 intentione
1790 2395 2104 2451 liberandae

461 2484 917 2546 Christianitatis
931 2502 1043 2541 non
1063 2485 1535 2556 deﬁciemus,nec
1552 2484 1826 2540 dabimus
1843 2485 2103 2557 requiem

459 2577 823 2651 temporibus
844 2574 1203 2640 nostris,uisi
1224 2590 1358 2629 cuin
1381 2574 1581 2646 requie
1603 2578 1814 2629 sanctae
1838 2573 2103 2630 Ecclesiae

462 2665 969 2742 periclitantis.Ad
1002 2680 1180 2736 quam
1209 2662 1627 2734 acquirendam
1658 2662 2103 2717 etobtinendam

458 2757 749 2814 habemus
778 2752 1101 2810 maximum
1132 2769 1201 2808 ex
1229 2752 1425 2808 divina
1478 2753 1689 2824 pietate
1739 2753 2015 2809 solatium
2050 2761 2106 2811 et

430 2916 433 2919 ὗ
460 2845 822 2919 ρι’ωεὶἀίυω,
856 2841 1271 2899 charissimum
1299 2844 1473 2913 atque
1497 2840 1891 2897 clarissimum
1919 2844 2103 2899 tilium

459 2933 1153 3004 nostrumimperatorem
1166 2929 1760 3000 Henricum,cujusde
1774 2931 1932 2986 diein
1950 2932 2103 2988 diem

461 3013 870 3095 exspectamus
886 3020 1243 3092 promissum
1259 3021 1315 3073 et
1330 3018 1660 3088 proximum
1675 3020 1989 3076 adventum
2002 3026 2103 3087 ,ut-

461 3115 594 3184 pote
624 3126 758 3166 cum
789 3108 1092 3182 procinctu
1123 3111 1178 3162 et
1193 3107 1560 3178 expeditione
1581 3107 1868 3179 imperiali
1891 3127 2100 3181 prope-

2213 532 2369 587 enim
2400 534 2554 604 apud
2587 533 2767 589 Deum
2792 532 3167 606 singulariter
3190 531 3854 606 pugnans,cognomina-

2212 621 2367 676 beris
2389 623 2543 693 quod
2561 623 2916 691 jamdudum
2944 623 3095 678 inter
3112 622 3388 679 homines
3408 620 3854 694 cognominaris.

2214 708 2331 762 Hoc
2362 726 2502 765 sane
2528 709 2991 781 gloriosissimus
3018 711 3176 766 ﬁlius
3205 714 3403 766 uoster
3422 710 3711 766 Henricus
3741 727 3855 783 pen

2215 800 2383 853 ﬁcere
2410 797 2647 852 molitur
2675 799 2733 852 in
2765 799 2890 854 suis
2916 799 3343 870 partibus.Quae
3381 799 3584 855 omnia
3612 799 3782 856 nobis
3807 804 3857 856 et

2213 887 2375 941 vobis
2408 887 2745 957 proveniant
2774 886 3001 943 felicius
3034 892 3090 943 et
3119 885 3535 959 multiplicius,
3569 887 3673 942 ubi
3690 904 3858 960 quan-

2213 974 2528 1040 tocius,Dei
2560 976 2748 1047 gratia
2768 975 3242 1047 praeveniente,et
3264 974 3622 1032 beatissimis
3644 979 3857 1046 aposto-

2214 1062 2402 1118 lorum
2430 1063 2793 1135 principibus
2811 1063 3356 1129 intervenientibus,
3380 1068 3529 1119 etne
3559 1063 3853 1135 qualicun-

2212 1168 2323 1222 que
2337 1150 2523 1207 vicaro
2535 1169 2736 1207 eorum
2752 1152 3043 1208 mediante
3056 1152 3852 1220 etobtinenteﬁrmissimum

2214 1241 2374 1311 pacis
2387 1246 2442 1296 et
2455 1240 2992 1297 amicitiazintervos
3008 1241 3213 1297 ambos
3240 1245 3622 1312 componetur
3652 1242 3849 1298 fcedus.

2215 1330 2495 1384 Praeterea
2525 1331 2815 1385 confrater
2844 1335 3042 1385 uoster
3086 1329 3568 1401 archiepiscopus
3618 1328 3852 1386 Michael

2213 1419 2633 1474 exhortatorias
2688 1419 2758 1474 ad
2817 1419 3188 1475 concordiam
3251 1423 3309 1474 et
3338 1418 3624 1474 unitatem
3657 1419 3854 1475 direxit

2215 1507 2383 1562 nobis
2404 1506 2630 1567 litteras
2655 1524 2666 1561 :
2687 1524 2862 1578 quem
2887 1508 2958 1563 ad
2980 1512 3102 1562 tam
3128 1506 3380 1579 optabile
3391 1511 3450 1562 et
3467 1508 3853 1564 necessarium

2213 1595 2431 1649 bonum
2457 1600 2908 1666 praemonentem
2932 1601 3091 1651 tanto
3111 1612 3347 1652 necesse
3367 1599 3458 1652 est
3477 1613 3584 1652 nos
3597 1597 3853 1653 devotius

2216 1689 2271 1738 et
2291 1684 2541 1739 alacrius
2569 1685 3109 1756 suscipere,quanto
3126 1684 3518 1757 perspicacius
3537 1685 3855 1741 considera-

2219 1790 2349 1827 mus
2384 1789 2495 1827 non
2531 1790 2699 1844 posse
2730 1774 3055 1845 computari
3102 1774 3252 1829 inter
3275 1773 3602 1846 discipulos
3651 1773 3855 1832 Christi

2218 1861 2598 1932 aliquem,qui
2632 1862 2894 1916 fraternae
2927 1862 3055 1934 paci
3088 1862 3441 1935 dedignatur
3470 1862 3852 1935 acquiescere,

2217 1951 2462 2005 Domino
2494 1950 2618 2005 suis
2647 1952 2874 2006 dicente
2899 1954 2979 2007 ειη
3003 1952 3100 2007 hoc
3123 1960 3499 2022 recognoscent
3524 1954 3857 2023 omnes,quia

2214 2043 2326 2093 mei
2351 2042 2476 2094 estis
2507 2039 2783 2110 discipuli,
2815 2042 2866 2095 si
2893 2041 3239 2096 dilectionem
3269 2041 3571 2095 habueritis
3607 2040 3680 2095 ad
3706 2042 3855 2096 invi-

2214 2145 2327 2183 cem
2354 2130 2527 2199 (Joau.
2561 2129 2729 2197 xm),-
2760 2135 2815 2183 et
2847 2146 3059 2201 magno
3093 2129 3310 2201 populo
3344 2130 3428 2185 sic
3460 2133 3852 2200 protestante:

2215 2219 2409 2272 Pacem
2461 2219 2760 2287 sequimini
2812 2234 2937 2272 cum
2996 2219 3268 2284 omnibus,
3327 2222 3375 2273 et
3409 2219 3852 2285 sanctimoniam,

2213 2307 2331 2360 sine
2361 2323 2469 2376 qua
2499 2322 2656 2360 nemo
2690 2306 2887 2361 videbit
2919 2308 3090 2361 Deum
3122 2307 3301 2379 (Hebr.
3336 2308 3459 2378 xu).
3490 2307 3602 2363 Sed
3632 2305 3857 2362 noverit

2213 2397 2315 2449 tua
2344 2394 2596 2461 claritas,
2630 2412 2803 2465 super
2834 2396 3400 2467 paessumptionibus
3432 2396 3560 2465 ejus
3587 2393 3773 2451 multa
3798 2399 3855 2451 et

2214 2482 2603 2538 intolerabilia
2614 2483 2969 2554 jamdudum
2984 2485 3318 2556 pervenisse
3337 2484 3412 2540 ad
3435 2501 3608 2541 aures
3631 2488 3855 2540 nostras

2214 2570 2466 2643 qualiter
2480 2572 2654 2627 etiam
2674 2578 2872 2642 aperta
2889 2573 3289 2643 persecutione
3310 2573 3641 2629 inLatinam
3663 2572 3856 2629 Eccle-

2214 2659 2361 2715 siam
2384 2660 3282 2727 exardescens,anathematizare
3304 2679 3420 2718 non
3441 2662 3857 2717 timuitomnes

2214 2748 2311 2820 qui
2342 2754 2709 2803 sacramenta
2738 2754 3049 2805 attrectant
3078 2767 3146 2805 ex
3177 2751 3415 2808 azimis:
3455 2756 3513 2806 et
3541 2752 3700 2822 quod
3725 2750 3854 2806 Ale-

2212 2839 2563 2893 xandrinum
2583 2839 3079 2894 etAutiocbeuum
3111 2840 3477 2911 patriarchas
3507 2840 3749 2913 antiqua
3775 2839 3855 2893 di-

2213 2928 2432 2999 gnitate
2454 2945 2560 2982 sua
2592 2928 2815 2998 privare
2846 2929 3433 2997 contendens,contra
3463 2929 3550 2986 fas
3566 2934 3623 2985 et
3633 2930 3738 2999 jus
3751 2927 3857 2984 sibi

2214 3017 2459 3071 subdere
2478 3034 2623 3071 nova
2638 3017 2954 3072 ambitione
2968 3019 3272 3090 appetitzet
3283 3018 3562 3092 pleraque
3576 3035 3703 3090 quas
3722 3034 3854 3073 usu-

2216 3122 2352 3176 pare
2366 3105 2757 3173 dicitur,sicut
2772 3122 2805 3160 a
2824 3106 3040 3162 nostris
3054 3106 3279 3163 nuntiis
3291 3106 3605 3179 diligenter
3618 3122 3860 3179 cognos-

460 3174 1471 3256 rantisadnostrumsubsidiumAd
1490 3198 1642 3268 quod
1658 3174 1831 3252 etiam
1850 3174 2103 3270 superna
2135 3174 2178 3241 (ἶ
2217 3174 2343 3249 cere
2374 3194 2681 3265 poteris.lu
2695 3195 2909 3265 quibus
2943 3194 3174 3266 si,quod
3198 3174 3646 3267 absit,pertinax
3667 3174 3855 3252 fuerit.

458 3290 648 3362 gratia
665 3292 830 3343 tuam
847 3286 1218 3343 serenitatem
1240 3284 1615 3352 animavit,ut
1635 3285 1767 3340 hinc
1790 3287 1924 3343 inde
1943 3288 2104 3344 vobis

459 3373 884 3442 duobus,velut
901 3373 1145 3428 totidem
1165 3372 1749 3439 brachiis,inimicam
1771 3379 2004 3443 gentem
2030 3378 2101 3433 ab

460 3461 726 3519 Ecclesiae
756 3460 970 3517 Christi
1002 3458 1461 3531 propellentibus
1486 3463 1541 3514 et
1572 3460 1770 3531 procul
1795 3463 2099 3533 eti'uganti-

455 3551 592 3618 bus,
616 3548 842 3606 afﬂictas
866 3564 1022 3602 nunc
1041 3546 1493 3602 Christianitatis
1517 3548 1800 3604 relevetur
1829 3552 2005 3607 decus
2045 3558 2102 3608 et

457 3637 796 3713 reipublicae
810 3636 1157 3693 reformatur
1173 3636 1456 3691 status.Et
1476 3635 1614 3707 quia
1634 3638 1968 3695 abundante
1987 3641 2099 3695 ini-

454 3730 679 3803 quitate
711 3731 770 3785 et
799 3726 1206 3799 refrigescente
1250 3723 1550 3792 charitate,
1596 3731 1800 3782 sancta
1839 3728 2099 3785 Romana

451 3817 714 3877 Ecclesia
735 3820 791 3874 et
812 3813 1129 3889 apostolica
1149 3814 1317 3870 sedes
1336 3814 1585 3869 nimium
1608 3815 1707 3869 diu
1731 3815 1970 3872 obsessa
1988 3818 2097 3873 fuit

454 3905 832 3965 mercenariis
864 3908 921 3981 et
951 3921 1062 3959 non
1121 3903 1473 3976 pastoribus,
1506 3921 1539 3959 a
1570 3903 1786 3975 quibus
1817 3922 1943 3973 sua,
1979 3924 2093 3962 non

453 3995 772 4068 quaesuntJ
777 4011 880 4050 esu
898 3993 2098 4065 Christi,quaerentibus,devastatajacebat

453 4082 866 4141 miserabiliter
892 4080 1214 4137 hactenus:
1265 4081 1526 4136 divinum
1570 4082 1882 4137 consilium
1914 4084 2095 4141 voluit

453 4169 1033 4244 meamjhumiltatem
1047 4169 1343 4241 suscipere
1357 4174 1528 4223 tantae
1543 4171 1744 4226 eathed
1755 4189 1827 4227 rae
1842 4174 2093 4245 pondus.

453 4263 575 4329 Quo
595 4259 731 4317 licet
750 4258 1072 4332 plurimum
1104 4257 1217 4312 mei
1238 4257 1558 4313 imbecilles
1582 4267 2015 4332 praegraventur
2035 4269 2093 4319 et

448 4346 1095 4423 deprimanturhumeri
1111 4363 1225 4401 non
1246 4363 1454 4417 parum
1479 4347 1619 4401 mihi
1643 4349 2090 4421 subcstsanctzn,

450 4439 596 4512 spei,
631 4435 1109 4510 quandoquidem
1139 4452 1208 4491 ex
1236 4438 1481 4505 utroque
1510 4435 1686 4491 latere
1722 4437 1866 4493 tales
1898 4444 2092 4496 astant

2215 3298 2416 3353 pacem
2448 3288 2708 3338 nostram
2758 3283 3093 3339 nullatenus
3146 3284 3393 3340 retinere
3441 3285 3693 3355 poterit;
3726 3282 3863 3355 quia

2213 3370 2411 3441 procul
2444 3372 2719 3439 dubio,ad
2746 3388 2841 3426 nos
2873 3373 3350 3441 revertetur,sicut
3394 3373 3675 3429 dominus
3700 3373 3858 3439 dicit,

2210 3462 2261 3515 si
2306 3462 2399 3517 ille
2446 3462 2684 3518 noluerit
2728 3478 2840 3517 esse
2887 3461 3037 3530 ﬁlius
3083 3464 3238 3533 pacis
3288 3463 3441 3535 (Luc.
3472 3462 3550 3532 χ.)
3577 3461 3745 3517 Unde
3802 3466 3861 3516 et

2208 3550 2556 3621 Apostolus:
2590 3550 2651 3606 Si
2677 3552 2822 3621 ﬁeri,
2857 3550 3065 3621 inquit,
3095 3554 3267 3621 potest
3294 3551 3434 3623 quod
3458 3567 3525 3606 ea:
3558 3549 3714 3604 vobis
3759 3553 3858 3617 est,

2207 3654 2329 3692 cum
2357 3639 2607 3694 omnibus
2636 3639 2947 3695 hominibus
2973 3655 3162 3710 pacem
3186 3640 3443 3697 habentes
3493 3639 3673 3711 (Rom.
3725 3637 3854 3709 xu).

2207 3727 2507 3799 Siquidem
2537 3728 2595 3782 in
2627 3745 2772 3783 vano
2805 3728 3291 3800 patremfamilias
3314 3728 3697 3798 houorat,qui
3720 3744 3857 3783 uxo-

2206 3831 2330 3870 rem
2362 3818 2488 3888 ejus
2518 3816 2930 3872 exbonorat.Et
2955 3818 3174 3891 frustra
3196 3816 3662 3873 matrisfamilias
3684 3818 3861 3889 caput

2205 3910 2263 3961 et
2292 3905 2501 3961 faciem
2532 3906 2996 3978 magniﬁcat,qui
3029 3906 3114 3963 vel
3136 3907 3411 3963 minimos
3440 3906 3705 3962 ﬁliorum
3730 3907 3859 3977 ejus

2205 3996 2579 4067 impugnans,
2639 3994 2794 4050 velut
2841 3995 3054 4067 digitos
3105 3996 3320 4068 pedum
3368 3997 3497 4067 ejus
3526 3994 3859 4052 conculcet.

2204 4086 2415 4141 Contra
2439 4101 2614 4156 quem
2645 4084 2932 4156 sapientia
2960 4084 3063 4140 Dei
3085 4085 3145 4140 in
3168 4084 3572 4141 Ecclesiastico
3595 4084 3689 4141 sic
3716 4085 3859 4140 into-

2204 4179 2340 4229 nat:
2377 4178 2556 4247 Quam
2585 4174 2746 4228 malm
2770 4175 2935 4245 famae
2963 4183 3039 4231 est
3069 4176 3166 4245 qui
3200 4175 3348 4245 fugit
3390 4177 3624 4246 patrem,
3684 4178 3737 4229 et
3783 4181 3860 4229 est

2200 4263 2522 4319 maledictus
2550 4280 2584 4317 a
2607 4264 2711 4318 Dco
2754 4264 2849 4332 qui
2895 4271 3183 4335 exasperat
3227 4266 3460 4319 matrem
3501 4264 3695 4335 (Eccli.
3750 4262 3856 4334 III).

2202 4353 2564 4408 Conﬁdimus
2594 4356 2789 4407 tamen
2817 4353 2972 4424 quod
3004 4353 3388 4423 praeveniente
3413 4352 3604 4425 gratia
3635 4352 3744 4408 Dei
3769 4352 3859 4407 in-

2199 4442 2460 4497 venietur
2488 4440 2761 4496 innoxius
2792 4441 2864 4495 ab
2908 4440 3020 4507 his,
3070 4446 3170 4496 aut
3219 4446 3537 4509 correctus,
3584 4446 3695 4497 aut
3744 4442 3859 4497 cito

448 4528 555 4584 ﬁlii
572 4526 851 4601 religione
871 4529 928 4581 et
948 4524 1207 4597 potentia
1227 4522 1678 4596 prteclarissimi.
1703 4526 2084 4600 Quapropter,
2119 4546 2163 4608 ι)
2198 4531 2499 4603 resipiscet
2520 4530 2590 4585 ad
2601 4530 2857 4585 monitus
2884 4533 2960 4596 ;et
2980 4530 3268 4586 efﬁcietur
3283 4546 3398 4585 non
3422 4528 3617 4601 qualis
3633 4530 3860 4587 dicitur

447 4617 821 4674 devotissime
833 4614 978 4671 filiet
994 4612 1366 4670 serenissima
1379 4612 1457 4667 im
1466 4618 1716 4685 perator,
1730 4615 2084 4673 collaborare

445 4706 617 4761 nobis
643 4705 882 4777 dignare
911 4704 982 4760 ad
1029 4702 1434 4759 relevationem
1491 4706 1601 4759 tuae
1636 4704 1839 4759 matris
1870 4711 2080 4762 sanetae

447 4792 731 4862 Ecclesiae,
764 4797 821 4846 et
848 4791 1149 4863 privilegia
1197 4791 1496 4865 dignitatis
1543 4797 1714 4863 atque
1755 4796 2081 4853 reverentiae

446 4881 575 4951 ejus
597 4896 702 4935 nec
724 4896 840 4935 non
856 4879 1210 4951 patrimonia
1225 4881 1621 4951 recuperanda
1638 4881 1692 4934 in
1711 4885 1820 4936 tuae
1844 4883 2080 4942 ditionis

444 4967 892 5042 partibus,sicut
905 4968 1211 5023 manifeste
1224 4986 1568 5040 cognoscere
1582 4971 1797 5041 poteris
1820 4989 1883 5026 ex
1904 4991 2077 5028 vene-

439 5056 715 5115 rabilium
729 5056 1221 5129 praedecessorum
1235 5060 1564 5113 nostrorum
1580 5076 1680 5113 seu
1699 5065 1929 5116 tuorum
1946 5063 2081 5116 scri-

441 5146 557 5220 plis
584 5150 643 5204 et
671 5147 871 5220 gestis.
915 5144 999 5200 Tu
1049 5161 1184 5217 ergo
1233 5162 1483 5217 magnus
1526 5164 1833 5204 successor
1880 5152 2077 5221 magni

442 5236 830 5307 Constantini,
854 5234 1161 5308 sanguine,
1185 5235 1419 5291 nomine
1441 5242 1495 5291 ct
1518 5236 1759 5308 imperio
1786 5240 1990 5305 factus,
2019 5244 2081 5295 ut

440 5326 549 5382 ﬁas
569 5326 744 5382 etiam
766 5324 1026 5380 imitator
1046 5325 1368 5381 devotionis
1390 5326 1517 5395 ejus
1539 5342 1676 5396 erga
1697 5327 2077 5396 apostolicam

440 5415 661 5483 sedem,
693 5413 1070 5470 exhortamur
1098 5430 1109 5469 :
1141 5418 1197 5469 et
1226 5430 1350 5485 quae
1384 5413 1480 5467 ille
1509 5413 1816 5468 mirabillis
1841 5415 1925 5469 vir
1947 5420 2078 5487 post

438 5501 734 5558 Christum
767 5502 955 5558 eidem
1003 5502 1127 5559 sedi
1178 5500 1444 5566 contulit,
1498 5506 1553 5554 et
1606 5502 1987 5573 confirmavit,
2021 5509 2078 5561 et

439 5590 781 5661 deiendit,tu
797 5590 962 5674 juxta
977 5591 1059 5648 tui
1083 5589 1338 5648 nominis
1355 5586 1786 5662 etymologiam,
1811 5596 2076 5651 constan-

2196 4621 2295 4676 sed
2326 4619 2516 4690 qualis
2547 4636 2580 4673 a
2610 4617 2777 4673 nobis
2810 4618 2902 4690 pie
2923 4619 3290 4675 desideratur
3315 4622 3371 4674 et
3394 4620 3851 4690 speratur.Hiuc

2182 4711 2310 4780 jam
2336 4713 2447 4763 tua:
2475 4707 2669 4779 gloriae
2701 4711 3019 4779 praesentes
3050 4706 3204 4763 ﬁlios
3236 4712 3467 4764 nostros
3500 4714 3849 4781 sanctasque

2194 4800 2464 4853 Romana:
2493 4802 2548 4851 et
2569 4795 2897 4868 apostolica:
2921 4796 3077 4852 sedis
3102 4796 3339 4853 nuntios
3360 4812 3464 4868 per
3478 4794 3688 4852 omnia
3702 4812 3858 4852 com-

2192 4888 2541 4941 mandamus
2554 4890 2844 4956 quatenus
2862 4889 2921 4939 ut
2938 4884 3429 4941 decctliberaliter
3441 4883 3860 4956 suscipiantur

2192 4974 2871 5040 reverentorliabeantur,
2893 4973 3141 5046 benigne
3153 4974 3465 5030 ethoueste
3494 4977 3855 5040 tractentur,

2190 5062 2607 5118 rationabiliter
2625 5062 3028 5133 patienterque
3053 5062 3575 5134 audiantur,atque
3596 5068 3861 5134 quanto-

2190 5154 2316 5208 cius
2348 5151 2512 5206 nobis
2535 5151 2907 5206 laudabiliter
2924 5150 3401 5220 remittantur,ne
3428 5156 3667 5207 tantum
3692 5151 3858 5207 labo-

2191 5258 2311 5295 rem
2346 5240 2477 5296 illos
2507 5242 2725 5296 frustra
2756 5241 3071 5311 arripuisse
3104 5241 3319 5313 pigeat,
3369 5257 3477 5297 nos
3526 5241 3858 5297 mandasse

2188 5329 2606 5400 pudeat.Porro
2638 5344 2705 5381 ex
2729 5328 3081 5384 Amalﬁtano
3103 5330 3376 5401 episcopo
3390 5328 3555 5385 nulla
3569 5328 3680 5384 tibi
3704 5328 3856 5384 sub-

2186 5416 2406 5471 oriatur
2436 5415 2715 5486 suspicio,
2748 5417 2888 5486 quia
2919 5418 3224 5474 Romanus
3256 5424 3343 5475 est
3373 5419 3636 5486 omnino,
3682 5422 3750 5474 et
3779 5417 3855 5474 ab

2186 5502 2553 5560 Amaltitanis
2582 5503 2910 5572 discedens,
2946 5506 3318 5564 familiariter
3344 5507 3653 5564 nobiscum
3703 5505 3857 5562 vivit

2179 5595 2305 5666 jam
2337 5608 2484 5667 pene
2516 5608 2667 5652 anno
2699 5592 2946 5669 integro.
2981 5595 3328 5658 Benedictus
3359 5597 3512 5657 Deus
3559 5597 3617 5654 et
3664 5597 3858 5658 Pater
