4088 6174
235 291 347 358 781

1158 294 1567 364 EPISTOLE
1610 298 1710 363 ET
1750 296 2199 365 DIPLOMATA
2247 297 2721 367 PONTIFICIA.

3521 316 3649 385 ’182

239 428 470 485 Domini
506 429 690 485 nostri
720 430 859 486 Jesu
880 430 1309 499 Christi,Pater
1329 432 1887 497 misericordiarum,
1920 441 1971 505 Α
2074 436 2239 507 Apud
2276 452 2380 491 nos
2413 452 2515 491 nec
2566 436 2635 491 ad
2686 436 3144 494 subdiaconatus
3178 442 3424 513 gradum
3481 446 3643 516 quis—

236 524 293 574 et
312 518 469 573 Deus
488 518 671 574 totius
695 518 1176 591 consolationis(l
1200 521 1390 590 Com),
1423 521 1697 593 dignetur
1726 527 1888 577 tuam

234 605 641 663 excellentiam
660 608 1003 665 benedicere
1024 610 1181 665 omni
1198 610 1599 666 benedictione
1624 612 1894 682 spiritua-

232 694 271 751 li
298 694 639 768 repleatque
660 696 817 752 omni
840 697 1054 769 gaudio
1077 703 1133 753 et
1153 698 1471 770 pace,ut~in
1492 685 1760 771 praesenti
1786 717 1889 755 sae-

234 784 369 840 culo
418 801 524 857 per
577 781 749 858 longa
776 788 1043 857 tempora
1090 785 1332 842 feliciter
1374 787 1717 855 domineris,
1746 788 1888 844 etin

233 875 435 929 futuro
473 872 602 929 sine
632 873 750 929 ﬁne
784 890 917 930 cum
950 874 1101 948 Rege
1132 891 1337 948 regum
1361 880 1419 931 et
1437 876 1684 933 Domino
1715 878 1894 933 domi.

238 962 512 1018 nantium
545 978 725 1035 regno
755 961 1034 1018 caelorum
1066 963 1229 1020 beate
1260 964 1599 1036 perfruaris,
1641 966 1890 1022 honora-

234 1050 373 1107 bilis
403 1056 462 1106 et
492 1049 897 1107 desiderabilis
927 1051 1096 1108 nobis
1128 1052 1188 1107 in
1222 1052 1562 1122 Christoﬁli
1594 1057 1652 1110 et
1679 1054 1889 1127 glorio-

235 1157 297 1196 se
328 1143 615 1212 Auguste.
650 1142 852 1196 Amen.

993 1229 1130 1285 CIV.

238 1320 294 1375 8.
331 1318 439 1374 Leo
468 1320 795 1373 monasterii
838 1318 894 1374 S.
947 1318 1242 1375 Saluatoris
1289 1322 1339 1374 et
1388 1320 1443 1375 S.
1493 1320 1686 1377 Maria:
1726 1323 1890 1377 Nion-

311 1391 599 1459 burgensis
623 1390 980 1458 possessiones
1004 1393 1054 1445 et
1082 1390 1395 1462 privilegia,
1416 1396 1643 1461 rogante
1657 1393 1891 1449 Atbuino

310 1462 526 1534 abbate,
559 1483 605 1534 g«_
612 1478 714 1534 pro
743 1462 842 1534 Dei
865 1477 1059 1517 amore
1086 1470 1141 1518 et
1162 1464 1423 1534 petitione
1467 1464 1648 1533 ﬁdelis
1676 1466 1768 1519 sui
1797 1466 1889 1520 Ri-

313 1531 736 1608 cherii_abbatis_
761 1532 1117 1608 (casinensis)
1145 1531 1309 1608 atque
1345 1531 1743 1591 interventione
1786 1537 1888 1608 Eg-

318 1603 458 1659 berti
483 1603 762 1660 Futdensis
784 1603 999 1660 abbatis
1027 1625 1054 1655 ››
1083 1603 1391 1660 conﬁrmat.

860 1691 1051 1763 (Anno
1083 1692 1266 1764 1054.)

240 1780 1229 1874 [Kaerfzﬁrridéic’ninstetere
1262 1799 1327 1874 P;
1358 1783 1443 1874 "7.»
1476 1783 1798 1874 ιεειεβασε
1826 1782 1885 1839 in
1920 1809 1968 1874 B

308 1854 549 1924 Regestis
575 1854 921 1928 PontsRogn.
957 1870 1013 1925 p.
1047 1853 1172 1907 379.
1206 1853 1279 1895 -—‘
1305 1855 1485 1927 Incip.
1532 1872 1545 1910 :
1594 1855 1656 1910 Si
1683 1871 1893 1928 semper

308 1932 438 1980 sunt
464 1924 805 1981 concedenda
818 1924 861 1994 .]
964 1924 973 1925 “
1272 1960 1284 1971 κ

1001 2012 1112 2068 CV.

241 2104 295 2159 S.
326 2104 429 2159 Leo
466 2103 738 2159 Atbuvino
770 2101 972 2175 abbati
1019 2101 1075 2156 S.
1129 2104 1321 2158 Mariae
1367 2104 1791 2175 Nienburgensis
1840 2110 1893 2161 et

308 2177 430 2246 ejus
458 2174 859 2229 successoribus
892 2195 919 2221 ‹‹
949 2189 1051 2246 pro
1072 2176 1334 2245 petitione
1364 2174 1891 2241 Richerii,Casinen-

307 2245 383 2301 sis
412 2247 609 2302 Montis
636 2246 868 2310 abbatis,
900 2266 928 2294 »
962 2245 1065 2316 (Cf.
1119 2246 1386 2314 Leoonis,
1430 2246 1625 2302 Chron.
1657 2252 1886 2303 manust.

313 2318 498 2374 Casia.
550 2334 609 2389 p.
658 2317 786 2387 686)
833 2315 1074 2372 concedit
1112 2325 1180 2389 ut
1221 2319 1280 2371 in
1328 2317 1691 2389 procurandis
1717 2320 1888 2373 sacris

310 2387 881 2446 utantur—datmaticis
910 2392 963 2461 et
990 2387 1252 2443 sandalis.
1285 2387 1392 2445 Pro
1415 2406 1508 2445 an.
1545 2389 1682 2461 1048
1713 2390 1888 2461 legen-

307 2461 435 2515 dum
458 2476 576 2516 esse
607 2477 702 2516 an.
738 2461 875 2514 1054
906 2459 1097 2513 docent
1116 2476 1211 2514 an.
1242 2468 1459 2532 pontm
1482 2464 1533 2515 et
1564 2459 1888 2533 indictvu.)

242 2549 618 2620 [Beekmann,
650 2548 885 2604 Ilistorie
912 2547 1006 2603 des
1036 2548 1448 2604 Furstenthums
1481 2548 1703 2615 Anhalt,
1742 2554 1888 2605 teste

309 2621 474 2690 Jatfe,
525 2621 737 2689 Regest.
791 2621 947 2693 Pent.
1002 2620 1150 2674 Rom.
1197 2637 1255 2692 p.
1307 2621 1431 2674 379.
1464 2652 1532 2660 —
1564 2621 1741 2693 Incip.
1781 2638 1793 2675 :
1828 2622 1890 2677 Si

311 2702 550 2764 pastores
578 2690 810 2761 ovium]

945 2780 1036 2836 CV
1073 2782 1173 2838 bis.

238 2872 299 2926 S.
344 2874 444 2929 Leo
484 2874 553 2928 IX
595 2872 663 2927 de
711 2871 1041 2926 clericorum
1088 2871 1417 2926 castimonia
1464 2873 1655 2928 scribit
1700 2880 1887 2928 contra

387 2945 679 3017 epistolam
708 2944 912 2999 Niceta.o
938 2942 1154 2998 abbatis
1182 2946 1505 2999 monasterii
1531 2944 1731 2999 Studii.

881 3031 1246 3104 Fragmenta.

652 3120 885 3193 [Mansi,
914 3120 1118 3176 Concit.
1154 3120 1296 3189 XIX,
1328 3121 1477 3191 696.]

2005 541 2179 596 quam
2239 524 2589 591 admittitur,
2637 525 2747 580 nisi
2805 532 3143 601 perpetuam
3202 532 3646 606 continentiam,

2002 613 2176 668 etiam
2227 630 2260 667 a
2307 614 2545 685 propria
2592 615 2858 687 conjuge,
2918 618 3295 688 profiteatur;
3354 637 3461 676 nec
3516 625 3650 693 post

2000 701 2246 772 gradum
2279 701 2553 773 cuiquam
2585 703 2795 760 ducere
2825 722 3062 762 uxorem
3094 709 3449 764 conceditur.

2375 836 2476 890 Leo
2504 838 2571 892 IX
2598 838 2659 891 in
2686 838 2915 909 epistola
2943 857 3052 913 qua
3078 858 3268 913 supra.

2069 940 2339 1000 Seriatim
2398 946 2455 997 et
2501 948 2696 1014 aperte
2744 947 3121 1018 prosequitur
3166 950 3319 1020 quod
3368 950 3426 1006 S.
3479 951 3547 1007 R.
3581 953 3647 1010 E.

2000 1029 2175 1085 etiam
2208 1029 2264 1084 in
2296 1030 2579 1102 gradibus
2610 1031 2952 1091 clericorum
3002 1037 3148 1109 agit;
3193 1036 3432 1096 clericos
3462 1039 3646 1111 enim,

2001 1118 2293 1185 ostiarios,
2349 1117 2615 1187 lectores,
2674 1123 3009 1192 exorcistas,
3070 1125 3368 1198 acolythos
3398 1129 3449 1184 si
3486 1133 3650 1187 extra

1999 1206 2285 1263 vomitum
2322 1211 2380 1278 υ.
2402 1206 2663 1279 solitum]
2684 1212 2742 1265 et
2762 1210 3028 1268 habitum
3054 1214 3324 1271 monachi
3342 1217 3648 1274 invenian-

1998 1299 2178 1362 tnr,et
2209 1295 2625 1353 continentiam
2657 1299 2915 1369 profiteri
2947 1301 3417 1371 nolunt,uxorem
3437 1306 3649 1364 ducere

1999 1383 2283 1456 virginem
2317 1401 2449 1441 cum
2482 1385 2888 1444 benedictione
2935 1390 3279 1447 sacerdotali
3322 1393 3646 1465 permittit;

1999 1491 2115 1528 non
2147 1478 2340 1529 autem
2372 1473 2609 1530 viduam
2659 1477 3065 1548 repudiatam;
3116 1480 3212 1552 qui
3253 1485 3492 1553 propter
3537 1480 3649 1539 hoc

1999 1561 2273 1635 deinceps
2305 1579 2410 1618 nec
2441 1563 2510 1618 ad
2544 1565 3032 1623 subdiaconatum
3054 1570 3380 1640 promoveri
3411 1570 3645 1642 poterit,

1998 1668 2104 1707 nec
2136 1650 2322 1708 laicus
2352 1669 2467 1708 non
2496 1653 2782 1725 virginem
2814 1656 3056 1713 sortitus
3088 1662 3460 1728 uxorem,aut
3482 1660 3646 1733 biga-

1999 1755 2133 1795 mus
2164 1740 2235 1796 ad
2267 1739 2629 1797 clericatum.
2665 1742 2828 1807 Quod
2861 1744 2909 1800 si
2942 1745 3075 1816 quis
3105 1763 3173 1802 ex
3200 1747 3459 1819 praefatis
3488 1749 3647 1805 ordi-

1997 1829 2174 1887 nibus
2204 1829 2496 1887 desiderat
2529 1832 2600 1886 ad
2634 1832 3121 1891 subdiaconatum
3162 1835 3495 1907 ascendere,
3529 1852 3649 1895 non

2002 1923 2192 1990 potest
2223 1918 2348 1975 sine
2378 1935 2667 1976 consensu
2702 1920 2899 1977 uxoris
2930 1939 3072 1991 suae,
3104 1927 3170 1979 ut
3197 1924 3267 1980 de
3296 1923 3514 1981 carnali
3548 1925 3652 1983 ﬂat

2000 2008 2273 2081 deinceps
2302 2009 2642 2081 conjugium
2674 2008 3246 2085 spirituale,eogente
3268 2029 3368 2070 eos
3388 2013 3648 2071 nemine.

2000 2097 2115 2153 Nec
2141 2098 2502 2169 permittitur
2531 2103 2734 2171 postea
2767 2117 2913 2156 uxor
2941 2101 3171 2175 injungi
3202 2103 3404 2161 eodem
3437 2103 3649 2161 marito

1999 2202 2106 2242 suo
2138 2185 2466 2255 carnaliter,
2504 2204 2606 2243 nec
2636 2189 2911 2261 cuiquam
2941 2191 3162 2249 nubere
3184 2191 3547 2265 permittitur
3586 2193 3647 2251 in

1997 2274 2135 2345 vita,
2170 2281 2269 2331 aut
2300 2280 2429 2348 post
2456 2280 2699 2333 mortem
2732 2276 2918 2338 illius.

2626 2393 2772 2449 Idem
2802 2394 3021 2451 ibidem.

2069 2498 2320 2553 Omnino
2338 2500 2688 2556 conﬁtemur
2708 2517 2821 2557 non
2844 2500 3016 2559 licere
3032 2504 3323 2578 episcopo,
3348 2507 3644 2581 presbyte-

1998 2586 2721 2653 ro,diacono,subdiacono
2744 2592 3037 2663 propriam
3052 2609 3308 2659 ,uxorem
3324 2611 3501 2651 causa
3522 2595 3649 2650 reli-

1996 2674 2187 2747 gionis
2218 2675 2470 2747 abjicere
2502 2695 2535 2732 a
2565 2694 2706 2733 cura
2749 2696 2875 2746 sua,
2910 2680 3133 2736 scilicet
3165 2686 3229 2737 ut
3257 2682 3308 2737 ei
3340 2682 3558 2738 victum
3591 2687 3650 2739 et

1996 2764 2270 2819 vestitum
2300 2764 2603 2837 largiatur,
2627 2767 2727 2821 sed
2752 2784 2865 2822 non
2888 2772 2955 2823 ut
2974 2785 3108 2824 cum
3130 2768 3231 2825 illa
3252 2786 3320 2826 ex
3341 2786 3501 2827 more
3520 2787 3646 2828 car-

1997 2852 2208 2907 naliter
2228 2853 2542 2923 jaceat.Sic
2572 2854 2673 2910 SS.
2708 2855 3004 2926 apostolos
3052 2856 3306 2930 legimus
3334 2860 3545 2933 egisse,
3577 2860 3644 2918 Β.

1995 2940 2174 2996 Paulo
2208 2940 2470 3013 apostolo
2493 2942 2721 2999 dicente
2747 2959 2759 2998 :
2787 2945 3048 3015 Nunquid
3092 2962 3204 3002 non
3253 2948 3509 3025 habemus
3544 2965 3644 3022 p0-

1994 3034 2237 3085 testatcm
2265 3046 2501 3086 sororem
2532 3031 2822 3087 mulierem
2849 3035 3295 3092 circumducendi
3322 3041 3466 3094 sicut
3484 3040 3543 3095 Γ.
3576 3038 3642 3093 D.

1997 3128 2047 3174 et
2079 3120 2325 3191 Ccphas?
2353 3118 2516 3186 Vide,
2549 3119 2857 3192 insipiens,
2889 3122 3043 3193 quod
3096 3140 3211 3179 non
3260 3124 3405 3180 dixit
3438 3142 3450 3181 :
3485 3126 3645 3183 Nun-

298 3212 619 3270 Clementis
652 3185 765 3266 lib.
816 3185 1056 3277 1,-Petri
1104 3185 1353 3281 apostoli
1404 3185 1772 3264 Itinerarium
1829 3213 1886 3264 et
1914 3185 1957 3252 Ο
1997 3185 2281 3279 ῳιίάἠοη
2333 3185 2620 3263 habemus
2651 3185 2997 3280 potestatem
3029 3228 3287 3269 sororem
3337 3213 3644 3269 mulierem

224 3302 500 3358 Canones
531 3298 927 3371 apostolorum
981 3302 1296 3353 numerant
1328 3297 1523 3353 Patres
1562 3297 1715 3352 inter
1746 3312 1882 3368 apo-

223 3389 477 3463 crypha,
509 3389 756 3461 exceptis
787 3404 917 3460 cap.
949 3387 1042 3456 50,
1078 3403 1226 3460 quos
1257 3386 1511 3441 decrevit
1549 3385 1886 3443 orthodoxis

226 3478 501 3552 adjungi.

1994 3295 2387 3368 amplexandi,
2418 3296 2518 3352 sed
2548 3299 3008 3368 circumducendi,
3028 3300 3253 3358 scilicet
3281 3306 3347 3358 ut
3374 3302 3640 3359 mercede

1994 3385 2420 3456 praedicationis
2439 3390 2869 3443 sustentaretur
2898 3390 2970 3445 ab
2997 3389 3103 3459 eis,
3128 3407 3233 3447 nec
3261 3396 3458 3450 tamen
3480 3392 3641 3449 dein-

1994 3490 2128 3546 ceps
2160 3474 2306 3530 foret
2335 3475 2489 3530 inter
2516 3474 2893 3558 eos‘ulterius
2916 3478 3150 3536 carnale
3180 3482 3540 3555 conjugium.

1718 3637 2156 3726 SPURIA.

995 3814 1138 3875 CVI.

225 3908 397 3965 Bulla
426 3908 486 3964 S.
514 3906 716 3980 Leonis
738 3908 807 3964 IX
835 3909 895 3962 in
925 3923 1034 3980 qua
1062 3907 1307 3980 declarat
1333 3922 1389 3962 se
1416 3905 1691 3964 dedicasse
1729 3904 1893 3964 eccle-

294 3984 445 4036 siam
496 3979 684 4052 Sancti
734 3978 1031 4052 Arnutphi,
1064 3987 1115 4035 et
1163 3979 1337 4052 multa
1381 3979 1679 4050 privilegia
1708 3984 1894 4035 contu-

301 4055 434 4108 lisse
463 4051 657 4107 abbati
685 4054 737 4107 et
765 4050 1034 4122 fratribus
1058 4050 1302 4120 ejusdem
1333 4052 1675 4107 monasterii.

866 4158 1054 4229 (Anno
1089 4157 1274 4227 1049.)

270 4246 449 4320 [σαιι.
487 4247 686 4303 Christ.
722 4246 877 4329 XIII,
894 4247 1025 4313 394,
1056 4262 1124 4302 ex
1155 4245 1391 4302 archivo
1422 4246 1481 4301 S.
1512 4244 1846 4318 Arnulphi.]

1999 3812 2079 3873 ibi
2111 3815 2307 3872 divina
2343 3816 2565 3874 favente
2598 3815 2787 3889 gratia
2823 3816 2894 3873 ad
2935 3817 3646 3894 correctionemperduxi-

2000 3906 2583 3974 mus,monasterium
2609 3905 2794 3961 sancti
2809 3906 3462 3980 Arnulphiconfessoris
3482 3908 3647 3966 Chri-

2002 3994 2310 4066 sti,quinto
2334 3994 2471 4051 ldus
2483 3994 2747 4050 Octobris
2762 3986 2990 4052 Christo
3007 3999 3650 4058 consecravimus.Huic

2003 4084 2186 4156 igitur
2214 4082 2483 4155 dignitati
2502 4081 2675 4139 aliam
2691 4083 3040 4156 dignitatem
3058 4087 3359 4160 cupientes
3375 4089 3649 4161 adjicere,

2006 4171 2375 4244 privilegium
2401 4171 2764 4227 auctoritatis
2785 4177 2998 4230 nostra:
3022 4176 3272 4247 praefatae
3317 4194 3434 4234 non
3482 4194 3655 4253 nega-

2006 4277 2140 4316 mus
2171 4259 2449 4315 ecclesizn.
2479 4259 2768 4317 Volumus
2790 4262 2987 4335 itaque
3007 4270 3064 4320 et
3083 4282 3249 4322 sacra
3269 4266 3471 4338 primae
3496 4266 3655 4323 sedis

304 4355 429 4410 Ι.εο
459 4353 794 4427 episcopus,
828 4370 1032 4410 servus
1063 4368 1365 4409 servorum
1401 4352 1522 4418 Dei,
1552 4350 1806 4408 ecclesiae
1840 4351 1898 4406 in
1930 4369 1977 4433 D
2008 4349 2352 4407 auctoritate
2399 4350 2699 4406 sancimus
2752 4356 2817 4406 ut
2875 4353 3078 4410 eadem
3128 4354 3372 4410 ecclesia
3424 4358 3481 4410 et
3526 4354 3656 4426 ipsa

223 4444 527 4500 honorem
556 4442 712 4499 beati
740 4441 985 4498 Joannis
1016 4440 1385 4514 evangelista:
1433 4441 1739 4512 sanctique
1786 4447 1899 4495 Ar-

223 4532 451 4604 nulpbi
482 4548 590 4588 con
604 4532 841 4589 tesseris
871 4531 1084 4587 Christi
1112 4548 1144 4586 a
1176 4531 1345 4586 nobis
1375 4529 1709 4603 specialiter
1737 4530 1899 4585 dedi-
1950 4551 1955 4557 π

220 4626 404 4688 catae,
431 4626 489 4677 et
519 4637 621 4693 per
648 4636 778 4678 eam
804 4619 1120 4677 venerabili
1152 4620 1398 4675 Wmmo
1430 4619 1625 4674 abbati
1659 4620 1902 4691 suisque

219 4710 689 4767 successoribus
720 4708 1028 4766 monachis
1060 4709 1235 4764 etiam
1269 4708 1414 4764 inibi
1447 4708 1562 4763 Deo
1612 4707 1902 4764 famulan-

218 4799 402 4855 tibus
438 4798 689 4855 salutem
725 4804 782 4854 et
813 4796 1197 4871 apostolicam
1226 4797 1712 4853 benedictionem.

298 4889 597 4954 Quamvis
628 4887 891 4944 omnium
915 4886 1306 4942 Ecclesiarum
1329 4886 1430 4942 Dei
1456 4903 1657 4941 curam
1675 4903 1907 4958 semper

217 4993 451 5052 gerere
481 4976 827 5044 debeamus,
858 4975 976 5032 illis
1024 4981 1220 5032 tamen
1270 4975 1509 5046 quibus,
1541 4975 1739 5031 divina
1775 4992 1905 5031 coo-

215 5070 489 5141 perante
539 5065 872 5133 clementia,
923 5069 1138 5121 sanctze
1191 5064 1614 5120 benedictionis
1665 5081 1906 5120 manum

215 5156 635 5230 imponimus,
671 5154 1037 5227 propensiori
1068 5171 1211 5210 cura
1240 5158 1297 5208 et
1325 5152 1679 5224 vigilantiori
1712 5153 1908 5208 studio

219 5244 584 5318 prospicere
597 5243 953 5299 debemusin
968 5242 1636 5314 omnibus.Quapropter
1648 5240 1908 5297 ﬁdelium

220 5332 495 5402 Christi,
529 5337 651 5389 tam
682 5331 1063 5405 praesentium
1114 5347 1290 5404 quam
1341 5331 1695 5400 futurorum,
1729 5330 1911 5387 soler-

222 5425 385 5480 tiam
426 5420 701 5493 ignorare
732 5420 1011 5477 nolumus
1044 5439 1057 5476 :
1110 5419 1366 5493 qualiter
1395 5436 1502 5476 nos
1533 5437 1567 5475 a
1597 5419 1911 5476 venerabili

223 5512 549 5570 eonfratre
598 5516 801 5567 nostro
847 5510 1217 5567 Adalberone
1245 5510 1485 5565 Metensi
1534 5509 1807 5582 episcopo
1839 5509 1911 5565 ad

224 5605 449 5682 ipsam
481 5600 772 5660 civitatem
804 5600 1148 5662 solemniter
1175 5598 1402 5657 invitati
1444 5598 1597 5657 inter
1618 5598 1755 5657 alia
1784 5615 1913 5675 quae

2010 4442 2383 4495 sacrosancta
2414 4438 2647 4494 Domini
2678 4456 2883 4496 mensa
2902 4440 2960 4496 in
2983 4440 3200 4496 honore
3226 4441 3413 4512 ipsius
3436 4458 3469 4496 a
3486 4441 3656 4497 nobis

2010 4527 2275 4584 dedicata
2303 4527 2418 4583 tale
2445 4526 2810 4600 privilegium
2843 4527 3253 4584 inviolabiliter
3281 4528 3559 4597 obtineat,
3594 4533 3661 4586 ut

2011 4621 2221 4690 praeter
2265 4616 2567 4688 episcopos
2612 4621 2669 4671 et
2714 4616 2976 4683 abbates,
3010 4632 3076 4670 ac
3119 4620 3344 4688 septem
3391 4616 3657 4689 ejusdem

2014 4706 2259 4762 ccenobii
2290 4706 2620 4761 sacerdotes
2650 4708 2704 4760 et
2727 4710 2847 4760 tres
2869 4704 3178 4761 canonicos
3199 4705 3270 4762 de
3290 4704 3464 4763 domo
3486 4705 3662 4763 Sanc-

2016 4796 2059 4850 ti
2091 4793 2803 4867 Stephani,primicerium
2836 4793 3122 4849 decanum
3147 4795 3655 4870 etcorepiscopum

2015 4884 2374 4956 primum,ad
2403 4884 2595 4954 ipsum
2628 4881 2946 4953 principale
2968 4882 3148 4940 altare
3177 4884 3376 4943 nullus
3398 4902 3662 4959 unquam

2016 4973 2230 5029 missas
2260 4972 2549 5027 celebrare
2596 4976 2932 5041 praesumat,
2965 4972 3080 5028 nisi
3128 4979 3187 5030 et
3233 4974 3348 5032 alia
3394 4976 3665 5048 religiosa

2018 5079 2266 5134 persona
2292 5078 2420 5134 qua:
2445 5058 2832 5132 postulatione
2875 5068 2931 5117 et
2980 5079 3271 5120 consensu
3305 5064 3535 5119 abbatis
3564 5066 3666 5117 aut

2017 5154 2263 5206 fratrum
2314 5151 2384 5205 ad
2436 5148 2578 5204 illud
2628 5156 2954 5207 reverenter
3002 5153 3256 5208 accedat.
3289 5150 3666 5222 Praecipimus

2019 5242 2195 5296 etiam
2229 5244 2293 5295 ut
2323 5238 2521 5293 nullus
2550 5237 3024 5310 archiepiscopus
3042 5239 3130 5295 vel
3150 5240 3461 5312 episcopus
3492 5251 3671 5309 super

2021 5331 2177 5385 idem
2208 5329 2388 5384 altare
2419 5326 2683 5399 quandiu
2715 5326 3057 5382 inviolatum
3092 5331 3199 5395 est,
3234 5343 3473 5382 manum
3498 5341 3668 5383 suam

2020 5424 2239 5473 temere
2271 5420 2652 5489 superponat,
2684 5416 2773 5472 vel
2822 5432 2924 5487 pro
2975 5431 3323 5487 quacunque
3367 5415 3671 5473 occasione

2024 5512 2459 5563 sacrosanctum
2490 5506 2909 5579 redemptionis
2951 5510 3161 5560 nostrae
3211 5506 3557 5579 mysterium
3586 5505 3673 5562 ibi

2022 5594 2407 5659 intercludere
2437 5595 2525 5653 vel
2556 5595 2863 5671 prohibere
2891 5599 3239 5671 praesumat;
3273 5599 3373 5655 sed
3405 5599 3452 5655 si
3486 5594 3674 5654 homi-
