4088 6174
472 370 596 435 ’183

1771 371 1835 430 S.
1883 368 2159 431 LEONIS
2206 370 2287 432 IX
2333 369 2587 433 ΡΑΡᾸΞ.

3765 344 3879 434 'i'84

477 506 694 562 cidium
728 504 812 561 vel
844 503 960 560 tale
990 503 1129 576 quid
1160 502 1263 572 ibi,
1298 504 1449 575 quod
1482 502 1654 569 absit,
1689 504 1941 574 peccatis
1980 520 2121 557 eon-
2153 505 2205 570 Α
2235 522 2395 574 aeque
2421 506 2773 561 Adalberoue
2797 512 3016 577 vocato,
3052 525 3155 581 pro
3187 506 3463 581 praedicta
3483 506 3645 562 curia
3666 504 3879 562 Rume-

475 596 676 669 tigerit
704 592 1086 667 exigentibus,
1138 610 1170 648 a
1211 594 1483 649 Romanis
1536 592 1693 648 sedis
1739 590 2007 664 Ρπίρςυια,
2038 592 2125 646 vel

476 685 693 757 quibus
715 683 839 755 ipse
867 682 1185 755 injunxerit
1204 682 1633 739 discutiendum
1660 698 1721 735 ac
1744 681 2130 736 determinan-

478 775 622 830 dum
651 790 779 830 esse
828 789 1155 829 censemus.
1190 772 1299 826 Sed
1352 775 1408 825 et
1452 770 1660 825 annale
1693 769 1768 824 ibi
1803 774 2123 825 mercatum

479 863 794 936 quotannis
824 862 884 918 in
915 861 1310 917 anniversaria
1339 860 1722 915 dedicationis
1755 860 1939 931 ipsius
1964 859 2126 913 festi-

476 953 674 1019 vitate,
701 968 805 1025 per
833 968 1143 1008 assensum
1175 950 1543 1005 dilectissimi
1573 949 1675 1003 filii
1709 949 1888 1003 nostri
1924 949 2121 1003 domui

475 1041 709 1099 Henrici
755 1041 911 1096 tertii
959 1041 1134 1113 regis,
1169 1039 1410 1095 secundi
1454 1056 1586 1095 vero
1635 1038 2024 1109 imperatoris,
2064 1037 2122 1091 in

476 1133 680 1189 eodem
697 1130 823 1187 loco
840 1130 1039 1186 haberi
1058 1129 1443 1196 decrevimus;
1466 1132 1521 1182 et
1541 1132 1604 1182 ut
1619 1128 1818 1182 eadem
1839 1126 2124 1181 dedicatio

475 1220 557 1279 ibi
573 1237 807 1293 semper
825 1219 1024 1275 festive
1045 1218 1368 1273 celebretur
1391 1217 1461 1270 ab
1476 1216 1751 1271 omnibus
1776 1232 1888 1270 non
1914 1214 2126 1269 minori

474 1311 822 1373 auctoritate
840 1308 1140 1379 jubemus.
1163 1306 1586 1359 Constituimus
1612 1304 1787 1358 etiam
1813 1309 1869 1357 et
1888 1309 2127 1375 paterna

477 1398 804 1466 dilectione,
830 1394 1067 1451 Warine
1087 1394 1401 1461 abbas,tibi
1430 1394 1666 1465 tuisque
1688 1394 2127 1448 successoribus

474 1485 538 1543 in
597 1488 944 1558 perpetuum
994 1482 1369 1538 concedimus
1423 1486 1488 1536 ut
1536 1482 1592 1536 in
1639 1498 1803 1535 sacra
1862 1482 2123 1551 ejusdem

478 1574 866 1639 dedicationis
894 1572 987 1628 die
1016 1572 1264 1645 aliisque
1295 1571 1604 1643 praecipuis
1629 1570 2124 1639 festivitatibusjn

472 1664 800 1721 missarum
831 1660 1216 1718 celebratione
1251 1658 1534 1715 sandaliis
1565 1664 1621 1713 et
1652 1658 1962 1713 dalinatica
1996 1664 2123 1713 uta-

472 1753 649 1819 mini,
684 1750 1105 1807 t'raternitatem
1139 1752 1389 1804 vestram
1422 1751 1860 1804 commonentes
1895 1753 1959 1802 ut
1990 1764 2120 1803 curn

480 1844 796 1913 augmento
845 1837 1188 1911 hujusmodi
1234 1837 1495 1905 honoris,
1530 1842 1813 1909 augeatur
1855 1838 1911 1891 in
1961 1838 2125 1893 vobis
2160 1869 2207 1934 Β

476 1944 640 1989 αωοτ
655 1927 1011 1984 Altissimi.A
1026 1928 1060 1981 d
1079 1925 1378 1981 cumulum
1395 1943 1625 1999 quoque
1644 1926 1726 1981 vel
1744 1931 2124 1998 augmentum

480 2018 818 2077 monasticae
846 2014 1144 2088 religionis
1170 2014 1482 2086 adjicimus
1516 2019 1579 2069 ut
1618 2014 2048 2081 ecclesize,vill.-r
2072 2020 2127 2071 et

479 2106 884 2181 possessiones
930 2122 1076 2178 quas
1124 2103 1483 2161 serenissimi
1536 2105 1808 2159 Romana:
1855 2104 2125 2160 Ecclesi:e

479 2196 588 2255 ﬁlii
617 2213 781 2271 reges
809 2200 869 2252 et
898 2195 1300 2268 imperatores,
1334 2192 1573 2249 Carolus
1605 2193 1826 2249 scilicet
1857 2195 2125 2265 Magnus,

483 2286 810 2343 Ludovicus
830 2284 989 2351 Pius,
1010 2283 1313 2353 Arnuli‘us,
1338 2281 1768 2348 Hendebolbus,
1794 2284 1944 2347 Otto,
1979 2284 2123 2337 Con-

481 2374 662 2431 radus
691 2374 880 2430 eidem
910 2372 1036 2429 loco
1067 2372 1163 2445 pia
1182 2371 1484 2427 devotione
1507 2371 1895 2437 contulerunt,
1922 2376 2021 2426 aut
2054 2372 2125 2426 ab

480 2463 615 2520 aliis
645 2462 1135 2520 Cbristiﬁdelibus
1183 2461 1400 2516 tradita
1438 2460 1717 2532 privilegii
1753 2461 1840 2514 sui
1875 2461 2125 2515 auctori-

479 2555 600 2609 tate
625 2552 1024 2618 ﬁrmaverunt,
1059 2550 1267 2605 usibus
1313 2549 1540 2604 abbatis
1586 2566 1651 2604 ac
1696 2548 1939 2603 fratrum
1984 2547 2128 2603 inibi

481 2640 728 2698 Domino
751 2639 1160 2697 famulantium
1185 2638 1604 2712 perpetualitcr
1625 2638 2035 2705 deserviant,et
2056 2637 2124 2691 ad

481 2731 853 2806 praabendam
896 2728 1130 2784 illorum
1186 2729 1405 2799 absque
1462 2727 1620 2782 omni
1674 2727 2128 2785 contradictione

479 2820 711 2895 integra
731 2836 961 2892 semper
982 2822 1038 2873 et
1056 2816 1399 2872 inconvulsa
1418 2820 1818 2889 permaneant.
1844 2816 1961 2870 Hoc
1992 2818 2079 2871 est
2112 2833 2123 2870 :

481 2908 790 2976 Mareolas,
820 2911 954 2972 Arx,
985 2906 1320 2962 Jussiacum
1344 2922 1476 2960 cum
1501 2904 1743 2961 ecclesia
1783 2908 1836 2958 et
1874 2905 2126 2959 deeima-

482 2997 1005 3067 tione;Floriacum
1028 2996 1203 3052 etiam
1228 3000 1283 3051 et
1306 2994 2127 3065 Flaviniacum,Nugaredum,

483 3091 541 3144 et
569 3085 907 3165 Vigiacum;
933 3085 1174 3159 triginta
1202 3084 1376 3141 etiam
1411 3083 1603 3139 mansi
1636 3100 1767 3138 cum
1801 3082 2041 3138 ecclesia
2074 3088 2131 3138 et

485 3175 873 3235 decimatione
903 3175 962 3231 in
988 3175 1126 3231 villa
1154 3175 1273 3231 sive
1306 3173 1467 3230 curia
1499 3190 1626 3245 qum
1654 3176 1895 3227 vocatur
1923 3173 2134 3228 Bume-

2235 591 2449 648 liacum
2482 599 2839 667 nuncupata,
2872 600 3077 652 Sancto
3109 596 3352 652 Arnulfo
3381 596 3441 652 in
3472 594 3879 653 concambium

2236 683 2432 737 datam
2469 700 2595 739 esse
2628 684 2976 745 narr.ivit.et
3007 685 3187 741 curtis
3218 685 3486 742 testando
3513 683 3876 742 monstravit.

2237 771 2394 826 Hanc
2426 774 2640 846 quippe
2672 774 3127 842 abbatiam,cum
3148 774 3801 848 domibus,agris,silvis
3821 791 3880 830 ac

2235 860 2503 925 vineis,at
2532 879 2663 915 cum
2696 863 2969 917 omnibus
3000 864 3351 936 appenditiis
3384 864 3602 930 suis,ex
3630 863 3878 919 auctori-

2236 952 2350 1003 tate
2384 949 2533 1003 beati
2565 951 2712 1005 Petri
2738 956 2793 1005 et
2816 956 3013 1007 nostra
3045 953 3173 1024 ejus
3206 952 3426 1027 indigni
3448 951 3877 1026 viearii,rogatu

2236 1038 2491 1109 prmdicti
2527 1039 2907 1095 Adalberonis
2938 1041 3192 1114 episcopi
3252 1059 3317 1097 ac
3373 1041 3602 1097 \Varini
3656 1041 3878 1097 abbatis

2235 1126 2495 1181 eoenobio
2528 1132 2583 1181 S.
2620 1127 2835 1183 Arnulti
2869 1146 2936 1183 ea
2967 1130 3190 1186 ratione
3230 1130 3559 1197 ﬁrmamus,
3591 1134 3877 1202 quatenus

2236 1216 2508 1286 praefatus
2533 1216 2711 1272 abbas
2762 1221 2863 1272 aut
2911 1218 3115 1274 fratres
3160 1235 3478 1290 eorumque
3509 1235 3876 1275 successores

2236 1304 2343 1357 sub
2371 1304 2634 1374 ipsorum
2669 1322 2809 1360 cura
2842 1306 3252 1378 perpetualiter
3283 1312 3400 1361 tam
3440 1311 3679 1363 teneant
3708 1312 3875 1380 atque

2237 1393 3008 1467 possideant,nullusqueibi
3028 1394 3271 1450 ulterius
3286 1396 3635 1469 pastoralem
3658 1397 3873 1469 virgam

2236 1499 2469 1553 quoquo
2502 1484 2672 1537 modo
2699 1484 2992 1555 suscipere
3019 1484 3137 1540 sive
3159 1489 3389 1557 portare
3420 1487 3872 1556 praesumatmed

2237 1573 2417 1626 abbas
2447 1572 2645 1626 Sancti
2678 1572 2899 1627 Arnulti
2948 1589 3051 1645 per
3098 1590 3238 1628 suos
3284 1573 3548 1646 aliosque
3580 1575 3873 1647 religiosos

2236 1660 2439 1714 fratres
2463 1660 2745 1731 quidquid
2775 1660 2850 1714 ibi
2874 1661 3263 1716 ordinandum
3289 1661 3383 1726 sit,
3403 1679 3637 1735 semper
3655 1664 3874 1720 ordinet

2236 1753 2410 1820 atque
2440 1750 2707 1820 disponat
2734 1749 2902 1804 :illud
2931 1749 3195 1807 videlicet
3215 1767 3447 1822 semper
3467 1752 3871 1817 studens,illud

2238 1839 2545 1893 attendens
2579 1842 2639 1891 ut
2666 1838 2815 1893 sicut
2837 1838 2960 1911 ipse
2983 1840 3191 1911 suique
3213 1840 3421 1895 fratres
3446 1839 3505 1895 in
3529 1841 3653 1896 suis
3676 1842 3875 1897 usibus

2239 1928 2602 1999 aliquantum
2657 1927 2789 1982 inde
2819 1926 3053 1983 relcvari
3106 1927 3466 1994 desiderant,
3499 1930 3575 1985 ita
3609 1930 3874 1986 eumdem

2236 2016 2426 2071 locum
2453 2017 2689 2072 assiduo
2714 2018 2798 2070 =ui
2832 2016 3118 2072 famulatu
3150 2035 3380 2090 semper
3404 2019 3659 2073 venerari
3691 2024 3746 2074 et
3767 2019 3874 2075 fre-

2238 2112 2518 2177 quentare
2550 2122 2661 2160 non
2696 2106 2997 2160 desistant.
3038 2107 3190 2161 Hanc
3219 2106 3399 2177 igitur
3425 2107 3709 2162 abbatiam
3736 2124 3869 2163 cum

2237 2196 2511 2249 omnibus
2542 2195 2609 2248 ad
2647 2212 2771 2248 eam
2800 2195 2961 2265 juste
2983 2199 3037 2249 et
3066 2194 3329 2268 legaliter
3359 2195 3875 2267 pertinentibusin-

2238 2300 2413 2356 super
2441 2284 2613 2339 etiam
2646 2284 2830 2347 villas,
2864 2284 3141 2339 ecclesias
3170 2301 3235 2340 ac
3267 2285 3667 2356 possessiones
3726 2301 3875 2357 quas

2238 2378 2407 2428 antea
2438 2372 3007 2445 pramominavimus,
3044 2389 3193 2446 smpe
3226 2373 3379 2430 dicto
3421 2375 3604 2430 sancti
3655 2374 3875 2431 Arnulﬁ

2238 2462 2497 2516 coenobio
2531 2480 2594 2517 ac
2628 2462 2907 2517 fratribus
2948 2462 3023 2517 ibi
3080 2468 3190 2519 Deo
3239 2463 3661 2519 famulantibus
3690 2463 3877 2519 taliter

2238 2551 2575 2622 delegamus
2598 2569 2661 2607 ac
2692 2568 2793 2605 con
2810 2552 3206 2623 ﬁrmamus,ut
3226 2551 3425 2607 nullus
3446 2552 3764 2625 imperator
3782 2557 3877 2610 aut

2239 2640 2481 2703 rex,null
2496 2658 2560 2695 us
2579 2640 3051 2713 archiepiscopus
3070 2640 3153 2696 vel
3175 2641 3506 2715 episcopus,
3521 2642 3721 2699 nullus
3744 2645 3871 2711 dux,

2239 2729 2438 2785 nullus
2462 2746 2655 2785 comes
2677 2731 2758 2784 vel
2787 2731 3125 2793 vicecomes,
3160 2731 3257 2785 sed
3283 2747 3390 2785 nec
3411 2730 3609 2805 aliqua
3637 2750 3876 2804 persona

2240 2836 2449 2892 magna
2468 2819 2551 2869 vel
2577 2837 2745 2890 parva
2759 2820 2835 2886 ,in
2852 2820 3068 2874 eisdem
3090 2820 3262 2875 rebus
3280 2819 3540 2892 aliquam
3555 2822 3640 2877 eis
3656 2822 3878 2895 injusti-

2238 2908 2378 2963 tiam
2404 2910 2520 2962 sive
2542 2908 2870 2962 violentiam
2898 2908 3106 2964 inferre
3128 2909 3358 2975 audeat,
3381 2909 3471 2965 vel
3494 2909 3753 2983 aliquem
3782 2912 3874 2968 ad;

2237 3002 2527 3061 vocatum,
2563 2996 2672 3051 nisi
2705 2997 2888 3051 abbas
2920 3001 3019 3051 aut
3049 2997 3256 3052 fratres
3288 3014 3392 3069 pro
3426 2998 3709 3071 qualitate
3739 3006 3875 3057 tem-

2240 3104 2447 3161 porum
2480 3084 2562 3140 vcl
2599 3085 2929 3141 diversitate
2958 3084 3219 3142 locorum
3255 3085 3467 3143 alicubi
3498 3089 3771 3160 petierint
3797 3090 3874 3145 eis

2242 3194 2454 3249 ponere
2487 3178 2803 3248 prmsumat
2835 3193 2846 3230 :
2881 3176 2981 3229 sed
3010 3174 3161 3229 sicut
3189 3191 3353 3248 reges
3393 3180 3449 3231 et
3478 3177 3874 3249 imperatores,

464 3258 721 3335 ‘liacum;
747 3270 1022 3339 praeterea
1041 3282 1174 3321 vero
1198 3237 1598 3319 Maurivilldet
1619 3262 1778 3317 vicus
1802 3260 2127 3329 Deivillare,
2161 3237 2202 3304 (ἶ
2240 3237 2504 3338 episcopi
2522 3266 2695 3319 etiam
2728 3263 2941 3335 aliique
2973 3264 3172 3319 ﬁdeles
3201 3237 3402 3321 eadem
3434 3237 3588 3321 bona
3614 3265 3755 3323 illuc
3788 3237 3877 3340 pia

473 3360 531 3413 et
578 3355 887 3422 Tiliacum,
940 3354 1304 3409 Caminetum
1361 3368 1491 3408 vero
1540 3356 1595 3406 et
1635 3350 1939 3405 Buxeriam
1972 3352 2125 3423 quod

472 3443 845 3517 Hildegardis
885 3441 1087 3515 regina
1133 3458 1267 3496 cum
1322 3439 1567 3496 ecclesia
1616 3444 1671 3494 et
1720 3439 2125 3507 deeimatione,

476 3532 638 3591 silvis
669 3536 727 3590 et
752 3530 1135 3603 vineis,aquis
1165 3545 1570 3602 aquarumque
1611 3529 1976 3597 decursibus,
1997 3547 2124 3584 mo-

473 3622 730 3680 lendinis
762 3621 939 3679 etiam
971 3621 1097 3693 jam
1129 3618 1317 3687 factis,
1349 3618 1437 3673 vel
1485 3617 1543 3672 in
1601 3633 1951 3688 quocunque
1999 3616 2123 3673 loco

464 3714 637 3786 juxta
665 3711 882 3770 Saliam
915 3708 1340 3778 ﬂuvium,infra
1368 3708 1628 3764 bannum
1652 3706 1915 3776 ejusdem
1950 3705 2121 3761 curia:

470 3802 585 3858 sibi
616 3801 901 3875 placuerit
930 3818 1032 3874 per
1058 3799 1284 3855 villicos
1314 3798 1559 3853 fratrum
1593 3812 1823 3867 semper
1850 3800 2120 3868 transpo-

470 3890 683 3947 nendis
713 3896 772 3946 et
810 3890 1113 3959 faciendis,
1144 3889 1218 3945 ad
1258 3888 1563 3961 praefatum
1616 3884 1830 3956 saépius
1879 3884 2123 3940 contulit

467 3977 684 4047 locum,
713 3977 1102 4034 Pomeriolum
1152 3978 1326 4033 etiam
1377 3993 1507 4032 cum
1557 3993 1670 4043 quo
1720 3977 1775 4028 et
1821 3990 1921 4046 per
1964 3975 2119 4045 quod

469 4063 866 4122 ecclesiastico
896 4083 1056 4122 more
1099 4068 1293 4138 ipsum
1340 4083 1487 4136 stupe
1534 4064 1755 4118 dictum
1791 4063 2119 4118 dotavimus

468 4154 1029 4209 monasterium.Sed
1052 4158 1109 4209 et
1139 4154 1343 4209 Laium
1375 4157 1631 4208 castrum
1662 4153 1816 4223 quod
1850 4154 2115 4224 quredam

467 4241 582 4298 Eva
611 4241 1071 4311 comitissa,cum
1104 4240 1247 4297 silva
1278 4259 1403 4313 quae
1434 4246 1671 4295 vocatur
1703 4241 1859 4309 Heis,
1897 4245 1952 4296 et
1982 4258 2115 4297 cum

444 4320 630 4388 omni
660 4331 913 4387 utilitate
942 4331 1028 4387 vel
1060 4330 1286 4386 suffusa
1314 4330 1574 4400 ejusdem
1602 4330 1915 4393 silvm,cum
1941 4335 2114 4402 ponte

466 4420 644 4478 etiam
676 4424 733 4477 et
762 4421 1086 4494 piscatione
1116 4420 1269 4475 circa
1299 4419 1454 4473 Murt
1484 4417 1823 4484 naviumad
1855 4420 2113 4490 prmben-

465 4512 603 4567 dam
633 4509 999 4585 delegaverat
1028 4508 1512 4565 fratrum.Bivera
1542 4507 1715 4561 etiam
1746 4508 2112 4563 Assidelinde

2239 3354 2538 3411 devotione
2570 3352 2965 3418 contulerunt,
2998 3353 3077 3408 ita
3127 3353 3371 3409 diversis
3419 3371 3621 3410 eorum
3676 3356 3876 3411 usibus

2237 3443 2396 3499 salva
2426 3459 2658 3514 semper
2688 3446 2743 3497 et
2772 3442 3114 3497 inconvulsa
3156 3448 3552 3515 permaneant.
3599 3445 3876 3517 Quisquis

2236 3536 2431 3589 autem
2465 3532 2572 3587 sibi
2608 3533 2677 3586 ad
2712 3548 2967 3603 prazsens
2994 3531 3208 3587 timens
3231 3536 3287 3587 et
3308 3532 3365 3587 in
3390 3533 3645 3587 futurum
3674 3551 3879 3605 praeca-

2234 3639 2375 3678 vens
2406 3622 2555 3677 hanc
2587 3637 2812 3676 sacram
2858 3624 3068 3677 nostrae
3098 3620 3549 3677 confirmationis
3598 3622 3875 3694 paginam

2235 3728 2463 3766 scrvare
2521 3715 2786 3774 conatur,
2837 3726 2939 3780 per
2993 3710 3243 3781 gratiam
3303 3708 3728 3780 omnipotentis
3786 3709 3879 3765 Dei

2233 3804 2434 3855 nostra
2463 3816 2693 3871 semper
2723 3796 3042 3868 apostolica
3091 3798 3500 3854 benedictione
3552 3800 3877 3864 muniatur;

2232 3888 2333 3960 qui
2363 3905 2493 3943 vero
2528 3888 2581 3941 in
2617 3886 2813 3958 aliquo
2870 3903 2995 3941 eam
3046 3885 3261 3942 violare
3289 3886 3377 3942 vel
3410 3892 3699 3943 temerare
3750 3904 3879 3960 pra-

2230 3978 2552 4050 sumpserit
2566 3975 2740 4031 divini
2763 3975 3031 4031 anathem
3042 3977 3153 4031 atis
3170 3975 3400 4031 vinculo
3412 3977 3881 4049 percussus,bea-

2228 4070 2351 4122 tum
2388 4067 2621 4121 Pe‘rum
2654 4064 3053 4137 apostolorum
3084 4064 3408 4137 principem
3440 4081 3574 4120 cum
3606 4065 3875 4121 omnibus

2229 4156 2447 4211 sanctis
2477 4156 2831 4210 contrarium
2868 4153 2974 4209 sibi
3011 4155 3244 4221 sentiat,
3278 4159 3341 4209 ut
3370 4158 3570 4209 tamen
3621 4156 3685 4210 id
3735 4152 3877 4227 quod

2227 4244 2428 4301 fecerit
2456 4246 2688 4299 irritum
2740 4244 2817 4299 sit
2863 4247 2919 4299 et
2966 4248 3158 4299 ratum
3206 4261 3323 4299 non
3359 4249 3708 4316 permaneat
3739 4262 3753 4300 :
3786 4242 3875 4299 sed

2226 4335 2407 4390 abbas
2440 4333 2624 4405 ipsius
2651 4332 2758 4387 loci
2785 4350 2847 4387 ac
2877 4334 3081 4387 fratres
3113 4352 3146 4388 a
3174 4332 3571 4389 serenissimis
3602 4333 3877 4390 Romanae

2226 4421 2492 4476 Ecclesiae
2519 4419 2653 4475 filiis
2676 4419 2909 4491 regibus
2933 4419 3153 4475 scilicet
3174 4437 3240 4475 ac
3263 4420 3725 4492 imperatoribus
3750 4419 3872 4475 inde

2218 4509 2510 4580 judicium
2535 4507 2898 4579 etjustitiam
2924 4513 3207 4579 quaerant.
3242 4508 3299 4564 Si
3322 4513 3517 4564 autem
3547 4509 3606 4563 in
3634 4510 3749 4565 hoc
3771 4507 3868 4564 mi-

464 4599 766 4667 comitissa
791 4601 979 4657 eidem
1011 4600 1135 4656 loco
1164 4598 1467 4662 traditum,
1503 4596 1599 4651 sed
1627 4596 1868 4650 Conradi
1894 4596 2109 4666 glorio-
2144 4615 2188 4677 θ
2223 4616 2335 4654 nus
2357 4598 2725 4670 profecerint,
2760 4597 2817 4651 id
2850 4597 3089 4653 honoris
3111 4602 3167 4652 et
3195 4598 3303 4653 hoc
3328 4596 3630 4669 singulare
3660 4616 3693 4654 a
3719 4595 3875 4653 nobis

464 4688 688 4745 siseimi
734 4689 1107 4763 imperatoris
1158 4685 1502 4745 auctoritate
1551 4688 1877 4752 firmatum;
1913 4686 2013 4739 scd
2054 4691 2111 4741 et

461 4776 638 4834 Navis
687 4779 927 4849 quidem
978 4778 1167 4834 vicum
1207 4778 1380 4849 juxta
1426 4774 1727 4829 Mosellam
1786 4774 2045 4841 fluvium,
2082 4792 2115 4830 a

461 4866 785 4938 Dagoberto
844 4883 976 4938 rege
1036 4868 1316 4922 traditum
1385 4869 1441 4919 et
1507 4864 1966 4923 corroboratum.
2026 4863 2111 4917 vel

463 4951 750 5026 quidquid
785 4954 844 5011 in
874 4954 1251 5011 inferioribus
1276 4954 1540 5026 partibus
1564 4953 1619 5006 in
1648 4951 1973 5007 Coloniensi
1999 4953 2114 5024 epi-

460 5047 704 5116 scopatu
762 5044 833 5099 ad
893 5044 1235 5117 przedictum
1284 5043 1533 5115 pertinet
1572 5041 1929 5105 emnobium;
1991 5040 2111 5095 inec

460 5136 658 5190 autem
681 5132 881 5190 omnia
901 5134 1225 5207 praebenda:
1238 5132 1490 5188 ecclesiae
1510 5130 1752 5185 fratrum
1780 5130 1885 5184 hac
1913 5135 2110 5184 nostra

460 5221 779 5296 apostolica
810 5223 1192 5298 praeceptione
1223 5222 1562 5293 delegamus
1594 5225 1651 5275 et
1691 5222 2109 5274 confirmamus

458 5310 520 5366 in
552 5317 923 5385 perpetuum.
958 5316 1240 5369 Praeterea
1265 5328 1395 5366 vero
1431 5310 1756 5373 ecclesiam,
1789 5309 1902 5362 imo
1927 5309 2107 5361 abba-

458 5399 663 5457 tiolam
722 5402 918 5459 Sancti
964 5402 1169 5458 Felicis
1218 5400 1325 5472 ipsi
1388 5399 1509 5453 loco
1568 5399 1949 5467 adjacentem,
2012 5398 2109 5451 ubi

456 5485 693 5543 Primus
723 5490 990 5560 ejusdem
1023 5488 1298 5545 Metensis
1345 5483 1610 5541 Ecclesia:
1663 5489 1861 5555 pastor
1907 5486 2113 5540 beatus

458 5570 726 5631 Clemens
749 5594 985 5650 corpore
1008 5576 1462 5651 quiescit,quam
1480 5590 1593 5645 prec
1604 5574 1754 5627 fatus
1769 5573 2113 5629 venerabilis

458 5662 771 5741 episcopus
821 5667 1108 5725 Adalbero
1165 5684 1200 5725 a
1255 5664 1679 5743 predecessors
1710 5679 1816 5721 suo
1857 5664 2112 5740 quodam

2221 4686 2587 4759 privilegium
2650 4703 2877 4756 semper
2924 4686 3245 4751 obtineant,
3278 4691 3343 4742 ut
3388 4688 3540 4742 sicut
3570 4686 3634 4741 in
3670 4688 3865 4744 eodem

2226 4776 2579 4831 monasterio
2613 4792 2715 4847 pro
2749 4779 2960 4830 nostra:
2994 4775 3451 4832 consecrationis
3478 4775 3765 4832 letantur
3790 4775 3876 4829 be-

2225 4866 2449 4932 neﬁcio,
2484 4865 2566 4919 sic
2599 4882 2630 4918 a
2655 4864 2913 4919 Romana
2943 4865 3079 4920 sede
3111 4870 3311 4920 contra
3334 4880 3537 4919 omnes
3570 4863 3881 4921 adversita-

2222 4959 2309 5008 tes
2339 4953 2669 5025 apostolica:
2729 4952 3085 5009 defensionis
3144 4958 3421 5026 perpetuo
3466 4968 3713 5025 semper
3755 4967 3871 5008 mu-

2222 5044 2462 5097 niantur
2479 5041 2726 5097 auxilio.

2294 5132 2435 5185 Data
2478 5130 2683 5201 quinto
2732 5131 2867 5185 ldus
2916 5130 3181 5186 Octobris
3231 5147 3334 5202 per
3382 5146 3595 5185 manus
3662 5128 3873 5186 Udonis

2219 5226 2429 5276 sancta)
2461 5218 2788 5292 apostolica:
2812 5220 2969 5275 sedis
2992 5219 3322 5275 cancellarii
3341 5224 3397 5275 et
3412 5215 3867 5281 bibliothecarii;

2217 5309 2511 5363 'l‘ullensis
2547 5309 2883 5378 primicerii,
2907 5325 3059 5364 anno
3090 5308 3320 5363 Domini
3354 5308 3565 5364 Leonis
3596 5308 3742 5363 noni
3774 5322 3865 5379 pa-

2222 5414 2304 5468 pm
2339 5396 2545 5467 primo,
2580 5396 2893 5453 indictione
2924 5399 3357 5463 secunda,anno
3386 5413 3522 5453 vero
3557 5393 3869 5453 Dominica

2222 5483 2644 5539 incarnationis
2675 5484 2987 5542 millesimo
3019 5487 3468 5560 quadragesimo
3498 5503 3681 5542 nono.

2292 5569 2665 5627 Eberhardus
2697 5572 3581 5651 Treverorum,archiepiscopus
3612 5569 3871 5631 subscri-

2222 5661 2358 5739 psit.
