4088 6174
305 268 429 338 788

378 411 435 463 S.
472 406 637 481 Hugo
668 404 1283 483 Chrysopolitanorum
1314 411 1710 485 archipraesul.

382 498 441 554 S.
473 497 760 555 Adalbero
790 499 1485 573 Metensiumcpiscopus.

380 589 439 644 S.
474 587 592 646 Udo
625 588 950 644 Leucorum
981 590 1309 662 episcopus.

378 678 438 734 S.
474 676 790 732 Alinardus
823 679 1301 751 Lugdunensium
1332 680 1662 753 episcopus.
1712 724 1717 730 .

373 767 433 822 S.
466 766 825 822 Humbertus
858 767 1171 825 cardinalis
1202 772 1258 824 et
1286 769 1595 843 episcopus
1617 771 1781 827 Silvae
1804 772 1949 827 Can—

298 854 474 910 didm.

369 945 430 1012 S,
464 943 856 1002 Theodericus
885 946 1272 1003 Virdunensis
1296 946 1625 1021 episcopus.

369 1034 430 1090 S.
463 1034 742 1104 Joannes,
766 1039 877 1091 etc.

1045 1125 1207 1181 CVII.

292 1212 447 1284 (216)
570 1217 668 1269 Leo
700 1214 763 1268 IX
785 1216 845 1289 in.
875 1215 1079 1289 synodo
1105 1216 1462 1289 parthenonis
1493 1219 1549 1272 S.
1598 1217 1781 1273 Grata;
1825 1236 1947 1289 pos—

367 1286 632 1362 sessiones
661 1294 712 1341 et
734 1286 1053 1357 privilegia,
1086 1292 1302 1358 petente
1334 1288 1575 1344 Conrado
1624 1286 1949 1362 imperatore

294 1355 609 1427 conﬁrmat.

919 1433 1112 1499 (Anno
1145 1432 1328 1497 10.49.)

534 1500 770 1572 [Mansi,
804 1502 1034 1568 Cenat,
1063 1508 1203 1557 tom.
1238 1503 1381 1570 XIX,
1416 1503 1523 1558 col.
1558 1505 1709 1575 727.]

376 1590 441 1644 In
471 1590 705 1646 nomine
736 1594 949 1645 sancta:
981 1594 1038 1646 et
1070 1592 1381 1647 individuaa
1411 1592 1730 1648 Trinitatis.

372 1679 493 1750 Ego
525 1695 642 1745 Leo,
676 1671 882 1735 servus
921 1696 1220 1735 servorum
1268 1680 1391 1746 Dei,
1442 1698 1560 1737 una
1606 1698 1739 1736 cum
1789 1697 1948 1736 rcve-

293 1766 666 1824 rendissimis
722 1766 1201 1839 archiepiscOpis,
1250 1769 1559 1842 episcopis.
1612 1770 1943 1837 abbatibus,
1980 1787 2025 1851 Β

293 1855 547 1928 aliisque
576 1860 791 1912 sancta:
822 1856 1092 1912 Ecclesiae
1123 1857 1422 1914 catholicae
1453 1858 1722 1915 fidelibus
1754 1860 1814 1914 in
1847 1876 1944 1915 sa-

289 1963 391 2003 cra
420 1944 646 2018 synodo
678 1944 1327 2014 residentibus,necnon
1359 1951 1415 2003 et
1435 1947 1739 2018 judicibus
1769 1948 1942 2020 legis-

288 2052 405 2108 que
465 2033 823 2100 doctoribus,
884 2034 1174 2106 spirituali
1227 2034 1349 2091 ﬁlio
1396 2036 1634 2092 domino
1678 2037 1944 2093 Conrado

286 2123 665 2197 imperatore,
738 2123 1258 2180 intervenientibus
1326 2124 1597 2195 precibus
1654 2124 1940 2181 Ambrosii

289 2213 704 2287 Pergamensis
727 2211 983 2285 episcopi
1016 2213 1137 2283 [hoc
1164 2218 1263 2279 est,
1304 2214 1757 2286 Bergomensis],
1806 2230 1941 2269 nec-

287 2319 407 2360 non
440 2300 641 2368 Older,
671 2300 991 2358 Brixiensis
1039 2302 1319 2374 episcopi,
1365 2302 1800 2375 postulantibus
1851 2303 1938 2358 in-

286 2408 470 2464 super
500 2390 795 2463 praadictis
832 2390 1182 2463 imperatore
1229 2396 1288 2447 et
1333 2391 1604 2447 similiter
1651 2392 1942 2464 praedictis

284 2478 795 2537 reverendissimis
820 2480 1134 2552 episcOpis,
1169 2497 1278 2536 nos
1336 2486 1721 2553 sanctamque
1762 2498 1941 2553 syno-

283 2569 431 2625 dum
463 2568 952 2641 deprecantibus:
988 2572 1191 2624 nostra
1220 2574 1276 2623 et
1303 2567 1481 2623 totius
1514 2585 1691 2624 sacrae
1734 2571 1939 2642 synodi

282 2657 599 2730 largitione
641 2656 1043 2712 concessimus
1094 2657 1449 2713 monasterio
1473 2658 1530 2712 S.
1574 2658 1758 2713 Grata:
1809 2676 1938 2713 cur-

278 2752 402 2804 tem
434 2751 492 2802 et
521 2749 803 2813 castrum,
836 2744 1168 2810 attinentia,
1200 2750 1258 2801 et
1286 2750 1499 2801 cuncta
1529 2762 1655 2818 quae
1703 2746 1940 2803 Adleida

279 2840 475 2892 mater
495 2833 560 2889 S.
583 2832 796 2901 Grata,
828 2850 952 2905 qum
984 2832 1092 2889 hoc
1124 2834 1545 2890 monasterium
1585 2836 1657 2892 de
1688 2836 1938 2907 propriis

278 2925 462 2980 rebus
492 2920 819 2989 aediﬁcavit,
870 2926 927 2976 et
968 2920 1375 2993 imperialibus
1421 2923 1937 2981 constitutionibus

277 3029 384 3070 seu
411 3010 718 3084 praeceptis
740 3010 940 3065 omnia
965 3010 1035 3065 ad
1060 3012 1335 3067 eumdem
1368 3011 1787 3067 monasterium
1807 3028 1933 3083 pcr-

278 3099 534 3157 tinentia
570 3098 758 3155 multo
794 3100 928 3169 jure
971 3099 1314 3156 conﬁrmata
1361 3100 1683 3168 constituit,
1708 3106 1773 3155 ut
1820 3100 1934 3156 elc-

277 3191 509 3247 ctiones
532 3188 845 3245 abbatissae
877 3188 936 3243 in
983 3205 1251 3244 sororum
1282 3190 1647 3245 ordinatione
1696 3206 1930 3261 perma-

1233 274 1638 341 EPISTOL/E
1680 278 1780 341 E'l‘
1823 274 2279 342 DlPLOMA'l‘A
2318 277 2791 343 PONTIFIGIA.

1987 413 2307 480 Ainvasor
2348 414 2571 487 aliquid
2620 413 2911 483 molietur,
2962 414 3082 472 sive
3137 420 3340 474 contra
3390 418 3501 477 hoc
3557 422 3715 494 quod

3596 281 3718 350 786

2063 504 2458 577 praediximus,
2515 504 2940 577 repugnaverit,
3010 506 3414 580 cujuscunque
3469 510 3709 582 gradus,

2060 594 2147 650 vel
2179 593 2420 661 ordinis,
2454 599 2556 649 aut
2584 594 2781 660 officii,
2813 594 2900 650 vel
2932 595 3257 667 dignitatis,
3308 603 3409 652 aut
3454 600 3731 670 generis,

2062 684 2205 738 sciat
2237 700 2299 738 se
2332 684 2388 738 in
2419 682 2567 736 iram
2590 683 2652 736 B.
2686 683 2836 737 Petri
2868 683 3265 755 apostolorum
3296 685 3604 758 principis,
3655 692 3712 746 et

2061 773 2324 827 omnium
2382 777 2741 837 sanctorum,
2802 776 2859 827 et
2925 778 3186 829 nostram
3258 781 3711 849 nostrorumque

2060 863 2548 932 prwdecessorum
2572 878 2907 927 cursurum,
2939 864 3000 933 [Γ.
3037 863 3434 919 incursurum.
3468 865 3706 938 HARD.],

2059 956 2116 1005 et
2163 952 2509 1009 acternalitcr
2566 950 2954 1007 anathematis
3008 951 3239 1008 vinculo
3288 953 3588 1023 damnato,
3639 973 3705 1013 ac

2059 1041 2117 1094 in
2148 1041 2747 1096 excommunicatione
2777 1041 3070 1096 victurum
3118 1040 3469 1099 universalis
3511 1043 3704 1101 Eccle-

2058 1129 2159 1185 size
2216 1135 2272 1184 et
2328 1130 2516 1184 cuncti
2572 1129 2771 1201 populi
2829 1130 3165 1185 Christiani.
3227 1131 3474 1202 Insuper
3521 1130 3635 1189 nisi
3671 1149 3707 1188 a

2058 1219 2210 1274 malo
2243 1220 2570 1290 resipuerit,
2604 1217 2963 1273 irrevocabili
3015 1219 3218 1274 exsilio
3269 1219 3564 1292 puniatur,
3615 1219 3704 1276 vel

2059 1307 2281 1362 ultimis
2312 1306 2615 1379 suppliciis
2648 1307 2906 1373 feriatur,
2922 1311 2977 1361 et
2993 1308 3146 1362 bona
3160 1308 3287 1378 ejus
3308 1308 3701 1380 publicentur.

2058 1397 2166 1462 Qui
2197 1414 2326 1451 vero
2361 1397 2451 1467 pio
2485 1395 2699 1451 intuitu
2731 1398 2927 1451 custos
2959 1398 3014 1451 et
3043 1396 3379 1452 observator
3407 1397 3466 1452 in
3514 1397 3704 1453 omni-

2058 1487 2168 1541 bus
2198 1486 2475 1553 exsiterit,
2510 1484 2930 1541 benedictionis
2960 1484 3210 1557 gratiam
3242 1488 3299 1541 et
3325 1485 3504 1542 vitam
3535 1490 3705 1543 aeter-

2059 1592 2195 1630 nam
2233 1592 2367 1629 cum
2399 1576 2674 1630 omnibus
2706 1575 2926 1630 sanctis
2958 1574 3170 1630 habere
3203 1578 3496 1631 mereatur
3524 1575 3583 1631 in
3607 1593 3705 1632 ste-

2057 1664 2187 1720 cula
2245 1663 2612 1720 saeculorum.
2663 1666 2865 1720 Amen.
2923 1664 3066 1728 Fiat,
3112 1664 3236 1719 fiat.
3291 1665 3353 1719 In
3386 1663 3478 1721 his
3508 1668 3704 1721 autem

2056 1753 2445 1809 interfuerunt
2475 1752 2919 1823 archiepiscopi,
2950 1751 3227 1823 episcopi,
3262 1752 3522 1820 abbates,
3549 1753 3707 1825 judi-

2056 1859 2151 1898 ces
2182 1842 2424 1897 Romani
2457 1858 2561 1895 seu
2592 1841 2662 1895 de
2683 1839 2888 1894 vicinis
2911 1842 2966 1894 et
2988 1838 3326 1911 longinquis
3347 1839 3698 1897 civitatibus.

2055 1930 2321 1986 Interfuit
2350 1930 2416 1985 D.
2452 1928 2750 1983 Conradus
2776 1928 3112 1999 imperator,
3145 1930 3203 1982 et
3245 1928 3611 1996 Ambrosius,
3645 1933 3703 1985 et

2054 2019 2375 2086 Oldericus,
2407 2016 2684 2089 episcopi,
2715 2020 2848 2083 etc.,
2881 2032 3134 2088 quorum
3166 2015 3430 2086 impulsu
3452 2015 3519 2071 N.
3552 2016 3701 2073 PMB-

2054 2108 2341 2175 nestinus,
2377 2105 2658 2178 Georgius
2688 2104 3046 2172 Portuensis,
3079 2105 3374 2161 Deodatus
3404 2104 3698 2162 Holstien-

2052 2199 2153 2265 sis,
2188 2197 2512 2253 Ma’rtianus
2544 2194 2903 2263 Narniensis,
2936 2193 3284 2250 Benedictus
3329 2193 3697 2266 Tiburtinus,

2052 2287 2380 2342 Bernardus
2410 2283 2781 2354 Castricnsis,
2810 2283 3069 2353 Joannes
3096 2280 3456 2355 Petrosinus,
3483 2286 3697 2359 Grego-

2051 2376 2173 2431 rius
2205 2375 2486 2442 Ortensis,
2521 2371 2802 2445 Georgius
2832 2370 3556 2439 Tiburtinus,Valentinus
3584 2373 3699 2432 Ma-

2050 2464 2332 2532 notensis,
2385 2450 2727 2517 Theodorus
2774 2459 2990 2528 Mileto,
3049 2459 3297 2516 Savinus
3345 2459 3699 2518 abbas.Pla-

2052 2556 2214 2620 netae,
2250 2557 2313 2607 Ι).
2358 2551 2540 2606 abbas
2588 2549 2947 2616 Altinensis;
3003 2565 3207 2605 omnes
3250 2549 3698 2624 archiepiscopi,

2048 2640 2326 2714 episcopi,
2358 2640 2621 2704 abbates,
2653 2643 2709 2693 et
2738 2637 2945 2710 reliqui
2993 2636 3190 2709 plures
3229 2636 3576 2702 cardinales,
3610 2639 3695 2695 sic

2049 2730 2192 2786 actis
2224 2728 2554 2784 interfuere.
2607 2727 2920 2798 Gregorius
2940 2723 3257 2781 cardinalis
3309 2724 3381 2780 ad
3422 2724 3692 2794 Vincula,

2049 2817 2394 2874 Benedictus
2425 2815 3018 2883 S.Caeciliae,Andreas
3038 2813 3342 2885 presbyter
3362 2812 3694 2884 patriarcha

2049 2906 2473 2972 Lateranensis,
2549 2903 2822 2960 Julianus
2892 2903 3194 2975 presbyter
3259 2902 3689 2970 Lateranensis,

2048 2996 2362 3051 Faustinus
2410 2993 2726 3064 praesbyter
2769 2996 2825 3046 S.
2876 2991 3051 3063 Petri,
3101 2993 3334 3050 Marcus
3390 2993 3692 3067 presbyter

2045 3084 2102 3138 S.
2156 3083 2307 3137 Petri
2351 3080 2619 3153 apostoli.
2672 3079 2742 3133 Hi
2790 3096 2993 3135 omnes
3040 3078 3365 3137 cardinales
3412 3079 3505 3137 his
3543 3076 3690 3138 actis

1965 3154 2006 3219 Ο
2044 3171 2376 3226 interfuere.
2422 3169 2737 3224 Faustinus
2785 3171 2960 3240 caput
3003 3170 3243 3224 senatus
3289 3172 3347 3224 et
3372 3167 3599 3238 consul,
3630 3173 3689 3225 et

276 3286 487 3347 neant,
516 3280 575 3333 et
618 3277 815 3333 omnia
860 3280 1144 3349 potestate
1192 3278 1504 3335 abbatissze
1550 3256 1931 3351 sine-aliqua
2035 3257 2581 3351 JUdBthBPaIaPiO:
2612 3256 3202 3351 Junjall‘SdﬁFema;
3218 3257 3690 3351 Muan§__Roma'

280 3364 677 3423 diminutione
706 3366 1053 3431 consistant,
1085 3369 1142 3421 et
1171 3366 1427 3439 regibus,
1479 3367 1599 3423 sive
1646 3368 1934 3439 pontiﬁci-

284 3457 429 3526 bus,
488 3454 854 3527 patriarchis,
914 3454 1390 3528 archiepiscopis,
1449 3457 1934 3529 metropolitanis,

2048 3366 2179 3405 nus.
2214 3346 2431 3403 Paulus
2462 3348 2533 3402 de
2565 3345 2782 3419 templo
2813 3345 3037 3418 palatii,
3063 3350 3120 3402 et
3148 3345 3349 3419 plures
3381 3345 3500 3403 alii.

2119 3439 2265 3494 Data
2289 3440 2347 3492 et
2376 3436 2746 3494 corroborata
2775 3452 2831 3492 1v
2861 3436 2999 3491 Idus
3034 3434 3195 3491 Junii
3248 3435 3309 3491 in
3341 3435 3694 3509 patriarchio

2050 3526 2425 3584 Lateranensi
2482 3523 2712 3581 Domini
2783 3523 3098 3582 Salvatoris
3161 3522 3426 3582 feliciter.
3486 3527 3696 3596 Amen,

2054 3633 2223 3673 amen
2239 3658 2249 3670 .

2126 3706 2465 3776 Subscriptio
2497 3703 2721 3774 notarii,
2752 3704 2947 3758 omisso
2977 3705 3150 3773 signa.
3577 3771 3585 3779 .

2129 3801 2244 3868 Ego
2275 3793 2594 3866 stephanus
2626 3791 2887 3847 notarius
2920 3790 3182 3859 interfui,
3212 3793 3269 3846 et
3289 3791 3466 3861 jussu
3497 3790 3705 3848 D.Leo-

2061 3884 2151 3939 nis
2206 3881 2423 3938 summi
2471 3879 2761 3952 pontificis
2810 3878 3008 3934 omnia
3039 3878 3378 3951 supradicta
3408 3876 3620 3951 scripsi
3648 3882 3706 3936 et

2063 3971 2296 4028 tradidi.

285 3543 606 3618 episcopis,
637 3543 968 3613 abbatissae,
1003 3562 1107 3601 seu
1141 3564 1175 3600 a
1204 3545 1464 3618 quolibet
1505 3551 1853 3612 vestrorum,
1886 3551 1942 3602 et

286 3632 534 3691 domino
564 3631 716 3689 clero
754 3633 1103 3691 intemerata
1143 3651 1484 3706 permanere
1533 3635 1945 3708 perpetualiter

285 3720 712 3779 constituimus
756 3726 969 3777 sanctas
1018 3722 1392 3796 Pergamensi
1444 3724 1614 3779 matri
1669 3724 1939 3792 ecclesiae,

286 3809 665 3867 ubidomnus
684 3809 1033 3866 Ambrosius
1048 3811 1359 3883 episcopus
1373 3812 1798 3884 przeordinatus
1819 3829 1946 3867 esse

283 3899 547 3969 videtur,
580 3902 782 3954 nostra
811 3899 1072 3971 synodali
1107 3901 1380 3957 concordi
1414 3900 1720 3973 largitione
1750 3918 1949 3957 conce-

291 3989 522 4054 dimus,
554 4003 622 4042 ac
652 3986 853 4044 omnia
882 4005 1009 4060 quae.
1038 3988 1424 4061 spiritualiter
1453 4007 1622 4063 agere
1646 3990 1949 4059 debet,hoc

289 4082 409 4145 est,
442 4077 602 4133 circa
630 4077 1127 4133 consecrationem
1161 4079 1469 4135 abbatissae
1494 4078 1582 4135 vel
1634 4079 1951 4134 monacha.

294 4182 459 4231 rum,
491 4168 550 4221 et
582 4165 654 4221 de
686 4164 850 4221 nulla
883 4182 945 4222 se
973 4166 1035 4237 [ἵ.
1072 4167 1143 4221 de
1176 4166 1339 4221 nulla
1388 4184 1466 4222 re.
1519 4168 1728 4237 Hann]
1772 4167 1951 4222 intro-

296 4256 569 4321 mittant,
618 4271 808 4326 neque
864 4255 933 4310 de
982 4260 1170 4311 castro
1224 4260 1282 4311 et
1329 4260 1491 4311 curte
1544 4256 1612 4310 de
1658 4255 1952 4321 Saranica,

298 4360 499 4415 neque
528 4343 600 4399 de
632 4342 762 4398 aliis
793 4343 1006 4399 castris
1036 4348 1093 4399 et
1124 4342 1299 4409 villis,
1333 4344 1579 4415 campis,
1615 4343 1819 4414 vineis,
1864 4360 1957 4398 ca-
2288 4346 2504 4410 [Bosco,
2539 4344 2876 4399 Bibliotheca
2904 4342 3284 4414 Floriacentis,
3318 4344 3505 4414 p.68.]

300 4433 413 4502 sis,
446 4430 825 4497 molendinis,
856 4437 977 4486 tam
1009 4432 1079 4487 de
1113 4432 1344 4487 civitate
1376 4432 1749 4505 Pergamensi
1781 4449 1958 4502 quam
2146 4453 2243 4489 LEU
2273 4435 2582 4506 episcopus
2615 4437 2825 4489 sancta:
2859 4433 3132 4489 Romanae
3164 4431 3456 4499 Ecclesia,
3486 4445 3719 4486 venera-

302 4523 383 4577 de
414 4519 557 4575 foris
588 4536 691 4591 per
722 4523 915 4575 totum
946 4520 1449 4587 comitatum,cum
1473 4520 1667 4576 omnia
1693 4526 1748 4575 et
1776 4522 1960 4575 ωειιωὶ-
1994 4523 2040 4587 D
2073 4524 2173 4578 bili
2203 4522 2477 4578 confratri
2512 4539 2860 4578 LEODEGARIO
2889 4520 3206 4577 Viennensi
3253 4517 3716 4591 archiepiscopo,

299 4612 420 4666 bus
453 4609 528 4664 ad
555 4609 831 4664 eumdem
859 4610 1277 4665 monasterium
1302 4612 1557 4665 S.Grataa
1588 4611 1657 4665 de
1690 4609 1963 4682 pracdicto
2077 4618 2132 4667 et
2164 4630 2263 4683 per
2292 4616 2345 4665 te
2378 4610 2645 4666 Ecclesize
2680 4618 2788 4665 tuac
2818 4609 2877 4664 in
2910 4610 3279 4681 perpetuum.

302 4698 587 4770 episcopo
617 4698 927 4753 attinentia
956 4714 1090 4754 cum
1113 4698 1385 4771 religioso
1407 4700 1542 4769 jure
1567 4699 1961 4754 concedimus.
2150 4700 2454 4771 Privilegia
2484 4700 2748 4755 Ecclesiae
2780 4703 2912 4764 tuzc,
2949 4714 3074 4768 quae
3106 4713 3257 4768 papa
3286 4695 3561 4753 Silvester
3603 4694 3723 4769 pri-

306 4786 476 4843 Unde
506 4786 556 4841 si
591 4786 722 4858 quis
754 4791 957 4842 contra
986 4786 1138 4842 hanc
1175 4787 1556 4858 apostolicam
1610 4795 1665 4842 et
1715 4789 1965 4860 synoda-
2078 4808 2209 4844 mus
2245 4795 2300 4844 et
2327 4790 2455 4859 ejus
2502 4802 2889 4852 successores,
2954 4784 3139 4841 nostri
3193 4784 3461 4843 videlicet
3506 4784 3726 4858 praede-

306 4874 1969 4948 lemauctoritatemetlargitionemquisquamepiscopus
2080 4895 2340 4934 ccssores
2368 4878 2799 4941 concesserunt,
2854 4879 2910 4929 et
2957 4891 3064 4930 nos
3112 4876 3452 4932 statuimus.
3504 4874 3730 4933 Praedia

2791 4038 2977 4094 CVIII.

2063 4133 2120 4186 S.
2156 4133 2347 4187 Leonis
2377 4131 2441 4184 IX
2469 4128 2821 4211 θρίδῳίαῄαᾴ
2868 4127 3261 4211 teodegarium
3306 4135 3506 4187 sancta
3553 4129 3712 4211 Vien-

2478 4202 2664 4255 nensis
2694 4200 2961 4273 Ecclesiae,
2974 4201 3307 4273 episcopum.

2558 4271 3242 4355 tisseann-1048640.

2083 5002 2268 5072 psissc
2330 5000 2571 5074 librarii,
2608 5016 2799 5074 errore
2851 5016 3064 5056 nomen
3105 5000 3733 5074 Conradinsuspicatur

2087 5071 2382 5143 Ughcllus.
2417 5072 2575 5135 Quod
2611 5071 2655 5123 si
2695 5072 2772 5125 ita
2801 5077 2907 5139 est,
2960 5090 3184 5198 suague
3232 5071 3535 5146 privilegio
3585 5071 3731 5126 ﬁdes

2087 5145 2387 5198 asseritnr.
2422 5142 2716 5197 fatendum
2747 5149 2899 5198 certe
2928 5149 3016 5198 est
3036 5162 3064 5198 e
3113 5147 3257 5198 itum
3290 5145 3349 5198 in
3372 5143 3566 5198 aliquo
3595 5155 3731 5196 oon-

2084 5142 2387 5208 asseritnr,
2422 5142 2716 5197 fatendum
2747 5149 2899 5199 certe
2928 5149 3016 5199 est
3036 5142 3257 5199 editum
3290 5145 3349 5198 in
3372 5142 3566 5213 aliquo
3595 5155 3733 5213 con-

2087 5216 2215 5269 Clllt-
2250 5217 2426 5269 luisse
2446 5216 2613 5284 cujus
2641 5216 2919 5270 memoria
2938 5215 3104 5270 nobis
3134 5215 3250 5270 alia
3270 5213 3435 5268 nulla
3462 5209 3735 5284 suppedi-

2090 5290 2457 5351 tat.Quatuor
2486 5282 2800 5356 enimqnze
2831 5290 3029 5339 extant
3059 5287 3334 5356 Romane
3364 5282 3570 5356 synodi
3595 5282 3737 5338 Leo-

2091 5358 2181 5411 nis
2216 5358 2492 5438 paparlx,
2529 5355 2727 5438 statim
2762 5361 2892 5438 post
2938 5355 3161 5438 Pascha
3191 5355 3509 5438 celebrate
3553 5356 3733 5438 sunt:

388 5001 541 5072 (217)
582 5003 779 5054 Exstat
828 5004 987 5054 tomo
1039 5000 1111 5072 IY
1156 4999 1328 5053 Italia:
1376 5018 1551 5054 sacrm
1602 5001 1966 5071 privilegium

314 5071 680 5127 manasterio
712 5072 771 5126 S.
806 5073 990 5125 (iratae
1022 5088 1054 5125 a
1087 5071 1273 5143 Leone
1306 5090 1455 5143 pupa
1492 5073 1558 5126 1X
1591 5091 1969 5139 concessum;

314 5144 422 5199 sed
485 5144 655 5211 cujus
704 5143 845 5197 anni
894 5142 1157 5214 concilio,
1204 5143 1515 5197 incertum.
1572 5145 1770 5214 Neque
1816 5146 1973 5199 enim

256 5260 261 5261 κ
319 5213 1083 5287 υηυωᾘοωωηαοηοῇίίμ-Πξ
1115 5214 1226 5287 Leo
1258 5213 1764 5280 celebravit.Quod
1798 5217 1977 5287 igitur

322 5302 481 5342 anno
514 5285 653 5357 1ρ49
682 5285 953 5341 tribuerit
980 5284 1282 5357 Ughellus,
1337 5303 1497 5341 mera
1544 5284 1845 5340 divinatio
1868 5294 1972 5341 est.

319 5357 393 5413 Et
424 5356 799 5429 privilegium
826 5357 1020 5429 ipsum
1052 5361 1240 5429 totum
1291 5374 1517 5412 merum
1573 5358 1817 5412 fortasse
1873 5359 1976 5429 fig-

212 5438 227 5449 ’
323 5425 592 5483 mentum
625 5425 738 5483 dici
771 5425 943 5484 debet
972 5446 983 5483 :
1020 5444 1153 5482 cum
1184 5427 1242 5482 in
1278 5445 1345 5483 eo
1378 5430 1453 5483 sit
1485 5430 1701 5484 mentio
1732 5425 1977 5484 Conraﬂi
2091 5425 2306 5482 earum"
2328 5430 2503 5481 iw‘itur
2532 5428 2675 5483 nulli
2708 5425 2880 5482 tribui
2905 5430 3097 5498 potest
3118 5426 3487 5498 privilegium
3516 5443 3572 5482 v1
3600 5425 3738 5498 Idus

324 5500 473 5577 imp,
507 5499 696 5577 eidem
732 5499 978 5577 concilio
1008 5501 1336 5577 praesentis,
1384 5501 1483 5572 qui
1534 5508 1727 5577 tamen
1772 5501 1979 5577 decem
2090 5503 2245 5577 Junii
2282 5504 2710 5573 consignatum.
2744 5495 2923 5563 Quale
2951 5495 3147 5554 autem
3178 5495 3470 5577 idcunque
3505 5502 3613 5568 est,
3644 5495 3741 5554 hic

328 5570 507 5629 annis
540 5570 679 5630 totis
710 5575 842 5630 ante
872 5570 1082 5630 Leonis
1114 5570 1522 5646 pontiﬁcatum
1564 5572 1805 5629 obierat.
1836 5574 1982 5628 Irre-
2094 5572 2355 5628 exhibeo.
