4088 6174
401 312 520 380 787

1699 312 1762 378 S.
1815 311 2090 379 LEONIS
2135 310 2215 378 ιχ
2256 311 2512 377 ΡΑΡΑΞ.

3691 312 3806 376 788

400 455 462 509 et
488 451 643 509 bona
671 454 727 509 et
754 451 1110 509 munitiones
1143 469 1267 525 quae
1301 454 1697 508 Romanorum
1728 455 2041 522 imperato-
2073 449 2129 515 Α
2157 446 2423 513 Ecclesiae
2454 447 2864 505 communione
2894 449 3236 521 segregatus
3272 449 3563 519 perpetuas
3597 445 3808 517 subja-

404 558 497 599 res
527 545 583 598 et
612 542 966 597 Francorum
999 545 1188 614 atquae
1222 540 1568 614 Burgundios
1589 538 2045 613 reges,Ecclesize

402 634 518 687 tuas
551 629 1207 696 dederunt,auctoritate
1224 629 1319 685 Dei
1345 632 1399 683 et
1431 629 1613 684 sancti
1649 628 1800 683 Petri
1832 631 1889 683 et
1921 644 2049 682 nos-

404 721 515 785 tra,
542 717 713 773 ﬁrma
740 734 870 773 esse
900 716 1699 789 praecipimus.Similiterque
1733 716 2045 773 Galliarum

404 822 511 880 per
536 824 615 863 vn
645 805 973 878 provincias
1001 805 1292 878 episcopis
1335 804 1727 877 praecipimus,
1779 809 1845 859 ut
1893 804 2048 858 sicut

403 895 928 970 praedecessoribus
939 898 998 948 tu
1009 894 1057 950 is
1073 894 1412 950 auctoritate
1427 897 1639 950 sanctas
1654 894 1922 949 Romanae
1944 894 2047 949 Ec-

403 984 612 1051 clesia,
662 982 777 1055 ipsi
825 986 927 1038 aut
976 983 1415 1054 prodecessores
1463 999 1664 1039 eorum
1706 986 2045 1054 paruerunt,

404 1072 680 1129 obediant
699 1087 932 1144 quoque
949 1075 1006 1127 et
1023 1072 1442 1138 tibi.Quoniam
1459 1076 1686 1145 oportet
1697 1073 1873 1143 jussu
1897 1071 2050 1128 beati

405 1161 557 1218 Petri
616 1178 721 1233 per
773 1161 1134 1218 Clementem
1194 1166 1258 1217 ut
1314 1180 1433 1217 una
1485 1177 1729 1235 quaeque
1781 1177 1924 1235 gens
1957 1178 2048 1218 re-

403 1255 737 1325 cognoscat,
784 1268 887 1324 per
933 1268 1073 1307 suos
1120 1251 1443 1323 episcopos,
1479 1252 1580 1323 qui
1620 1251 1772 1306 inter
1826 1267 1924 1306 eos
1974 1251 2050 1306 sit

403 1339 652 1413 primus.

478 1432 621 1486 Data
650 1446 753 1501 per
781 1446 994 1485 manus
1022 1428 1200 1497 Petri,
1235 1428 1382 1484 sacri
1418 1429 1826 1487 Lateranensis
1849 1429 2048 1504 palatii

401 1517 732 1576 cancellarii
758 1534 796 1573 v
820 1518 959 1573 Idus
992 1517 1146 1573 Maii.

403 1717 482 1798 ελ
504 1714 696 1798 Leonis
745 1715 813 1770 IX
853 1715 1095 1798 diploma
1118 1626 1484 1798 Αἰξί)οαῖῑηί
1529 1717 1652 1798 abb.
1705 1717 1780 1798 S._
1816 1719 2050 1798 Iustinae

2156 540 2280 592 cent
2311 536 2728 592 maledictioni.
2761 538 2867 604 Qui
2899 540 3093 593 autem
3141 537 3480 593 observator
3522 535 3811 592 exstiterit

2155 625 2447 697 repleatur
2476 626 2838 682 abundantia
2866 625 3201 699 apostolicae
3240 624 3687 681 benedictionis.

2226 718 2433 770 Datum
2469 714 2680 770 Patavii
2716 731 2816 786 per
2866 731 3108 770 manum
3157 713 3437 769 Bernardi
3488 713 3611 769 vice
3656 714 3807 769 Petri

2155 802 2503 871 cancellarii,
2558 820 2711 860 anno
2770 803 3082 859 Dominicas
3155 802 3584 859 incarnationis
3643 803 3807 869 4053,

2154 892 2599 960 indict.v1,anno
2630 897 2820 948 autem
2846 893 3223 967 pontificatus
3245 891 3469 948 domini
3497 891 3711 949 Leonis
3737 892 3806 948 IX

2157 999 2317 1054 papae
2371 999 2422 1051 v,
2483 985 2692 1054 quarto
2749 982 2894 1038 Non.
2949 981 3221 1055 Augusti.
3278 985 3489 1038 Actum
3537 980 3805 1048 feliciter,

2158 1087 2325 1127 amen
2336 1113 2348 1125 .

2232 1278 2284 1333 S.
2320 1279 2419 1333 Leo
2449 1279 2517 1333 IX
2540 1279 2872 1343 monasterio
2904 1188 3163 1333 Βῖξαθηιςί
3189 1278 3488 1349 privilegia
3516 1276 3734 1332 tribuit.

2778 1387 2965 1458 (Anno
2996 1384 3184 1454 1052.)

2560 1492 2894 1565 [D’Achery,
2923 1491 3116 1563 Spicz'l.
3150 1490 3218 1558 ll,
3254 1490 3403 1560 415.]

2228 1609 2341 1665 Lso
2386 1607 2717 1682 episcopus,
2768 1624 2972 1665 servus
3019 1621 3317 1663 servorum
3365 1603 3487 1677 Dei,
3531 1605 3804 1673 Onusam,

2157 1698 2351 1756 abbati
2384 1697 2696 1756 Besuensis
2727 1694 3329 1767 monasterii,tuisque
3358 1694 3804 1752 successoribus

439 1788 632 1843 Patav.
666 1801 825 1842 usum
846 1784 1252 1858 pontiﬁcalium
1281 1792 1730 1844 ornamentorum
1758 1788 2015 1859 indulget
2079 1823 2127 1888 Β
2157 1793 2499 1863 perpetuam
2533 1788 2592 1843 in
2623 1786 2869 1843 Domino
2901 1784 3171 1842 salutem.

982 1875 1168 1948 (Anno
1197 1875 1482 1949 1048-511.)

475 1964 669 2038 [Apud
702 1966 768 2021 R.
804 1968 865 2020 Ρ.
894 1965 1064 2021 Bern.
1099 1964 1355 2034 Pezium,
1392 1968 1763 2024 Thes.Anocd.
1795 1968 2046 2041 Vl,244.]

476 2055 592 2111 Lso
624 2054 954 2129 episcopus,
988 2072 1291 2113 servorum
1322 2056 1419 2114 Dei
1453 2073 1674 2124 servus,
1723 2075 1919 2115 JOANNI
1953 2075 2044 2114 ve-

406 2143 651 2201 nerabili
683 2144 881 2201 abbati
912 2145 1250 2202 monasterii
1280 2146 1503 2202 Sancta
1534 2147 1802 2217 Justinze,
1843 2164 2046 2221 perpe-

403 2236 571 2291 tuam
602 2235 663 2289 in
694 2234 941 2290 Domino
972 2234 1243 2291 salutem.

474 2323 558 2378 Ex
583 2322 1013 2396 principalitate
1045 2323 1200 2378 sedis
1229 2324 1583 2396 apostolicae,
1634 2326 1727 2381 cui
1758 2327 1872 2383 Deo
1904 2345 2046 2400 pras-

401 2410 665 2467 sidemus
695 2414 950 2480 auctore,
985 2411 1289 2484 religiosos
1310 2413 1521 2469 Christi
1544 2415 2047 2488 sacerdotes,quos

401 2498 561 2556 omni
596 2515 828 2556 morum
858 2499 1164 2558 honestate
1195 2518 1309 2574 prae
1333 2504 1555 2559 caeteris
1585 2503 1801 2560 clarere
1823 2506 2049 2579 conSpi-

401 2587 612 2656 cimus,
669 2588 818 2644 sicut
861 2605 961 2646 eos
1000 2591 1255 2662 quadam
1287 2591 1559 2648 familiari
1591 2592 1898 2650 dilectione
1931 2613 2046 2668 prae

399 2677 625 2735 caeteris
677 2676 1106 2751 amplectimur,
1164 2680 1247 2736 ita
1302 2698 1535 2754 quoque
1602 2687 1709 2738 nos
1769 2685 2049 2740 concedet

400 2766 865 2825 sacerdotalibus
896 2769 1252 2841 quibusdam
1281 2770 1613 2844 insignibus
1653 2789 1773 2844 prae
1823 2773 2048 2830 caeteris

400 2857 698 2925 decorare,
742 2856 1021 2930 ipsosque
1068 2876 1202 2915 cum
1253 2860 1427 2916 rebus
1475 2860 1854 2918 ecclesiarum
1901 2880 2048 2935 quas

400 2950 615 3018 regunt
642 2950 850 3002 nostrae
883 2948 1212 3020 apostolica:
1244 2949 1610 3006 auctoritatis
1641 2951 1824 3007 tutela
1854 2968 1917 3007 ac
1948 2952 2045 3008 dc-

402 3034 665 3092 fsnsione
721 3036 1014 3094 stabiliter
1069 3038 1320 3105 munire,
1380 3043 1669 3111 quatenus
1724 3041 1910 3096 caeteri
1975 3043 2044 3097 ad

2226 1878 2505 1936 Convenit
2550 1874 2867 1950 apostolico
2926 1872 3310 1931 moderamini
3363 1871 3462 1946 pia
3518 1873 3801 1948 religione

2157 1967 2513 2043 pollentibus
2550 1964 2830 2024 benevola
2879 1963 3287 2038 compassione
3333 1978 3694 2034 succurrere,
3745 1969 3803 2021 et

2155 2058 2480 2131 petentium
2493 2054 2797 2114 desideriis
2810 2069 3135 2127 congruum
3150 2051 3434 2125 impertiri
3448 2051 3687 2125 suffragi
3696 2070 3729 2108 u
3739 2070 3796 2109 m

2156 2150 2521 2220 Quapropter
2549 2144 2810 2201 inclinati
2842 2143 3112 2217 precibus
3139 2140 3280 2209 tuis,
3313 2139 3392 2196 {ili
3424 2139 3790 2211 charissima,

2157 2236 2521 2293 decrevimus
2551 2250 2712 2290 more
2737 2237 3176 2290 antecessorum
3206 2234 3539 2287 nostrorum
3560 2228 3671 2286 hoc
3693 2247 3799 2286 no-

2157 2330 2276 2382 stro
2306 2323 2604 2398 privilegio
2636 2320 2965 2397 apostolicae
2998 2320 3284 2388 tuitionis,
3306 2323 3498 2375 vestro
3519 2318 3801 2375 Besuensi

2158 2413 2509 2471 monasterio
2541 2415 2776 2486 prepter
2815 2410 3190 2466 imminentes
3230 2408 3686 2482 persecutiones,
3745 2412 3805 2464 et

2156 2507 2393 2576 propter
2421 2504 2762 2558 innumeros
2793 2517 2965 2558 casus
2997 2500 3099 2572 qui
3120 2496 3803 2571 superveniunt,dignam

2156 2592 2468 2648 concedere
2499 2590 2849 2647 libertatem.
2881 2587 3163 2644 Videlicet
3205 2591 3271 2642 ut
3317 2585 3482 2641 nulla
3528 2601 3798 2659 persona,

2155 2685 2253 2736 aut
2285 2679 2405 2735 ulla
2434 2684 2714 2752 potestas,
2747 2678 2868 2735 sive
2898 2676 3309 2744 ecclesiastica,
3343 2692 3445 2732 seu
3479 2674 3801 2741 sacularis,

2155 2785 2332 2840 super
2360 2785 2487 2824 eam
2542 2768 2755 2824 audeat
2803 2766 3267 2822 dominationem
3317 2768 3421 2821 aut
3451 2768 3802 2837 potestatem

2156 2872 2440 2929 usurpare
2470 2859 2678 2929 praeter
2708 2854 3133 2928 Lingonensem
3181 2854 3544 2927 episcopum,
3597 2852 3694 2925 qui
3744 2853 3797 2909 ei

2157 2944 2729 3018 patrocineturjuste
2755 2948 2810 3000 et
2838 2943 3132 3000 canonice.
3156 2943 3252 2998 Sic
3272 2945 3470 2998 tamen
3503 2945 3568 2996 ut
3598 2941 3649 2997 ei
3684 2957 3801 2997 non

2154 3034 2327 3091 liceat
2365 3051 2553 3107 neque
2603 3033 2910 3099 ministris,
2960 3032 3089 3104 ejus
3136 3034 3321 3087 terras
3372 3033 3475 3085 aut
3516 3030 3803 3086 beneﬁcia

401 3123 766 3198 religionem,
826 3127 1196 3184 sanctitatem
1255 3132 1313 3184 et
1366 3128 1765 3185 omnimodam
1813 3147 2045 3187 morum
2089 3190 2122 3198 _
2158 3124 2500 3181 monasterii
2530 3128 2893 3180 commutare
2922 3121 3008 3178 vel
3042 3122 3200 3187 dare,
3232 3136 3337 3176 nec
3365 3136 3525 3191 vasa,
3558 3136 3664 3176 nec
3700 3135 3805 3174 or-

405 3212 795 3282 honestatem,
827 3231 933 3271 nec
962 3232 1078 3275 non
1112 3217 1182 3272 ad
1216 3221 1427 3273 sancta:
1462 3219 1735 3275 Romanae
1783 3219 2048 3276 Ecclesia:
2080 3190 2123 3259 α
2161 3217 2563 3281 namenta,seu
2594 3211 2891 3269 volumina
2912 3210 3383 3280 subtrahere,aut
3404 3206 3807 3282 qualicunque

405 3307 462 3359 et
490 3319 736 3360 summas
767 3302 1247 3377 sedis'pontiﬁcis
1295 3306 1550 3362 debitam
1600 3308 2046 3379 subjectionem,

398 3391 1174 3461 reverentiam,devotionem
1206 3398 1264 3450 et
1294 3394 1768 3452 ardentissimam
1792 3398 2047 3455 dilectio-

403 3495 540 3536 nem
571 3478 887 3536 ferventius
918 3480 1248 3537 incitentur.

474 3567 843 3637 Unde,frater
865 3567 1208 3626 charissime
1237 3575 1295 3627 et
1316 3572 1496 3628 abbas
1516 3575 1840 3631 venerande
1866 3576 2044 3633 Joan-

404 3673 529 3729 nes,
590 3656 729 3730 quia
786 3661 844 3713 te
893 3657 1188 3731 religione,
1234 3660 1564 3733 sanctitate,
1603 3661 1932 3720 humilitate
1989 3670 2046 3722 et

401 3747 741 3805 omnimoda
770 3747 1055 3820 probitate
1087 3748 1323 3821 pollere,
1355 3753 1411 3805 et
1438 3750 1499 3806 in
1524 3756 1738 3808 sanctas
1770 3753 2041 3811 Romanae

400 3836 665 3912 Ecclesiae
690 3838 990 3910 nostrique
1015 3838 1393 3895 devotissima
1420 3840 1781 3911 subjectione
1803 3850 1860 3897 et
1882 3844 2043 3900 obse-

401 3925 536 3998 quio
568 3927 782 3983 fervere
809 3927 1125 3998 intuemur,
1177 3928 1459 3985 sandaliis
1507 3934 1565 3985 et
1607 3929 1926 3988 dalmatica
1969 3936 2039 3990 ad

398 4013 716 4070 missarum
737 4014 1182 4072 celebrationem
1204 4021 1260 4073 te
1280 4018 1658 4076 concedimus
1686 4020 1904 4087 uti,nec
1927 4039 2042 4078 non

401 4104 521 4156 tam
555 4102 626 4157 ad
659 4102 901 4159 missam
935 4121 1109 4175 quam
1144 4107 1213 4161 ad
1245 4107 1535 4165 solemnes
1567 4111 1966 4182 proccssiones
1988 4116 2040 4167 te

400 4191 565 4246 mitra
610 4194 667 4247 et
714 4192 1019 4262 cyrothecis
1040 4195 1254 4262 ornari,
1316 4201 1604 4267 quatenus
1660 4198 1929 4270 precibus
1987 4204 2044 4257 et

400 4278 626 4335 meritis
654 4278 814 4334 illius
845 4281 1024 4336 beatae
1054 4281 1295 4356 virginis
1325 4288 1382 4340 et
1412 4286 1881 4360 martyris,cujus
1910 4305 2038 4345 cor-

397 4383 506 4438 pus
524 4368 582 4423 in
599 4369 914 4426 commisso
928 4370 1031 4425 tibi
1046 4374 1398 4429 monasterio
1415 4375 1854 4448 requiescit,pro
1867 4379 2036 4449 cujus
2067 4422 2071 4429 η

394 4455 570 4512 etiam
601 4457 821 4515 honore
851 4476 917 4515 ac
947 4459 1252 4516 dilectione
1276 4460 1380 4516 tibi
1412 4464 1749 4536 supradicta
1769 4469 2036 4524 concedi-

395 4562 550 4615 mus,
581 4548 845 4620 adjuravi
877 4549 1194 4606 valeamus.

463 4635 674 4693 Omnia
703 4636 943 4710 insuper
971 4639 1192 4711 quaaZad
1216 4641 1556 4712 praedictum
1578 4643 1758 4699 beatae
1783 4644 2031 4703 Justinae

391 4725 812 4782 monasterium
844 4728 1134 4799 pertineat
1158 4729 1320 4801 juste
1352 4730 1637 4802 acquisita
1667 4733 1786 4788 sive
1824 4735 2031 4806 acqui-

391 4812 594 4879 renda,
626 4815 734 4869 sub
765 4816 947 4871 tutela
988 4834 1054 4872 ac
1102 4818 1440 4876 defensione
1488 4819 1644 4876 sedis
1694 4822 2026 4893 apostolicis

390 4900 771 4972 suscipimus,
806 4903 962 4960 salvo
993 4906 1215 4963 scilicet
1236 4910 1371 4979 jure
1402 4910 1606 4964 matris
1627 4914 1738 4965 tum
1761 4911 2028 4968 Ecclesiae

389 4988 698 5045 Paduanze.

460 5077 671 5137 Nullus
723 5080 906 5153 igitur
957 5083 1451 5157 archiepiscopus,
1512 5089 1842 5162 cpiscopus,
1890 5091 2027 5162 dux,

388 5168 672 5237 marcbio,
704 5171 1551 5248 comes,vicecomes,nullaque
1578 5194 1791 5251 magna
1819 5196 2026 5252 parva-

386 5275 500 5331 que
526 5275 775 5332 persona
811 5259 871 5315 in
916 5262 1174 5333 praedicti
1223 5266 1561 5322 monasterii
1614 5269 1787 5323 rebus
1844 5268 2025 5324 ullam

384 5346 659 5421 deinceps
689 5347 1024 5406 violentiam
1048 5350 1260 5408 inferre
1293 5356 1691 5425 praesumat.Si
1725 5357 1859 5428 quis
1890 5374 2024 5413 vero

2157 3304 2458 3360 occasione
2485 3302 2755 3375 diripere.
2797 3300 3009 3356 Omnia
3061 3316 3196 3356 vero
3220 3314 3584 3371 quacunque
3627 3297 3807 3354 habet

2153 3393 2242 3452 vel
2262 3397 2438 3463 tenet,
2471 3393 2558 3448 vel
2590 3390 2945 3465 acquisierit,
2969 3389 3341 3464 supradictus
3370 3388 3534 3445 locus
3564 3386 3802 3453 habeat.

2155 3488 2213 3539 et
2244 3486 2400 3539 tenet
2430 3486 2630 3538 nostra
2686 3478 3008 3553 apostolica
3037 3477 3481 3535 conﬁrmatione
3499 3477 3633 3548 jure
3662 3493 3803 3548 per-

2155 3578 2349 3645 petuo,
2383 3573 2443 3627 in
2477 3573 2880 3643 cujuscunque
2912 3567 3153 3625 dioecesi
3187 3568 3284 3624 sit.

2225 3660 2635 3718 Interdicimus
2660 3661 2839 3716 etiam
2874 3662 3074 3715 nostra
3105 3657 3449 3713 auctoritate
3494 3657 3561 3710 ut
3606 3652 3817 3711 nullus

2153 3751 2365 3806 audeat
2421 3748 2757 3823 supradicto
2824 3747 3180 3806 monasterio
3251 3745 3368 3801 vim
3425 3744 3666 3811 inferre,
3724 3742 3818 3800 val

2150 3856 2285 3897 eum
2318 3840 2376 3894 in
2408 3838 2831 3910 subjectionem
2856 3838 3262 3909 cujuscunque
3287 3831 3636 3890 monasterii
3662 3832 3812 3889 redi-

2150 3944 2303 4001 gere.
2333 3928 2617 4000 Raptores
2646 3927 3052 3998 cujuscunque
3084 3922 3309 3980 ordinis
3353 3920 3440 3978 vel
3496 3921 3806 3995 dignitatis

2152 4018 2290 4085 sint,
2325 4016 2427 4090 qui
2459 4033 2549 4072 res
2580 4033 2707 4088 quae
2736 4017 2807 4071 ad
2841 4032 3023 4087 supra
3056 4013 3430 4069 nominatum
3476 4010 3809 4067 omnobium

2152 4106 2462 4178 pertinent,
2495 4105 2613 4162 sive
2643 4106 2715 4162 de
2749 4103 3115 4171 hominibus,
3148 4119 3249 4158 seu
3281 4101 3353 4157 de
3390 4100 3587 4169 terris,
3620 4099 3710 4156 vel
3743 4100 3814 4156 de

2150 4194 2659 4268 qualibuscunque
2690 4192 3044 4261 rebus,unde
3067 4195 3394 4249 sustentare
3412 4194 3470 4245 et
3498 4191 3694 4245 vivere
3715 4189 3814 4244 dc-

2149 4287 2288 4342 bent
2316 4285 2459 4342 inibi
2492 4290 2604 4341 Deo
2636 4281 2972 4350 servientes;
3006 4299 3070 4339 ra
3084 4280 3320 4355 puerint
3367 4279 3452 4336 vel
3504 4279 3817 4336 subtraxe-

2147 4375 2285 4441 rint,
2317 4374 2571 4448 ligamus
2601 4390 2698 4429 eos
2727 4370 3009 4445 ligamine
3059 4371 3250 4428 sancti
3300 4367 3453 4429 Petri
3502 4383 3816 4440 usquequo

2146 4480 2401 4537 congrue
2440 4462 2830 4519 satisfaciant.

2065 4567 2111 4630 D
2214 4553 2598 4610 Prohihcmus
2629 4551 2804 4607 etiam
2835 4567 2905 4607 ne
2936 4549 3088 4605 infra
3117 4564 3301 4604 unam
3331 4547 3567 4604 leuvam
3612 4564 3648 4603 a
3680 4562 3812 4602 mo-

2142 4641 2395 4699 nasterio
2424 4641 2597 4697 liceat
2626 4638 2799 4696 alicui
2832 4637 3091 4712 aliquem
3133 4636 3412 4693 invadere
3434 4635 3525 4692 vel
3554 4637 3692 4709 ejus
3713 4651 3813 4690 res

2139 4732 2390 4788 auferre.
2430 4730 2763 4786 Statuentes
2792 4726 3114 4800 apostolica
3142 4743 3391 4783 censura
3419 4742 3493 4782 ne
3524 4725 3649 4782 ulla
3698 4727 3814 4783 ho-

2138 4821 2366 4875 minum
2397 4834 2645 4891 persona
2677 4833 2890 4889 magna
2918 4815 3004 4872 vel
3038 4832 3214 4888 parva
3263 4821 3468 4872 contra
3509 4814 3622 4871 hoc
3671 4834 3811 4876 nos-

2134 4913 2293 4964 trum
2326 4906 2695 4980 privilegium
2729 4905 2932 4962 venire
2967 4905 3450 4978 pertentet.Quod
3494 4904 3543 4961 si
3576 4905 3808 4977 fecerit,

2137 4997 2457 5069 apostolico
2486 4994 2848 5051 anathemati
2892 4993 3438 5065 subjacebit,usque
3459 4993 3531 5049 ad
3556 4994 3805 5067 dignam

2136 5085 2617 5143 satisfactionem.
2649 5083 2756 5148 Qui
2801 5100 2933 5139 vero
2984 5083 3315 5151 servaverit,
3365 5082 3808 5143 benedictionis

2136 5180 2350 5232 nostra:
2380 5175 2567 5248 gratia
2597 5172 2947 5240 cumuletur,
2979 5175 3037 5229 et
3066 5174 3291 5228 internae
3321 5169 3454 5227 vitae
3502 5172 3804 5248 particeps

2136 5263 2442 5320 elficiatur.

2208 5358 2413 5409 Datum
2447 5368 2501 5406 ιν
2533 5350 2727 5406 Nonas
2758 5350 3047 5419 Octobris,
3082 5366 3186 5423 per
3216 5366 3431 5406 manus
3477 5349 3634 5407 Petri
3665 5351 3795 5406 dia-

2133 5441 2283 5508 coni,
2317 5438 2739 5495 bibliothecarii
2765 5444 2822 5495 et
2850 5439 3185 5496 cancellarii
3218 5444 3435 5496 sanctas
3456 5438 3796 5511 apostolica:

2134 5530 2310 5597 sedis,
2344 5528 2657 5584 indictione
2707 5544 2764 5593 v,
2805 5545 2957 5585 anno
3008 5529 3080 5585 ab
3125 5528 3526 5585 incarnatione
3554 5528 3792 5586 Domini

2138 5620 2277 5677 4052
2311 5617 2693 5690 pontificatus
2710 5621 2905 5674 autem
2929 5618 3149 5675 domini
3174 5617 3382 5675 Leonis
3412 5617 3484 5674 IX
3506 5633 3670 5691 papae
3703 5634 3787 5674 ιιι.

388 5433 562 5503 hujus
592 5442 802 5493 nostra:
828 5439 1155 5511 apostolica:
1178 5441 1500 5497 sanctionis
1520 5443 1884 5514 privilegium
1907 5446 2043 5501 vio--

382 5521 504 5577 lare
526 5529 1100 5597 pressumpseritmisi
1126 5529 1240 5585 cito
1265 5529 1594 5599 resipuerit,
1616 5534 1671 5585 et
1689 5532 2025 5590 admonitus

381 5609 533 5668 male
563 5620 688 5669 acta
718 5614 896 5686 digna
919 5617 1315 5674 satisfactione
1336 5618 1789 5688 emendaverit,a
1811 5625 2023 5678 sanctas
