4088 6174
453 393 569 458 ’791

1733 395 1796 454 S.
1841 393 2125 456 LEONIS
2168 392 2247 456 IX
2288 390 2541 455 PAPJE.

3739 389 3854 454 792

454 526 637 584 fuisse
665 525 738 580 ab
766 523 1008 581 Arnult‘o
1030 518 1395 596 imperatore.
1429 528 1492 578 ut
1521 524 1666 580 alias
1694 525 2062 580 ostendimus
2084 524 2253 595 (218.)
2276 524 2439 579 Mitto
2462 524 2616 596 quod
2647 540 2815 580 voces
2858 524 3286 581 Alemannorum
3341 528 3399 580 et
3454 524 3845 593 Allemannie,

456 615 584 670 qua:
614 598 675 651 in
734 597 1021 670 ejusmodi
1082 595 1292 670 litteris
1340 597 1802 670 occurruntgad
1839 596 2275 670 signiﬁcandos
2317 595 2611 670 Dajoarios
2657 605 2708 670 et
2771 596 3115 663 Bajoariam,
3176 596 3568 670 posteriorum
3626 600 3849 670 tempe.

454 666 586 741 r'um
616 667 854 741 genium
895 667 1153 741 sapiunt.
1181 668 1315 741 Jam
1339 667 1537 738 qualia
1576 668 1749 741 verba
1782 666 1988 741 Leonis
2022 683 2181 739 papae
2211 667 2281 721 ad
2304 668 2629 741 lienricum
2662 668 3010 741 Francorum
3041 666 3256 740 regem.
3318 668 3534 741 quibus
3586 682 3725 741 eum
3762 666 3847 741 _o_b

455 736 1095 810 hanc'subtractionem
1144 738 1316 810 solari
1352 736 1620 792 conatur!
1681 737 1873 810 qualis
1934 736 2123 793 sermo
2155 737 2468 810 pontificis,
2528 742 2592 791 ut
2646 737 2867 810 Arnulﬁ
2927 736 3147 793 furtum
3207 736 3528 810 approbet!
3582 737 3696 810 Sed
3762 736 3848 792 his

451 810 625 883 nugis
656 809 877 864 diutius
905 809 1202 883 immorer.
1238 809 1399 883 Haud
1432 814 1625 863 tamen
1660 807 2301 883 absolutenegaverim,
2336 810 2523 883 Leone
2547 826 2691 879 papa
2723 809 3050 883 Batisponaa
3071 807 3431 883 demorante.
3457 807 3842 883 questionem

452 884 525 938 de
539 879 785 965 corpore
814 880 999 965 sancti
1030 880 1653 965 Βίοργδίᾒνθηψᾳιηιιι
1689 881 1869 965 fuisse
1899 881 1977 950 (id
2011 879 2166 935 enim
2197 884 2252 934 et
2271 880 2524 965 Annales
2548 880 2812 965 S‘axonici
2837 881 3100 965 tradunt)
3122 885 3295 962 atque
3320 881 3379 935 in
3399 879 3586 935 sancti
3612 880 3844 965 Emme-

452 949 666 1024 rammi
697 950 914 1024 templo
944 956 1086 1024 tunc
1116 949 1408 1007 detectum
1442 952 1622 1007 fuisse
1650 952 1944 1023 quoddam
1976 968 2210 1024 corpus,
2240 952 2395 1024 quod
2426 952 2690 1024 ejusdem
2723 951 2909 1006 sancti
2936 949 3431 1024 Dionysii'corpus
3454 949 3849 1024 esse,prolatis

455 1022 650 1096 nescio
682 1022 899 1096 quibus
934 1022 1166 1096 tabulis,
1200 1024 1650 1096 Batisponenses
1672 1022 2016 1096 asseruere;
2058 1023 2235 1096 idque
2267 1022 2410 1076 forte
2461 1023 2635 1096 Leoni
2698 1038 3045 1093 persuasum
3088 1022 3504 1096 :fuisseXHinc
3553 1027 3645 1075 est
3703 1022 3845 1091 quod

453 1093 739 1150 Henricus
791 1110 886 1148 rex
945 1095 1014 1148 ad
1076 1093 1451 1149 refellendam
1512 1094 1660 1148 hanc
1716 1093 2073 1159 opinionem,

2156 1094 2970 1175 requentemepiscoporum,
3051 1094 3334 1175 abbatum
3388 1100 3446 1149 et
3494 1108 3840 1175 "procerum

451 1169 666 1222 cmtum
699 1166 757 1220 in
788 1165 1140 1238 Dionysiano
1196 1165 1550 1221 monasterio
1598 1182 1698 1238 per
1728 1166 2030 1236 Hugonem
2077 1163 2347 1219 abbatem
2397 1163 2588 1220 indici
2625 1163 2826 1235 jussit,
2888 1182 2954 1219 ac
3026 1165 3210 1220 sancti
3270 1163 3551 1236 Dionysii
3590 1163 3844 1219 loculum

456 1238 722 1294 reserari.

1204 1477 1318 1533 CXI
1329 1522 1341 1532 .

576 1566 829 1640 Diploma
855 1568 915 1621 .‘o'.
947 1567 1139 1621 Leonis
1168 1567 1236 1622 IX
1259 1566 1325 1622 de
1349 1584 1569 1638 corpore
1597 1567 1653 1621 S.
1690 1569 1959 1640 Dionysii.

1024 1654 1212 1725 (Anno
1247 1657 1382 1709 1048
1417 1658 1530 1728 si.)

864 1743 1096 1814 [Mansi,
1132 1744 1335 1799 Concil.
1371 1744 1511 1810 XIX,
1537 1746 1687 1817 674.]

525 1833 587 1887 In
618 1831 932 1889 Salvatoris
964 1831 1148 1888 nostri
1170 1833 1309 1889 Jesu
1342 1833 1555 1889 Christi
1590 1835 1848 1890 nomine.
1886 1836 2093 1904 Amen,

453 1921 568 1977 Lso
596 1920 905 1993 episcopus
927 1937 1129 1977 servus
1151 1938 1449 1978 servorum
1480 1923 1604 1988 Dei,
1627 1923 1955 1981 clarissimo
1977 1924 2096 1981 ﬁlio

450 2007 665 2082 inclyte
688 2009 808 2081 regi
832 2009 1209 2079 Francorum,
1243 2027 1308 2066 ac
1338 2011 1774 2068 venerabilibus
1815 2013 2095 2069 fratribus

449 2096 923 2171 archiepiscopis,
951 2098 1240 2172 episcopis
1268 2105 1324 2156 et
1353 2100 1581 2158 dilectis
1613 2102 1670 2157 in
1702 2101 1931 2158 Christo
1955 2102 2093 2159 ﬁliis

448 2187 784 2255 abbatibus,
817 2187 1463 2262 prioribus,praepositis
1483 2194 1541 2247 et
1565 2191 1833 2259 decanis;
1870 2192 2095 2249 univer-

444 2277 649 2348 sisque
677 2280 798 2332 tam
829 2276 1082 2333 subditis
1112 2295 1291 2349 quam
1321 2279 1575 2351 praelatis
1607 2280 1873 2351 ejusdem
1919 2281 2086 2355 regni

448 2363 699 2419 salutem
729 2368 786 2420 et
815 2365 1192 2437 apostolicam
1224 2368 1693 2424 benedictionem
1718 2387 1730 2424 :

518 2450 673 2509 Deus
702 2454 1091 2527 omnipotens,
1124 2456 1222 2528 qui
1250 2474 1360 2512 non
1394 2458 1687 2515 immerito
1719 2476 1821 2530 per
1836 2459 2088 2531 Prophe-

446 2544 567 2598 tam
598 2542 658 2598 in
688 2542 907 2599 sanctis
937 2545 1062 2601 suis
1086 2561 1214 2601 esse
1241 2546 1529 2602 mirabilis
1560 2547 1926 2618 praedicatur,
1945 2547 2091 2604 mira

446 2630 699 2703 quadam
723 2631 1124 2690 inscrutabilis
1136 2633 1364 2689 consilii
1385 2635 1475 2689 sui
1492 2635 2090 2708 profunditatedispo-

442 2718 568 2775 nit:
604 2736 731 2793 quas
761 2721 902 2776 dum
924 2722 1294 2778 considerare
1321 2739 1435 2778 non
1460 2724 1677 2780 sufficit
1698 2725 2087 2781 menshuma-

440 2800 540 2879 na,
570 2807 700 2883 ipsa
727 2810 946 2867 suimet
975 2811 1313 2868 infirmitate
1342 2812 1639 2879 deficiens,
1677 2814 1737 2869 in
1770 2815 2086 2886 quemdam
2119 2852 2167 2917 Β

438 2898 532 2955 sui
554 2915 858 2956 excessum
890 2900 1014 2972 rapi
1047 2900 1278 2973 cogitur
1306 2905 1363 2957 et
1391 2906 1710 2974 stuporem.
1757 2904 1919 2968 Quod
1972 2902 2086 2976 ipsi

437 3002 545 3042 nos
574 3003 761 3059 nuper
787 2989 1025 3060 experti,
1060 2994 1118 3046 et
1145 2990 1308 3046 vobis
1338 2990 1396 3044 in
1438 2990 1663 3047 Christo
1695 2991 2087 3059 charissimis,

437 3076 497 3131 et
525 3075 891 3132 universitati
921 3077 1182 3134 fidelium
1202 3078 1573 3151 promulgare
1590 3080 1999 3153 compellimur
2020 3085 2084 3135 ut

443 3167 504 3220 et
530 3163 633 3220 Dei
664 3182 841 3238 opera
886 3167 1103 3238 pariter
1162 3167 1541 3223 admiremur.
1605 3170 1750 3224 Nam
1810 3186 1943 3224 cum
1984 3185 2087 3241 per

441 3252 788 3311 instantiam
806 3255 1167 3312 serenissimi
1182 3256 1553 3329 imperatoris
1568 3257 1792 3314 Henrici
1807 3259 1877 3314 ad
1893 3261 2086 3331 partes

443 3340 770 3400 Germania
789 3343 1132 3412 visitandas,
1165 3362 1231 3400 ac
1262 3338 1549 3417 praecipue
1580 3347 1650 3402 ad
1706 3348 1913 3402 urbem
1957 3364 2084 3419 qua

445 3428 662 3487 dicitur
690 3432 1028 3505 Ratispona,
1045 3432 1133 3489 vel
1152 3434 1551 3505 Regenspurg,
1576 3433 1794 3490 evocati
1820 3452 2084 3492 essemus

442 3518 515 3573 ad
564 3519 891 3574 venerabile
944 3537 1154 3593 corpus
1203 3521 1357 3576 beati
1416 3520 1747 3594 Wolfgangi
1818 3523 2081 3594 ejusdem

442 3605 609 3663 urbis
637 3607 892 3682 episcOpi
923 3610 1415 3679 transferendum,
1445 3610 1554 3665 hoc
1603 3628 1670 3666 ea
1718 3628 1835 3683 qua
1885 3612 2082 3668 decuit

438 3696 760 3754 reverentia
778 3702 834 3753 et
863 3698 1163 3754 devotione
1194 3703 1449 3771 paracto,
1482 3699 1564 3754 tui
1592 3700 1945 3756 Francorum
1984 3718 2082 3757 rex

434 3783 493 3838 in
511 3784 761 3855 Christo,
786 3786 869 3842 ﬁli
886 3787 1367 3853 charissime,nos
1393 3787 1567 3860 legati
1589 3793 1943 3861 tuorumque
1962 3807 2082 3846 om-

432 3871 597 3928 nium
627 3874 750 3930 vice
779 3873 1012 3930 solliciti
1048 3880 1351 3947 rogarunt,
1386 3881 1677 3950 quatenus
1710 3876 1892 3944 litem,
1950 3896 2078 3951 qum

428 3958 582 4015 inter
607 3978 710 4019 vos
736 3966 795 4017 et
826 3963 1031 4019 urbem
1064 3967 1401 4037 praedictam
1463 3983 1642 4038 super
1688 3971 2078 4025 sacrosanctis

429 4046 662 4103 ossibus
695 4049 1013 4105 beatissimi
1049 4053 1304 4125 Dionysii
1337 4054 1696 4127 Areopagitae
1744 4056 2076 4115 diutissime

426 4133 765 4193 ventilatam
794 4140 1030 4195 veritate
1061 4142 1334 4199 diucussa
1377 4143 1648 4199 dirimere
1709 4160 2068 4214 curaremus,

2128 1480 2183 1546 Α
2213 1478 2427 1550 scripta
2457 1476 2743 1550 Arnulphi
2764 1476 3011 1549 Augusti
3034 1475 3413 1549 ordinemque
3434 1477 3513 1532 rei
3537 1475 3849 1550 diligentis-

2210 1566 2358 1623 sime
2388 1566 2750 1639 perlegentes
2774 1586 2788 1635 ;
2823 1582 2926 1621 nec
2944 1582 3010 1621 eo
3033 1566 3308 1633 contenti,
3340 1565 3778 1638 capsas,tbecas
3796 1572 3848 1621 et

2209 1655 2509 1725 scrinia,in
2524 1655 2739 1726 quibus
2753 1671 2931 1710 sacrae
2948 1653 3209 1727 reliquias
3221 1654 3466 1710 condita;
3485 1654 3847 1721 dicebantur,

2208 1762 2273 1801 ac
2312 1744 2516 1800 titulos
2547 1760 2612 1799 ac
2641 1742 3068 1816 epigrammata
3097 1743 3459 1809 earumdem,
3493 1742 3660 1799 oculo
3679 1747 3846 1799 tenus

2207 1833 2405 1891 solerti
2423 1833 2686 1890 examine
2704 1831 3068 1888 discutieudo
3085 1831 3344 1903 nihilque
3365 1831 3684 1889 omittendo
3698 1832 3846 1905 quod

2207 1923 2277 1978 ad
2312 1921 2746 1995 indagationem
2770 1919 3140 1977 certitudiuis
3163 1920 3435 1992 pertinet,
3458 1924 3573 1977 tam
3589 1919 3847 1993 imperia-

2205 2011 2361 2067 libus
2391 2028 2566 2084 quam
2599 2010 2907 2084 papalibus
2938 2014 3370 2065 antecessorum
3404 2013 3729 2065 nostrorum
3754 2008 3846 2064 lit-

2203 2101 2343 2157 teris
2365 2100 2725 2156 sufﬁcienter
2746 2098 3291 2171 instructi,picturis
3316 2100 3539 2171 quoque
3551 2097 3839 2170 parietum

2203 2189 2632 2262 multiplicibus
2653 2187 3041 2261 etsculpturis
3061 2188 3494 2255 vetustissimis,
3512 2186 3845 2258 exprimen-

2200 2279 2360 2335 tibus
2389 2278 2605 2335 indicia
2623 2277 2884 2335 veritatis
2914 2282 2971 2333 et
2997 2282 3195 2333 notas:
3217 2275 3542 2342 indubitata
3562 2274 3674 2331 ﬁde
3694 2291 3849 2332 com-

2201 2367 2483 2439 perimus,
2505 2366 2647 2423 dicti
2673 2366 2927 2423 doctoris
2953 2369 3009 2421 et
3030 2366 3304 2438 martyris
3318 2382 3454 2421 ossa
3474 2364 3848 2431 venerabilia,

2200 2460 2437 2529 excepta
2465 2455 2752 2529 particula
2782 2455 2956 2511 unica
3004 2453 3180 2511 simul
3227 2458 3284 2509 et
3336 2453 3582 2509 minima
3637 2469 3848 2509 manus

2197 2545 2591 2617 dextraa,apud
2617 2554 3005 2600 memoratum
3020 2532 3846 2598 B.Emmerammiccenobium

2198 2633 2560 2706 integraliter
2597 2633 2904 2689 contineri.
2940 2632 3192 2699 Etenim,
3225 2648 3298 2687 ne
3346 2630 3691 2687 testimonia
3747 2630 3846 2687 ho-

2197 2722 2447 2793 minum,
2479 2739 2605 2794 quas
2629 2723 2752 2793 jam
2784 2722 3061 2789 diximus,
3102 2738 3219 2777 non
3259 2720 3616 2786 sufﬁcerent,
3650 2720 3845 2775 divina

2198 2826 2430 2882 quoque
2460 2828 2575 2867 non
2604 2811 2839 2867 defuere
2870 2810 3137 2884 prodigia
3165 2814 3223 2866 et
3252 2813 3523 2882 portenta
3552 2826 3684 2882 quae
3740 2810 3842 2865 du-

2197 2899 2551 2956 biumomne
2582 2900 2816 2972 penitus
2845 2900 3200 2973 abegerunt:
3261 2916 3389 2971 qua:
3450 2915 3557 2955 nos
3612 2914 3843 2971 quoque

2194 2989 2481 3046 conscribi
2505 2989 2800 3059 jussimus
2829 2989 3160 3062 diligenter,
3208 2986 3491 3060 vobisque
3520 2986 3839 3043 transmitti

2194 3093 2297 3150 per
2325 3081 2546 3134 vestros
2567 3078 2804 3133 nuntios
2835 3094 2899 3133 ac
2921 3077 3162 3150 legatos,
3196 3093 3301 3133 nec
3364 3093 3481 3132 non
3543 3077 3700 3149 apud
3749 3091 3833 3131 ec-

2194 3166 2432 3223 clesiam
2456 3166 2789 3239 praedictam
2822 3171 3099 3239 perpetuo
3131 3165 3461 3221 conservari
3490 3183 3502 3233 ;
3550 3169 3616 3219 ut
3667 3168 3725 3221 et
3770 3166 3838 3220 ad

2194 3259 2456 3329 posteros
2506 3259 2679 3329 gesta:
2710 3255 2792 3311 rei
2846 3255 3052 3311 notitia
3108 3255 3451 3323 deducatur,
3494 3258 3553 3309 et
3594 3252 3840 3309 ulterius

2193 3345 2459 3417 litigandi
2494 3346 2738 3401 materia
2775 3346 3007 3417 penitus
3037 3344 3431 3416 conquiescat.
3494 3342 3747 3415 Insuper
3787 3346 3840 3397 et

2191 3432 2455 3490 districte
2485 3433 2877 3506 prmoipimus,
2938 3436 3262 3490 statuentes
3317 3436 3381 3487 ut
3431 3430 3841 3487 translationis

2193 3522 2376 3594 ipsius
2406 3524 2735 3579 veneranda
2765 3518 3126 3588 solemnitas,
3158 3535 3303 3590 tam,
3338 3537 3371 3576 a
3393 3520 3668 3576 fratribus
3685 3522 3846 3591 ejus-

2191 3610 2323 3666 dem
2355 3611 2609 3667 ecclesiae
2651 3628 2830 3684 quam
2872 3611 2942 3667 ab
2986 3610 3272 3666 universis
3295 3609 3458 3666 urbis
3486 3609 3612 3680 jam
3644 3608 3842 3676 dictae,

2190 3699 2361 3756 annis
2390 3700 2659 3773 singulis,
2694 3717 2828 3756 cum
2885 3699 3045 3755 omni
3082 3700 3452 3771 jucunditate
3507 3702 3565 3754 et
3620 3698 3842 3771 gaudio

2188 3788 2529 3857 celebretur,
2581 3792 2815 3861 totaque
2871 3788 3154 3861 tripudiet
3208 3789 3366 3861 regio
3410 3791 3838 3844 Germanorum

2187 3877 2333 3931 tanti
2361 3877 2546 3932 Patris
2577 3882 2749 3950 atque
2780 3878 3005 3950 patroni
3039 3876 3311 3932 adventui
3333 3893 3447 3932 non
3479 3876 3733 3950 ingrata.

2255 3965 2371 4021 Vos
2393 3970 2589 4022 autem
2622 3967 2679 4021 in
2712 3965 2944 4022 Christo‘
2967 3966 3333 4022 dilectissimi
3369 3965 3494 4034 lilii,
3530 3981 3631 4021 rex
3660 3965 3836 4022 Fran-

2185 4071 2319 4111 coru
2333 4072 2385 4109 m
2408 4054 2609 4127 tuique
2629 4055 2844 4123 fideles,
2877 4055 3145 4127 quamvis
3168 4053 3465 4111 invidendi
3497 4054 3837 4110 Teutonicas

2183 4143 2336 4215 genti
2371 4143 2672 4198 videamus
2695 4144 2922 4214 justam
2955 4143 3192 4215 quidem
3225 4142 3438 4197 habere
3498 4143 3832 4209 materiam,

427 4216 589 4279 Vobis
621 4225 855 4298 quidem
898 4229 1101 4285 eadem
1159 4232 1310 4303 apud
1370 4249 1471 4287 vos
1529 4249 1657 4287 esse
1714 4232 2065 4303 dicentibus,
2101 4217 2142 4282 C
2181 4231 2259 4285 ita
2286 4238 2349 4285 ut
2371 4232 2588 4303 putatis
2614 4232 2819 4286 merito
2842 4232 2911 4287 de
2942 4230 3397 4287 Alamannorum
3430 4230 3595 4286 vobis
3628 4228 3836 4286 latitia

427 4304 653 4369 civibus
685 4319 878 4371 autem
910 4321 1087 4390 atque
1116 4317 1322 4375 incolis
1347 4321 1507 4375 urbis
1530 4320 1779 4392 praefatae
1802 4326 2070 4379 astruen-

424 4398 587 4457 tibus
614 4419 646 4458 e
674 4420 951 4461 converso
982 4423 1049 4462 ea
1082 4424 1182 4479 per
1211 4408 1662 4466 invictissimum
1697 4411 2068 4483 Arnulpbum

422 4494 718 4569 quondam
749 4494 1159 4567 imperatorem
1182 4498 1253 4552 ad
1284 4497 1587 4554 ecclesiam
1622 4500 2066 4573 beatimartyris

420 4578 792 4640 Emmerauni
849 4601 977 4640 esse
1032 4584 1335 4651 translata,
1390 4586 1725 4659 ibidemque
1793 4590 2065 4660 deinceps

419 4671 722 4729 contineri.
752 4672 886 4738 Qum
916 4673 1154 4744 quidem
1186 4674 1442 4730 Ecclesia
1473 4676 1615 4731 inibi
1638 4677 1751 4733 sita
1770 4682 2060 4751 est,atque

418 4760 491 4815 ab
522 4759 683 4815 omni
714 4759 963 4816 aliorum
994 4762 1352 4832 subiectione
1370 4780 1436 4818 ae
1454 4765 2063 4835 jurisdictionelibera

413 4847 470 4901 et
498 4851 756 4919 excepta,
789 4849 860 4903 ad
884 4850 986 4919 jus
1016 4857 1075 4905 et
1100 4851 1514 4922 proprietatem
1550 4855 1699 4909 beati
1733 4855 1882 4910 Petri
1916 4873 2056 4928 apo-

411 4933 629 4991 stolicae
688 4934 843 4991 sedis
909 4937 1247 4994 immediate
1308 4942 1598 5011 pertinere
1655 4943 2053 5015 dignoscitur:

411 5022 702 5080 oblatione
731 5023 997 5080 videlicet
1025 5026 1499 5084 excellentissimi
1530 5016 1924 5088 Romanorum
1950 5034 2059 5087 im-

410 5113 693 5185 peratoris
720 5112 908 5170 Caroli
942 5114 1135 5186 Magni
1170 5133 1234 5171 ac
1275 5122 1638 5188 posterorum
1694 5121 1896 5192 ipsius,
1952 5124 2051 5194 qui

409 5202 598 5258 eidem
620 5202 905 5258 hactenus
925 5210 1359 5271 successrrunt,
1383 5222 1482 5261 seu
1502 5208 1557 5262 in
1581 5209 1845 5278 imperio,
1870 5228 1971 5266 seu
1994 5212 2051 5267 in

410 5306 608 5363 regno.
643 5291 909 5364 Idipsum
943 5291 1327 5349 nihilominus
1358 5297 1705 5353 venerabilis
1737 5299 1919 5355 abbas
1943 5300 2052 5355 Re-

408 5377 752 5449 ginwardus
782 5398 848 5435 ac
879 5382 1086 5437 fratres
1116 5383 1379 5452 ejusdem
1415 5383 1683 5439 Ecclesia:
1739 5402 1871 5441 cum
1921 5389 2050 5441 uni-

406 5466 681 5522 versitate
704 5469 1023 5541 Ratispona
1054 5471 1480 5525 instantissime
1518 5472 1848 5542 petiverunt
1904 5476 2046 5532 fieri.

475 5553 592 5609 Nos
622 5571 758 5626 ergo
781 5557 1084 5629 utriusque
1114 5559 1294 5628 partis
1329 5559 1595 5628 precibus
1620 5560 1905 5627 inclinati,
1941 5580 2045 5619 nec
2082 5585 2127 5647 Β

409 5640 669 5698 volentes
698 5642 947 5699 ulterius
977 5646 1150 5699 corda
1182 5645 1440 5700 ﬁdelium
1476 5645 1652 5718 hujus
1676 5648 1835 5703 dubii
1862 5652 2047 5706 ambi-

406 5747 520 5801 guo
533 5729 805 5802 caligare,
826 5733 884 5787 in
918 5732 1503 5789 fratrumnostrorum
1530 5753 1592 5791 ac
1617 5736 1875 5808 plurium
1895 5741 2045 5811 epis-

406 5830 686 5886 coporum
745 5834 812 5875 ac
859 5817 1233 5890 praelatorum
1291 5823 1598 5892 praesentia
1627 5829 1684 5880 et
1736 5832 2048 5898 conspectu

2179 4319 2255 4375 sit
2284 4320 2628 4387 dolendum;
2656 4320 3091 4376 considerantes
3139 4325 3330 4374 tamen
3363 4322 3417 4374 et
3481 4318 3577 4373 Dei
3629 4319 3828 4375 omni-

2177 4409 2433 4480 potentis
2461 4413 2517 4464 et
2547 4407 2744 4464 invicti
2777 4407 3048 4481 martyris
3074 4408 3165 4463 sui
3197 4407 3580 4475 voluntatem,
3649 4423 3829 4480 quem

2177 4497 2436 4553 ablatum
2468 4497 2762 4570 plangitis,
2810 4497 3227 4553 consolationis
3260 4496 3494 4552 tandem
3526 4496 3831 4553 admittite

2174 4585 2630 4657 placamentum,
2663 4591 2976 4656 pensantes
3023 4585 3305 4641 attentius
3336 4586 3486 4656 quod
3521 4600 3627 4640 nec
3665 4585 3828 4639 vobis

2172 4673 2404 4730 ablatus
2428 4680 2536 4743 est,
2573 4675 2786 4747 quippe
2817 4674 2915 4747 qui
2947 4673 3330 4730 charissimos
3391 4673 3834 4745 praedicationis

2172 4778 2288 4816 suae
2320 4769 2375 4817 et
2404 4761 2697 4834 passionis
2730 4771 3052 4831 consortes,
3085 4761 3389 4817 Rusticum
3427 4764 3486 4817 et
3548 4760 3828 4817 Eleuthe-

2171 4851 2343 4917 rium,
2377 4851 2436 4905 in
2466 4850 2799 4906 dilectionis
2831 4852 3025 4906 adhuc"
3053 4857 3109 4907 et
3143 4850 3333 4907 tutelae
3366 4849 3584 4923 pignus
3608 4856 3672 4906 et
3703 4867 3828 4906 cer-

2168 4940 2479 4994 titudinem
2513 4939 2857 5012 dereliquit:
2893 4956 2997 4995 nec
3028 4939 3237 5007 dolete,
3263 4940 3313 4995 si
3343 4939 3674 4995 Germanos
3697 4941 3825 5010 jam

2166 5028 2398 5082 visitare
2420 5027 2693 5097 dignatus
2726 5032 2813 5083 est
2842 5027 2927 5082 vel
2959 5028 3296 5093 defunctus,
3321 5026 3422 5099 qui
3444 5027 3613 5083 vobis
3630 5028 3826 5083 adhuc

2164 5119 2361 5172 vi.eus
2394 5117 2743 5188 praedicavit,
2795 5122 2851 5171 et
2883 5118 3037 5189 apud
3088 5134 3187 5172 vos
3243 5117 3468 5172 bonum
3519 5122 3823 5172 certamen

2163 5207 2459 5271 certando,
2493 5222 2732 5261 cursum
2764 5206 3255 5273 consummando,
3288 5205 3465 5260 ﬁdem
3526 5206 3824 5262 servando

2162 5295 2209 5365 (I
2256 5295 2388 5349 Tim.
2450 5295 2548 5364 IV),
2609 5295 2980 5367 triumphum
3038 5295 3262 5367 peregit
3314 5293 3823 5350 victoriosissima

2160 5382 2473 5454 passionis,
2508 5381 2867 5452 apostolatus
2901 5383 2990 5438 sui
3023 5399 3200 5455 super
3229 5398 3329 5437 vos
3378 5382 3548 5455 signa
3577 5386 3705 5438 tam
3761 5382 3823 5438 in

2157 5471 2276 5526 vita
2302 5469 2608 5541 perticiens
2640 5488 2821 5542 quam
2856 5473 2915 5527 in
2932 5477 3142 5529 morte.

2228 5557 2333 5622 Qui
2368 5558 2546 5627 igitur
2602 5559 3007 5615 Alemanniam
3059 5561 3248 5633 ipsius
3279 5576 3412 5616 ossa
3444 5559 3634 5615 fovere
3698 5577 3821 5616 non

2159 5645 2504 5719 permittatis
2557 5646 2610 5700 in
2672 5648 2945 5703 solatium
2977 5653 3034 5703 et
3090 5647 3354 5715 tutelam,
3406 5663 3582 5718 quem
3642 5648 3823 5704 vobis

2160 5735 2415 5803 Athenae,
2441 5739 2503 5789 ut
2533 5733 2759 5791 Christo
2817 5736 3178 5794 lucril'aceret
3225 5752 3348 5803 vos,
3406 5736 3601 5791 vivum
3659 5736 3818 5793 ceci-

2158 5840 2313 5897 pere,
2348 5823 2547 5882 audire
2576 5827 2632 5881 et
2662 5823 2803 5882 coelo
2835 5826 3233 5885 transmittere
3264 5823 3704 5899 permiserunt?
