4088 6174
288 340 411 445 793

927 380 1338 449 EPISTOLIE
1380 380 1482 445 ET
1525 380 1984 445 DIPLOMATA
2029 380 2599 444 PONTIFICIA.—
2628 376 3051 447 APPENDIX.

3569 388 3687 449 ’794

292 516 541 573 Accedet
583 515 969 574 nihilominus
1019 515 1437 575 consolationis
1492 520 1553 571 et
1592 515 1728 572 alia
1763 515 1932 583 ratio,
1966 513 2019 579 Α
2049 530 2220 571 omne
2249 531 2352 587 per
2378 514 2489 572 hoc
2539 516 2773 588 penitus
2804 516 3147 587 amputavit,
3173 517 3321 589 quod
3357 536 3470 575 non
3486 518 3689 593 inipsa

290 609 349 662 et
367 605 688 662 auctoritas
707 606 929 662 scilicet
943 605 1360 663 etexcellentia
1382 603 1789 661 subtractoris.
1814 604 1941 659 Pre-

288 694 512 750 tiosum
543 695 781 766 quidem
809 695 1155 751 thesaurum
1186 712 1288 751 vos
1322 693 1645 767 perdidisse
1668 693 1938 760 fatemur,

287 784 390 841 sed
422 782 705 840 ablatoris
724 785 1004 840 attendite
1025 783 1370 856 dignitatem
1399 801 1412 851 ;
1436 781 1733 854 simulque
1750 781 1939 836 Patris

286 876 343 929 et
374 872 623 945 apostoli
651 873 826 929 vestri
857 872 1049 944 gloriae
1095 873 1472 945 congaudete,
1530 871 1631 943 qui
1671 887 1804 926 cum
1836 886 1939 925 vos

286 961 641 1018 meritorum.
667 967 839 1033 atque
869 963 1148 1019 doctrinae
1196 979 1314 1018 suae
1361 978 1505 1034 gaza
1551 958 1841 1025 ditaverit,
1884 962 1941 1013 et

286 1048 666 1121 reliquiarum
702 1050 907 1105 saltem
942 1065 1183 1105 suarum
1217 1067 1281 1105 ac
1303 1049 1616 1121 apothecas
1636 1052 1755 1103 tam
1776 1048 1941 1102 devo-

284 1141 416 1192 tum
445 1137 638 1193 furem
662 1137 750 1192 sui
770 1137 1029 1209 corporis
1054 1138 1232 1194 habet
1253 1155 1430 1211 quam
1450 1137 1763 1209 insignem,
1797 1152 1939 1192 auro

287 1228 499 1300 utique
528 1232 585 1284 et
614 1229 836 1301 topazio
869 1228 1195 1296 meliorem,
1227 1217 1326 1301 qui
1358 1227 1448 1284 sui
1481 1227 1673 1282 valore
1703 1226 1775 1281 ad
1808 1242 1943 1281 ossa

284 1333 396 1372 sua
417 1316 789 1374 sanctissima
808 1316 1210 1373 subtrahenda
1231 1317 1557 1371 Caesareum
1577 1315 1753 1370 etiam
1774 1313 1941 1369 verti-

283 1422 413 1462 cem
445 1405 767 1462 inclinavit.
800 1405 915 1461 Nec
947 1406 1229 1476 majestas
1255 1402 1599 1476 imperialis,
1651 1418 1754 1456 nec
1779 1401 1939 1473 regia

283 1493 594 1560 celsitudo,
625 1494 705 1567 pii
738 1494 881 1549 furis
913 1494 1007 1549 hic
1040 1498 1238 1549 notam
1263 1497 1359 1549 aut
1382 1508 1593 1548 nomen
1615 1491 1850 1546 erubuit
1878 1490 1938 1545 in

283 1582 621 1656 Arnulpho:
650 1583 971 1639 dummodo
996 1582 1149 1639 beati
1171 1581 1431 1654 corporis
1457 1580 1666 1651 Opibus
1691 1579 1778 1635 vel
1797 1577 1938 1647 doli,

284 1670 375 1727 vel
410 1671 570 1739 furti,
590 1670 677 1727 vel
700 1671 985 1744 sacrilegii
1011 1671 1184 1725 modo
1208 1668 1427 1726 sacrari
1453 1672 1628 1739 atque
1657 1666 1939 1723 ditescere

279 1764 629 1830 mereretur,
661 1761 760 1832 qui
796 1754 955 1814 fures
988 1765 1160 1829 atque
1214 1756 1529 1829 sacrilegos
1574 1760 1698 1812 erat
1726 1755 1937 1812 solitus

2051 605 2252 665 Roma.
2291 622 2402 659 non
2436 605 2494 659 in
2536 621 2886 677 quacunque
2932 605 3258 677 metropoli,
3299 624 3414 663 non
3458 608 3518 664 in
3545 610 3689 668 urbe

2050 692 2310 764 qualibet
2339 693 2498 765 regni
2531 693 2617 750 vel
2651 711 2780 750 arce
2806 694 2919 750 sibi
2952 695 3225 751 studebat
3254 695 3464 770 eligere
3495 698 3687 769 sepul-

2050 787 2264 847 turam,
2297 783 2393 838 sed
2430 782 2526 837 ubi
2560 800 2734 838 suum
2764 800 2826 839 se
2876 785 3211 858 Dionysium
3265 786 3597 843 condidisse
3635 791 3693 842 et

2050 871 2263 933 sciunt,
2291 875 2348 926 et
2385 871 2675 937 laetantur,
2709 890 2815 928 suo
2841 890 2903 929 se
2951 890 3195 945 sperans
3243 875 3563 945 patrocinio
3593 876 3690 931 de—

2048 960 2406 1015 fendendum
2437 965 2493 1015 et
2520 960 3099 1017 conresuscitandum
3131 963 3190 1017 in
3244 963 3335 1018 die
3374 964 3691 1020 novissimo

2049 1064 2180 1103 cum
2216 1048 2816 1103 beatis.Prmsentihus
2849 1048 3027 1119 igitur
3047 1049 3415 1106 dilectionem
3435 1057 3688 1109 vestram

2050 1152 2358 1192 monemus
2387 1138 2688 1204 attentius,
2737 1141 2794 1192 et
2844 1137 3148 1193 hortamur
3193 1138 3253 1194 in
3301 1139 3572 1207 Domino,
3603 1140 3689 1195 di-

2050 1225 2248 1280 stricts
2280 1225 2679 1297 prmcipientes
2708 1230 2999 1296 quatenus
3028 1227 3263 1283 Rustico
3283 1232 3342 1283 et
3360 1228 3689 1285 Eleutherio

2049 1314 2141 1387 pie
2171 1314 2450 1377 contenti.
2485 1331 2597 1369 non
2648 1314 2913 1370 fallentes
2969 1316 3359 1385 vosmetipsos
3416 1322 3474 1373 et
3521 1317 3688 1386 alios,

2047 1403 2375 1459 beatissimi
2418 1403 2675 1476 Dionysii
2719 1420 2854 1458 ossa
2900 1404 2958 1458 in
2996 1405 3138 1460 urbe
3178 1405 3689 1475 Hatisponensium

2049 1491 2201 1562 apud
2235 1491 2538 1547 ecclesiam
2574 1491 2732 1547 Beati
2762 1493 3179 1548 Emmerammi
3204 1494 3475 1566 martyris
3498 1498 3555 1550 et
3580 1512 3691 1550 no-

2048 1580 2227 1636 scatis
2257 1584 2314 1635 et
2344 1580 2641 1636 fateamini
2671 1598 2999 1637 coruscare.

2119 1668 2330 1723 Datum
2391 1673 2448 1725 et
2477 1674 2669 1724 actum
2700 1670 3031 1741 Ratisponaa
3055 1688 3156 1742 per
3178 1688 3387 1728 manus
3420 1671 3694 1729 Friderici
3742 1698 3747 1703 ·

2048 1757 2297 1824 diaconi,
2346 1756 2766 1813 hibliothecarii
2818 1763 2874 1813 et
2921 1758 3250 1815 cancellarii
3305 1765 3521 1816 sanctae
3582 1761 3693 1816 Ro-

280 1848 696 1906 condemnare.
730 1848 1060 1903 Dummodo
1109 1845 1344 1902 Macarii
1392 1845 1650 1917 Dionysii
1682 1846 1935 1917 pretioso
1966 1881 2011 1945 B
2049 1861 2233 1901 manas
2262 1845 2524 1899 Ecclesiae
2556 1844 2851 1900 catholicae
2893 1849 2949 1899 et
2998 1846 3350 1916 apostolicae,
3399 1864 3552 1903 anno
3582 1849 3693 1904 Do-

276 1953 522 2010 corpore
551 1937 837 1993 frueretur
869 1979 881 2002 ,
915 1936 1010 1992 fur
1041 1937 1163 2007 ipse
1197 1941 1333 1990 tunc
1365 1933 1491 1989 fieri
1522 1938 1579 1988 et
1609 1933 1931 2005 sacrilegus

278 2042 397 2081 non
419 2026 761 2098 contempit.

350 2114 502 2170 Cum
533 2113 775 2185 insuper
804 2113 950 2168 ﬁdes
988 2116 1162 2183 atque
1207 2110 1434 2167 devotio
1479 2110 1723 2166 dubium
1754 2109 1930 2165 etiam

2046 1932 2189 1989 mini
2223 1932 2535 1988 millesimo
2551 1933 3042 2005 quinquagesimo
3067 1934 3345 2001 secundo,
3370 1951 3523 1991 anno
3550 1952 3691 2007 pon-

2042 2022 2299 2078 tiﬁcatus
2330 2020 2554 2077 domini
2604 2021 2812 2077 Leonis
2870 2021 3011 2076 noni
3068 2038 3230 2095 papae
3276 2025 3506 2095 quarto,
3540 2022 3693 2083 indi-

2043 2110 2231 2166 ctione
2259 2111 2337 2182 [Γ.
2374 2113 2554 2179 sexta,
2588 2109 2750 2166 Hann
2781 2110 2799 2182 ]
2834 2109 3064 2184 quinta,
3097 2110 3277 2168 Nonis
3308 2111 3594 2168 Octobris.

279 2288 2311 2321 Μ

825 2449 1417 2561 APPENDIX
1485 2449 1634 2556 AD
1702 2444 2320 2561 EPISTOLAS
2387 2442 2479 2558 S.
2554 2444 2967 2561 LEONIS
3035 2448 3158 2559 ΙΧ

1197 2950 1918 3039 MICHAELIS
2005 2946 2777 3037 CZERULARII

1297 3116 1784 3174 PATRIARLH/E
1821 3114 2665 3173 CONSTANTINOPOLITANI

938 3263 1040 3324 ET
1096 3261 1374 3323 LEONIS
1416 3260 1787 3322 ACBIDANI
1833 3257 2429 3321 ARCHIEPISCOPI
2472 3257 3016 3321 BULGAROBUM

1458 3407 1884 3472 EPISTULA
1932 3407 2051 3469 AD
2089 3405 2506 3469 JOANNEM

1332 3559 1774 3617 TRANENSEM
1814 3558 1885 3614 IN
1921 3557 2178 3614 APULIA
2216 3557 2637 3615 EPISCOPUM.

1105 3706 1298 3778 (Apud
1330 3705 1538 3762 Baron.
1566 3703 1791 3770 Annal.,
1824 3706 1966 3759 tom.
1998 3701 2093 3768 XI,
2122 3700 2193 3757 ad
2221 3718 2315 3758 an.
2346 3702 2502 3772 1053,
2535 3718 2668 3776 pag.
2701 3702 2853 3772 210.)

255 4015 537 4097 Michael,
570 4019 953 4097 cognomento
984 4015 1349 4097 Cprularius,
1372 4032 1599 4097 necnon
1617 4018 1675 4071 et
1688 4016 1798 4071 Leo
1818 4015 2162 4097 Acridanus,
2182 4012 2657 4097 archiepiscopus
2679 4014 3086 4097 Bulgarorum,
3119 4015 3178 4072 in
3205 4033 3356 4097 sugg

3359 4017 3681 4082 illationem

252 4088 536 4144 omnium
570 4085 933 4155 Latinorum,
967 4089 1244 4145 adversus
1267 4092 1533 4143 sanctam
1557 4092 1879 4142 Romanam
1901 4092 1958 4142 et
1984 4086 2362 4158 apostolicam
2385 4085 2606 4151 sedem,
2630 4085 2747 4158 imo
2770 4085 2973 4142 contra
2992 4104 3227 4144 omnem
3249 4085 3681 4154 occidentalem

248 4159 590 4240 Ecclesium
614 4161 977 4240 scripserunt
1003 4159 1334 4240 epistolam,
1356 4175 1535 4240 quam
1555 4158 1843 4240 miserunt
1859 4159 1931 4240 ad
1951 4157 2620 4240 JoanneninTran‘ensem
2642 4157 3312 4240 inAA‘puliaepiscopum,
3338 4165 3682 4240 pervulgan-

253 4233 401 4305 clam
436 4232 594 4302 apud
627 4227 865 4288 Latinos
894 4227 1118 4297 omnes,
1150 4232 1243 4288 cui
1277 4227 1559 4305 in‘codicc
1592 4228 1798 4305 titulus
1818 4227 2388 4305 hujusmodial'ﬁxus
2410 4227 2624 4305 legitur
2647 4248 2659 4284 :
2684 4227 3371 4305 Galurnnia'episcoporum
3404 4227 3679 4296 Michaelis

254 4299 869 4375 Constaiztinopolitam‘
897 4308 949 4359 et
982 4306 1174 4360 Leonis
1197 4302 1478 4369 Acridani,
1508 4302 1867 4375 pervicaciter
1893 4299 2275 4356 exhalantium
2304 4299 2595 4375 pestiferas
2614 4301 2883 4375 mephiles
2903 4299 3253 4375 diversarum
3278 4306 3551 4364 ’zzzveseon
3581 4311 3679 4365 ad-

250 4391 451 4431 versus
476 4372 724 4430 sanciam
752 4376 1052 4431 Romanam
1080 4378 1134 4430 et
1163 4372 1521 4445 apostolicam
1547 4373 1756 4436 sedem,
1790 4373 2118 4445 imorconlra
2150 4387 2364 4426 omnem
2393 4372 2651 4427 Latinam
2684 4372 2735 4427 et
2764 4372 3163 4433 Occidentalem
3193 4379 3508 4433 Ecclesium.
3550 4382 3679 4436 Haec

250 4446 494 4517 quidem
519 4447 803 4501 calumnia
833 4451 1021 4503 Graeco
1050 4444 1298 4502 sermone
1328 4445 1495 4517 edita,
1547 4445 1852 4517 etiloannz'
1898 4444 2465 4517 Tranensigepiscopor
2502 4445 2562 4517 in
2607 4445 3018 4512 sugillationem
3065 4450 3311 4503 omnium
3355 4451 3676 4506 Latinorum

249 4514 495 4584 directa,
526 4533 653 4573 cum
680 4519 876 4589 fuisset
911 4520 1077 4573 Τισίιηὶ
1103 4518 1351 4574 exhibita
1366 4516 1549 4589 fratri
1576 4515 1889 4589 Ilumberto,
1917 4518 2127 4589 sanctae
2155 4514 2409 4589 Ecclesia
2438 4516 2610 4589 Silva:
2640 4517 2902 4589 Candidas
2930 4520 3192 4587 episcopo,
3236 4521 3292 4572 in
3350 4521 3674 4577 Latinorum

248 4590 544 4661 tranuata
562 4588 686 4660 ejus
708 4590 909 4655 studio,
942 4599 1105 4661 atque
1131 4590 1314 4645 delata
1344 4588 1563 4644 domino
1594 4588 1764 4661 Leoni
1791 4602 1951 4661 nono.

1987 4588 2105 4660 Qua
2129 4588 2296 4660 etiam
2326 4585 2415 4660 hic
2442 4586 2512 4642 ad
2536 4588 2807 4643 cautelam
2836 4585 3134 4660 multarum
3163 4597 3214 4642 et
3244 4592 3520 4660 notitiam,
3561 4609 3674 4648 non

245 4659 546 4734 aute-mpii
574 4658 1149 4734 aliquamiutilitatem
1182 4662 1412 4728 inserta,
1443 4660 1649 4715 cunctis
1681 4674 1822 4713 seire
1864 4658 2166 4714 volentibus
2212 4658 2446 4730 ﬁdeliter
2488 4667 2566 4713 est
2606 4666 2940 4715 conservata.
2993 4659 3126 4730 Ipsa
3181 4664 3376 4716 autem
3408 4658 3668 4734 ipsarum

248 4730 515 4805 epistola
543 4733 628 4787 sic
657 4730 719 4787 se
748 4732 941 4788 habet.

320 4857 620 4924 ΜιαΗΑει,
650 4856 995 4914 universalis
1026 4855 1361 4930 patriarcha
1391 4872 1550 4910 novae
1597 4855 1813 4923 Romae,
1858 4858 1915 4910 et
1945 4858 1987 4925 Β
2025 4854 2278 4911 Sabbata
2300 4853 2412 4928 ipsi
2435 4853 2727 4909 custodire
2754 4869 2787 4908 a
2810 4853 3174 4926 Moysejussi
3192 4862 3359 4927 sunt;
3404 4864 3669 4917 nostrum

248 4945 395 5012 L20,
438 4944 919 5019 archiepiscopus
957 4945 1199 5001 Acridiaa
1239 4943 1579 5018 metropolis
1627 4942 1909 5016 Bulgaro-

247 5050 410 5102 rum,
446 5031 663 5089 dilecto
698 5034 861 5089 fratri
889 5034 1100 5090 JOANNI
1129 5031 1414 5089 Tranensi
1445 5031 1736 5104 episcopo.

316 5121 428 5178 Dei
456 5138 675 5193 magna
705 5122 935 5179 dilectio
967 5122 1305 5193 ctjucunda
1351 5119 1793 5193 compositionis
1826 5120 1906 5173 vi-

245 5226 418 5266 scera
440 5210 730 5267 ﬂexerunt
755 5227 862 5268 nos
883 5209 1136 5267 scribere
1156 5210 1226 5266 ad
1249 5214 1412 5264 tuam
1437 5209 1825 5275 sanctitatem,
1853 5213 1910 5265 et

244 5314 355 5370 per
386 5303 444 5354 te
475 5299 547 5354 ad
580 5300 885 5356 universos
916 5299 1209 5373 principes
1231 5299 1621 5365 sacerdotum,
1646 5301 1703 5353 et
1724 5314 1909 5353 sacer~

243 5387 420 5443 dotes
453 5387 831 5458 Francorum,
864 5394 922 5444 et
950 5387 1289 5455 monachos,
1341 5390 1397 5442 et
1436 5385 1704 5460 pepulos,
1747 5392 1805 5442 et
1834 5388 1905 5443 ad

241 5476 451 5549 ipsum
505 5477 1061 5535 reverendissimum
1109 5493 1345 5550 papam,
1396 5480 1453 5531 et
1499 5477 1810 5532 memorari
1838 5477 1907 5533 dc

244 5565 477 5635 azymis
510 5570 567 5621 et
597 5566 890 5634 Sabbatis,
923 5584 1050 5640 quae
1074 5566 1316 5639 mystice
1348 5565 1683 5621 indecenter
1712 5570 1905 5622 custo-

245 5653 419 5723 ditis,
453 5659 511 5710 et
550 5656 999 5714 communicatis
1049 5655 1289 5712 Judazis.
1341 5655 1567 5711 Etenim
1609 5671 1811 5727 azyma
1851 5659 1908 5712 et

2021 4962 2153 5001 vero
2185 4942 2409 4999 Pascha
2434 4943 2698 4998 Christus
2730 4946 2838 4998 est.
2868 4943 2977 5010 Qui
3017 4948 3082 5000 ut
3126 4962 3241 5002 non
3281 4948 3454 5019 juxta
3483 4946 3670 5023 legem

2020 5034 2378 5090 inveniretur
2391 5032 2781 5100 adversarius,
2801 5036 2857 5087 et
2873 5033 3258 5094 circumcisus
3279 5044 3387 5106 est,
3410 5042 3468 5093 et
3488 5038 3671 5110 legale

2018 5123 2241 5179 Pascha
2272 5120 2583 5177 celebravit
2615 5119 2908 5191 primitus.
2943 5123 3036 5178 Sic
3065 5123 3165 5179 illo
3197 5126 3532 5182 discedente
3562 5142 3668 5179 no-

2017 5219 2207 5269 strum
2240 5227 2456 5266 novum
2488 5214 2763 5280 operatus
2792 5216 2899 5266 cst.
2934 5213 3003 5268 Et
3033 5212 3139 5268 hoc
3171 5215 3547 5268 manifestum
3578 5216 3669 5268 est

2018 5302 2075 5356 in
2096 5299 2404 5373 Evangelio
2423 5297 2745 5353 secundum
2770 5298 3130 5355 Matthaaum.
3151 5301 3229 5356 De
3250 5300 3666 5370 mysticacmna

2015 5390 2261 5462 loquens
2287 5386 2644 5459 evangelista
2666 5386 2747 5441 sic
2770 5404 3002 5458 quoque
3027 5388 3216 5459 inquit
3243 5389 3460 5444 :Prima
3481 5394 3667 5447 autem

2013 5480 2101 5535 die
2128 5494 2450 5549 azymorum
2478 5492 2744 5532 (incessu-6
2790 5475 3052 5549 discipuli
3100 5477 3171 5533 ad
3194 5479 3398 5544 Iesum,
3429 5479 3666 5535 dicentes

2012 5571 2065 5625 ei
2085 5587 2103 5623 :
2139 5569 2237 5625 Ubi
2267 5568 2348 5622 vis
2367 5582 2625 5637 paremus
2670 5566 2771 5620 uel
2820 5566 3097 5622 conwdcre
3121 5568 3332 5623 Pascha
3362 5572 3386 5621 Ξ)
3410 5568 3514 5636 Qui
3542 5571 3621 5624 ait
3645 5588 3663 5625 :

2013 5660 2088 5715 Ite
2136 5658 2205 5713 ad
2255 5656 2533 5713 civitatem
2581 5654 2649 5709 ad
2695 5654 2985 5729 quemdam
3032 5664 3083 5712 et
3120 5656 3285 5714 dicite
3313 5660 3367 5714 ei
3389 5674 3407 5712 :
3440 5658 3663 5728 Tempus
