4088 6174
413 321 535 389 795

1623 354 1628 365 ι
1709 314 1778 380 8.
1821 311 2102 379 LEONIS
2142 306 2224 376 IX
2264 309 2519 378 ΡΑΡιΕ.

3700 310 3816 377 796

417 477 601 519 meum
629 472 793 534 prOpe
822 455 935 521 est;
963 453 1107 531 apud
1131 457 1183 513 te
1204 456 1349 529 facio
1379 451 1592 512 Pascha
1620 469 1745 509 cum
1771 450 2059 525 discipulis
2086 445 2143 515 Α
2172 450 2571 508 manducabitis
2601 466 2799 524 panem
2828 446 2991 518 hunc,
3025 456 3077 508 et
3105 448 3334 508 calicem
3354 446 3569 521 bibetis,
3588 452 3817 508 mortem

417 554 553 609 meis
568 548 785 623 (Matth.
810 547 987 620 xxvr.)
1012 547 1083 603 Et
1112 550 1245 620 post
1273 543 1554 619 pusillum
1580 561 1594 601 :
1628 545 1847 615 Vespere
1875 546 2058 598 autem

415 645 559 716 facto
603 639 968 696 discumbebat
1008 654 1133 693 cum
1178 635 1478 701 duodecim,
1528 641 1581 689 et
1624 630 1904 689 edentibus
1942 632 2059 687 illis

415 732 598 789 dixit:
633 731 819 796 Amen,
869 742 1030 782 amen
1075 726 1193 781 dico
1235 724 1404 789 vobis,
1452 725 1584 795 quia
1638 739 1781 777 unus
1821 725 2060 778 vestrum

414 837 502 877 me
530 819 832 876 traditurus
862 824 958 871 est.
995 815 1061 869 Et
1092 817 1221 885 post
1268 812 1572 885 pusillum,
1616 812 1841 867 dicente
1869 812 2054 865 Juda:

415 908 774 980 Nunquidego
802 921 927 960 sum
958 903 1170 958 Rabbi?
1204 901 1340 958 dicit
1384 904 1437 957 ei
1461 919 1474 957 :
1525 903 1597 955 Tu
1643 901 1839 955 dixisti
1867 899 2058 971 (Ibid.)

412 999 748 1068 Hucusque,
777 1011 808 1049 ο
840 993 937 1048 Dei
969 992 1260 1059 homines,
1296 992 1568 1047 universa
1590 989 1794 1063 legalis
1823 988 2057 1044 Pascha

415 1090 590 1144 sunt:
624 1084 832 1140 deinde
876 1100 1004 1155 quae
1052 1081 1278 1154 mystici
1332 1084 1389 1135 et
1432 1080 1614 1135 nostri
1665 1082 1804 1134 sunt
1835 1077 2061 1133 addidit

413 1174 786 1247 evangelista,
818 1176 876 1227 et
912 1171 1092 1227 dicit:
1140 1170 1436 1225 Edentibus
1483 1177 1664 1223 autem
1710 1168 1826 1223 illis
1855 1169 2059 1238 accepit

408 1268 562 1323 Iesus
587 1280 787 1337 panem
815 1262 981 1334 fregit
1019 1268 1070 1317 et
1108 1260 1258 1315 dedit
1300 1259 1584 1330 discipulis
1630 1259 1747 1312 suis
1793 1260 1844 1312 et
1872 1257 2053 1312 dixit:

412 1356 647 1425 Accipite
676 1356 725 1408 et
767 1351 1064 1419 comedite;
1099 1348 1197 1403 hoc
1224 1356 1302 1403 est
1327 1364 1523 1420 corpus
1571 1364 1751 1402 meum
1794 1347 1933 1417 quod
1961 1362 2058 1417 pro

414 1444 562 1498 vobis
609 1439 874 1495 tradetur.
912 1442 976 1494 Et
1022 1439 1295 1508 accipiens
1339 1438 1563 1491 calicem
1610 1436 1816 1506 gratias
1860 1436 1968 1507 egit
2009 1439 2060 1490 et

412 1530 557 1587 dedit
587 1530 723 1598 illis,
755 1527 937 1583 dicens
966 1526 1143 1581 Bibite
1171 1543 1239 1581 ea:
1260 1542 1319 1583 eo
1362 1542 1544 1582 omnes
1593 1525 1681 1580 hic
1730 1529 1807 1581 est
1834 1527 2089 1594 sanguis‘

410 1618 718 1675 meusnovi
761 1617 1075 1671 testamenti
1123 1615 1339 1686 (Ibid).
1394 1615 1649 1671 Dicendo
1699 1614 1877 1681 enim,
1908 1616 2056 1681 novi,

413 1706 671 1764 ostendit
686 1705 977 1777 quomodo
990 1720 1056 1759 ea
1082 1720 1207 1774 quae
1228 1704 1457 1759 Veteris
1478 1704 1714 1759 fuerunt
1732 1707 2062 1759 Testamen-

2169 543 2401 598 Domini
2424 540 2826 597 annuntiabitis
2857 541 2903 613 (ι
2928 543 3054 599 Cor.
3087 539 3189 613 xi).
3219 541 3444 613 Azymze
3463 555 3600 597 vero
3628 556 3820 611 neque

2166 630 2785 687 commemorationem
2817 629 3033 686 habent
3062 629 3314 698 Domini,
3342 644 3530 701 neque
3569 633 3817 685 mortem

2166 718 2327 775 illius
2358 719 2709 775 annuntiant
2737 718 2889 775 sicut
2915 719 3237 791 Moysaicze,
3264 723 3321 775 et
3341 721 3475 774 ante
3495 716 3656 774 mille
3676 734 3817 789 qua-

2167 809 2509 881 dringentos
2539 825 2724 864 annos
2741 825 2808 864 ex
2837 808 2962 881 lege
2982 807 3331 878 constitutae,
3362 811 3421 862 et
3450 823 3553 879 per
3591 807 3816 863 Novum

2165 900 2627 963 Testamentum,
2658 896 2766 953 hoc
2794 901 2883 953 est
2912 914 3014 969 per
3033 899 3301 952 sanctum
3329 896 3739 969 Evangelium,
3764 899 3818 952 et

2168 1004 2271 1061 per
2294 986 2590 1043 Christum
2624 985 2944 1042 maledicta:
2976 990 3032 1042 et
3061 984 3373 1044 derelictae.

2237 1107 2309 1160 At
2336 1103 2587 1159 Sabbata
2616 1118 2747 1159 vero
2779 1102 3071 1175 quomodo
3101 1100 3160 1157 in
3210 1099 3677 1173 Quadragesima
3712 1102 3816 1156 Ju-

2167 1194 2331 1250 daice
2360 1191 2723 1249 observatis?
2754 1194 2870 1246 Aut
2899 1206 3015 1246 non
3044 1188 3290 1246 audistis
3318 1189 3697 1262 Evangetium
3730 1188 3811 1245 lo-

2168 1299 2353 1352 quens
2381 1282 2538 1354 quia,
2562 1284 2905 1337 transeuntes
2920 1278 3182 1351 discipuli
3196 1281 3250 1333 in
3274 1278 3523 1334 Sabbatis
3541 1282 3816 1349 coeperunt

2168 1374 2275 1427 iter
2302 1388 2478 1443 agere,
2511 1371 2792 1427 evellentes
2838 1371 3014 1440 spicas
3064 1376 3114 1423 et
3157 1367 3508 1423 comedentes.
3554 1368 3815 1424 Dicebant

2167 1465 2348 1518 autem
2375 1461 2561 1519 Iudici
2589 1459 2658 1515 ad
2690 1454 3003 1515 Christum“:
3044 1456 3193 1514 Vides
3213 1456 3345 1528 quid
3375 1457 3472 1510 isti
3496 1457 3717 1527 faciunt
3760 1460 3816 1513 in

2167 1551 2465 1607 ιςαὸὁαίιεῖ
2514 1549 2618 1617 Qui
2657 1548 2837 1604 dixit:
2894 1547 3097 1602 Etiam.
3139 1546 3222 1601 An
3265 1546 3484 1600 nescitis
3529 1545 3661 1617 quid
3709 1550 3815 1617 egit

2167 1639 2340 1696 David
2369 1656 2486 1696 cum
2509 1640 2710 1695 esuriet
2740 1640 2874 1710 ipse,
2905 1645 2957 1693 et
2984 1637 3079 1710 qui
3106 1651 3230 1691 cum
3257 1650 3316 1690 eo
3344 1636 3521 1701 erant,
3554 1634 3816 1706 quomodo

2170 1731 2405 1786 intravit
2430 1730 2487 1784 in
2509 1729 2790 1801 templum,
2810 1742 2983 1799 panes
2996 1725 3387 1798 propositionis
3405 1722 3681 1780 comedit?
3705 1728 3813 1781 etc.

411 1796 477 1865 ti:
528 1792 1220 1891 cessayeﬁunt-fspicim
1250 1792 1559 1891 _q“°m°‘!9
1606 1807 1817 1891 93“fo
1849 1807 2059 1891 Ῠῗτρυδ
2086 1816 2136 1882 Β
2166 1821 2228 1875 Et
2260 1820 2389 1891 quia
2419 1792 2716 1874 Sabbutum
2740 1792 2963 1890 propter
2996 1792 3277 1871 hominem
3322 1815 3531 1885 factum
3578 1818 3682 1882 est,
3706 1831 3816 1871 non

411 1902 588 1943 suum
619 1883 728 1941 sub
757 1882 914 1939 Novo
935 1885 1304 1937 Testamento
1328 1881 1568 1949 vocavit,
1594 1881 1749 1936 sicut
1764 1879 2055 1935 viviﬁcum

411 1978 467 2031 et
494 1973 730 2047 plenum
766 1971 1001 2045 spiritu,
1033 1974 1089 2025 et
1109 1969 1485 2026 sicutcaloris
1511 1968 2054 2026 demonstrativum.

410 2065 530 2120 Vos
543 2062 779 2136 quidem
795 2076 1142 2134 panem,nos
1171 2064 1338 2115 arton
1369 2059 1645 2116 dicimus.
1669 2059 1841 2115 Artos
1863 2061 2061 2113 autem

411 2152 828 2224 interpretatur
846 2151 1106 2215 elevatus,
1139 2151 1189 2205 et
1235 2165 1454 2203 sursum
1494 2153 1741 2221 portatus
1761 2147 2060 2203 afermen-

410 2246 471 2299 to
517 2245 576 2297 et
624 2239 747 2298 sale
819 2237 1069 2294 calorem
1113 2236 2056 2309 etelevationemhabensmzymm

411 2333 607 2386 autem
641 2327 723 2382 nil
754 2326 975 2382 distant
1004 2343 1037 2380 a
1065 2325 1257 2397 lapide
1285 2325 1412 2380 sine
1442 2324 1657 2391 anima,
1691 2328 1747 2381 et
1774 2325 1897 2380 luto
1919 2323 2057 2382 late-

410 2416 494 2471 ris
524 2416 799 2471 deorsum
830 2418 1191 2485 consumptae
1213 2417 1401 2480 terrae,
1426 2417 1484 2468 et
1506 2413 1661 2469 sicco
1681 2413 1806 2469 luto
1828 2430 2057 2486 compa-

410 2508 573 2573 rata,
603 2520 751 2575 quas
780 2518 911 2557 cum
945 2500 1439 2557 amaritudinibus
1489 2502 1715 2576 Moyses
1753 2502 2055 2558 comedere

409 2593 642 2651 miseris
670 2592 891 2650 Judaeis
923 2590 1100 2691 semel
1134 2591 1193 2645 in
1223 2608 1377 2647 anno
1405 2589 1591 2663 legem
1622 2590 1947 2660 constituit,
1973 2592 2057 2645 di-

407 2701 545 2742 oens
569 2700 583 2739 Ξ

477 2772 764 2841 Quoniam
788 2769 953 2827 malae
974 2767 1266 2843 passionis
1286 2772 1344 2825 et
1364 2768 1761 2826 tribulationis
1791 2769 2056 2842 symbols

404 2865 564 2930 sunt,
596 2859 988 2934 significativaa
1015 2861 1193 2914 sunt:
1225 2862 1282 2914 et
1338 2861 1610 2914 nostrum
1662 2857 1885 2915 Pascha
1915 2875 2055 2931 gau-

406 2951 591 3018 dium,
622 2954 679 3006 et
705 2949 906 3005 laetitia
928 2951 1118 3004 totum
1151 2950 1259 3014 est,
1292 2951 1349 3002 et
1376 2945 1600 3004 extollit
1629 2964 1734 3003 nos
1767 2948 1840 3003 ab
1871 2946 2052 3003 humo

403 3043 640 3114 propter
651 3037 933 3112 gaudium
952 3038 1024 3093 ad
1043 3036 1275 3104 coelum,
1302 3036 1454 3092 sicut
1473 3040 1529 3093 et
1550 3036 1902 3093 fermentum
1924 3052 2054 3108 pro-

403 3130 532 3202 pter
561 3127 861 3202 proprium
894 3125 1145 3183 calorem
1177 3142 1412 3199 panem,
1434 3125 1534 3198 qui
1555 3126 1724 3199 panis
1746 3126 1903 3182 omni
1922 3143 2051 3182 sua-

404 3217 580 3275 vitate
606 3216 862 3290 repletus
890 3220 997 3272 est.
1030 3216 1255 3287 Azymaa
1300 3231 1434 3271 vero
1482 3231 1670 3286 neque
1717 3214 1823 3282 sal,
1858 3231 2047 3288 neque

403 3307 757 3364 fermentum
791 3305 1095 3371 habentes,
1129 3302 1317 3358 lutum
1350 3307 1439 3357 est
1484 3304 1733 3358 aridum.
1778 3304 1893 3359 Aut
1929 3321 2044 3359 non

402 3394 866 3450 audistisJesum
891 3392 1180 3447 dicentem
1194 3390 1502 3461 discipulis
1518 3392 1642 3447 suis
1658 3391 1796 3463 quia
1808 3408 1900 3447 vos
1919 3396 2047 3448 estis

400 3483 485 3538 sat
514 3490 671 3536 terrae
700 3480 993 3550 (Matth.v),
1043 3482 1101 3533 et
1147 3478 1426 3550 quoniam
1476 3480 1657 3535 simile
1703 3484 1784 3535 est
1817 3497 2050 3551 regnum

399 3569 659 3626 caelorum
685 3571 951 3641 fermento
981 3566 1123 3639 quod
1150 3569 1420 3638 accipiens
1449 3568 1651 3623 mulier
1678 3568 1960 3625 abscondit
1988 3571 2048 3625 in

399 3660 607 3729 farinae
632 3658 768 3713 satis
797 3656 991 3722 tribus,
1023 3672 1190 3727 usque
1218 3655 1351 3710 dum
1376 3658 1807 3725 [ermentaretur
1828 3658 2048 3712 totum?

400 3747 550 3820 (Luc.
584 3746 735 3816 xm.)
758 3742 1083 3811 Mulierem,
1108 3749 1371 3800 sanctam
1394 3742 1709 3800 Ecclesium
1731 3749 1934 3813 vocat;
1964 3763 2051 3802 sa-

396 3835 476 3891 tis
503 3851 636 3891 vero
665 3834 857 3890 tribus
883 3831 1095 3889 modiis
1119 3832 1378 3905 repletis,
1402 3833 1652 3899 Patrem,
1675 3837 1733 3888 et
1758 3832 2052 3901 Filium,et

397 3923 679 3996 Spiritum
715 3927 1007 4003 sanctum,
1041 3938 1294 3994 quorum
1327 3938 1702 3993 nequaquam
1754 3921 2048 3978 lutulentae

397 4027 610 4084 azyma;
665 4018 801 4066 sunt
854 4010 1185 4082 participes.
1239 4010 1391 4066 Dicit
1433 4010 1611 4078 enim,
1666 4015 1723 4065 et
1774 4010 1950 4067 David
1978 4013 2050 4068 de

397 4099 659 4154 Christo:
699 4100 771 4154 Tu
803 4115 857 4153 es
886 4098 1132 4153 sacerdos
1161 4101 1219 4154 in
1251 4102 1525 4156 aeternum
1554 4099 1855 4156 secundum
1893 4100 2047 4157 ordi-

396 4203 525 4243 nem
569 4186 946 4243 Melchisedech
992 4188 1164 4258 (Psat.
1214 4188 1347 4259 cxx),
1400 4187 1500 4259 qui
1544 4193 1679 4244 ante
1727 4188 1961 4261 Moysen
1993 4194 2051 4244 et

397 4275 691 4333 Abraham
724 4274 849 4331 coeli
882 4279 938 4331 et
966 4279 1130 4330 terra:
1163 4281 1221 4331 et
1251 4280 1591 4332 caeterarum
1641 4281 2047 4334 creaturarum

398 4381 722 4437 agnoscens
754 4364 1091 4429 Dominum,
1126 4380 1447 4437 exsurgens
1476 4364 1688 4420 obtulit
1717 4365 1801 4420 illi
1836 4383 2044 4438 panem

396 4457 454 4509 et
481 4452 704 4509 vinum.
741 4453 871 4508 Ideo
904 4452 1047 4507 dicit
1076 4452 1309 4508 divinus
1330 4452 1642 4524 Apostolus
1666 4469 1679 4507 :
1710 4455 1979 4522 Quoniam
1996 4457 2046 4511 si

393 4543 792 4598 consummatio
817 4559 918 4613 per
946 4542 1242 4597 Leviticum
1293 4540 1658 4597 sacerdotium
1704 4547 1821 4597 erat
1861 4544 2041 4615 (Hebr.
2074 4556 2121 4622 D

394 4633 517 4700 vn),
532 4648 668 4698 non,
685 4630 1008 4686 secundum
1028 4629 1289 4685 ordinem
1311 4628 1756 4697 Melchisedech,
1776 4633 2049 4688 sacerdos

394 4719 664 4776 Christus
693 4719 1002 4775 diceretur.
1035 4719 1106 4775 Et
1138 4719 1278 4792 quia
1306 4719 1572 4775 translato
1599 4720 1931 4787 sacerdotio,
1952 4737 2045 4778 ne-

394 4822 537 4862 cesse
564 4815 641 4863 est
668 4812 730 4863 ut
756 4808 887 4878 legis
915 4808 1207 4864 translatio
1236 4807 1334 4877 ﬁat
1365 4806 1572 4878 (Ibid.),
1607 4824 1734 4880 quas
1764 4807 1857 4863 lex
1886 4807 2042 4866 lutu-

394 4893 554 4949 lenta
584 4895 889 4949 constituit
921 4912 1120 4968 azyma
1148 4894 1366 4950 Judaeis
1387 4896 1700 4952 custodire.
1730 4897 1888 4953 Idem
1918 4899 2045 4972 ipse

396 4999 650 5056 magnus
682 4982 899 5039 Paulus
930 4985 999 5039 ad
1032 4984 1368 5040 Corinthios
1400 4984 1802 5057 primaEpist.
1838 4987 1910 5043 de
1951 4988 2044 5044 his

395 5072 641 5145 loquens
671 5072 789 5128 ait:
824 5073 1055 5140 Fratres,
1088 5089 1187 5139 ego
1216 5075 1398 5144 accepi
1447 5090 1479 5128 a
1540 5074 1795 5141 Domino,
1828 5077 1966 5146 quod
1994 5083 2046 5134 et

395 5162 602 5219 tradidi
632 5162 777 5218 vobis
796 5179 817 5225 ;
850 5165 1108 5233 quoniam
1135 5164 1399 5217 Dominus
1422 5164 1477 5216 in
1499 5166 1672 5230 nocte,
1705 5180 1814 5235 qua
1867 5168 2049 5222 trade-

396 5252 576 5312 batur.
607 5254 815 5324 aceepit
839 5267 1059 5323 panem,
1093 5254 1141 5306 et
1171 5252 1383 5322 gratias
1404 5267 1572 5320 agens
1587 5253 1775 5323 fregit,
1801 5258 1851 5309 et
1869 5255 2005 5312 dicit
2032 5275 2045 5312 :

393 5342 635 5412 Accipite
659 5344 708 5396 et
738 5340 1022 5407 comedite,
1052 5342 1149 5395 hoc
1176 5344 1255 5394 est
1283 5355 1477 5411 corpus
1503 5356 1707 5409 meum,
1757 5344 1898 5413 quod
1943 5362 2047 5418 pro

392 5430 540 5484 vobis
582 5430 843 5484 tradetur.
892 5432 999 5485 Hoc
1054 5433 1215 5499 facile
1264 5430 1322 5482 in
1371 5444 1549 5484 meam
1578 5436 2050 5491 commemoratio-

392 5533 536 5571 nem.
572 5516 843 5571 Similiter
869 5524 919 5573 et
948 5519 1015 5573 de
1039 5521 1226 5572 calice.
1261 5517 1358 5571 Hic
1385 5524 1464 5571 est
1514 5518 1667 5573 calix
1706 5523 1840 5577 novi
1879 5528 2047 5579 testa-

394 5606 567 5661 menti
612 5606 668 5660 in
727 5624 844 5663 meo
890 5610 1193 5677 sanguine;
1253 5606 1351 5661 hoc
1402 5607 1570 5675 facite
1620 5611 2050 5685 quotiescunque

400 5696 597 5753 bibetis
630 5697 691 5759 in
735 5713 914 5755 meam
960 5696 1548 5755 commemorationem.
1618 5698 2052 5776 Quotiescunque

2166 1910 2323 1965 homo
2340 1912 2563 1980 propter
2590 1907 2892 1964 Sabbatum
2921 1906 3109 1978 (Marc.
3142 1904 3205 1977 ιι)
3230 1922 3243 1960 :
3297 1904 3405 1973 Qui
3431 1909 3483 1959 et
3526 1903 3811 1962 dicebant:

2168 1998 2437 2067 Quoniam
2467 1996 2623 2052 homo
2653 1997 2755 2053 iste
2781 2011 2895 2052 non
2924 1999 3002 2051 est
3029 2010 3099 2051 ex
3124 1996 3230 2051 Deo
3260 1994 3356 2065 qui
3384 1992 3675 2050 Sabbatum
3701 2010 3815 2050 non

2166 2086 2398 2144 custodit
2426 2088 2606 2157 (Joan.
2640 2084 2741 2158 ιχ.)
2788 2084 2858 2141 Et
2898 2084 3112 2140 iterum
3155 2082 3429 2156 loquente
3474 2080 3701 2138 Christo
3742 2083 3806 2139 in

2168 2176 2441 2245 Sabbato,
2475 2177 2532 2231 et
2562 2173 2613 2231 ei
2646 2173 2746 2247 qui
2778 2189 3021 2230 manum
3052 2172 3279 2229 aridam
3310 2170 3551 2227 habebat
3592 2172 3804 2243 (Matth.

2167 2268 2312 2336 xm),
2346 2263 2617 2322 similiter
2645 2267 2703 2319 et
2729 2262 2782 2320 ei
2811 2262 2912 2336 qui
2942 2261 3224 2319 daemonis
3254 2260 3497 2334 spiritus
3531 2259 3809 2330 habebat,

2166 2356 2227 2411 in
2259 2355 2514 2412 Sabbato
2536 2353 2838 2422 mundato,
2864 2355 2921 2408 et
2956 2351 3474 2408 murmurantibus
3492 2348 3709 2406 Judaais
3755 2353 3814 2405 et

2164 2444 2354 2502 multa
2376 2442 2707 2500 dicentibus
2735 2441 2877 2497 dicit
2913 2440 3220 2497 Christus:
3273 2440 3591 2512 Hypocritz
3636 2454 3811 2494 unus-

2163 2536 2390 2607 quisque
2418 2541 2659 2589 vestrum
2674 2548 2787 2589 non
2814 2532 2973 2588 solvit
3001 2532 3223 2586 asinum
3243 2547 3275 2584 a
3298 2544 3546 2602 praesepe
3583 2537 3681 2584 aut
3727 2529 3814 2584 bo-

2162 2638 2285 2678 vem
2312 2638 2494 2689 suum,
2526 2629 2576 2680 et
2605 2620 2755 2677 ducit
2781 2620 3058 2692 adaquare
3088 2621 3236 2693 (Luc.
3287 2618 3437 2690 xm.)
3485 2618 3556 2674 Et
3586 2617 3814 2691 paraly-

2164 2710 2278 2767 tico
2309 2710 2601 2777 similiter,
2634 2726 2809 2782 quem
2840 2726 3053 2765 sanum
3101 2707 3253 2765 fecit.
3300 2708 3371 2763 Et
3407 2707 3537 2763 ideo
3584 2706 3666 2772 hi,
3710 2708 3814 2780 qui

2163 2800 2418 2858 Sabbata
2447 2816 2582 2857 cum
2612 2799 2834 2872 azymis
2858 2797 3220 2869 custodiunt,
3255 2813 3445 2869 neque
3473 2795 3680 2862 Judaei,
3708 2812 3813 2852 ne-

2163 2906 2277 2963 que
2307 2888 2624 2945 Christiani
2656 2892 2814 2957 sunt,
2849 2887 2948 2944 sed
2981 2885 3205 2944 similes
3236 2889 3375 2942 suut
3408 2883 3705 2958 leopardo,
3742 2884 3816 2940 si-

2162 2984 2259 3035 cut
2288 2978 2428 3034 dicit
2456 2993 2706 3051 magnus
2755 2975 3028 3044 Basilius,
3077 2976 3247 3048 cujus
3292 2973 3484 3047 capilli
3520 2989 3626 3031 nec
3658 2972 3814 3046 nigri

2164 3070 2323 3136 sunt,
2357 3082 2463 3124 nec
2493 3066 2733 3123 omnino
2762 3064 2900 3123 albi.

2233 3173 2534 3241 Quomodo
2567 3176 2763 3229 autem
2792 3174 2849 3228 et
2880 3172 3162 3228 suﬁ‘ocata
3188 3170 3248 3227 hi
3281 3169 3426 3227 tales
3473 3169 3811 3235 comedunt,

2158 3264 2218 3319 in
2250 3262 2467 3335 quibus
2500 3262 2741 3335 sanguis
2769 3264 3000 3317 tenetur
3019 3261 3047 3316 ‘l
3075 3264 3178 3317 aut
3207 3260 3471 3328 nescitis,
3500 3258 3654 3331 quod
3686 3275 3813 3315 om-

2158 3353 2250 3409 nis
2280 3350 2555 3408 animalis
2585 3350 2829 3423 sanguis
2857 3350 2935 3406 sit
2959 3348 3156 3406 anima
3184 3348 3392 3423 ipsius,
3415 3353 3472 3405 et
3494 3348 3596 3421 qui
3618 3364 3813 3404 come-

2155 3442 2309 3499 derit
2338 3441 2708 3513 sanguinem,
2748 3438 3007 3495 animam
3051 3438 3350 3495 comedit?
3397 3438 3546 3509 (Gen.
3599 3444 3700 3504 ix.)
3739 3438 3811 3493 Et

2156 3530 2371 3588 idcirco
2403 3530 2727 3586 secundum
2758 3527 2868 3584 hoc
2913 3543 3019 3584 nec
3061 3527 3309 3601 gentiles
3359 3544 3427 3583 ex
3470 3530 3582 3581 toto
3613 3529 3805 3593 sunt;

2156 3619 2240 3676 illi
2271 3624 2467 3676 autem
2496 3617 2788 3686 occidunt,
2819 3621 2922 3674 aut
2950 3616 3251 3690 plagantes
3280 3616 3609 3673 comedunt.

2228 3736 2296 3791 Et
2325 3734 2536 3789 iterum
2563 3749 2574 3788 :
2611 3732 2858 3788 Alleluia
2886 3734 2947 3788 in
2977 3732 3437 3804 Quadragesima
3457 3747 3573 3787 non
3604 3730 3812 3802 psalli-

2157 3825 2253 3892 tis,
2286 3824 2388 3879 sed
2419 3821 2597 3879 semel
2628 3821 2688 3877 in
2722 3822 2945 3878 Pascha
2972 3822 3402 3888 tantummodo,
3436 3820 3591 3891 quod
3625 3819 3813 3876 inter-

2159 3916 2442 3986 pretatur,
2472 3911 2735 3966 Dominus
2765 3913 2932 3979 venit,
2966 3910 3204 3975 laudate,
3235 3911 3503 3980 hymnum
3531 3907 3723 3974 dicite,
3766 3911 3818 3963 et

2160 4000 2454 4059 benedicite
2482 4016 2627 4056 eum.
2659 4001 2809 4073 Ergo
2839 4000 3163 4056 secundum
3190 3999 3318 4066 hoc,
3354 4013 3544 4071 neque
3575 3997 3816 4053 Domini

2159 4091 2498 4155 Dominum,
2529 4105 2716 4161 neque
2745 4087 3090 4144 benedictus
3120 4088 3220 4160 qui
3250 4086 3409 4142 venit
3439 4084 3724 4158 psallitis.
3752 4085 3818 4140 Et

2159 4180 2316 4236 istud
2349 4194 2483 4234 vero
2515 4176 2752 4233 alleluia
2780 4177 3058 4233 Hebraice
3087 4177 3305 4231 dictum
3324 4178 3565 4231 est.Cur
3583 4180 3816 4230 tantam

2157 4267 2558 4340 deceptionem
2591 4265 2800 4320 horum
2832 4265 3037 4320 talium
3070 4282 3185 4320 non
3235 4264 3519 4337 aspicitis,
3579 4278 3690 4318 nec
3722 4262 3815 4317 in-

2158 4356 2443 4429 telligitis,
2478 4370 2665 4427 neque
2696 4354 2988 4427 corrigitis
3019 4353 3265 4426 populos
3289 4357 3347 4408 et
3393 4352 3814 4418 vosmetiosos,

2158 4446 2311 4503 sicut
2347 4443 2447 4516 qui
2478 4443 2689 4499 debent
2710 4441 2963 4513 judicari
2994 4458 3062 4497 ex
3092 4442 3185 4497 his
3210 4459 3244 4497 a
3273 4441 3434 4498 Deo?
3485 4440 3613 4496 Non
3647 4440 3817 4495 dere-

2154 4532 2421 4605 linquitis
2452 4531 2608 4604 quod
2639 4530 2871 4600 dicitur,
2917 4532 3073 4603 quod
3125 4531 3232 4586 hoc
3278 4530 3482 4586 Petrus
3531 4534 3592 4585 et
3620 4529 3819 4584 Bene-

2159 4621 2373 4687 dictus,
2404 4624 2461 4675 et
2492 4618 2707 4675 Paulus
2737 4623 2794 4675 et
2822 4619 3011 4675 caeteri
3062 4619 3433 4675 docuerunt?
3486 4616 3817 4691 decepistis

2148 4727 2253 4768 vos
2272 4709 2453 4781 ipsos,
2485 4712 2545 4762 et
2573 4707 2857 4780 populum
2889 4708 2949 4763 in
2975 4707 3126 4764 istis.

2223 4817 2358 4881 Quae
2387 4830 2521 4870 vero
2552 4813 2757 4886 scripsi
2786 4830 2855 4871 ea
2884 4818 3026 4871 sunt
3063 4831 3191 4887 quae
3241 4815 3444 4871 Petrus
3498 4815 3559 4869 et
3586 4813 3818 4869 Paulus

2151 4909 2209 4962 et
2237 4904 2427 4962 caeteri
2456 4900 2725 4975 apostoli,
2750 4904 2807 4957 et
2825 4901 3093 4957 Christus
3116 4902 3332 4969 docuit,
3346 4906 3404 4958 et
3416 4905 3622 4958 sancta
3634 4906 3819 4973 atque

2155 4992 2442 5052 catholica
2459 4989 2717 5048 Ecclesia
2741 4990 3003 5064 suscepit
3021 4995 3078 5047 et
3092 4990 3351 5047 custodit
3369 4989 3663 5064 religiose,
3686 5006 3820 5063 quae

2154 5088 2212 5140 et
2239 5100 2341 5139 vos
2372 5077 2619 5138 correcti
2650 5079 2958 5136 custodite.
2992 5082 3206 5153 Azyma
3235 5097 3390 5148 vero,
3421 5084 3479 5136 et
3506 5079 3820 5135 custodias

2156 5172 2547 5230 Sabbatorum
2579 5167 2847 5241 projicite
2877 5168 3109 5225 miseris
3138 5158 3355 5225 Judaeis
3380 5187 3393 5238 ;
3447 5168 3732 5224 similiter
3761 5175 3823 5223 et

2155 5261 2439 5319 sutl‘ocata
2469 5257 2733 5315 barbaris
2762 5258 3058 5331 gentibus,
3091 5264 3153 5313 ut
3175 5259 3388 5314 ﬁamus
3410 5258 3542 5330 puri
3567 5257 3627 5312 in
3656 5262 3821 5313 recta

2155 5356 2215 5408 et
2240 5346 2620 5405 immaculata
2671 5346 2805 5414 fide,
2848 5352 2907 5403 et
2955 5364 3110 5403 unus
3158 5363 3297 5420 grex
3342 5346 3519 5403 unius
3554 5345 3820 5417 pastoris

2155 5436 2390 5496 Christi.
2425 5434 2604 5505 Cujus
2636 5433 2697 5489 in
2741 5452 2912 5492 cruce
2958 5434 3154 5492 divino
3204 5436 3489 5508 sanguine
3535 5434 3821 5490 inebriati

2157 5526 2471 5583 laudamus
2502 5521 2632 5595 puri
2664 5538 2809 5596 pure
2838 5524 3094 5592 Patrem,
3112 5529 3169 5581 et
3189 5524 3421 5593 Filium,
3444 5527 3503 5579 et
3520 5523 3819 5595 Spiritum

2159 5619 2429 5675 sanctum
2459 5612 2734 5669 universa
2762 5614 3027 5671 Mosaicaa
3056 5613 3222 5687 legis,
3255 5614 3404 5671 etab
3427 5629 3494 5669 eo
3516 5613 3824 5668 custodita

2159 5702 2628 5775 derelinquentes
2658 5701 2785 5760 sine
2811 5702 2928 5762 Deo
2958 5703 3199 5772 Judmis,
3224 5703 3324 5776 qui
3340 5702 3497 5760 velut
3520 5701 3657 5759 caeci
3679 5716 3820 5772 per-
