4088 6174
234 321 348 387 ’19⁸7

879 324 1280 390 EPISTOLIE
1322 327 1425 388 ET
1468 326 1924 390 DIPLOMATA
1973 325 2440 392 PONTIFICIA.
2472 360 2552 376 --
2577 328 2995 396 APPENDIX.

3519 312 3637 404 798

230 457 532 532 quirentes
561 455 879 528 Christum,
910 460 1108 518 lumen
1151 461 1495 529 amiserunt,
1530 478 1881 534 permancn-
1910 461 1964 528 Α
1995 461 2218 534 seipsos
2251 463 2561 537 corrigant,
2596 470 2652 522 et
2694 467 2795 523 Dei
2827 468 3130 542 populum,
3165 475 3230 526 ut
3274 473 3375 530 Dei
3421 491 3638 533 merce-

229 551 320 604 tes
350 548 410 603 in
443 549 673 617 umbra,
706 549 858 605 sicut
889 550 1229 622 insipientes
1260 555 1559 624 perpetuo.

298 637 434 694 Haec
464 643 685 706 autem,
713 638 887 695 homo
922 639 1038 705 Dei,
1062 645 1119 696 et
1140 640 1437 696 multoties
1466 641 1589 712 ipse
1619 657 1752 696 cum
1786 657 1881 712 po-

227 727 366 799 pulo
419 743 742 799 agnoscens
774 729 1022 784 docuisti
1070 746 1216 793 esse,
1249 734 1305 785 et
1352 735 1645 785 correctus
1694 729 1880 802 scrip-

227 815 355 873 sisti
410 816 615 872 multis
665 817 916 872 similem
967 817 1450 874 consuetudinem
1502 819 1875 888 habentibus,

229 911 284 960 et
318 909 385 960 ut
415 905 636 961 habeas
657 904 904 962 salutem
930 907 1136 961 animae
1168 911 1301 976 tuae,
1327 908 1490 963 mitte
1513 908 1878 981 principibus

223 995 600 1051 sacerdotum
647 999 704 1050 et
745 995 1163 1066 sacerdotibus,
1197 1001 1254 1052 et
1280 998 1484 1068 adjura
1515 1001 1580 1052 ut
1610 1015 1712 1070 per
1758 997 1877 1053 haec

1989 552 2119 607 dem
2149 553 2208 607 in
2240 552 2368 608 istis
2418 554 2636 612 habeas
2671 575 2682 612 :
2713 561 2768 613 et
2799 559 2848 614 si
2879 557 2990 615 hoc
3037 559 3262 626 feceris,
3295 581 3553 636 propono
3585 571 3640 622 et

1991 657 2090 713 per
2121 659 2253 696 secu
2268 643 2437 697 ndam
2463 644 2839 716 scriptionem
2863 649 3088 720 majora
3108 656 3165 706 et
3185 652 3526 722 perfectiora
3544 655 3636 710 his

1988 729 2093 783 tibi
2125 729 2398 798 scribere,
2432 732 2564 788 fidei
2611 751 2745 789 vera
2783 737 3116 794 ostensione
3164 745 3220 795 et
3268 741 3638 798 firmamento

1989 819 2342 888 animarum,
2392 838 2494 893 pro
2552 823 2767 898 quibus
2815 825 3083 882 Christus
3127 830 3323 901 posuit
3377 832 3635 888 animam

1988 923 2178 963 suam.

292 1137 607 1214 Hactenus
625 1137 871 1214 epistola
902 1138 1201 1214 Michaelis
1223 1139 1513 1214 Gerularii
1527 1145 1588 1214 et
1619 1140 1821 1214 Leonis
1844 1140 2113 1214 Acridani
2137 1141 2417 1212 episcopi,
2443 1147 2505 1196 ut
2529 1144 2723 1200 vidisti
2755 1163 2823 1201 ex
2854 1149 3039 1214 ipsius
3070 1151 3258 1208 titulo.
3285 1153 3460 1210 Porro
3482 1155 3634 1212 hanc

221 1208 534 1294 hiiehaelis
561 1213 618 1294 et
648 1208 1342 1294 Acridaniepistolamin
1373 1211 1638 1294 Apuliam
1672 1212 1920 1294 missam
1950 1208 2305 1294 llumbertus
2337 1208 2393 1268 S.
2430 1214 2495 1268 Β.
2529 1217 2592 1270 Ε.
2627 1208 2941 1294 cardinalis
2973 1222 3283 1294 episcopus
3308 1208 3636 1283 Silvm'Ca—n:

222 1279 377 1366 (lida;
410 1286 722 1366 qc‘cepta‘m‘
754 1281 926 1366 Trani
957 1279 1092 1366 eum
1125 1287 1297 1366 esset,
1328 1283 1389 1364 in
1421 1279 1691 1366 Latinum
1741 1283 2062 1366 transtulit,
2098 1283 2421 1366 detulitque
2469 1302 2596 1366 eam
2630 1289 2699 1366 a_d
2736 1288 2929 1359 ipsum
2980 1279 3225 1366 hepneln
3279 1279 3632 1366 pontificem.

224 1353 310 1406 Ita
330 1353 600 1438 ‘quidem‘
634 1352 808 1438 habet
857 1353 1114 1438 scriptus
1137 1355 1344 1438 codex,
1367 1355 1433 1438 in
1467 1355 1724 1438 quo'ista
1755 1354 1953 1438 omnia
1983 1354 2272 1438 descripta
2303 1352 2578 1438 leguntur
2611 1376 2622 1413 :
2660 1352 2774 1438 Leo
2797 1366 2997 1438 autem
3050 1364 3201 1438 Papa
3250 1352 3314 1420 ea
3369 1352 3635 1438 perlecta,

222 1421 514 1510 prolixam
541 1423 702 1510 illam
735 1425 804 1478 ad
836 1421 1843 1510 eumdemMichaelem'et-Ifeonem
1873 1421 2568 1510 Acridanum.epistolam
2604 1430 2860 1510 scripsit,
2891 1449 3020 1503 quae
3066 1421 3217 1490 inler
3246 1421 3418 1492 cusas
3451 1421 3637 1510 ipsius

222 1495 439 1550 Leonis
471 1494 755 1582 epistolas
781 1494 972 1582 prima
998 1496 1480 1582 ordineponitu‘r:
1516 1497 1710 1582 Ubinet
1739 1501 1983 1582 expete.
2005 1494 2378 1582 temporis—fin
2411 1516 2482 1582 ea
2498 1494 2794 1582 apposita,
2829 1494 2938 1558 hoc
2967 1521 3095 1561 esse
3125 1524 3278 1562 anno
3310 1494 3640 1582 consdripta

221 1566 621 1654 cognoscitur,
648 1566 796 1654 dum
828 1568 909 1654 ait
936 1566 1316 1654 intervenisse
1344 1568 1600 1654 mille'et
1621 1568 1735 1654 fere
1783 1567 1985 1650 viginti
2003 1566 2204 1654 lannps
2235 1587 2268 1623 a
2297 1570 2508 1654 Christi
2548 1566 2833 1654 passione
2883 1592 3068 1654 usque
3098 1579 3170 1654 ad
3205 1579 3346 1654 illud
3379 1566 3637 1654 tempus,

220 1637 347 1708 quo
379 1637 1030 1718 scribebaturepistola.
1067 1640 1228 1718 Qunod
1264 1639 1416 1718 enim
1469 1639 1627 1718 dicit,
1660 1642 1791 1718 fere
1841 1637 2057 1718 uiginti:
2092 1639 2262 1718 plane
2322 1637 2577 1718 nondum-
2622 1643 2805 1718 fuisse
2839 1637 3052 1718 iviginti
3107 1650 3378 1706 declarat.
3413 1637 3638 1710 Etenim

220 1709 464 1794 exordio
488 1709 799 1794 sequentis
821 1711 955 1794 annui
983 1711 1107 1794 jam
1143 1711 1332 1792 fuisse.
1351 1711 1586 1794 vigenti,
1620 1711 1700 1765 ait
1747 1711 1804 1764 in
1851 1709 2264 1794 episto'ladata
2295 1712 2666 1794 ad'eumdem
2721 1709 3060 1772 MichaElem
3109 1737 3308 1776 mense
3337 1709 3636 1782 Januario;

223 1783 272 1833 Α
302 1780 622 1864 tricesimo.
637 1786 842 1853 quarto
873 1780 1270 1864 Christi-anno
1318 1780 1570 1864 incipere
1613 1780 1988 1838 consuevisse
2023 1782 2346 1837 Romanam
2378 1783 2695 1841 Ecclesiam
2748 1804 3058 1844 numerare
3089 1792 3162 1845 ab
3193 1793 3321 1862 ejus
3367 1780 3640 1864 passione

226 1867 434 1920 annos,
467 1869 576 1908 suo
607 1851 733 1908 loco
762 1853 1036 1922 superius
1067 1853 1289 1908 dictum
1323 1859 1433 1908 est.

233 2002 3640 2035 __—___—____—______—____

1874 2127 1989 2220 ΙΙ.

645 2313 1195 2401 ΕΡΙΒΤΟΙΑ
1255 2311 1723 2401 JOANNIS
1793 2314 1827 2400 Ι
1897 2392 1898 2396 ,

1982 2315 2355 2402 BBATIS
2417 2316 2894 2406 FISCAMN
2913 2321 3216 2410 ENSIS

1567 2493 1668 2550 AD
1717 2491 1781 2551 S.
1829 2491 2146 2552 LEONEM
2196 2492 2292 2552 lX.

695 2650 835 2711 Post
866 2649 1172 2711 laudatum
1199 2669 1485 2710 summum
1510 2648 1874 2730 pontiﬁcem,
1908 2650 2294 2730 conqueritur
2321 2650 2392 2711 de
2422 2651 2482 2712 vi
2508 2653 2627 2713 sibi
2649 2654 2724 2714 ab
2753 2654 2924 2716 Italis
2953 2657 3145 2720 illata.

1097 2784 1392 2850 [Martene.
1432 2783 1669 2840 Thesaur
1696 2783 1895 2840 Anecd.
1930 2784 1974 2849 l,
2005 2785 2133 2851 207,
2165 2800 2234 2840 ex
2265 2801 2377 2841 ms.
2411 2785 2760 2859 Bigotiano.]

311 3037 541 3093 Summo
572 3036 901 3109 apostolicae
924 3037 1081 3092 sedis
1106 3035 1366 3108 pontifici
1402 3037 1599 3102 LEONI,
1626 3035 1724 3092 Dei
1752 3051 1877 3107 gra-
1909 3039 1955 3104 B
1985 3035 2157 3092 laude
2177 3041 2235 3092 et
2264 3035 2464 3108 lingua
2486 3041 2684 3093 nostra
2705 3038 3107 3097 exsultatione.
3134 3041 3330 3100 Gloria
3358 3044 3417 3100 in
3449 3047 3634 3104 excel-

248 3123 321 3181 tia
347 3126 701 3182 sanctiﬁcato
743 3127 865 3182 vice
908 3125 1084 3194 Petri,
1113 3124 1390 3192 JOANNES,
1424 3124 1672 3180 fratrum
1706 3123 1877 3179 mini-

248 3231 370 3270 mus
398 3219 452 3270 et
478 3217 538 3271 in
571 3231 817 3271 numero
855 3215 1135 3270 abbatum
1167 3213 1434 3284 ultimus,
1466 3213 1784 3284 primatum
1819 3213 1878 3268 in

249 3303 455 3359 caelesti
484 3304 644 3360 curia
663 3320 798 3360 cum
832 3307 1069 3359 senatus
1092 3301 1494 3374 apostolorum
1527 3302 1730 3358 festiva
1757 3301 1878 3375 glo-

249 3393 353 3447 ria.

316 3482 565 3539 Gaudeat
578 3483 734 3540 orbis
749 3484 1048 3538 Romanus
1064 3483 1210 3538 tanti
1229 3481 1496 3554 praesulis
1511 3481 1696 3536 infula
1713 3483 1782 3537 ad
1792 3499 1877 3537 or-

241 3574 421 3636 natus,
452 3572 550 3645 qui
580 3576 646 3628 ut
670 3571 877 3627 lucifer
905 3570 1058 3627 inter
1086 3573 1244 3626 astra
1277 3586 1610 3642 purpureus
1640 3570 1870 3638 emicat,

241 3663 347 3715 tam
376 3661 467 3732 pia
497 3678 676 3734 quam
707 3677 854 3716 nova
883 3659 1164 3733 religione
1185 3658 1454 3725 rutilans,
1481 3659 1552 3713 ad
1583 3658 1873 3731 depellen‘

236 3748 330 3805 das
357 3767 386 3806 e
415 3751 638 3824 gremio
668 3750 874 3805 matris
895 3748 1161 3805 Ecclesire
1187 3748 1330 3804 varii
1360 3748 1574 3804 erroris
1605 3748 1870 3803 nebulas.

233 3837 478 3912 Denique
508 3841 644 3912 quis
675 3843 872 3912 pastor
895 3840 953 3894 in
977 3841 1242 3895 Romana
1271 3837 1524 3893 Ecclesia
1545 3841 1676 3908 post
1697 3854 1873 3894 aurea

229 3925 319 3982 illa
347 3929 558 3984 secula
605 3928 666 3984 in
716 3929 932 4002 quibus
980 3928 1110 3994 Leo,
1145 3926 1459 3999 Gregorius
1509 3925 1867 3996 claruerunt,

225 4015 356 4074 vitm
395 4019 638 4091 puriora
687 4017 968 4092 spiritalis
1011 4016 1286 4072 doctrinae
1331 4015 1581 4081 lumina,
1616 4015 1868 4071 surrexit

229 4108 327 4163 tam
362 4108 619 4181 diligens
657 4111 712 4164 et
754 4107 1024 4180 vigilans,
1056 4109 1120 4161 ut
1153 4109 1234 4174 tu,
1267 4104 1586 4177 przesulum
1621 4105 1865 4160 sanctis-

1990 3125 2072 3179 sis
2102 3125 2236 3191 Deo,
2269 3125 2526 3182 visitavit
2554 3143 2660 3181 nos
2689 3127 2894 3184 Oriens
2923 3146 2990 3185 ex
3022 3130 3157 3186 alto.
3190 3131 3322 3201 Sed,
3357 3151 3389 3189 ο
3418 3141 3632 3192 morta-

1987 3213 2058 3268 lis
2090 3214 2372 3269 conditiol
2407 3232 2584 3287 quam
2617 3215 2761 3271 nihil
2808 3218 2991 3273 ﬁdum
3043 3223 3100 3274 et
3145 3236 3214 3275 ex
3260 3222 3421 3277 omni
3468 3230 3633 3296 parte

1987 3303 2221 3359 beatum
2263 3303 2478 3360 indos
2524 3304 2684 3360 labili
2735 3305 2975 3362 saculol
3031 3309 3193 3377 Ecce,
3257 3315 3633 3371 memorande

1986 3393 2262 3462 pontifex,
2293 3394 2435 3449 dum
2467 3393 2523 3448 in
2557 3393 2760 3450 laudes
2809 3400 2942 3451 tuas
2990 3401 3310 3470 attempero
3365 3401 3634 3460 modulos

1986 3480 2220 3555 linguae,
2244 3500 2347 3555 pro
2378 3485 2549 3540 terris
2581 3501 2721 3557 pace
2748 3486 2973 3541 reddita
3004 3504 3107 3559 per
3137 3488 3350 3545 almam
3378 3493 3489 3546 tua:
3520 3492 3635 3548 dis-

1984 3572 2345 3644 pensationis
2377 3574 2821 3645 providentiam,
2852 3575 3049 3647 pulsat
3077 3594 3170 3633 me
3203 3578 3368 3634 dolor
3393 3596 3424 3634 e
3453 3579 3634 3637 latere

1983 3660 2416 3733 interrumpens
2446 3661 2695 3718 stridulo
2730 3663 2961 3731 planctu
2996 3682 3211 3736 organa
3235 3666 3452 3722 laetitia.
3488 3669 3636 3725 Nota

1981 3749 2190 3822 loquor
2218 3750 2276 3805 in
2306 3768 2504 3806 aurem
2538 3752 2851 3822 pontiﬁcis,
2877 3753 2946 3807 de
2970 3753 3437 3824 praevaricatione
3456 3756 3635 3812 eccle-

1981 3838 2230 3895 siastica:
2260 3841 2442 3912 pacis,
2472 3857 2650 3911 quam
2685 3840 2826 3894 mihi
2860 3845 3060 3895 vestrae
3093 3841 3393 3897 ﬁdelitatis
3426 3844 3631 3900 nuntio

1978 3926 2248 3983 immisso
2288 3926 2474 3998 ipsius
2521 3927 2670 3982 Petri
2711 3927 3106 3999 apostolorum
3151 3929 3430 4003 principis
3467 3931 3633 4006 lega-

1977 4016 2132 4071 tione
2165 4018 2362 4071 functo
2395 4016 2818 4087 irrogaverunt,
2843 4035 2956 4072 non
2990 4023 3193 4074 exterae
3220 4021 3505 4089 nationes,
3528 4023 3630 4079 sed

1974 4104 2086 4176 ipsi
2123 4103 2368 4158 Romani
2402 4104 2578 4169 cives,
2609 4111 2662 4159 et
2696 4104 2752 4158 in
2788 4106 3045 4161 secundo
3087 4106 3211 4164 loco
3251 4109 3631 4179 Richefburh,

217 4197 381 4262 sime,
417 4197 518 4270 qui
550 4195 742 4269 pascis
773 4213 1007 4269 gregem
1039 4193 1405 4250 Dominicum
1439 4210 1618 4265 super
1643 4193 1867 4248 vividos
1975 4193 2534 4265 etAquarpendentis
2553 4194 2974 4250 suburbiorum
3001 4197 3388 4268 potentissimi
3411 4199 3634 4256 habita-

211 4291 444 4344 montes
477 4287 746 4358 pascuae?
775 4287 920 4341 Nam
967 4289 1029 4340 ut
1069 4285 1241 4340 {idem
1275 4281 1444 4338 dictis
1478 4281 1865 4354 faciam,quis
1975 4287 2149 4338 tores.
2195 4281 2262 4336 Hi
2309 4285 2464 4337 certe
2516 4287 2851 4356 contempta
2898 4303 3075 4358 super
3124 4303 3265 4359 pace
3313 4289 3633 4359 apostolica

203 4390 312 4435 non
353 4375 628 4445 miretur,
661 4381 719 4430 et
759 4375 817 4429 in
859 4374 1050 4430 laudis
1074 4373 1333 4445 jubilum
1369 4375 1729 4443 prorumpat,
1763 4389 1864 4444 pro

198 4465 485 4524 inaudita
501 4464 716 4520 nostris
735 4463 963 4519 saeculis
978 4461 1190 4519 oculati
1211 4460 1460 4534 pastoris
1479 4459 1801 4532 providenti

197 4558 290 4628 qui
331 4570 466 4610 non
501 4570 566 4608 eo
598 4557 906 4609 contentus
937 4553 994 4606 in
1041 4550 1274 4623 propria
1304 4550 1440 4605 sede
1481 4549 1643 4604 urbis
1675 4550 1868 4604 Romae

195 4646 292 4702 uni
333 4641 567 4717 populo
617 4640 939 4708 consulere,
974 4644 1074 4695 aut
1104 4639 1290 4695 solam
1333 4639 1568 4711 frugum
1619 4638 1871 4694 fertilem

195 4731 438 4790 Italiam
474 4730 661 4786 imbre
706 4729 960 4786 caelestis
983 4728 1138 4784 verbi
1170 4727 1433 4800 irrigare,
1456 4742 1659 4782 verum
1696 4727 1871 4782 etiam

196 4819 543 4892 Cisalpinae
588 4818 879 4875 Ecclesias
927 4817 1191 4892 synodali
1223 4815 1504 4872 scrutinio
1556 4815 1762 4871 circuit
1813 4820 1871 4872 et

199 4908 448 4976 lustrat,
482 4912 541 4963 et
569 4909 619 4964 si
651 4909 790 4981 quid
836 4907 1147 4973 incultum,
1180 4911 1237 4961 et
1266 4923 1300 4961 a
1328 4921 1534 4960 norma
1567 4905 1872 4960 rectitudi-

205 5001 280 5058 nis
305 4999 644 5055 distortum
666 4997 900 5065 invexit,
918 5014 1051 5052 mox
1069 4993 1460 5051 ecclesiastica
1481 5010 1727 5050 censura
1752 5011 1871 5049 cor-

194 5089 345 5163 ripit
377 5103 449 5142 ac
495 5087 696 5159 regula
732 5087 978 5158 justitite
1027 5085 1299 5141 emendat
1345 5087 1401 5138 et
1450 5082 1705 5154 corrigit.
1743 5085 1872 5148 Ave,

192 5183 398 5244 Pater,
425 5192 578 5248 papa
603 5175 911 5231 mirabilis.
935 5177 1048 5230 Ave
1075 5171 1391 5246 praesulum
1417 5171 1631 5244 praesul
1655 5174 1875 5242 specia-

201 5269 308 5333 lis;
348 5281 476 5333 ave,
511 5266 779 5337 inquam,
812 5263 911 5321 illa
951 5265 1108 5336 ignis
1139 5261 1434 5330 columna,
1466 5260 1607 5317 olim
1642 5260 1871 5317 Israeli-

211 5357 322 5412 tico
353 5353 576 5427 populo
608 5356 839 5426 praevia,
873 5354 973 5426 qui
1006 5353 1246 5426 praedux
1282 5351 1566 5406 inoffenso
1599 5349 1741 5406 calle
1773 5368 1876 5422 per

219 5449 441 5499 vastam
475 5445 683 5499 mundi
709 5444 890 5515 hujus
912 5441 1288 5499 solitudinem
1313 5439 1596 5512 populum
1622 5440 1715 5496 Dei
1746 5458 1877 5496 san-

234 5537 372 5588 ctum
407 5533 679 5606 provehis
713 5535 783 5589 ad
815 5533 1110 5590 crmlestem
1141 5529 1488 5594 Jerusalem,
1522 5547 1719 5586 veram
1753 5536 1873 5586 ter-

236 5638 342 5678 ram
369 5623 865 5696 repromissionis.
901 5623 1086 5696 Igitur
1126 5619 1444 5693 impleatur
1493 5637 1557 5674 os
1608 5624 1873 5676 nostrum

1807 4423 1868 4515 έιῖῖ
1899 4423 1941 4489 C

1978 4376 2168 4427 vestra
2212 4370 2533 4439 sanctione,
2569 4389 2661 4427 me
2713 4374 3074 4442 invaserunt,
3126 4377 3546 4447 spoliaverunt,
3576 4382 3633 4432 et

1979 4460 2253 4516 omnibus
2285 4459 2399 4532 piis
2443 4460 2896 4534 lacrymabiliter
2925 4463 3474 4531 debonestaverunt,
3511 4465 3629 4520 fru-

1979 4553 2101 4606 stra
2131 4550 2410 4604 mandata
2437 4554 2638 4605 vestrae
2682 4551 2989 4623 legationis
3029 4553 3450 4622 praeferentem,
3485 4557 3541 4607 et
3571 4553 3630 4608 in

1977 4639 2376 4694 defensionem
2409 4639 2523 4695 mei
2556 4639 2943 4711 patrocinium
2964 4639 3293 4711 apostolicae
3325 4641 3631 4696 auctorita-

1978 4728 2054 4784 tis
2083 4733 2404 4784 vocantem.
2440 4728 2614 4784 Porro
2645 4728 2765 4782 haec
2796 4727 3072 4783 Italorum
3103 4728 3162 4784 in
3196 4729 3634 4787 Northmannos

1979 4817 2198 4873 invidia
2227 4819 2370 4873 adeo
2409 4817 2644 4879 exarsit,
2677 4820 2734 4871 et
2773 4817 2900 4886 jam
2954 4816 3208 4892 inolevit,
3243 4822 3307 4874 ut
3337 4835 3483 4892 pene
3533 4837 3637 4894 per

1981 4907 2178 4963 omnia
2210 4905 2381 4962 ltalize
2407 4905 2694 4962 suburbia
2720 4905 2813 4959 vix
2844 4922 3107 4979 unquam
3140 4907 3244 4964 ulli
3275 4909 3634 4966 Northman-

1982 5013 2192 5052 norum
2223 4995 2395 5051 liceat
2424 4999 2618 5050 tutum
2665 4994 2775 5049 iter
2818 5012 3074 5069 carpere,
3100 4998 3328 5055 etiamsi
3363 4999 3439 5055 sit
3471 5016 3634 5071 pere-

1985 5085 2152 5158 grina
2179 5084 2500 5146 devotione,
2525 5082 2664 5154 quin
2691 5083 3023 5154 assaliatur,
3047 5087 3333 5156 trahatur,
3358 5089 3633 5153 nudetur,

1983 5173 2396 5246 colaphizetur,
2412 5171 2662 5227 vinculis
2695 5172 2990 5245 religetur,
3017 5192 3167 5248 smpe
3196 5176 3369 5231 etiam
3403 5175 3631 5229 tristem

1982 5263 2212 5320 exhalet
2243 5262 2536 5334 spiritum,
2571 5260 2743 5334 longo
2778 5264 3029 5318 carceris
3061 5264 3350 5335 squallore
3383 5279 3637 5319 macera-

1983 5357 2099 5408 tus.
2134 5351 2296 5408 Unde
2332 5355 2530 5406 notum
2563 5350 2664 5404 tibi
2700 5349 2794 5416 sit,
2823 5350 3164 5406 Christiana:
3207 5351 3394 5424 plebis
3424 5351 3632 5407 huma-

1985 5442 2228 5497 nissime
2261 5441 2448 5503 Pater,
2474 5439 2613 5511 quia
2644 5439 2752 5494 nisi
2799 5439 3061 5496 Romana
3092 5441 3276 5513 pietas
3315 5440 3631 5513 apostolica

1983 5529 2390 5587 interdictione
2421 5528 2733 5584 abolewrit
2781 5529 2930 5584 hanc
2975 5528 3466 5602 indisciplinatam
3502 5531 3631 5586 bar-

1984 5620 2226 5686 bariem,
2260 5623 2316 5674 et
2346 5618 2599 5674 maxime
2632 5619 2688 5673 in
2722 5617 2989 5692 specialis
3023 5619 3112 5675 sui
3149 5619 3320 5694 legati
3352 5620 3629 5692 injuriam
