4088 6174
461 282 591 365 799;

457 414 840 475 vindicaverit
864 414 948 481 ita
975 418 1040 471 ut
1081 417 1239 473 totus
1252 414 1413 471 orbis
1444 413 1645 470 audiat
1673 416 1729 469 et
1759 411 2100 470 contremis-

462 511 576 575 cat,
606 505 775 562 valde
804 506 1227 578 depretiabitur
1257 506 1532 561 Romanae
1565 503 1891 575 majestatis
1924 506 2120 559 aucto-

462 597 631 667 ritas,
665 613 771 653 nec
808 597 917 652 erit
945 613 1088 669 gens
1119 594 1219 650 illa
1248 595 1788 650 Northmannorum
1825 592 2033 648 bellica
2061 592 2118 647 in

459 691 655 741 vestra
704 685 982 741 ﬁdelitate
1015 685 1155 739 adeo
1187 686 1460 756 prompta
1509 685 1565 736 et
1614 682 1838 738 devota.
1875 681 2123 737 Interest

461 774 636 830 etiam
671 778 781 829 tum
830 775 1016 836 famze,
1049 772 1136 829 vir
1182 772 1362 826 totius
1395 770 1768 827 liberalitatis
1798 777 1855 827 et
1897 769 2120 844 glorim,

460 861 623 935 larga
657 879 836 916 manu
882 865 1081 915 nostra
1121 859 1347 931 perdita
1392 864 1744 926 restaurare,
1777 860 1915 931 quia
1965 875 2116 928 ecce,

461 956 528 1006 ut
548 948 802 1021 jussisti,
838 947 1098 1021 paschali
1133 947 1382 1004 termino
1413 949 1579 1004 adest
1619 954 1817 1004 noster
1848 950 2121 1020 nuntius,

461 1055 593 1093 cum
627 1038 860 1103 litteris,
884 1042 941 1093 et
969 1041 1126 1093 certa
1150 1039 1417 1093 cautione
1449 1038 1826 1108 amissorum,
1853 1055 1978 1110 quae
2011 1055 2116 1112 ego

462 1146 575 1184 non
610 1126 722 1183 mei
757 1143 935 1183 causa
968 1126 1338 1183 solummodo
1370 1131 1587 1199 repeto,
1609 1129 1708 1183 sed
1741 1144 1941 1184 eorum
1970 1145 2113 1200 quo-

459 1233 589 1271 rum
622 1216 914 1272 devotioni
947 1215 1245 1283 condoleo,
1280 1216 1378 1288 qui
1428 1216 1548 1271 haec
1580 1221 1793 1272 sanctae
1845 1217 2113 1273 Trinitati

458 1305 869 1379 delegaverant
898 1305 1007 1361 sub
1040 1323 1181 1360 mea;
1213 1305 1343 1360 fidei
1378 1306 1737 1361 testimonio.
1776 1306 1874 1362 llis
1906 1305 1986 1362 ita
2014 1308 2111 1362 de-

460 1396 670 1465 cursis,
699 1412 811 1450 non
845 1411 1085 1467 possum
1115 1411 1230 1450 non
1262 1395 1520 1450 indicare
1552 1411 1677 1466 quae
1708 1395 1881 1451 audio
1915 1398 1985 1452 de
2018 1397 2113 1452 do-

459 1484 620 1541 mino
653 1500 783 1540 meo
828 1482 1145 1555 apostolico
1174 1483 1439 1541 ventilari
1472 1483 1714 1539 sinistra
1758 1483 2110 1557 interpreta-

456 1573 814 1646 tione,quem
837 1588 942 1646 ego
965 1572 1286 1645 amplector
1305 1571 1541 1644 speciali
1560 1573 1909 1641 devtione,et
1933 1590 2108 1646 quem

456 1662 585 1719 volo
616 1667 810 1718 tutum
856 1677 985 1717 esse
1034 1661 1185 1734 apud
1234 1662 1417 1717 Deum
1465 1665 1522 1717 et
1570 1662 1857 1718 homines.
1892 1663 2110 1719 Fabula

459 1755 657 1811 autem
685 1750 808 1806 haec
832 1750 1314 1806 subsannationis
1336 1750 1579 1807 vertitur
1598 1752 1669 1807 de
1691 1751 1986 1809 Tedbaldo
2018 1769 2106 1809 co—

460 1840 600 1897 mite
655 1843 713 1896 et
767 1840 1251 1913 Burgundionum
1300 1839 1581 1896 infrunito
1644 1841 1792 1896 duce
1841 1841 1931 1908 11.,
1981 1841 2101 1913 qui,

458 1945 920 2011 transgressores
949 1929 1371 2003 pontificalium
1394 1930 1783 1997 decretorum,
1811 1930 1895 1986 fas
1922 1931 2107 1986 nefas-

1851 279 2147 346 VIGTOR
2187 280 2242 344 Π
2287 280 2490 345 PAPA

3759 282 3867 381 899

2130 436 2189 505 Α
2217 430 2330 505 que
2360 412 2747 505 confundunt,
2780 414 2879 490 qui
2932 413 3219 475 abdicatis
3245 412 3495 491 legitimi
3535 415 3687 476 thori
3737 434 3865 479 con-

2233 503 2450 573 nubiis,
2493 503 2831 562 volutantur
2879 505 2937 561 in
2983 505 3307 563 inhonestis
3358 509 3415 562 et
3461 507 3864 582 consanguini-

2230 596 2346 648 tate
2375 592 2604 649 foedatis
2651 594 2946 653 thalamis.
2989 595 3134 652 Hinc
3165 594 3419 670 populus
3467 596 3688 665 sibilat,
3741 597 3865 655 hinc

2232 682 2373 737 mihi
2407 682 2596 754 quivis
2628 684 2919 756 pravicors
2968 684 3242 754 insultat;
3277 684 3444 756 mihi,
3477 685 3747 759 inquam,
3778 704 3866 760 pro

2227 775 2420 827 vestro
2450 772 2668 828 honore
2689 773 3027 842 decertanti,
3060 778 3119 829 et
3147 774 3298 829 hanc
3326 773 3728 831 consectionis
3760 792 3867 832 ma-

2230 860 2422 916 culam
2466 878 2500 915 a
2544 865 2734 917 vostra
2781 861 3112 918 sinceritate
3162 863 3482 937 detergenti
3521 880 3534 918 :
3568 866 3625 920 et
3673 868 3744 919 ut
3788 881 3866 923 me

2228 950 2417 1024 magis
2465 950 2844 1018 confundant,
2878 956 2936 1007 et
2972 950 3189 1007 infelici
3238 952 3476 1009 victoria
3506 952 3563 1007 in
3595 952 3865 1027 suggilla-

2224 1038 2441 1094 tionem
2472 1042 2674 1095 vestrae
2705 1040 3069 1097 auctoritatis
3093 1041 3458 1110 convincant,
3491 1040 3798 1113 objiciunt,
3818 1046 3867 1100 et

2224 1126 2283 1183 in
2319 1127 2525 1184 faciem
2568 1129 2908 1195 ostendunt,
2952 1129 3108 1201 quod
3162 1129 3494 1187 Tedbaldus
3541 1130 3723 1187 etiam
3753 1147 3865 1188 ves-

2224 1221 2378 1272 trum
2435 1217 2789 1290 colloquium
2850 1218 3086 1285 adierit,
3154 1218 3416 1293 nihilque
3467 1219 3717 1293 dignum
3771 1222 3865 1277 hac

2223 1306 2395 1380 culpa
2425 1311 2617 1363 actum
2652 1306 2754 1376 sit;
2791 1307 2908 1363 imo
2952 1306 3141 1381 magis
3171 1308 3339 1381 quasi
3398 1308 3747 1366 auctoritate
3776 1327 3862 1381 ve-

2222 1400 2344 1451 stra
2391 1395 2719 1466 roboratus,
2751 1394 3014 1470 lupinam
3063 1413 3252 1465 ovem,
3285 1396 3401 1453 dici
3453 1396 3661 1455 falsam
3714 1397 3862 1457 illam

2219 1486 2441 1558 Agnem
2474 1485 2533 1540 in
2566 1501 2674 1541 sua
2699 1484 2975 1554 vindicet,
3004 1489 3063 1541 et
3089 1485 3314 1542 vivente
3362 1486 3597 1553 marito,
3629 1494 3861 1562 usurpet

2218 1572 2558 1629 exsecrabili
2589 1576 2813 1647 stupro,
2847 1573 2998 1630 facto
3038 1573 3242 1630 illicito
3284 1573 3456 1630 licitae
3485 1576 3757 1650 conjugis
3783 1577 3862 1633 di-

2216 1663 2420 1718 vortio.
2446 1663 2573 1727 Qua
2602 1664 2674 1719 de
2704 1680 2764 1718 re
2794 1663 3116 1737 perpendat
3143 1661 3287 1736 ipse,
3312 1681 3508 1737 quaeso
3540 1666 3859 1739 prudentis-

2218 1752 2405 1809 simus
2435 1752 2702 1821 antistes,
2728 1753 2869 1825 quid
2902 1751 3156 1826 postulet
3187 1769 3279 1809 res
3308 1752 3487 1827 hujus
3513 1755 3860 1813 emendatio-

2215 1841 2327 1909 nis,
2361 1858 2432 1896 ne
2458 1841 2817 1913 annulletur,
2850 1859 2921 1898 ne
2965 1841 3224 1899 irritetur
3269 1859 3445 1917 opera
3493 1850 3550 1901 et
3600 1844 3858 1903 studium

2215 1928 2621 1986 ecclesiasticae
2652 1947 2771 1986 suae
2803 1930 3145 1987 sanctionis.

2078 2108 2244 2201 III.

1351 2324 1900 2410 EPISTOLA
1963 2324 2054 2411 S.
2123 2324 2463 2410 PETRI
2506 2322 2976 2411 DAMIANI

1800 2503 1904 2562 AD
1950 2504 2016 2563 S.
2062 2503 2388 2565 LEONEM
2432 2503 2534 2565 IX.

986 2666 1135 2740 (Vide
1164 2667 1308 2723 inter
1334 2664 1583 2737 epistolas
1612 2663 1667 2718 S.
1700 2662 1860 2718 Petri
1887 2662 2166 2731 Damiam‘,
2202 2661 2566 2733 Patrologiae,
2595 2665 2741 2719 tom.
2775 2661 3010 2733 CLXIV,
3042 2663 3152 2720 col.
3186 2664 3334 2737 208.)

454 2863 2568 2898 --.-------

2569 2864 3842 2909 Ξ

1840 3053 2007 3100 ANNO
2048 3053 2268 3101 DOMINI
2298 3053 2471 3100 ILVII

1141 3251 2025 3456 VICTOR

2230 3250 2330 3451 I
2460 3251 3142 3454 PAPA.

1574 3663 2042 3754 NOTITIA
2100 3659 2739 3752 HISTOBICA.

1520 3846 1837 3919 (Gmccom,
1873 3844 2011 3902 Vita?
2025 3842 2350 3915 pontiﬁcum
2374 3842 2796 3909 Romanorum.)

1954 4020 2353 4036 ψ

528 4166 591 4222 In
624 4163 862 4223 nomine
900 4163 1002 4218 Dei
1047 4167 1105 4219 et
1149 4162 1465 4220 Salvatoris
1496 4163 1681 4219 nostri
1717 4161 1859 4218 Jesu
1906 4156 2119 4216 Christi
2148 4158 2191 4226 C
2227 4159 2360 4230 post
2389 4157 2640 4212 mortem
2670 4153 2874 4211 Leonis
2905 4156 3126 4222 exacto,
3155 4154 3402 4212 adduxit
3430 4154 3718 4223 Romam;
3750 4154 3882 4211 laeti-

454 4254 773 4315 bonedicti.
812 4259 1014 4309 Amen.

528 4345 665 4401 Post
698 4343 906 4399 Leonis
938 4358 1099 4415 papae
1132 4340 1201 4398 IX
1230 4340 1479 4407 obitum,
1509 4341 1871 4408 Eberardus,
1903 4337 2124 4411 episco-

458 4451 572 4509 pus
608 4430 967 4501 Aistatensis,
991 4430 1079 4485 vir
1108 4429 1366 4504 prudens
1400 4433 1455 4484 et
1485 4429 1785 4497 eruditus,
1826 4426 2041 4500 pariter
2068 4435 2126 4488 et

459 4522 794 4596 opulentus,
819 4524 1049 4576 creatus
1074 4523 1180 4577 est.
1208 4519 1339 4575 Fuit
1360 4519 1604 4574 natione
1627 4518 1973 4586 Germanus,
1999 4530 2127 4589 pro-

458 4612 649 4669 vincia
694 4611 923 4676 Suevia,
972 4626 1041 4665 ex
1090 4608 1405 4665 comitibus
1452 4605 1843 4673 Callensibus,
1886 4601 2124 4661 castello

463 4701 718 4774 llisprug
746 4704 930 4767 ortus,
954 4714 1024 4755 ex
1047 4697 1377 4772 propinquo
1416 4695 1705 4769 sanguine
1731 4693 2123 4768 imperatoris,

466 4793 643 4844 natus
668 4805 682 4846 :
707 4792 932 4860 patrem
954 4787 1162 4843 habuit
1184 4786 1532 4860 Arduigum,
1551 4788 1797 4840 matrem
1820 4780 2124 4859 Vitzelam:

464 4874 867 4939 nobilissimos
900 4880 1203 4949 parentes,
1228 4879 1286 4932 et
1322 4891 1663 4948 quanquam
1693 4877 1859 4930 atate
1892 4870 2129 4945 juvenis

464 4966 640 5029 esset,
688 4963 956 5021 doctrina
1001 4970 1058 5020 et
1106 4964 1414 5037 sapientia,
1447 4980 1797 5037 morumque
1847 4961 2130 5038 gravitate

469 5051 992 5128 prudentissimus,
1011 5053 1255 5109 senibus
1278 5053 1491 5125 aequari
1518 5056 1760 5125 poterat.
1778 5050 2010 5108 Electus
2032 5068 2132 5108 au-

463 5148 585 5200 tem
617 5143 807 5199 fuerat
833 5142 1183 5199 Aistateusis
1231 5142 1549 5216 episcopus
1589 5159 1742 5199 anno
1775 5143 1933 5210 1052,
1968 5140 2125 5197 illius

463 5231 601 5291 cleri
632 5248 944 5301 consensu,
965 5231 1023 5287 in
1051 5230 1306 5289 maxima
1324 5232 1487 5305 apud
1514 5247 1718 5287 omnes
1750 5229 1981 5304 imperii
2005 5245 2132 5302 pro-

464 5338 625 5378 ceres
644 5321 987 5377 auctoritate
1009 5320 1089 5377 ita
1126 5325 1189 5376 ut
1222 5321 1512 5394 praecipue
1544 5322 1674 5393 ejus
1697 5318 1940 5375 consilio
1973 5318 2128 5375 Hen-

465 5409 619 5465 ricus
664 5410 977 5484 imperator
1024 5414 1300 5466 uteretur.
1335 5409 1494 5465 Tulit
1546 5412 1784 5481 gravate
1815 5407 2128 5477 Henricus,

462 5500 528 5554 ut
559 5501 787 5555 tantum
821 5501 1011 5556 virum
1044 5506 1096 5555 e2.
1131 5504 1250 5555 tim
1286 5499 1469 5554 fidum
1501 5497 1760 5555 amicum
1805 5496 2126 5554 amitteret.

467 5585 631 5651 Hunc
660 5585 839 5661 igitur
865 5587 1317 5659 Hildebrandus,
1343 5587 1479 5645 licet
1509 5587 1785 5656 invitum,
1814 5603 1969 5645 anno
1993 5586 2123 5660 jam

2228 4245 2310 4302 tia
2338 4249 2395 4302 et
2441 4243 2643 4318 populi
2688 4243 2871 4299 totius
2926 4241 3137 4317 plausu
3197 4248 3491 4317 exceptus,
3526 4243 3586 4300 in
3647 4242 3889 4302 basilica

2230 4334 2431 4390 Sancti
2482 4332 2631 4389 Petri
2678 4332 2983 4401 Vaticana,
3038 4332 3445 4405 episcoporum
3496 4333 3891 4389 cardinalium

2233 4421 2580 4488 ministerio,
2605 4421 2852 4479 Romani
2876 4421 3272 4494 pontificatus,
3293 4420 3434 4477 feria
3455 4422 3670 4495 quinta
3690 4422 3755 4479 in
3776 4426 3893 4479 Coa-

2234 4529 2310 4569 na
2334 4510 2581 4578 Domini,
2610 4511 2813 4569 Idibus
2834 4510 3077 4583 Aprilis,
3102 4509 3360 4584 insignia
3379 4528 3513 4567 cum
3534 4509 3800 4576 Victoris
3819 4528 3896 4568 se-

2233 4600 2414 4658 cundi
2435 4599 2671 4656 nomine
2694 4599 2971 4672 suscepit,
2995 4616 3149 4657 anno
3180 4599 3411 4656 Domini
3436 4600 3576 4675 1055
3600 4618 3719 4674 per
3742 4601 3895 4673 May-

2235 4691 2485 4749 nardum
2507 4693 2563 4747 S.
2586 4690 2858 4745 Romanae
2881 4688 3151 4747 Ecclesiae
3173 4688 3679 4761 archidiaconum,
3695 4695 3757 4747 et
3776 4690 3897 4746 lau-

2237 4779 2543 4836 datissime
2573 4778 2763 4843 eidem
2795 4795 2982 4836 annos
3013 4778 3163 4836 duos
3196 4795 3428 4836 menses
3459 4782 3598 4846 tres,
3626 4780 3765 4836 dies
3786 4793 3902 4835 sex-

2237 4869 2449 4935 decim,
2480 4867 2725 4925 Henrico
2755 4867 2926 4945 tsrtio
2957 4871 3016 4924 et
3045 4868 3174 4941 ejus
3222 4867 3342 4924 filio
3390 4867 3642 4925 Henrico
3696 4872 3901 4943 quarto

2237 4957 2535 5033 Augustis,
2569 4955 2821 5030 praefuit.
2856 4955 3040 5013 Urbes
3072 4954 3317 5030 aliquot,
3351 4972 3514 5015 arces
3558 4960 3616 5014 et
3664 4957 3901 5033 oppida,

2238 5047 2503 5104 Ecclesiae
2535 5047 2807 5103 Romanae
2838 5045 3133 5119 prioribus
3159 5044 3391 5103 saeculis
3413 5045 3638 5109 amissa
3671 5062 3907 5120 recupe-

2239 5136 2406 5193 ravit.
2433 5135 2534 5192 Hic
2555 5135 2766 5193 Leonis
2788 5134 3235 5208 praedecessoris
3256 5133 3346 5191 sui
3367 5134 3616 5209 vestigia
3638 5141 3904 5204 secutus,

2239 5231 2586 5300 prmsentem
2637 5224 2908 5283 Ecclesiae
2957 5228 3179 5282 statum
3228 5224 3462 5280 ﬁrmare
3512 5224 3806 5297 perrexit,
3846 5240 3909 5282 ac

2240 5319 2547 5391 propterea
2575 5314 2770 5372 subito
2809 5317 3168 5373 conventum
3199 5311 3499 5369 Florentiae
3547 5310 3794 5385 indixit,
3825 5316 3908 5370 at-

2240 5421 2353 5478 que
2383 5421 2448 5461 eo
2479 5404 2659 5462 etiam
2688 5403 3004 5463 Henricum
3052 5402 3466 5477 imperatorem
3514 5402 3819 5475 invitavit,
3852 5400 3910 5459 in

2243 5511 2358 5567 quo
2387 5493 2533 5566 ipse,
2566 5493 2669 5566 qui
2699 5493 3023 5551 acerrimus
3054 5492 3192 5550 cleri
3225 5507 3434 5549 censor
3466 5494 3524 5549 et
3555 5491 3913 5549 reformator

2245 5586 2395 5655 erat;
2432 5599 2567 5642 cum
2597 5581 2917 5659 imperator
2945 5583 3056 5644 sub
3082 5583 3301 5643 festum
3321 5580 3707 5640 Pentecostes
3725 5578 3915 5643 venis-
