4080 6176
285 275 397 352 801

1587 299 1908 362 NOTITIA
1956 280 2400 363 ms'roatcx.

3587 308 3708 371 802

289 428 381 480 set
411 442 569 480 anno
600 427 741 481 1056
769 430 826 483 et
855 426 1101 484 concilio
1130 427 1511 500 interfuisset,
1540 433 1758 487 multos
1798 435 1949 505 epis—
1981 437 2032 502 Α
2067 434 2211 500 buit,
2231 451 2294 487 ac
2319 435 2692 504 tertiumjam
2721 436 3049 506 Bererfgarii
3072 437 3403 510 epiniOnem
3421 439 3710 500 detestan-

287 530 490 586 copos,
528 515 865 572 Simoniaca
907 517 1038 573 labe
1068 519 1323 585 affectos,
1362 524 1417 575 et
1465 520 1522 575 in
1574 521 1952 576 fornicatione

293 601 697 674 deprehensos
729 606 1138 679 convictosque
1164 609 1481 677 damnavit,
1513 626 1576 665 ac
1608 609 1952 683 episcopati-

287 691 400 746 bus
430 693 671 748 amovit.
709 694 1064 768 Clerumque
1107 697 1334 753 monuit
1385 698 1524 770 quid
1578 699 1951 770 potissimum

289 780 381 836 'sui
428 781 696 838 muneris
749 788 922 848 esset,
959 802 1131 857 poena
1180 785 1374 859 legum
1426 787 1952 844 ecclesiasticarum

286 872 836 942 transgressoribus
866 874 1141 946 irrogata.

357 960 578 1015 Eodem
631 961 808 1016 etiam
859 967 1140 1035 tempore,
1170 963 1628 1020 Hildebrandum
1683 966 1755 1020 ob
1805 964 1860 1019 id
1893 964 1951 1018 in

290 1048 599 1104 Franciam
631 1067 665 1105 a
693 1051 920 1106 Victore
952 1051 1204 1124 legatus,
1232 1070 1435 1125 graves
1467 1054 1744 1110 adversus
1769 1054 1826 1109 Si
1838 1071 1955 1108 mo-

288 1137 492 1194 niacos
535 1142 593 1193 et
629 1137 964 1206 Nicolaitas,
1009 1142 1358 1212 quaestiones
1405 1144 1680 1212 exercuit,
1702 1159 1953 1215 cumque

290 1243 392 1282 sex
425 1227 737 1299 episcopos
769 1227 980 1283 horum
1031 1230 1344 1286 criminum
1395 1232 1739 1288 manifestos
1787 1233 1954 1288 dam-

292 1320 515 1382 nasset,
568 1315 1041 1373 Ebredunensem
1104 1319 1640 1394 archiepiscOpum,
1693 1321 1954 1377 simoniaa

293 1421 484 1464 reum.
529 1410 586 1460 et
636 1405 1009 1478 impudenter
1058 1409 1432 1478 inﬁcientem,
1478 1427 1652 1483 quem
1706 1412 1956 1466 testibus

296 1510 614 1566 coarguere
657 1507 771 1551 n0n
821 1501 1068 1569 poterat,
1104 1503 1228 1554 arte
1277 1498 1542 1555 convicit.
1569 1501 1956 1565 Quemadmo-

300 1583 447 1637 dum
478 1599 605 1638 cum
642 1583 755 1639 sibi
809 1603 1080 1642 narrasse
1112 1587 1314 1643 Petrus
1344 1587 1611 1643 Damiani
1665 1590 1956 1644 memoria:

299 1671 600 1743 prodidit:
633 1673 848 1728 etenim
901 1675 955 1729 in
1005 1682 1322 1748 conspectu
1373 1677 1692 1733 multorum
1719 1697 1734 1731 :
1761 1701 1786 1726 ‹‹
1817 1683 1955 1750 Age,

296 1760 463 1826 dum,
496 1760 712 1832 inquit,
765 1764 1000 1834 quando
1037 1770 1090 1820 te
1122 1764 1412 1820 insontem
1465 1765 1646 1836 hujus
1697 1767 1961 1821 criminis

288 1850 520 1920 jactas,
573 1851 642 1904 ad
704 1853 934 1908 noxiam
995 1855 1342 1925 expiandam
1403 1855 1718 1927 pronuntia
1775 1856 1957 1910 Gloria

295 1938 478 2004 Patri,
524 1943 578 1994 et
617 1940 761 1995 Filio
811 1950 864 1996 et
911 1941 1150 2013 Spiritui
1196 1947 1399 1998 sancto.
1432 1943 1578 1998 Tum
1625 1944 1958 2015 episcopus,

293 2032 461 2082 ratus
494 2045 556 2084 se
583 2045 649 2084 eo
680 2029 833 2086 dicto
878 2031 1160 2103 gravioris
1193 2031 1433 2104 periculi
1460 2032 1749 2102 judicium
1786 2049 1958 2087 omne

296 2116 753 2188 declinaturum,
780 2122 1160 2191 pronuntiare
1192 2121 1463 2187 instituit,
1493 2138 1558 2176 ac
1588 2122 1772 2176 Gloria
1803 2124 1962 2176 Patri

299 2211 351 2260 et
380 2207 522 2262 Filio
556 2207 703 2262 dixit
736 2225 748 2263 :
784 2210 1024 2281 Spiritui
1061 2219 1268 2277 sancto,
1303 2227 1642 2282 quanquam
1683 2228 1834 2282 saepe
1864 2228 1956 2266 co-

301 2300 500 2360 natus,
533 2297 803 2368 expedire
847 2315 958 2353 non
995 2299 1201 2370 potuit.
1237 2299 1652 2370 Creditumque
1683 2304 1789 2364 est,
1824 2300 1962 2371 quia

299 2383 362 2438 in
395 2385 824 2441 nundinatione
852 2391 1211 2453 sanctorum,
1240 2387 1540 2459 speciatim
1571 2387 1803 2443 laeditur
1833 2389 1961 2460 Spi-

301 2473 454 2528 ritus
486 2478 752 2540 sanctus,
785 2478 849 2530 ut
880 2477 1008 2547 ejus
1041 2475 1224 2547 culpae
1257 2475 1595 2548 participem
1631 2477 1822 2532 dicere
1856 2493 1962 2533 ne-

302 2562 521 2634 quivit;
557 2563 848 2635 siquidem
873 2569 1075 2636 postea
1099 2581 1275 2637 quam
1305 2569 1606 2637 peccatum
1632 2583 1804 2621 suum
1832 2583 1964 2621 con-

306 2651 501 2707 fessus
533 2655 640 2729 est,
675 2652 802 2708 sine
833 2652 953 2709 ulla
983 2652 1354 2709 cunctatione
1384 2655 1856 2726 pronuntiavit.»

373 2739 578 2797 Victor
611 2741 889 2812 pontifex,
923 2759 1058 2797 cum
1093 2743 1506 2814 Berengarium
1553 2747 1686 2815 post
1717 2747 1965 2799 mortem

308 2830 520 2886 Leonis
551 2831 624 2886 ad
663 2832 930 2887 eamdem
981 2832 1171 2887 redire
1220 2831 1510 2887 insaniam
1561 2833 1964 2905 comperisset,

315 2925 494 2991 atque
529 2920 600 2975 ab
631 2935 697 2976 eo
730 2920 948 2975 multos
978 2920 1034 2975 in
1073 2921 1314 2976 Francia
1356 2921 1414 2975 in
1464 2938 1716 2977 errorem
1771 2921 1967 2976 induci

310 3007 565 3075 audiret,
602 3009 893 3080 profectus
925 3025 990 3065 eo
1023 3013 1367 3065 conventum
1401 3010 1459 3063 in
1491 3009 1828 3065 Turonibus
1862 3010 1970 3065 ha—

2062 525 2178 576 tem
2210 525 2550 577 mntutmit.
2588 523 2718 578 Fuit
2745 524 2840 580 hic
2884 525 3269 599 Bercngarius
3312 530 3500 599 patria
3525 534 3708 590 Turo-

2064 611 2285 675 nensis,
2338 611 2783 666 archidiaconus
2839 614 3289 686 Andegavensis,
3338 620 3434 689 qui
3486 621 3710 691 primus

2063 699 2328 754 hmresim
2362 704 2563 756 contra
2610 701 2863 756 divinam
2919 704 3330 761 eucharistiam
3382 710 3707 777 miseitavit,

2061 804 2240 858 quam
2272 789 2444 843 toties
2475 790 2834 856 damnatam,
2863 792 3038 846 etiam
3076 800 3270 848 nostro
3299 797 3511 853 saeculo
3540 799 3711 854 Zuin-

2062 874 2237 948 glius.
2262 876 2732 949 [Ecolampadius
2758 884 2809 933 et
2829 879 3100 935 Calvinus
3127 884 3524 946 restituerunt.
3545 905 3714 944 auxe-

2062 969 2200 1018 runt
2228 969 2282 1019 et
2313 972 2725 1037 propagarunt.
2751 967 2895 1023 Data
2922 973 3011 1023 est
3042 970 3388 1042 Berengnrio
3421 977 3579 1044 optio
3609 977 3712 1031 de-

2064 1053 2336 1108 fendendi
2368 1055 2700 1126 opinionem
2753 1073 2950 1125 suam;
2987 1075 3158 1129 quam
3212 1077 3343 1114 cum
3399 1062 3711 1119 defenden-

2063 1143 2194 1197 dam
2231 1143 2528 1215 suscipere
2575 1161 2689 1200 non
2740 1146 2997 1214 auderet,
3034 1150 3336 1203 confessus
3383 1155 3470 1205 est
3515 1168 3710 1209 coram

2065 1231 2334 1286 omnibus
2367 1248 2740 1286 communem
2776 1233 3040 1288 Ecclesize
3077 1237 3271 1291 fidem.

2138 1320 2274 1374 Inde
2305 1321 2639 1376 Turonibus
2669 1322 2724 1376 in
2753 1323 3060 1377 Saxoniam
3089 1325 3159 1378 ab
3185 1326 3532 1396 imperatore
3561 1329 3712 1386 Hen-
3757 1327 3764 1336 ’

2065 1408 2183 1462 rieo
2216 1408 2513 1474 invitatus,
2539 1414 2714 1481 atque
2737 1411 3065 1464 admirabili
3091 1414 3353 1468 omnium
3386 1417 3712 1489 principum

2067 1514 2352 1552 concursu
2405 1504 2700 1570 exceptus,
2735 1499 3028 1560 Goslarim,
3063 1518 3192 1555 eum
3228 1519 3293 1557 eo
3346 1503 3715 1562 Nativitatem

2057 1586 2322 1657 Virginis
2355 1586 2684 1642 celebravit.
2718 1588 2915 1659 Neque
2946 1589 3022 1641 ita
3067 1589 3240 1659 paulo
3272 1597 3406 1662 post
3435 1592 3720 1651 Henricus

2068 1691 2216 1729 saevo
2267 1675 2470 1730 morbo
2520 1675 2860 1747 implicitus,
2900 1695 2961 1732 ιιι
3015 1695 3197 1733 nonas
3247 1680 3532 1749 Octobris,
3567 1701 3720 1740 anno

2069 1763 2292 1819 Domini
2329 1765 2486 1831 1056,
2522 1769 2765 1818 mortem
2820 1765 2941 1836 ipse
2989 1768 3259 1838 oppetiit;
3311 1772 3464 1840 apud
3520 1773 3720 1830 Folde-

2068 1869 2196 1906 rum
2244 1852 2302 1905 in
2351 1853 2616 1919 Saxonia,
2654 1853 2840 1907 zetatis
2871 1855 2957 1906 30.
2995 1855 3180 1919 llujus
3232 1873 3444 1928 corpus
3490 1859 3719 1930 Spiram

2071 1941 2257 2007 evehi,
2291 1957 2355 1995 ac
2387 1941 2515 2012 ipso
2547 1947 2829 2012 przesente
2875 1942 3189 1998 honoritire
3222 1944 3467 2016 sepelire
3499 1947 3632 2003 fecit
3661 1949 3720 2004 in

2072 2030 2291 2102 tempto
2321 2029 2502 2083 beata:
2534 2029 2787 2101 Virginis
2829 2030 2900 2083 ab
2953 2047 3013 2084 se
3063 2038 3377 2100 exstructo,
3406 2035 3578 2105 juxta
3623 2053 3723 2108 pa-

2064 2121 2214 2172 trem
2249 2134 2422 2173 suum
2453 2116 2748 2188 sepultum
2775 2123 2879 2172 est.
2909 2119 3135 2189 Imperii
3175 2120 3376 2178 titulos
3409 2124 3536 2192 ejus
3569 2124 3725 2182 {ilius

2071 2207 2351 2261 Henricus
2387 2206 2457 2260 IV
2488 2206 2748 2277 suscepit
2777 2208 3080 2278 tenuitque
3112 2225 3297 2265 annos
3326 2228 3508 2284 prope
3535 2215 3624 2269 50.

2143 2295 2424 2350 Caeterum
2457 2294 2656 2349 Victor
2685 2295 2859 2350 rebus
2905 2296 3173 2350 Ecclesiae
3222 2302 3386 2355 trans
3432 2300 3624 2372 Alpes,
3660 2309 3728 2359 ut

2071 2388 2195 2438 tum
2230 2383 2396 2437 licuit
2425 2383 2787 2451 constitutis,
2824 2383 3068 2438 solemni
3121 2386 3384 2441 natalitio
3427 2405 3559 2444 cum
3593 2407 3727 2464 rege

2065 2475 2279 2543 juvene
2311 2472 2648 2538 constituto,
2677 2472 3008 2545 Ratisponte
3031 2479 3285 2544 peracto,
3312 2475 3560 2546 Italiam,
3581 2481 3728 2545 Qua-

2074 2561 2404 2633 dragesimo
2451 2559 2688 2616 ineunte
2735 2561 2983 2633 repetiit,
3017 2567 3192 2634 atque
3239 2563 3539 2621 Florentiae
3588 2569 3728 2623 sub-

2076 2651 2246 2716 stitit,
2279 2651 2376 2704 ubi
2437 2655 2555 2705 tota
2606 2651 2720 2706 fere
2753 2655 2919 2706 aetate
2965 2657 3378 2708 commoratus.
3407 2659 3574 2710 Anno
3616 2657 3726 2712 Do-

2076 2739 2304 2794 minieze
2347 2739 2666 2793 nativitatis
2714 2739 2870 2807 1057,
2895 2758 2932 2795 v
2962 2739 3084 2794 Kal.
3118 2741 3384 2813 Augusti,
3417 2759 3568 2815 papa
3597 2744 3726 2800 Vic-

2077 2835 2166 2884 tor
2195 2829 2241 2884 ΙΙ
2275 2827 2574 2883 Florentia:
2606 2829 2929 2883 Tuscorum
2984 2834 3248 2885 mortuus
3297 2835 3402 2885 est.
3434 2832 3570 2902 Ejus
3601 2849 3730 2889 cor-

2081 2935 2192 2989 pus
2231 2918 2288 2971 in
2321 2916 2564 2972 ecclesia
2610 2916 2926 2971 cathedrali
2977 2917 3034 2972 S.
3087 2919 3375 2990 Separata:
3427 2921 3728 2978 Florentia:

2083 3005 2378 3079 sepultum
2413 3010 2520 3060 est.
2553 3005 2791 3060 Vacavit
2822 3007 2989 3061 sedes
3019 3007 3143 3062 dies
3173 3013 3442 3080 quatuor.

1517 3285 1982 3375 ΝΟΤΙΤΙᾹ
2041 3287 2508 3373 ALTERA.

1295 3438 1484 3510 (Apud
1517 3438 1729 3505 MANSI,
1763 3438 2134 3494 Conciliorum
2155 3437 2362 3493 collect.
2380 3479 2394 3503 ,
2421 3435 2566 3506 XIX,
2593 3436 2743 3505 833.)

381 3669 603 3736 Victor,
638 3669 731 3725 cui
763 3686 973 3726 nomen
1008 3670 1388 3726 Gehehardus
1425 3675 1550 3724 erat
1590 3669 1972 3740 Ecclesiaeque
2005 3669 2046 3735 C
2087 3684 2297 3739 passus
2329 3671 2416 3723 est
2437 3667 2788 3723 horrendam
2813 3668 3221 3740 proditionem,
3246 3685 3378 3724 cum
3404 3671 3470 3724 ad
3496 3671 3624 3740 ejus
3656 3671 3738 3726 in-

303 3758 632 3814 Eistetensi
681 3775 895 3832 magna
927 3777 1058 3814 cum
1104 3759 1353 3814 utilitate
1401 3759 1968 3830 praesidebat,jussu

298 3847 451 3902 cieri
482 3847 728 3903 Romani
761 3865 862 3920 per
888 3847 1370 3913 Ilil‘lebrandum,
1395 3847 1661 3902 Ecclesiae
1694 3848 1970 3902 Romana:

300 3936 768 4007 subdiaconum,
803 3938 874 3993 ab
926 3938 1276 4009 imperatore
1329 3937 1680 4009 postulatus,
1724 3937 1968 3992 Romam

299 4025 649 4095 adducitur,
672 4031 730 4081 et
757 4043 1046 4082 consensu
1077 4025 1328 4081 universi
1355 4024 1494 4080 cleri
1520 4041 1587 4079 ac
1612 4025 1809 4096 populi
1836 4039 1973 4095 pon-

299 4113 473 4179 tifex,
510 4131 664 4169 anno
696 4115 926 4170 Domini
955 4116 1110 4182 1055,
1135 4119 1398 4186 tempore
1427 4112 1659 4168 Henrici
1692 4115 1765 4167 ΙΙΙ
1793 4112 1972 4184 impc-

303 4202 550 4270 ratoris,
572 4202 830 4276 eligitur,
864 4209 920 4258 et
948 4203 1008 4258 in
1041 4204 1131 4258 die
1164 4219 1337 4259 coenae
1369 4201 1602 4257 Domini
1632 4201 1974 4257 solemniter

300 4294 710 4348 consecratur.
756 4292 846 4346 Ab
892 4293 1242 4364 imperatore
1289 4308 1424 4346 eum
1475 4290 1585 4346 sibi
1634 4290 1970 4362 praesentari

301 4380 714 4452 postularunt,
749 4382 1024 4452 quoniam
1068 4381 1123 4435 in
1175 4379 1433 4436 Ecclesia
1472 4380 1755 4450 Romana,
1788 4384 1853 4434 ut
1881 4379 1969 4434 in-

302 4468 442 4541 quit
498 4469 608 4525 Leo
657 4469 952 4535 ostiensis,
1002 4486 1252 4541 persona
1302 4469 1374 4524 ad
1423 4473 1656 4524 tantum
1713 4467 1970 4524 officium

304 4559 526 4613 idonea
556 4557 798 4630 reperiri
833 4575 948 4614 non
981 4562 1225 4631 poterat.

385 4647 474 4702 Ad
506 4646 885 4719 corrigendos
934 4662 1141 4719 pravos
1189 4663 1334 4703 usus
1367 4645 1631 4701 Ecclesia:
1663 4644 1971 4701 Gallicanae

307 4751 647 4809 causasque
667 4737 1060 4808 quorumdam
1084 4736 1495 4807 episcoporum
1515 4735 1974 4806 cognoscendas,

309 4824 802 4895 Hildebrandum,
825 4826 1102 4882 Romanae
1121 4825 1388 4881 Ecclesiae
1408 4824 1837 4880 subdiaconum
1857 4840 1974 4878 car-

305 4913 600 4984 dinalem,
632 4915 734 4986 qui
781 4919 986 4987 postea
1031 4916 1226 4971 factus
1272 4919 1361 4970 est
1405 4913 1684 4985 pontifex,
1739 4913 1974 4968 nomine

309 5003 635 5076 Gregorius
664 5003 787 5071 VII,
809 5003 1067 5076 legatum
1091 5021 1124 5059 a
1143 5003 1322 5059 latere
1341 5002 1400 5057 in
1423 5001 1641 5058 Gallias
1662 5000 1972 5073 ablegavit,

308 5092 418 5163 qui
451 5093 724 5164 Lugduni
757 5094 834 5165 (1)
865 5092 1083 5148 indicto
1121 5090 1367 5148 concilio
1403 5091 1766 5162 episcopum,
1797 5091 1867 5145 de
1898 5089 1974 5144 si-

312 5181 518 5236 monia
548 5187 912 5250 accusatum,
947 5181 1302 5237 miraculose
1341 5181 1413 5236 ad
1449 5178 1748 5250 propriam
1782 5176 1976 5233 delicti

314 5270 748 5327 confessionem
782 5271 995 5342 adegit,
1020 5271 1162 5326 dum
1187 5271 1395 5341 jussus
1418 5268 1664 5324 recitare
1691 5266 1976 5338 hymnum

313 5357 781 5431 gloriﬁcationis,
816 5359 877 5414 in
909 5375 1004 5428 eo,
1027 5367 1079 5416 et
1116 5360 1356 5431 Spiritui
1389 5365 1572 5413 sancto
1602 5371 1976 5428 nequaquam

317 5447 702 5519 pronuntiare
724 5448 1036 5520 potuisset.
1053 5451 1217 5506 Anno
1243 5446 1617 5521 pontiﬁcatus
1639 5445 1730 5502 sui
1763 5445 1976 5518 primo,

2082 3757 2316 3812 teritum
2343 3757 2743 3812 subdiaconus
2766 3757 3005 3827 quidam
3025 3773 3334 3826 venenum,
3352 3757 3506 3811 dictu
3533 3775 3736 3828 paven-

2081 3846 2254 3900 dum!
2291 3845 2347 3899 in
2382 3861 2614 3900 sacrum
2642 3843 2880 3898 calicem
2915 3843 3180 3898 immisit.
3207 3844 3317 3898 Sed
3341 3844 3496 3898 Deus
3517 3845 3734 3917 duplici

2081 3933 2364 3989 miraculo
2397 3949 2467 3987 ne
2497 3932 2755 4003 pontifex
2776 3931 2999 3987 biberet
3019 3932 3268 4000 obstitit,
3293 3937 3352 3988 et
3383 3934 3530 3989 tanti
3553 3934 3734 3989 sacri-

2080 4021 2215 4094 legii
2249 4026 2547 4077 auctorem
2581 4021 2813 4075 detexit.
2849 4021 3196 4076 Lambertus
3241 4039 3360 4076 rem
3395 4027 3619 4093 gestam
3653 4023 3736 4079 sic

2081 4110 2357 4165 describit
2392 4127 2403 4164 :
2433 4132 2459 4158 ‹‹
2488 4109 2654 4177 ΙλΙυίο,
2702 4125 2911 4180 nempe
2940 4109 3154 4165 Victori
3205 4127 3388 4183 papae,
3425 4112 3734 4168 subdiaco-

2081 4217 2192 4254 nus
2224 4199 2481 4254 toxicum
2515 4199 2571 4253 in
2599 4197 2836 4253 calicem
2859 4199 3051 4267 misit;
3087 4216 3261 4271 quem
3286 4217 3417 4255 cum
3451 4201 3575 4272 ipse
3606 4207 3740 4273 post

2081 4288 2577 4343 consecrationem
2610 4287 2798 4342 levare
2829 4287 3022 4355 vellet,
3048 4305 3151 4344 nec
3193 4295 3411 4360 posset,
3435 4307 3469 4345 a
3499 4290 3735 4346 domino

2080 4394 2319 4432 causam
2366 4377 2501 4431 facti
2551 4377 3122 4447 inquisiturus,cum
3172 4377 3386 4448 populo
3417 4379 3486 4433 ad
3521 4378 3735 4433 oratio-

2083 4483 2214 4521 nem
2257 4465 2666 4537 prosternitur,
2699 4465 3014 4535 statimque
3067 4467 3347 4521 toxicator
3394 4483 3428 4519 a
3474 4467 3734 4521 daemone

2083 4555 2379 4626 arripitur.
2434 4557 2519 4609 Ita
2575 4554 2754 4626 igitur
2803 4571 2981 4609 causa
3039 4554 3428 4620 manifestata,
3479 4554 3736 4609 domnus

2083 4660 2233 4715 papa
2254 4642 2491 4698 calicem
2517 4659 2650 4698 cum
2675 4641 2963 4712 sanguine
2981 4639 3282 4696 Dominico
3305 4641 3541 4696 cuidam
3565 4640 3732 4697 altari

2073 4733 2258 4803 jussit
2289 4731 2528 4797 includi,
2563 4738 2620 4787 et
2667 4749 2769 4802 pro
2821 4729 3087 4801 reliquiis
3126 4729 3186 4784 in
3220 4735 3564 4802 perpetuum
3595 4747 3733 4787 con-

2082 4822 2322 4877 servari.
2358 4821 2576 4876 Deinde
2606 4819 2816 4874 iterum
2847 4835 2981 4873 cum
3013 4819 3228 4890 populo
3265 4821 3467 4875 tandiu
3499 4821 3571 4876 ad
3601 4837 3734 4877 ora-

2085 4911 2299 4965 lionem
2340 4909 2749 4981 prosternitur,
2778 4923 3087 4980 quousque
3126 4909 3526 4966 subdiaconus
3556 4927 3591 4966 a
3620 4910 3734 4966 dte-

2085 4998 2280 5054 monio
2312 4998 2675 5053 liberaretur.
2703 5020 2731 5049 ››
2763 4997 2892 5054 Haec
2939 4998 3286 5055 Lambertus
3327 4999 3732 5072 Uspergensis,

2087 5087 2254 5143 aliive
2287 5087 2503 5158 plures.

2156 5177 2240 5230 Ab
2273 5175 2518 5231 Henrico
2562 5175 2918 5246 imperatore
2951 5177 3136 5231 Roma
3177 5179 3467 5239 evocatus,
3501 5175 3562 5228 in
3593 5173 3736 5229 Ger-

2086 5265 2346 5320 maniam
2388 5264 2627 5320 veniens
2678 5280 2831 5318 anno
2885 5264 3257 5334 pontiﬁcatus
3309 5263 3404 5318 sui
3453 5264 3734 5329 secundo,

2083 5353 2295 5410 Christi
2325 5351 2731 5425 Redemptoris
2766 5353 3160 5421 1056,invenit
3179 5368 3312 5406 eum
3339 5352 3498 5424 gravi
3531 5351 3734 5407 morbo

2084 5443 2470 5512 laborantem,
2504 5447 2561 5501 et
2581 5443 2708 5514 jam
2737 5440 2995 5497 animam
3027 5444 3317 5514 agentem.
3337 5439 3560 5497 Accidit
3589 5438 3734 5497 illud

388 5591 467 5672 (1)
499 5591 564 5649 In
598 5591 785 5653 Gallia
814 5592 1055 5670 quidem
1085 5590 1496 5671 Lugdunensi;
1529 5590 1632 5648 sed
1659 5605 1771 5666 quo
1802 5589 1949 5661 loco,
1981 5587 2291 5648 incertum.
