4088 6174
445 279 561 350 803

1774 272 2141 343 VICTORIS
2184 281 2240 344 II
2282 279 2510 344 PAPIE

3728 292 3838 356 804

444 414 573 471 sine
601 412 779 470 dubio
819 408 1105 485 singulari
1152 409 1255 468 Dei
1302 409 1509 486 gratia.
1551 411 1695 467 Nam
1748 413 1918 483 paulo
1962 419 2091 485 post
2118 429 2171 494 Α
2203 415 2576 482 Theatinum,
2613 418 2710 488 qui
2754 416 2977 491 legatos
3000 418 3504 494 Constantinopoli
3532 423 3837 482 redeuntes

444 520 623 576 quam
671 518 867 559 coram
926 500 1199 574 pontiﬁce
1246 504 1614 572 peccatorum
1644 502 2086 558 confessionem

441 592 678 666 egisset,
702 590 898 647 ablata
916 589 1290 655 restituisset,
1305 588 1378 645 ab
1398 588 1727 645 astantibus
1746 590 1975 645 veniam
1999 607 2090 662 pe-

441 678 687 747 tivisset,
721 676 1032 748 ﬁliumque
1060 676 1374 732 Henricum
1406 675 1597 730 adhuc
1626 677 2088 748 quinquennem,

441 769 516 825 ab
537 766 884 824 electoribus
901 771 1040 821 tunc
1062 764 1448 838 praesentibus
1468 781 1663 836 regem
1682 766 2088 837 constitutum,

440 857 833 927 Romanaeque
861 854 1130 910 Ecclesiae
1163 854 1660 921 commendatum,
1700 855 1909 910 Victori
1948 874 2088 927 pon-

438 946 580 1003 tifici
609 943 937 1011 obtulisset,
971 959 1183 1016 magno
1213 941 1317 998 Dei
1356 943 1637 999 beneﬁcio
1667 960 1770 1017 per
1815 946 2087 1001 eumdem

437 1033 697 1090 animam
729 1048 899 1087 suam
944 1032 1054 1087 Deo
1097 1030 1331 1098 obtulit,
1367 1046 1501 1086 cum
1551 1032 1722 1088 annis
1769 1034 2089 1089 octodecim

433 1121 493 1177 in
526 1119 770 1192 imperio
802 1122 1123 1191 regnasset.
1156 1121 1372 1193 Agnes,
1408 1125 1695 1192 Augusta,
1731 1126 1920 1178 mater
1948 1139 2086 1195 pue-

434 1226 563 1265 rum
598 1209 834 1282 quidem
868 1207 1135 1281 religiose
1185 1208 1432 1264 educare
1462 1209 1665 1280 cmpit;
1708 1210 1808 1265 sed
1856 1228 1988 1266 cum
2019 1228 2089 1268 ex

431 1298 672 1371 ephebis
702 1298 1068 1363 excessisset,
1110 1297 1443 1352 abstractus
1474 1314 1508 1352 a
1541 1301 1745 1367 matre,
1780 1299 1968 1354 factus
1998 1305 2089 1356 est

430 1386 618 1443 hostis
651 1386 922 1442 Romanae
970 1384 1260 1452 Ecclesiae,
1289 1387 1458 1457 cujus
1489 1385 1789 1453 beneficio,
1822 1403 1925 1459 per
1952 1388 2084 1444 Vic-

426 1479 614 1532 torem
663 1475 1013 1541 Romanum,
1064 1489 1311 1547 regnum
1364 1474 1687 1529 Germaniae
1736 1481 2083 1533 consecutus

428 1565 638 1621 fuerat.
669 1564 835 1619 Anno
864 1566 1164 1635 sequente,
1196 1579 1264 1617 ex
1308 1561 1627 1619 Germania
1655 1562 1715 1617 in
1750 1563 1962 1621 Urbem
1994 1582 2082 1622 re-

426 1669 665 1724 versus,
729 1650 1254 1708 excommunicavit
1314 1651 1775 1708 Trasimundum
1805 1654 2080 1710 comitem

2202 503 2570 575 spoliaverat.

2272 593 2460 665 Hujus
2506 594 2890 667 temporibus,
2930 614 3145 670 magno
3194 600 3375 656 totius
3422 600 3836 662 Germanorum

2200 681 2462 737 Ecclesiae
2493 682 2793 751 beneficio,
2826 691 3065 742 sanctus
3094 690 3260 745 Anno
3290 690 3348 744 in
3382 690 3660 748 cathedra
3689 692 3840 750 Colo-

2199 771 2387 826 niensi
2418 770 2734 828 collocatur
2777 773 3278 848 archiepiscopus;
3311 779 3413 850 qui
3468 781 3712 837 Henrico
3739 782 3844 839 im-

2197 860 2471 931 peratori,
2522 878 2556 916 a
2601 877 2718 933 quo
2773 863 3027 935 graviter
3079 867 3502 940 exagitabatur,
3540 874 3841 942 propterea

2198 947 2354 1019 quod
2399 947 2578 1004 libere
2625 966 2758 1005 eum
2809 952 3276 1024 reprehenderet,
3311 956 3575 1014 futurum
3618 958 3836 1017 obitum

2196 1036 2482 1108 praedixit.

2267 1125 2588 1184 Defunctus
2619 1133 2710 1184 est
2734 1128 2931 1186 Victor
2962 1149 3112 1204 papa
3142 1132 3462 1204 Florentiae,
3494 1152 3649 1194 anno
3679 1137 3836 1194 Chri-

2196 1214 2295 1281 sti,
2327 1216 2484 1281 1057,
2517 1217 2612 1273 die
2653 1219 2724 1274 28
2762 1218 2924 1286 Julii,
2960 1237 3094 1276 cum
3142 1222 3390 1279 sedisset
3435 1241 3622 1281 annos
3673 1226 3831 1294 duos,

2197 1319 2431 1360 menses
2459 1309 2599 1372 tres,
2631 1310 2688 1361 et
2720 1307 2844 1362 dies
2875 1308 3210 1380 quindecim
3244 1329 3258 1366 :
3300 1312 3567 1383 sepultus
3596 1319 3692 1370 est
3717 1314 3831 1372 loco

2195 1392 2399 1448 eodem
2432 1409 2549 1465 quo
2597 1394 2838 1452 obierat.
2871 1397 3131 1453 Cessavit
3176 1399 3572 1473 episcopatus,
3605 1409 3832 1461 auctore

2196 1480 2525 1549 Lamberto,
2555 1500 2590 1538 a
2633 1484 2921 1557 vigesima
2964 1492 3166 1544 octava
3208 1488 3351 1545 Julii
3399 1491 3471 1547 ad
3520 1493 3829 1551 secundam

2192 1571 2442 1643 Augusti
2474 1588 2578 1643 per
2604 1573 2728 1630 dies
2757 1574 3038 1648 quinque.

425 1811 3824 1848 Ἦ

1466 1922 1931 2010 ΝΟἸῚΤΙΑ
1990 1926 2484 2018 DIPLOMA
2500 1931 2745 2021 ΤΙοΛ
2765 2002 2783 2023 .

1330 2060 1544 2172 (Jlirrs,
1580 2104 1801 2173 Hegesia
1822 2104 2147 2174 pontiﬁcum
2175 2108 2571 2173 Romanorum,
2606 2127 2736 2184 pag.
2769 2113 2917 2185 379.)

1953 2262 2315 2280 ὴ

494 2360 698 2433 Sigillo
730 2359 906 2430 quod,
928 2357 1160 2415 Gattula
1205 2362 1371 2427 teste,
1403 2359 1652 2416 Victoris
1681 2360 1843 2416 bulla
1874 2362 1940 2416 18
1964 2361 2074 2417 im-
2104 2354 2152 2430 Β
2254 2369 2494 2441 Scripta;
2523 2368 2694 2425 bulla
2725 2377 2865 2427 sunt.
2895 2390 2996 2445 per
3028 2391 3268 2432 manum
3300 2394 3315 2433 ;

426 2463 693 2521 pressum
718 2446 777 2501 in
798 2445 1040 2519 plumbo
1062 2446 1314 2513 exhibet,
1336 2446 1444 2502 hoc
1465 2447 1684 2503 dictum
1707 2451 2037 2507 continetur
2056 2479 2069 2515 ε
2128 2471 2141 2482 ο

425 2538 514 2592 TU
548 2552 658 2591 PRO
688 2552 769 2591 ME
799 2552 990 2591 NAVEM
1022 2551 1289 2601 LIQUIS’I‘I,
1322 2551 1560 2591 SUSCIPE
1590 2553 1831 2595 CLAVEM.

490 2624 904 2698 Episcosorum
928 2623 1434 2697 cardinaliumque
1455 2625 1612 2681 sedis
1634 2626 1907 2686 Romanis
1938 2636 2074 2692 sub-

421 2712 791 2787 scriptiones,
821 2729 948 2785 quae
978 2712 1350 2785 superiorum
1383 2713 1724 2786 pontificum
1749 2718 1924 2777 bullis
1955 2740 2070 2781 non

420 2806 560 2860 sunt
589 2802 701 2858 nisi
734 2800 1034 2857 rarissime
1065 2802 1364 2872 appositae,
1385 2801 1511 2872 jam
1541 2803 1904 2875 frequentius
1934 2813 2070 2868 addi

419 2892 531 2948 sub
561 2890 789 2947 Victore
820 2890 868 2945 Il
900 2894 1097 2962 coepta
1129 2894 1296 2959 sunt;
1329 2890 1387 2945 in
1420 2892 1591 2963 cujus
1618 2894 1833 2951 tabulis
1862 2897 2071 2973 legun-

421 2986 518 3036 tur
548 2996 562 3033 :

487 3069 829 3139 Bonifacius,
859 3069 1187 3125 Albanensis
1216 3071 1514 3141 episcopus.

490 3159 835 3224 Humbertus,
868 3157 1045 3213 dictus
1090 3157 1393 3215 cardinalis
1421 3163 1472 3215 et
1500 3162 1779 3234 episcopus
1810 3164 1864 3219 S.
1897 3169 2064 3223 eccle-

557 3248 665 3305 sia:
693 3246 862 3303 Silva
891 3246 1180 3304 Candida.
1500 3298 1515 3309 κ

486 3334 912 3402 Hildebrandus,
943 3334 998 3389 S.
1031 3336 1092 3389 Ε.
1125 3336 1186 3390 Β.
1214 3337 1600 3397 subdiaconus.

484 3422 816 3490 Fridericus,
849 3422 1152 3478 cardinalis
1181 3423 1236 3478 S.
1269 3424 1621 3498 Chrysogoni.

2258 2460 2504 2530 Gregorii
2530 2464 2741 2516 notarii
2771 2467 2820 2516 et
2845 2464 3112 2518 scrinnrii
3140 2463 3194 2520 S.
3228 2467 3288 2522 Β.
3322 2468 3381 2521 Ε.

2256 2549 2409 2604 Βαιω
2442 2566 2544 2621 per
2573 2565 2813 2605 manum
2847 2567 2859 2605 :

2254 2637 2616 2693 Hildebrandi
2640 2638 2695 2694 S.
2729 2641 2790 2695 Β.
2817 2641 2878 2695 Ε.
2910 2642 3213 2699 cardinalis
3239 2645 3580 2703 subdiacom‘.

2254 2725 2610 2782 Hildebrandi
2656 2726 2712 2783 S.
2759 2729 2819 2784 Β.
2869 2730 2927 2784 Ε.
2978 2730 3317 2800 subdiaconi,
3364 2736 3481 2791 vice
3530 2737 3828 2795 Hennavmi

2322 2824 2493 2888 apost.
2525 2816 2636 2871 sed.
2685 2818 3164 2877 archicancellarii
3190 2825 3375 2891 (num.
3405 2827 3463 2897 7)
3507 2829 3826 2884 cancellarii

2320 2909 2371 2960 et
2421 2904 2821 2961 bibliothecarii
2859 2906 2913 2964 S.
2951 2908 3074 2964 Sed.
3108 2915 3278 2982 apart.
3319 2914 3627 2972 Hermanm‘
3673 2919 3821 2976 Colo-

2320 2996 2530 3049 niensi:
2557 2995 2954 3068 archiepiscopi
2982 2998 3076 3070 (5).

2245 3082 2512 3138 Friderici
2541 3084 2596 3139 S.
2629 3085 2690 3139 Β.
2724 3086 2784 3139 Ε.
2817 3087 3155 3144 cancellarii.

2245 3173 2503 3227 Aribonis
2549 3171 2769 3228 diaconi
2812 3176 2929 3231 vice
2968 3177 3220 3234 Annonis
3259 3182 3739 3242 archicancellarii
3764 3186 3816 3241 S.

2319 3263 2381 3317 R.
2414 3261 2500 3326 E.,
2532 3260 2866 3319 Coloniensis
2894 3265 3302 3340 archiepiscopi.

2244 3348 2496 3405 Aribom’s
2524 3349 2760 3407 diaconi.

1317 3703 1933 3811 VICTOE
1955 3714 2109 3811 ES
2202 3718 2332 3816 II
2418 3719 2914 3824 PAPE

863 3896 1511 3993 EPISTOLIE
1582 3903 1738 3997 ET
1809 3908 2541 4008 DIPLOMATA
2611 3917 3357 4020 PONTIFICIA.

1207 4202 1248 4257 Ι.

406 4287 1056 4367 Privilegiumml’icloris
1101 4308 1257 4363 papa:
1284 4294 1335 4367 I_I
1360 4293 1431 4348 ad
1472 4306 1732 4367 sanctum
1780 4301 2058 4367 Hugonem

474 4358 726 4435 abbatem
759 4358 1193 4435 Cluniacensém;
1224 4365 1318 4419 cui
1345 4366 1631 4435 conﬁrmat
1660 4373 1845 4425 omnia
1865 4358 2061 4427 'inona-

472 4434 662 4500 steria,
696 4431 835 4488 bona
864 4441 915 4488 et
936 4434 1074 4505 jura
1101 4431 1339 4490 caz'nobio
1371 4431 1727 4496 Cluniacensi
1754 4458 2019 4498 concessa.

1033 4522 1221 4593 (Anno
1256 4524 1439 4595 1055.)

817 4619 1056 4690 [Bullar.
1091 4620 1337 4677 Cluniae.
1373 4639 1505 4697 pag.
1542 4627 1649 4696 13.}

473 4732 686 4788 νισι·οῆ
717 4734 1054 4807 episcopus,
1087 4753 1290 4795 servus
1336 4756 1637 4796 servorum
1677 4743 1775 4799 Dei
1804 4744 2060 4801 dilectis-

402 4820 554 4874 simo
587 4818 706 4874 ﬁlio
743 4822 967 4878 Huoom
1019 4825 1214 4881 abbati
1251 4830 1592 4885 monasterii
1643 4833 1798 4903 quod
1848 4834 2063 4889 dicitur

400 4904 740 4962 Cluniacum
778 4908 835 4963 in
870 4909 1088 4967 honore
1138 4913 1442 4971 beatorum
1475 4919 1876 4990 apostolorum
1908 4921 2062 4987 Petri

400 4999 459 5051 et
489 4994 650 5051 Pauli
680 5003 1110 5069 consecratum,
1140 5002 1198 5057 in
1232 5004 1509 5060 comitatu
1552 5007 1956 5066 Matisconensi
1990 5011 2064 5068 si-

400 5088 552 5153 tum,
573 5088 631 5141 et
659 5100 763 5157 per
791 5090 846 5141 te
867 5090 1096 5145 cunctis
1126 5094 1565 5150 successoribus
1595 5095 1713 5152 tuis
1744 5100 2060 5156 abbatibus

398 5172 460 5230 in
492 5178 861 5247 perpetuum.

472 5262 838 5321 Desiderium
869 5268 1026 5339 quod
1072 5267 1477 5342 religiosorum
1524 5276 1972 5349 praepositorum
2004 5284 2061 5338 et

402 5358 739 5408 sanctorum
771 5352 1032 5412 locorum
1065 5358 1380 5417 stabilitate
1402 5379 1743 5434 permanere
1769 5372 2059 5424 monstra-

402 5445 502 5496 tur
528 5440 654 5497 sine
682 5440 883 5515 aliqua
906 5449 995 5501 est
1022 5445 1142 5503 Deo
1170 5453 1406 5506 auctore
1438 5449 1716 5508 dilatione
1758 5455 2058 5525 perﬁcien'

402 5529 565 5586 dum.
600 5527 667 5585 Et
696 5532 923 5605 quoties
966 5524 1025 5592 in
1058 5553 1177 5594 sum
1220 5536 1489 5596 utilitatis
1520 5524 1897 5602 commodum
1950 5561 2054 5604 no-

2084 4217 2125 4284 C
2165 4219 2353 4272 strum
2404 4234 2713 4276 assensum
2745 4224 2802 4277 et
2838 4222 3024 4281 solitis
3070 4230 3403 4300 apostolicae
3451 4235 3822 4293 auctoritatis

2171 4305 2505 4375 exposcitur
2561 4309 2918 4381 praesidium,
2984 4313 3135 4372 ultro
3189 4318 3571 4392 benignitatis
3603 4324 3821 4380 intuitu

2172 4409 2278 4448 nos
2308 4395 2575 4452 convenit
2613 4399 2943 4470 subvenire,
2974 4408 3033 4458 et
3063 4409 3252 4462 ratum
3302 4424 3405 4480 pro
3452 4409 3689 4485 integra
3734 4428 3823 4470 εει

2169 4483 2414 4540 curitate
2445 4484 2715 4574 solidare,
2749 4493 2832 4558 ut,
2867 4506 2935 4546 ex
2965 4490 3073 4548 hoc
3119 4495 3287 4552 nobis
3318 4513 3555 4570 quoque
3585 4483 3824 4574 potissi-

2171 4587 2334 4626 mum
2383 4573 2689 4645 praemium
2738 4594 2772 4633 a
2824 4580 3120 4638 conditore
3150 4585 3417 4642 omnium
3461 4573 3601 4645 Deo,
3635 4590 3698 4646 in
3747 4589 3824 4647 si-

2171 4660 2360 4752 dereis
2412 4663 2646 4721 arcibus
2693 4669 3115 4726 conscribatur.
3148 4672 3219 4728 Et
3266 4673 3393 4731 ideo
3423 4675 3567 4747 quia
3617 4683 3827 4752 postu-

2168 4745 2301 4803 lasti
2333 4767 2367 4805 a
2397 4752 2565 4808 nobis
2597 4757 2660 4808 ut
2687 4755 2994 4827 praefatum
3034 4745 3458 4819 monasterium
3487 4745 3825 4838 apostolica:

2173 4839 2539 4896 auctoritatis
2569 4842 2715 4899 serie
2756 4845 3145 4915 muniremus,
3177 4854 3235 4905 et
3263 4853 3463 4908 omnia
3507 4855 3649 4926 ejus
3699 4871 3826 4928 per-

2170 4925 2417 4983 tinentia
2449 4932 2684 5001 perenni
2730 4933 2859 5003 jure
2898 4934 3113 4992 ibidem
3147 4938 3564 4998 inviolabiliter
3592 4925 3825 5016 perina-

2170 5016 2362 5072 nendo
2409 5019 2910 5092 confirmaremus,
2941 5029 3000 5080 et
3045 5027 3271 5101 absque
3318 5030 3476 5086 omni
3515 5032 3676 5106 jugo
3725 5048 3828 5090 seu

2170 5105 2388 5161 ditione
2413 5108 2700 5181 cujusque
2747 5127 3008 5182 personae
3059 5117 3431 5175 constabilire
3479 5105 3672 5178 nostri
3707 5120 3827 5194 pri-

2167 5190 2364 5265 vilegii
2410 5195 2623 5270 pagina
2670 5202 3134 5261 corroboremus.
3169 5204 3476 5279 Propterea
3519 5210 3648 5266 tuis
3699 5190 3828 5266 flexi

2169 5282 2441 5353 precibus
2497 5302 2603 5356 per
2659 5285 2840 5359 hujus
2895 5295 3106 5348 nostris
3165 5296 3529 5354 auctoritatis
3587 5297 3826 5372 privile-

2167 5371 2329 5443 gium
2361 5375 2704 5443 statuentes,
2729 5377 3100 5438 decernimus
3129 5387 3194 5439 ut
3217 5390 3429 5442 cuncta
3457 5371 3597 5443 loca
3616 5391 3679 5444 et
3709 5402 3829 5444 mo-

2166 5458 2422 5516 nasteria
2446 5461 2519 5517 ad
2550 5465 2957 5535 supradictum
2982 5468 3294 5531 Cluniense
3321 5475 3661 5533 cmuohium
3693 5492 3828 5550 per-

2168 5547 2411 5607 tinentia
2452 5566 2581 5624 quae
2629 5552 2701 5612 ab
2731 5553 3028 5633 aliquibus
3077 5560 3441 5625 ﬁdelissimis
3469 5547 3827 5627 Christianis
