4080 6176
240 317 359 380 805

1172 313 1572 381 EPISTOL/E
1616 321 1716 381 ΕΤ
1760 318 2216 381 DIPLOMATA
2262 317 2734 382 PONTIFICIA.

3532 313 3651 388 806

241 451 506 522 regibus,
539 448 854 522 episcopis,
877 451 1146 517 ducibus,
1174 467 1278 508 seu
1309 452 1674 524 principibus
1704 453 1891 508 eidem
1920 454 1976 520 Α
2010 453 2230 507 riacum
2264 469 2394 506 cum
2427 453 2702 508 omnibus
2725 455 2848 509 suis
2876 453 3499 526 pertinentiiszcellam
3523 474 3652 514 san-

243 538 370 594 loco
400 553 685 593 concessa
710 544 869 606 sunt,
903 543 958 594 et
980 539 1053 595 ab
1071 541 1539 596 antecessoribus
1565 540 1682 596 tuis
1712 541 1890 596 abba-

241 627 405 682 tibus
426 626 719 699 acquisita
737 631 894 693 sunt,
919 627 1180 684 Bernone
1196 628 1482 696 videlicet,
1499 629 1696 685 Odone
1719 633 1894 702 atque

243 716 564 788 Aymardo,
597 721 654 770 et
681 716 862 770 beate
899 716 1316 772 recordationis
1355 724 1556 774 sancto
1601 716 1809 774 Maiolo
1840 721 1897 773 et

241 809 450 861 sancto
482 803 726 860 Odilone
758 805 1284 876 predecessoribus
1317 807 1454 874 tuis,
1488 807 1576 862 vel
1621 823 1894 878 quaecun-

245 911 361 966 que
389 895 465 949 ad
496 895 772 949 eumdem
799 892 992 950 locum
1024 895 1312 966 pertinere
1341 895 1638 965 videntur,
1673 895 1897 967 absque

245 983 429 1039 ullius
461 982 920 1038 contradictione
935 999 1072 1038 cum
1090 999 1306 1055 magna
1323 983 1639 1040 securitate
1661 985 1898 1056 quietus

248 1072 465 1128 debeas
497 1071 815 1144 possidere,
849 1075 905 1126 et
935 1075 1106 1142 perte
1137 1071 1391 1127 universi
1413 1089 1781 1128 successores
1811 1073 1898 1128 tui

249 1162 308 1216 in
326 1165 700 1234 perpetuum.
726 1160 841 1215 Hoc
852 1164 941 1215 est
955 1159 1150 1232 ipsum
1165 1159 1473 1218 Cluniense
1491 1162 1851 1217 caenobrium
1866 1179 1900 1217 a

250 1249 664 1322 potentissimo
696 1247 836 1303 olim
866 1249 1012 1304 duce
1032 1247 1326 1304 Willelmo
1358 1249 1417 1303 in
1448 1265 1596 1322 pago
1629 1249 1898 1305 Matisco-

251 1339 419 1394 nensi
460 1338 794 1404 fundatum,
842 1354 977 1393 cum
1027 1338 1302 1394 omnibus
1353 1339 1529 1394 rebus
1561 1339 1618 1393 in
1651 1338 1898 1394 circuitu

251 1428 520 1499 ejusdem
564 1425 672 1482 loci
705 1431 761 1482 et
801 1425 934 1482 aliis
980 1426 1316 1498 regionibus
1345 1426 1552 1498 positis
1599 1427 1671 1482 ad
1704 1427 1900 1499 ipsum

252 1516 448 1572 locum
479 1515 929 1588 pertinentibus.
953 1516 1015 1570 In
1033 1515 1310 1572 comitatu
1341 1515 1607 1572 videlicet
1638 1515 1900 1572 Matisco-

259 1605 428 1660 nensi
471 1603 675 1661 cellam
729 1605 788 1658 in
832 1603 1052 1660 honore
1088 1605 1274 1660 sancti
1323 1604 1558 1661 Martini
1589 1611 1898 1673 sacratam,

255 1693 560 1750 ecclesiam
593 1709 826 1766 quoque
861 1694 1031 1763 juxta
1067 1695 1322 1765 positam
1354 1693 1413 1748 in
1446 1693 1665 1750 honore
1714 1694 1899 1749 sancti

251 1783 500 1840 Joannis
519 1782 877 1849 dedicatam;
900 1781 1066 1838 villas
1086 1782 1264 1838 etiam
1281 1781 1547 1838 Covinias
1564 1799 1698 1838 cum
1721 1782 1899 1839 eccle-

253 1872 376 1937 sia;
414 1870 828 1928 Solestriacum
859 1870 1028 1926 villos
1067 1887 1202 1926 cum
1247 1870 1529 1940 ecclesia;
1577 1871 1902 1928 Escutiolas

249 1977 385 2017 cum
416 1959 686 2027 ecclesia;
713 1959 1100 2016 Galliniacum
1122 1975 1255 2015 cum
1286 1960 1566 2028 ecclesia;
1593 1961 1899 2017 Rutiacum

250 2067 389 2106 cum
419 2049 696 2116 ecclesia;
731 2047 990 2104 Masilias
1011 2065 1144 2104 cum
1171 2047 1446 2117 ecclesia;
1478 2049 1897 2116 Clairmanum,

251 2140 694 2211 Barjeserenam
722 2137 958 2206 villam;
991 2137 1277 2193 Curtilias.
1317 2137 1551 2205 villam;
1600 2140 1898 2195 Petronia-

253 2245 429 2296 cum;
472 2227 853 2300 Arpasicum;
925 2227 1386 2296 Darboniacum;
1440 2228 1898 2297 Besurniacum;

253 2317 500 2374 ecclesia
528 2321 742 2372 sanctae
782 2315 1109 2384 Columba);
1156 2316 1499 2385 Vitreziam;
1555 2317 1898 2390 Burgulien-

251 2424 378 2463 sem
411 2405 640 2474 villam;
673 2405 974 2462 ecclesiam
1007 2405 1204 2461 Sancti
1237 2405 1562 2475 Laurentii;
1589 2405 1900 2475 Castrum;

252 2496 632 2562 Lurdonum;
685 2493 1074 2562 Blanuscum;
1108 2494 1307 2550 villam
1345 2493 1581 2550 nomine
1633 2495 1900 2564 Cottam;

249 2584 678 2640 monasterium
709 2583 882 2638 etiam
914 2583 1068 2655 quod
1100 2587 1336 2639 vocatur
1365 2585 1541 2640 Catus
1559 2585 1744 2641 Locus
1766 2601 1900 2639 cum

248 2673 530 2728 omnibus
589 2672 659 2726 ad
710 2688 772 2726 se
820 2671 1284 2743 pertinentibus;
1338 2671 1643 2728 ecclesiam
1703 2673 1900 2728 Sancti

247 2763 503 2818 Victoris
537 2778 670 2816 cum
703 2761 977 2816 omnibus
1005 2778 1143 2832 quae
1174 2761 1254 2816 ibi
1287 2762 1544 2833 aspicere
1592 2761 1897 2831 videntur;

248 2852 458 2908 cellam
491 2866 723 2922 quoque
754 2850 810 2904 in
837 2849 1054 2905 honore
1077 2851 1272 2906 Sancti
1296 2851 1542 2907 Victoris
1564 2868 1696 2906 cum
1720 2851 1903 2906 omni-

249 2942 361 2996 bus
394 2940 522 2996 suis
544 2939 938 3011 appendiciis;
970 2938 1245 2995 ecclesias
1274 2940 1450 2995 etiam
1481 2946 1539 2995 et
1568 2945 1751 2996 terras
1774 2957 1901 3012 quae

246 3033 416 3102 juxta
434 3028 599 3084 illam
631 3034 788 3096 sunt,
821 3044 924 3100 pro
957 3028 1172 3100 quibus
1194 3028 1330 3084 data
1362 3032 1450 3085 est
1483 3029 1780 3100 quondam
1814 3045 1900 3085 ec-

250 3118 431 3175 clesia
451 3117 648 3174 Sancti
672 3117 936 3189 Gengulﬁ
959 3134 972 3184 ;
997 3117 1393 3188 Eguirandam
1415 3134 1647 3190 quoque
1676 3124 1898 3174 curtem

252 3225 391 3263 cum
422 3207 668 3263 ecclesia
711 3206 907 3262 Sancti
937 3207 1178 3261 Andreae
1217 3200 1486 3279 apostoli;
1518 3211 1574 3263 et
1603 3224 1737 3263 cum
1771 3207 1900 3264 aliis

257 3295 523 3352 ecclesiis
540 3300 596 3352 et
616 3295 892 3351 omnibus
904 3295 1030 3351 suis
1043 3296 1405 3368 appendiciis
1423 3314 1435 3364 ;
1451 3312 1656 3352 omnes
1671 3313 1902 3368 quoque

253 3385 535 3440 ecclesias
557 3390 612 3440 et
627 3389 832 3452 terras,
853 3401 955 3440 seu
973 3383 1170 3439 omnia
1191 3401 1319 3456 quae
1344 3385 1720 3455 supradictus
1741 3385 1902 3442 locus

253 3474 491 3529 videtur
519 3473 729 3529 habere
760 3473 817 3528 in
841 3474 967 3544 jam
999 3473 1152 3528 dicto
1181 3473 1480 3528 comitatu.
1517 3473 1577 3529 In
1620 3475 1900 3530 comitatu

245 3579 391 3619 vero
433 3562 802 3619 Cabilonensi
853 3562 1058 3618 cellam
1089 3562 1160 3617 de
1191 3561 1552 3618 Bellomonte
1592 3563 1650 3618 in
1683 3563 1901 3620 honore

249 3655 466 3708 sanctas
499 3651 691 3707 Marize
723 3655 1138 3719 constructam,
1173 3667 1303 3707 cum
1344 3653 1620 3708 omnibus
1669 3670 1795 3725 qum
1827 3656 1897 3710 ad

248 3743 443 3814 ipsam
495 3741 754 3814 aspicere
795 3741 1091 3809 videntur;
1140 3745 1362 3796 curtem
1410 3742 1585 3798 etiam
1620 3743 1899 3800 vocabulo

243 3831 544 3887 Juliacum
594 3847 729 3886 cum
761 3829 1021 3886 ecclesiis
1053 3835 1109 3885 et
1138 3831 1307 3886 terris
1340 3830 1528 3887 eidem
1561 3833 1684 3888 loco
1715 3849 1898 3905 quon-

246 3921 387 3976 dam
418 3921 492 3975 ab
523 3920 794 3992 episcow
818 3920 1085 3975 Manasse
1115 3919 1363 3987 collatis,
1396 3925 1454 3976 et
1482 3938 1686 3977 omnes
1717 3921 1898 3977 eccle-

243 4009 366 4065 sias
389 4015 446 4064 et
466 4013 1125 4080 terras,etquaacunque
1159 4009 1536 4081 supradictus
1559 4011 1719 4067 locus
1741 4012 1898 4068 vide-

245 4105 344 4153 tur
371 4099 587 4154 habere
619 4097 676 4152 in
701 4099 827 4168 jam
850 4097 1002 4152 dicto
1033 4098 1347 4166 comitatu;
1373 4097 1678 4154 ecclesiam
1701 4100 1899 4155 Sancti

244 4187 516 4260 Gengulti
566 4203 702 4242 cum
732 4187 856 4242 suis
885 4186 1245 4259 appendiciis
1275 4186 1362 4241 vel
1404 4187 1795 4259 pertinentiis.
1833 4188 1895 4244 In

249 4279 596 4349 episcopatu
649 4290 782 4331 vero
817 4275 1335 4348 Augustodunensi
1376 4274 1582 4332 cellam
1618 4276 1897 4347 Ojadellis

246 4369 648 4420 constructam
678 4363 734 4419 in
770 4364 986 4421 honore
1019 4369 1233 4420 sancta
1277 4364 1377 4420 Dei
1409 4365 1727 4422 Genitricis
1758 4383 1893 4422 eum

243 4453 524 4510 omnibus
571 4453 697 4509 suis
727 4454 1118 4525 appendiciis:
1153 4453 1285 4509 illas
1315 4453 1491 4509 etiam
1531 4453 1810 4511 ecclesias
1843 4459 1898 4510 et

1931 1825 1978 1890 B

2003 545 2228 595 ctorum
2265 548 2585 613 martyrum
2617 542 2836 599 Cosme:
2859 549 2916 599 et
2939 544 3227 610 Damiani,
3263 550 3318 599 et
3351 551 3649 602 monaste-

2003 630 2156 684 rium
2189 630 2385 684 Sancti
2401 630 2655 686 Marcelli
2678 633 3102 688 cumomnibus
3133 633 3256 689 suis
3287 633 3652 704 pertinentiis

2004 718 2064 773 in
2087 717 2368 774 suburbio
2391 718 2784 774 Cabilonensi.
2811 725 2872 775 In
2895 721 3170 776 comitatu
3205 723 3650 794 quoqueArver-

2005 807 2172 862 nensi
2205 806 2577 862 Silviuiacum
2613 809 3062 875 monasterium,
3089 810 3187 864 ubi
3216 811 3297 865 tui
3332 811 3652 882 praedeces-

2006 912 2168 951 sores
2199 902 2440 952 sanctus
2471 896 2720 952 Maiolus
2742 903 2798 952 et
2819 904 3062 953 sanctus
3093 899 3254 954 Odilo
3279 901 3656 971 requiescunt

2006 1001 2140 1040 cum
2178 985 2453 1040 omnibus
2484 987 2556 1041 ad
2575 1003 2708 1041 eum
2738 987 3187 1058 pertinentibus.
3215 988 3503 1044 Etcellam
3529 1007 3654 1062 quae

2005 1079 2246 1130 vocatur
2276 1073 2550 1130 Firmitas
2580 1092 2712 1130 cum
2747 1077 3019 1132 omnibus
3053 1078 3123 1132 ad
3161 1077 3434 1132 eumdem
3460 1076 3654 1132 locum

2007 1162 2679 1233 pertinentibus.Cellam
2699 1181 2932 1235 quoque
2946 1183 3071 1236 qua:
3085 1170 3320 1221 vocatur
3336 1165 3650 1221 Scuriolas.

2007 1250 2324 1306 Ecclesium
2339 1251 2515 1305 etiam
2535 1251 2591 1305 in
2612 1251 2828 1307 honore
2861 1253 3302 1326 sanctiSulpicii
3323 1255 3575 1310 dicatam
3595 1254 3655 1308 in

2007 1339 2273 1411 villaque:
2296 1339 2510 1394 dicitur
2540 1341 2876 1410 Langiacus.
2905 1341 3396 1413 Etccllulamquae
3421 1347 3658 1398 vocatur

2010 1430 2081 1484 ad
2097 1429 2345 1484 Boscum
2370 1429 2427 1483 in
2444 1431 2660 1484 honore
2685 1429 2868 1484 sancti
2893 1430 3041 1484 Petri
3063 1435 3484 1486 consecratam.
3517 1433 3658 1486 Cur-

2007 1522 2126 1573 tem
2167 1518 2343 1573 etiam
2384 1534 2561 1590 quam
2600 1523 2806 1573 vocant
2847 1536 2902 1572 in
2939 1519 3168 1590 Frigida
3214 1520 3427 1576 Monte.
3460 1519 3658 1575 Mona-

2009 1606 2251 1662 sterium
2281 1623 2515 1679 quoque
2539 1609 2693 1678 quod
2712 1608 2924 1663 dicitur
2955 1608 3134 1672 ltivis,
3163 1607 3658 1672 consecratumin

2011 1696 2228 1752 honore
2258 1701 2472 1752 sanctis
2504 1695 2604 1750 Dei
2645 1696 2974 1762 Genitricis,
3017 1714 3149 1753 cum
3200 1704 3363 1754 curte
3395 1697 3659 1771 Lipsiaco

2010 1789 2067 1840 et
2097 1801 2230 1839 cum
2281 1785 2556 1840 omnibus
2589 1785 2713 1839 suis
2745 1785 3129 1856 appendiciis.
3181 1785 3499 1842 Ecclesiam
3530 1803 3658 1858 qua:

2009 1878 2248 1929 vocatur
2269 1874 2608 1946 Marengum
2623 1890 2690 1927 cu
2702 1874 2899 1927 maliis
2921 1874 3084 1928 terris
3103 1874 3289 1930 cidem
3305 1875 3656 1930 monasterio

2010 1964 2082 2018 ab
2108 1962 2407 2034 Eustergio
2427 1961 2793 2018 nobilissimo
2808 1963 2928 2016 viro
2949 1963 3196 2019 traditis.
3217 1961 3500 2019 Cellulam
3522 1979 3661 2035 quo-

2013 2068 2126 2124 que
2146 2053 2317 2122 juxta
2356 2049 2627 2122 positam,
2663 2050 2719 2104 in
2754 2051 2878 2122 ipso
2904 2051 3188 2119 comitatu
3231 2051 3428 2120 sitam,
3462 2051 3520 2107 in
3553 2051 3657 2108 ho-

2012 2158 2150 2196 nore
2180 2145 2394 2196 sancta:
2427 2139 2528 2195 Dei
2566 2139 2870 2194 Genitricis
2911 2144 3221 2207 sacratam,
3260 2157 3389 2211 quae
3419 2145 3661 2198 vocatur

2012 2230 2082 2284 ad
2110 2229 2355 2284 Montes.
2391 2228 2809 2284 Monasterium
2843 2233 3036 2283 autem
3057 2228 3494 2286 Celciniansnse
3523 2246 3657 2286 cum

2011 2318 2294 2385 ecclesiis,
2323 2316 2474 2372 villis
2497 2321 2554 2372 et
2583 2316 2776 2382 terris,
2811 2316 3158 2373 Carniacum
3190 2317 3476 2386 videlicet,
3515 2319 3659 2376 Bur-

2012 2406 2358 2473 nunculum,
2393 2405 2791 2471 Alboniacum,
2825 2404 3210 2476 .Ginniacui‘n,
3246 2403 3656 2474 Cardonetum,

1954 2485 1965 2496 ’
2011 2502 2067 2551 et
2096 2513 2229 2550 cum
2261 2495 2536 2550 omnibus
2567 2493 2826 2550 ecclesiis
2864 2499 2920 2549 et
2952 2494 3120 2550 terris
3159 2494 3229 2548 ad
3262 2494 3457 2566 ipsum
3489 2493 3662 2551 Celei-

2013 2585 2293 2640 nianense
2324 2583 2744 2640 monasterium
2781 2582 3229 2654 pertinentibus.
3265 2581 3484 2639 Cellam
3514 2601 3660 2656 quo-

2012 2691 2124 2744 que
2159 2676 2217 2730 in
2249 2673 2377 2746 ipso
2409 2675 2689 2728 comitatu
2715 2671 2910 2738 sitam,
2945 2671 3043 2726 ubi
3076 2671 3389 2742 requiescit
3419 2676 3658 2727 sanctus

2013 2764 2237 2830 Florus,
2271 2779 2449 2834 quam
2479 2759 2725 2816 tradidit
2763 2759 3096 2831 supradicto
3149 2758 3273 2814 loco
3314 2759 3658 2831 Eustorgius

2012 2852 2278 2918 clericus,
2304 2867 2436 2906 cum
2465 2848 2739 2905 omnibus
2762 2849 2833 2903 ad
2851 2865 2978 2903 eam
2998 2846 3468 2920 pertinentibus..
3494 2848 3656 2904 Man-

2013 2941 2211 2997 siones
2243 2955 2477 3012 quoque
2506 2937 2564 2992 in
2589 2936 2903 2994 Brivatensi
2927 2936 3048 2992 vico
3079 2936 3440 3008 pertinentes
3472 2937 3542 2992 ad
3567 2954 3660 2992 su-

2011 3031 2344 3102 pradictum
2366 3028 2589 3094 locum;
2616 3025 3042 3081 monasterium
3059 3025 3234 3080 etiam
3259 3026 3413 3097 quod
3445 3025 3660 3082 dicitur

2011 3120 2179 3175 Volta
2212 3120 2268 3173 in
2301 3117 2519 3173 honore
2549 3120 2761 3171 sanctis
2793 3113 3004 3180 crucis,
3047 3119 3472 3180 consecratum,
3507 3115 3659 3170 sicut

1932 3191 1975 3258 (ἶ
2016 3209 2406 3282 praedecessor
2448 3212 2582 3261 tuus
2633 3203 2797 3260 Odilo
2830 3204 2888 3258 in
2922 3203 3137 3275 prmdio
3173 3208 3481 3275 parentum
3515 3220 3657 3258 suo-

2013 3315 2144 3353 rum
2163 3295 2486 3353 construxit
2506 3311 2640 3350 cum
2665 3293 2942 3348 omnibus
2969 3292 3092 3348 suis
3111 3291 3500 3364 pertinentiis.
3531 3290 3655 3346 Cel-

2010 3388 2129 3443 lam
2153 3386 2326 3443 etiam
2347 3384 2666 3440 Reiliacum
2690 3398 2825 3437 cum
2862 3386 3023 3437 curte
3054 3386 3112 3436 et
3141 3381 3417 3436 omnibus
3439 3381 3509 3436 ad
3523 3397 3658 3436 eum

2012 3475 2473 3550 pertinentibus;
2509 3471 2714 3530 cellam
2747 3471 2922 3527 etiam
2955 3471 3013 3525 in
3037 3470 3256 3526 honore
3296 3475 3509 3526 sancta:
3539 3470 3660 3526 Ma-

2012 3568 2109 3623 riaa
2158 3568 2580 3630 consecratam,
2611 3579 2738 3634 quae
2782 3565 3023 3617 vocatur
3049 3560 3120 3615 ad
3153 3559 3412 3615 Pentem.
3446 3559 3662 3615 Omnes

2010 3671 2242 3728 quoque
2273 3651 2550 3710 ecclesias
2584 3657 2642 3707 et
2671 3655 2874 3716 terras,
2907 3666 3011 3705 seu
3051 3665 3415 3720 quaecunque
3436 3648 3665 3703 videtur

2010 3744 2386 3818 supradictus
2417 3741 2580 3797 locus
2601 3739 2917 3795 Cluniacus
2949 3736 3248 3809 possidere
3270 3737 3472 3805 injam
3505 3735 3659 3789 dicto

2010 3835 2310 3890 comitatu.
2330 3832 2392 3886 In
2411 3830 2748 3902 episcOpatu
2765 3827 2941 3882 etiam
2957 3823 3295 3879 Nivernensi
3311 3822 3515 3877 cellam
3535 3839 3660 3893 qua:

2010 3923 2224 3980 dicitur
2281 3919 2477 3977 Sancti
2515 3914 2814 3972 Rcveriani
2851 3930 2983 3969 cum
3018 3911 3294 3968 omnibus
3326 3911 3452 3966 suis
3483 3910 3661 3983 perti-

2011 4013 2222 4068 nentis.
2267 4007 2584 4064 Ecclesiam
2625 4003 2801 4059 etiam
2851 4019 2977 4074 qua
3029 4001 3242 4056 dicitur
3289 3999 3659 4071 Superciaco,

2010 4118 2186 4175 quam
2221 4096 2638 4154 Frotimundus
2669 4093 2829 4148 dedit
2868 4108 3003 4146 cum
3034 4090 3309 4147 omnibus
3342 4089 3465 4144 suis
3498 4087 3661 4160 peni-

2009 4191 2226 4248 tentiis.
2252 4189 2311 4243 In
2334 4186 2671 4258 episcopatu
2693 4182 2868 4238 etiam
2891 4180 3212 4236 Vivariensi
3229 4178 3433 4234 cellam
3455 4177 3660 4234 Mizos-

2009 4297 2143 4335 cum
2203 4293 2336 4332 cum
2377 4273 2655 4330 omnibus
2704 4288 2830 4343 qua:
2866 4269 2945 4324 ibi
2978 4269 3289 4342 aspiciunt.
3340 4267 3558 4323 Cellam
3589 4267 3660 4322 de

2010 4369 2315 4439 Rumpono
2353 4368 2550 4419 monte
2573 4379 2589 4429 ;
2612 4360 2820 4416 cellam
2845 4359 2913 4415 ad
2951 4359 3192 4426 Fontes;
3227 4357 3434 4412 cellam
3459 4355 3660 4410 Rioms

2010 4474 2144 4514 cum
2176 4455 2453 4512 omnibus
2471 4469 2595 4524 quae
2616 4450 2826 4506 habere
2849 4444 3464 4518 videtursupradictus
3493 4443 3659 4498 locus

247 4548 436 4599 terras
480 4560 628 4615 quas
668 4543 991 4598 Teotardus
1030 4544 1276 4598 clericus
1317 4542 1710 4615 contulitjam
1742 4545 1896 4601 dicto
1929 4565 1974 4630 D
2010 4547 2323 4604 Cluniacus
2371 4545 2428 4598 in
2465 4543 2590 4614 jam
2624 4541 2776 4630 dicto
2805 4535 3279 4630 episcopatus-In
3321 4532 3658 4630 episcopatu

244 4633 548 4688 Cluniensi
571 4632 854 4688 emnobio.
879 4631 1309 4688 Confirmamus
1326 4637 1522 4688 autem
1544 4639 1601 4689 et
1623 4635 1895 4689 corrobo-

245 4737 452 4777 ramus
470 4725 669 4777 nostra
690 4721 1007 4794 apostolica
1023 4722 1368 4778 auctoritate
1381 4719 1543 4776 illam
1557 4723 1898 4778 convenien-
1941 4707 1985 4736 ί

243 4810 390 4864 tiam
403 4826 584 4882 quam
602 4810 732 4866 fecit
751 4811 1004 4865 domnus
1023 4810 1900 4883 WalteriusAugustodunensis

243 4898 517 4954 Ecclesia
529 4899 841 4970 episcopus
854 4900 925 4955 de
940 4899 1292 4956 monasterio
1307 4900 1459 4971 quod
1481 4901 1513 4954 d
1524 4900 1696 4956 icitur
1712 4900 1901 4974 Maga-

243 4988 458 5044 brense
481 4988 554 5042 ad
589 5004 757 5044 suam
780 4989 1091 5044 ecclesiam
1123 4989 1448 5061 pertinente
1474 5006 1605 5044 cum
1623 4990 1899 5046 omnibus

245 5077 317 5131 ad
341 5077 540 5149 ipsum
564 5078 1020 5150 pertinentibus:
1039 5078 1453 5134 Marciniacum
1476 5095 1606 5133 cum
1623 5079 1900 5136 omnibus

242 5166 375 5220 suis
397 5165 785 5237 pertinentiis,
809 5167 961 5222 sicut
977 5167 1151 5223 frater
1168 5172 1304 5222 tuus
1326 5165 1673 5223 Gauﬂ'redus
1695 5172 1898 5224 sancto

244 5253 412 5312 Petro
441 5259 499 5310 et
528 5254 638 5310 tibi
667 5255 845 5310 dedit.
870 5255 1190 5312 Ecclesiam
1215 5256 1286 5312 de
1304 5255 1590 5312 Varennis
1617 5255 1768 5312 sicut
1795 5258 1899 5312 Ar-

242 5343 446 5402 taldus
468 5345 628 5400 dedit
650 5361 785 5400 cum
802 5345 1080 5402 omnibus
1101 5345 1228 5402 suis
1245 5344 1642 5418 pertinentiis;
1667 5363 1900 5402 omnes-

240 5449 356 5504 que
387 5431 686 5501 ecclesias,
718 5439 775 5490 et
805 5440 1014 5505 terras,
1037 5439 1096 5491 et
1125 5451 1487 5513 quaecunque
1510 5451 1690 5507 supra
1709 5435 1901 5492 dictus

241 5521 411 5579 locus
440 5522 758 5580 Cluniacus
785 5525 1016 5581 videtur
1038 5525 1253 5582 habere
1274 5526 1333 5580 in
1359 5526 1484 5597 jam
1511 5524 1665 5580 dicto
1686 5524 1902 5597 episco-

245 5612 408 5686 patu.
459 5613 526 5674 In
584 5614 872 5678 territorio
914 5631 1048 5675 vero
1107 5614 1439 5680 Divionensi
1484 5614 1720 5673 Curtem
1760 5614 1903 5676 Cia--

2011 4634 2262 4692 Uticensi
2280 4630 2704 4688 monasterium
2725 4628 2783 4682 in
2805 4626 3020 4681 honore
3039 4622 3223 4678 sancti
3240 4620 3390 4677 Petri
3403 4625 3460 4676 et
3473 4618 3659 4676 sancti

2011 4723 2311 4781 Saturnini
2359 4722 2640 4784 dicatum,
2689 4732 2861 4786 super
2907 4714 3096 4784 ripam
3139 4709 3404 4765 Rhodani
3454 4709 3656 4776 situm,

2011 4830 2145 4869 cum
2167 4816 2357 4868 castro
2374 4806 2687 4864 colonellas
2706 4809 2762 4859 et
2782 4799 3199 4868 curte'l‘ulleta,
3226 4815 3361 4854 cum
3383 4796 3661 4854 omnibus

2011 4903 2080 4958 ad
2115 4919 2175 4958 se
2208 4896 2634 4972 pertinentibus
2683 4909 2751 4948 ex
2783 4896 3032 4962 utraque
3071 4893 3235 4962 parte
3266 4887 3553 4944 fluminis.
3596 4885 3659 4941 In

2012 4989 2274 5047 Trecassi
2287 5006 2357 5044 no
2371 4987 2706 5059 episcopatu
2722 4980 2929 5037 cellam
2945 4980 3002 5034 in
3017 4979 3234 5035 honore
3252 4978 3656 5034 sanctiAman-

2011 5082 2069 5136 di
2087 5083 2503 5136 constructam.
2531 5075 2592 5128 In
2611 5072 2950 5143 episcopatu
2968 5069 3238 5126 Arausico
3254 5067 3456 5123 cellam
3482 5065 3536 5118 in
3555 5064 3658 5118 Po-

2008 5170 2102 5226 dio
2122 5166 2398 5224 Odoleno.
2421 5161 2837 5219 Monasterium
2853 5160 2911 5215 in
2925 5159 3144 5214 honore
3156 5156 3340 5212 sancti
3359 5151 3659 5209 Pantaleo-

2008 5259 2101 5314 nis
2117 5257 2678 5317 constructum,cum
2694 5249 2967 5304 omnibus
2982 5243 3404 5319 pertinentibus
3416 5241 3486 5294 ad
3501 5255 3657 5294 eum.

2012 5349 2073 5403 In
2104 5343 2411 5416 Vapicensi
2435 5340 2778 5413 episcopatu
2797 5336 3003 5392 cellam
3020 5337 3078 5389 in
3101 5334 3319 5389 honore
3339 5329 3523 5386 sancti
3544 5332 3659 5382 An-

2009 5437 2158 5493 dreae
2202 5435 2598 5490 constructam
2638 5429 2763 5500 jam
2813 5426 2967 5481 dicto
3000 5419 3366 5479 Cluniacensi
3398 5417 3659 5474 ccsnobio

2011 5539 2350 5582 concessam
2377 5539 2412 5578 a
2433 5518 2694 5593 Rigaudo
2716 5515 2925 5573 clerico
2948 5531 3081 5570 cum
3105 5511 3382 5570 omnibus
3403 5509 3526 5567 suis
3555 5524 3656 5582 ap-
3739 5539 3748 5544 -

2010 5613 2317 5693 pendiciis.
2353 5609 2795 5685 Ganagobiense
2826 5620 3060 5683 quoque
3093 5597 3570 5662 monasteriolum
3601 5601 3660 5656 et
