4086 6168
429 242 547 305 807

1756 219 2121 286 VICTORIS
2164 215 2217 284 ll
2264 218 2512 281 PAPIE.

3715 206 3830 278 808

428 377 651 429 curtem
691 365 1098 433 Valentiolam,
1151 367 1208 420 et
1235 362 1434 419 omnia
1464 376 1589 431 quae
1621 356 1846 412 videtur
1894 370 2072 425 supra
2102 353 2153 418 Α
2185 353 2317 407 hate
2340 350 2726 422 njusdemloci
2746 348 3026 405 invitatus
3042 346 3437 416 fuerit,venire
3453 345 3525 402 ad
3539 344 3829 419 a'gendum

430 463 622 518 dictus
652 460 814 515 locus
831 455 1146 513 Cluniacus
1161 458 1379 518 tenere,
1399 457 1456 505 et
1482 449 1637 521 quod
1661 445 2076 512 dcbcthabcre,

428 550 696 608 videlicet
723 550 794 603 de
824 546 1039 619 quibus
1071 544 1246 599 rebus
1287 542 1460 596 habet
1487 536 1862 593 donationem
1894 541 1948 588 et
1980 535 2076 588 de-

428 639 834 711 scriptionem;
868 641 1040 707 atque
1073 634 1143 688 de
1179 630 1321 686 villa
1350 634 1407 684 et
1447 631 1646 683 Castro
1676 623 1986 689 Sarrianis,
2023 626 2079 676 et

428 730 500 784 de
530 727 807 783 omnibus
836 741 964 797 qua:
998 724 1053 777 in
1099 721 1285 792 patria
1315 735 1441 790 qua:
1476 721 1713 772 vocatur
1755 711 2076 773 Provincia.

424 818 624 873 habet.
658 816 720 872 In
742 810 1144 870 Valentinensi
1175 809 1514 882 episcopatu
1539 806 1647 861 hoc
1669 804 1823 875 quod
1850 803 2079 857 videtur

428 906 645 962 habere
674 902 1006 961 Cluniensis
1029 899 1189 955 locus
1212 898 1269 952 in
1298 896 1435 951 villa
1457 912 1581 967 qua:
1604 894 1816 950 dicitur
1835 892 1988 957 Ales,
2023 896 2079 947 et

427 996 488 1051 in
520 991 821 1051 Montesio.
856 988 1277 1045 Monasterium
1299 986 1494 1041 Sancti
1522 982 1773 1040 Marcelli
1807 982 1961 1053 quod
1989 981 2076 1036 di-

422 1083 582 1140 citur
609 1081 681 1137 ad
707 1080 1000 1137 Salcetum
1020 1094 1154 1133 cum
1177 1074 1451 1131 omnibus
1474 1072 1836 1143 appendiciis
1852 1069 1935 1124 vel
1955 1085 2079 1140 per-

422 1171 693 1230 tinentiis
708 1169 854 1236 suis,
870 1167 1137 1223 etomnia
1149 1181 1279 1237 quae
1299 1163 1529 1217 videtur
1549 1161 1760 1216 habere
1777 1158 2076 1232 ipselocus

420 1263 486 1317 in
516 1260 616 1316 illo
638 1259 995 1331 episcopatu.
1020 1257 1083 1309 In
1101 1254 1439 1325 episcopatu
1450 1249 2073 1305 Viennensimonaste-

425 1351 583 1406 rium
613 1348 768 1421 quod
808 1350 1046 1401 vocatur
1094 1342 1543 1405 Taderniacum,
1576 1355 1711 1395 cum
1760 1337 1905 1393 cella
1947 1354 2075 1409 qua:

426 1439 642 1495 dicitur
669 1435 954 1497 Causella,
987 1438 1044 1489 et
1083 1431 1223 1486 villa
1262 1446 1387 1502 quae
1434 1433 1676 1484 vocatur
1715 1428 1970 1488 Bracost.
2020 1430 2077 1481 et

424 1525 564 1581 villa
610 1540 737 1595 quas
788 1523 1004 1577 dicitur
1049 1519 1269 1584 Insula,
1305 1534 1439 1573 cum
1474 1516 1751 1572 omnibus
1789 1514 2073 1580 ecclesiis,

422 1610 581 1669 villis
610 1615 669 1667 et
696 1610 1025 1679 terrisquae
1052 1608 1283 1662 videtur
1310 1604 1660 1675 haberejam
1693 1603 1891 1658 dictus
1911 1601 2075 1657 locus

416 1702 485 1757 ‘in
518 1698 816 1755 nominato
834 1697 1194 1769 episcopatu.
1233 1696 1296 1749 In
1328 1694 1664 1764 episcopatu
1692 1689 2066 1763 Lugdunensi

425 1788 629 1846 cellam
660 1788 842 1843 beatae
873 1786 1068 1840 Marize
1100 1801 1226 1856 quae
1257 1783 1471 1838 dicitur
1498 1780 1817 1837 Taluzatis.
1849 1778 2066 1835 Gellam

415 1875 764 1945 'Polliacum,
788 1878 845 1931 et
861 1873 1129 1929 cellulam
1157 1871 1589 1937 Arthedunum;
1613 1869 1816 1924 cellam
1836 1883 2068 1940 quoque

412 1965 872 2022 'Amhertensem
903 1978 1036 2017 cum
1077 1960 1358 2029 ecclesiis,
1388 1958 1565 2024 villis,
1598 1964 1653 2013 et
1672 1957 1846 2012 terris
1876 1956 1948 2011 ad
1981 1956 2067 2027 ip-

425 2070 551 2112 sam
591 2051 1042 2127 pertinentibus.
1074 2048 1290 2105 Cellam
1321 2063 1554 2119 quoque
1588 2046 1991 2109 Saviniacum,
2011 2049 2070 2099 et

424 2148 647 2200 curtem
683 2140 1111 2203 Ambariacum,
1143 2136 1522 2193 etecclesiam
1553 2135 1751 2191 Sancti
1771 2131 2065 2199 Andreoli,

423 2236 482 2289 et
507 2230 815 2288 ecclesiam
847 2244 973 2300 quae
1012 2230 1252 2281 vocatur
1283 2225 1718 2280 Adoratorium:
1751 2226 1974 2278 cortem
1997 2221 2068 2276 de

422 2319 728 2382 Romanis,
747 2314 1355 2379 cellamCavariacum;
1372 2310 1643 2367 cellulam
1667 2310 2065 2376 Luviniacum;

422 2406 620 2461 villam
647 2404 1020 2459 Tusciacum.
1062 2402 1278 2457 Omnes
1309 2416 1540 2472 quoque
1570 2399 1867 2465 ecclesias,
1902 2399 2067 2454 villas

426 2499 482 2550 et
510 2499 695 2550 terras
726 2508 856 2564 quae
884 2490 1240 2546 Wichardus
1268 2489 1525 2545 moriens
1556 2488 1745 2544 eidem
1776 2487 1899 2543 loco
1932 2487 2067 2542 Clu-

426 2582 617 2639 niensi
647 2580 916 2647 contulit,
948 2595 1081 2635 cum
1106 2578 1381 2634 omnibus
1412 2594 1540 2648 qum
1571 2577 1797 2632 videtur
1824 2576 2066 2646 [tenere]

424 2670 799 2744 supradictus
820 2669 981 2725 locus
1002 2668 1061 2723 in
1077 2668 1199 2738 jam
1213 2667 1365 2722 dicto
1386 2666 1743 2737 episcopatu.
1774 2665 2067 2721 Monaste—

425 2760 577 2818 rium
601 2775 737 2815 vero
758 2758 1158 2815 Peterniacum
1185 2756 1257 2811 ab
1276 2753 1545 2811 Adeleide
1564 2753 1931 2826 imperatrice
1953 2760 2067 2807 Au-

425 2854 598 2922 gusta
627 2852 1052 2917 constructum,
1094 2851 1153 2901 et
1182 2862 1216 2901 a
1248 2844 1510 2901 Conrado
1542 2859 1693 2915 rege,
1727 2847 1785 2897 et
1814 2842 1931 2898 lilio
1962 2859 2069 2898 suo

432 2936 740 3009 Rodulpho
766 2952 898 3009 rege
932 2935 1120 2991 eidem
1143 2932 1439 2989 Cluniensi
1481 2930 1771 2997 Cmnobio,
1797 2948 1897 3003 per
1926 2947 2068 3002 prae-

424 3030 593 3100 cepta
619 3023 841 3099 regalia
869 3024 1173 3090 traditum,
1206 3039 1342 3078 cum
1374 3020 1651 3077 omnibus
1685 3037 1812 3093 quae
1842 3020 2072 3075 videtur

428 3078 1172 3185 habereVi‘iimgurgundia;
1208 3115 1267 3167 et
1305 3126 1439 3167 cum
1476 3078 1751 3166 omnibiis
1798 3125 1925 3179 quae
1963 3108 2076 3180 ipsi
2109 3078 2151 3143 C

438 3202 795 3261 monasterio
816 3202 876 3257 in
894 3201 1416 3257 Alsatiadederunt
1436 3199 1817 3272 imperatores
1836 3198 2081 3269 Augusti

428 3295 693 3349 Ottones.
716 3290 1134 3347 Monasterium
1169 3289 1327 3361 quod
1352 3288 1567 3343 dicitur
1593 3288 1920 3343 Romanum
1943 3303 2078 3341 cum

441 3381 718 3435 omnibus
748 3380 817 3434 ad
853 3394 916 3433 se
954 3376 1383 3449 pertinentibus
1414 3376 1541 3445 jam
1586 3375 1737 3430 dicto
1784 3375 2080 3430 Cluniensi

430 3466 714 3532 cmnobio,
739 3470 797 3521 et
821 3465 928 3520 tibi
958 3465 1196 3535 tuisque
1236 3463 1677 3519 successoribus
1707 3463 1920 3518 habere
1948 3480 2079 3518 con-

429 3556 695 3627 cedimus
715 3553 775 3609 in
798 3556 1170 3626 perpetuum.
1200 3552 1627 3606 Conﬁrmamus
1657 3555 1713 3605 et
1742 3552 2078 3606 corrobora-

432 3662 565 3700 mus
596 3643 772 3700 etiam
804 3645 1005 3698 nostra
1025 3638 1345 3713 apostolica
1374 3639 1719 3695 auctoritate
1748 3637 1909 3692 illam
1941 3656 2076 3693 con-

431 3732 782 3790 venientiam
824 3748 998 3803 quam
1033 3730 1167 3785 fecit
1218 3730 1471 3785 domnus
1511 3732 1676 3800 ngo
1725 3726 2075 3782 Genevansin

431 3821 694 3879 Ecclesia:
716 3821 1047 3893 episcopus,
1070 3819 1343 3873 laudante
1368 3822 1426 3872 et
1441 3816 1838 3873 consentiente
1862 3816 2077 3870 Ριωιυι-

434 3911 548 3983 pho
578 3925 711 3981 rege
728 3914 786 3964 et
806 3908 1045 3973 domina
1062 3906 1332 3962 Adeleide
1354 3905 1720 3977 imperatrice
1740 3905 1811 3958 de
1832 3905 2079 3959 ecclesia

435 3997 632 4053 Sancti
660 3997 913 4052 Victoris
958 3997 1251 4068 martyris,
1284 4011 1419 4050 cum
1451 3994 1726 4049 omnibus
1764 3994 1835 4048 ad
1889 3994 2076 4065 ipsam

435 4084 880 4157 pertinentibus.
914 4084 1043 4139 Haec
1063 4084 1261 4139 omnia
1281 4100 1461 4155 supra
1486 4082 1701 4154 scripta
1724 4083 1848 4137 loca
1868 4088 1924 4137 et
1950 4098 2077 4137 mo-

438 4171 693 4228 nasteria
719 4189 854 4227 cum
877 4171 1061 4238 cellis,
1080 4170 1361 4239 ecclesiis,
1394 4171 1678 4238 curtihus,
1702 4171 1871 4237 villis,
1904 4171 2076 4225 villu-

437 4261 530 4323 lis,
563 4263 746 4316 servis
769 4265 826 4316 et
855 4259 1105 4326 ancillis,
1137 4259 1321 4325 silvis,
1352 4260 1557 4325 vineis,
1590 4264 1834 4331 campis,
1871 4260 2076 4331 pratis,

437 4349 629 4421 aquis,
649 4365 1002 4421 aquarumve
1023 4347 1389 4415 decursibus,
1409 4352 1464 4403 et
1480 4348 1754 4403 omnibus
1775 4346 1946 4401 terris
1966 4347 2079 4402 cul-

2191 445 2526 514 praisumat;
2551 440 2650 497 sed
2665 438 2839 497 liceat
2859 437 3163 495 monachis
3182 436 3372 509 ipsius
3390 435 3503 493 loci
3518 435 3831 507 cujuscun-

2189 548 2300 602 que
2320 529 2607 585 voluerint
2621 526 3003 585 ordinationis
3019 527 3267 600 gradum
3285 524 3585 597 suscipere
3598 524 3837 580 ubicun-

2188 634 2301 689 que
2331 618 2438 673 tibi
2473 619 2708 690 tuisque
2754 615 3194 673 successoribus
3245 613 3545 687 placuerit.
3590 613 3837 669 Abbates

2189 723 2444 777 namque
2460 705 2559 777 qui
2581 703 3371 776 consecrandiieruntdeipsa
3389 701 3838 773 congregatione

2188 810 2321 850 cum
2366 793 2609 850 consilio
2642 794 2889 849 fratrum
2921 790 3311 848 communiter
3328 789 3641 862 eligantur,
3662 792 3734 843 et
3760 788 3833 843 ad

2185 899 2285 939 eos
2306 883 2732 941 consecrandos
2753 897 3166 954 quemcunque
3185 878 3476 935 voluerint
3494 878 3834 949 episcopum

2187 973 2487 1029 advocent.
2521 974 2913 1043 Quaecunque
2950 986 3084 1026 vero
3113 976 3298 1025 terras
3339 983 3495 1024 nunc
3543 972 3728 1033 tenes,
3780 969 3835 1021 et

2184 1077 2334 1132 quas
2363 1066 2424 1114 tu
2474 1060 2678 1131 tuique
2700 1075 3068 1115 successores
3090 1057 3392 1127 acquirere
3414 1054 3743 1127 potueritis,
3777 1053 3834 1109 in

2185 1154 2531 1223 perpetuum
2570 1148 2955 1221 possidendas
2985 1146 3361 1202 concedimus
3391 1144 3576 1200 vobis.
3608 1143 3671 1200 Si
3700 1142 3833 1214 quis

2184 1243 2380 1293 autem
2410 1236 2716 1294 temerario
2759 1253 2908 1293 ausu
2950 1235 3131 1307 (quod
3164 1234 3289 1289 ﬁeri
3335 1250 3452 1295 non
3492 1231 3830 1303 credimus),

2183 1325 2499 1396 contrahuj
2510 1343 2577 1381 us
2592 1329 2801 1381 nostra:
2815 1323 3144 1396 apostolica
3156 1320 3617 1379 conﬁrmationis
3628 1320 3836 1376 seriem

2181 1415 2378 1470 venire
2408 1420 2510 1469 aut
2555 1429 2726 1487 agere
2757 1411 3083 1478 tentaverit,
3117 1413 3264 1466 sciat
3305 1427 3368 1466 se
3400 1408 3625 1465 domini
3654 1409 3835 1465 nostri

2183 1502 2580 1575 apostolorum
2607 1502 2890 1575 pnincipis
2911 1500 3064 1557 Petri
3082 1499 3481 1555 anathematis
3500 1496 3730 1555 vinculo
3746 1497 3833 1552 in-

2185 1592 2488 1659 nodatum,
2513 1596 2724 1646 etcum
2745 1589 2978 1645 diabolo
2994 1590 3240 1660 ejusque
3260 1586 3648 1642 atrocissimis
3670 1602 3833 1658 pom-

2183 1681 2294 1751 pis,
2328 1685 2502 1750 atque
2524 1695 2658 1733 cum
2686 1678 2719 1734 J
2727 1679 2843 1733 uda
2873 1678 3153 1735 traditore
3184 1676 3413 1733 Domini
3442 1679 3499 1735 et
3516 1673 3836 1731 Salvatoris

2174 1768 2358 1824 nostri
2369 1768 2509 1823 Jesu
2522 1767 2731 1824 Christi
2745 1766 2803 1821 in
2816 1771 3101 1823 mternum
3114 1767 3308 1838 ignem
3323 1763 3840 1837 concremandun,

2184 1856 2482 1929 simulque
2514 1857 2571 1912 in
2593 1856 2929 1927 voraginem
2952 1859 3385 1925 tartareumque
3404 1853 3585 1909 chaos
3604 1853 3835 1913 demer-

2177 1961 2315 2001 sum
2347 1961 2482 1999 cum
2533 1944 2731 2016 impiis
2780 1942 3195 1999 deﬁciendum.
3228 1942 3338 2007 Qui
3368 1958 3498 1997 vero
3540 1944 3747 1996 custos
3770 1944 3840 1996 et

2177 2034 2516 2089 observator
2542 2032 2744 2103 ,hujus
2775 2032 2960 2087 nostri
2994 2030 3285 2103 privilegii
3313 2028 3606 2094 exstiterit,
3645 2029 3833 2083 bene-

2177 2121 2450 2178 dictionis
2482 2122 2731 2194 gratiam
2750 2125 2808 2176 et
2827 2121 3004 2176 vitam
3032 2124 3308 2179 aeternam
3330 2136 3363 2174 a
3383 2116 3653 2183 Domino,
3690 2131 3841 2172 con-

2176 2216 2481 2283 sequatur.
2515 2212 2665 2266 Bene
2696 2208 2898 2264 valete.

2250 2300 2462 2356 Datum
2514 2316 2578 2353 m
2617 2298 2754 2353 Idus
2802 2297 3011 2354 Junias
3060 2314 3162 2368 per
3204 2311 3418 2350 manus
3457 2291 3838 2350 Hildebrandi

2179 2387 2497 2444 cardinalis
2557 2386 2904 2442 subdiaconi
2978 2390 3192 2441 sauch
3263 2381 3597 2455 apostolicis
3655 2380 3838 2447 sedis,

2185 2494 2340 2533 anno
2386 2476 2575 2548 primo
2624 2475 2824 2530 domni
2870 2474 3120 2529 Victoris
3154 2471 3397 2528 secundi
3433 2487 3618 2544 papa,
3648 2469 3839 2527 indic-

2178 2565 2340 2621 tione
2372 2582 2446 2621 no
2460 2581 2559 2620 na.

2972 2678 3040 2733 Il.

2260 2816 2435 2871 Viator
2461 2814 2513 2871 11
2539 2816 2826 2868 canonicos
2870 2813 3244 2868 Ferrarienses
3272 2808 3502 2867 tuendos
3529 2809 3760 2880 suscipit

2609 2900 2902 2956 cr'umque
2935 2884 3072 2939 bona
3110 2881 3420 2938 conﬁrmat.

2812 3019 3001 3088 (Anno
3024 3016 3208 3085 1055.)

2527 3150 2818 3222 [UGnsLu,
2850 3150 3014 3206 Italia
3041 3164 3215 3217 sacra,
3248 3148 3315 3219 Il,
3347 3147 3500 3219 533.]

2258 3296 2474 3350 Varroa
2500 3292 2830 3366 episcopus,
2854 3308 3057 3348 servus
3081 3305 3381 3347 servorum
3412 3288 3536 3355 Dei,
3562 3288 3838 3344 Gnmnoo

2188 3384 2347 3439 archi
2356 3382 2713 3454 presbytero,
2744 3385 2802 3436 et
2824 3380 3001 3435 Lsom
3025 3379 3458 3441 archidiacono,
3480 3376 3841 3448 reliquisque

2188 3472 2485 3528 canonicis
2514 3475 2569 3525 S.
2608 3468 2995 3525 Ferrariensis
3025 3467 3295 3523 Ecclesia:
3327 3466 3565 3539 suisque
3593 3479 3845 3520 succes-

2187 3562 2444 3625 soribus,
2478 3560 2536 3613 iu
2574 3562 2941 3630 perpetuum.

2258 3650 2315 3703 Si
2344 3650 2524 3717 justis
2556 3663 2855 3702 servorum
2906 3646 3006 3700 Dei
3051 3644 3435 3716 petitionibus
3481 3640 3841 3698 satisfeceri-

2190 3755 2341 3800 mus,
2388 3735 2584 3808 procul
2616 3735 2795 3790 dubio
2825 3733 3145 3807 apostolica
3174 3736 3460 3805 praecepta
3502 3746 3836 3786 servamus.

2188 3830 2551 3897 Quapropter
2576 3823 2843 3878 inclinati
2879 3822 3148 3894 precibus
3194 3821 3422 3887 vestris,
3460 3819 3566 3875 ﬁlii
3614 3818 3837 3875 charis-

2186 3915 2343 3981 simi,
2378 3913 2797 3969 confirmamus
2828 3916 3005 3982 atque
3032 3910 3479 3965 corroboramus
3514 3907 3702 3973 vobis,
3737 3922 3834 3961 ve-

2182 4003 2439 4074 strisque
2458 3999 2893 4057 successoribus
2923 3998 3239 4063 canonicis,
3274 3997 3562 4069 quidquid
3595 4012 3699 4068 per
3719 4011 3829 4067 pa-

2185 4092 2383 4165 ginam
2426 4089 2822 4146 concessionis
2851 4094 2908 4144 et
2937 4084 3401 4143 conﬁrmationis
3436 4087 3602 4155 juste
3633 4083 3840 4155 acqui-

2185 4180 2368 4246 sistis,
2420 4178 2508 4235 vel
2548 4176 2892 4250 acquisituri
2941 4178 3104 4243 estis,
3136 4180 3201 4230 ut
3227 4174 3410 4246 quieti
3455 4178 3511 4229 et
3540 4172 3734 4228 securi
3762 4170 3841 4227 ab

2186 4269 2346 4324 omni
2378 4267 2611 4323 laesione
2641 4281 2983 4339 permanere
3008 4263 3269 4320 valeatis.
3304 4262 3607 4318 Desiderio
3638 4262 3846 4332 itaque

2188 4371 2255 4410 ac
2288 4354 2553 4427 petitioni
2585 4357 2806 4418 vestrae,
2833 4357 2897 4406 ut
2925 4352 3203 4417 diximus,
3230 4349 3521 4414 inclinati,
3552 4364 3678 4419 vos,
3710 4362 3844 4402 ves-

442 4441 516 4495 ιίθ
544 4443 603 4494 et
629 4438 870 4493 ίηουίῐίε
900 4437 974 4492 ad
1001 4436 1370 4508 θυρναάίοίθθ
1402 4440 1721 4506 Ροίίδελίθιθδ
1743 4435 2083 4504 Ρθνίίηϐηιί-
2118 4445 2163 4509 D
2193 4452 2431 4514 trosque
2457 4457 2826 4497 successores
2854 4442 2965 4496 sub
3002 4444 3215 4495 nostra:
3246 4443 3435 4510 apost.
3481 4435 3848 4492 defensionis
3926 4510 3941 4519 κ

440 4530 574 4596 bus,
591 4528 704 4601 ipsi
718 4526 844 4583 loco
859 4526 1176 4591 Cluniensi,
1192 4524 1418 4596 tibique
1433 4530 1492 4578 et
1513 4523 1626 4577 tuis
1647 4540 1813 4573 ςυρρρ
1827 4524 2084 4579 secribus

442 4634 543 4689 per
579 4616 759 4689 hujus
793 4615 975 4671 nostri
1012 4613 1296 4687 privilegii
1327 4611 1727 4667 auctoritatem
1770 4613 2085 4668 tenendaet

443 4704 793 4776 possidenda
821 4704 1196 4760 concedimus
1220 4702 1278 4756 in
1303 4704 1645 4773 perpetuum
1672 4716 1684 4754 :
1707 4698 1784 4754 ita
1802 4703 1865 4754 ut
1885 4699 2086 4755 nullus

440 4794 769 4863 dux,neque
797 4792 1324 4863 episcopus,neque
1355 4790 1568 4861 aliquis
1600 4789 2085 4860 princeps,neque

442 4879 715 4956 quoslibet
734 4895 948 4951 magna
970 4895 1261 4952 parvaque
1278 4894 1525 4951 persona
1547 4878 1616 4932 de
1630 4877 2085 4947 prtefatisfomni-

444 4970 553 5025 bus
582 4968 756 5024 rebus
776 4971 831 5022 et
851 4967 1117 5036 decimis,
1141 4985 1268 5040 quae
1299 4967 1445 5023 inibi
1477 4966 1764 5038 pertinere
1794 4966 2085 5036 videntur,

444 5057 656 5115 audeat
683 5053 1014 5121 molestare,
1032 5056 1113 5111 vel
1140 5057 1485 5127 inquietare.
1520 5055 1751 5109 Necnon
1776 5055 1885 5110 sub
1909 5055 2086 5110 divini

433 5145 645 5219 judicii
676 5143 1142 5217 promulgatione
1162 5150 1219 5200 et
1237 5146 1381 5200 forte
1402 5144 1845 5205 contestatione.
1870 5146 2087 5200 contir-

444 5236 700 5293 matione
714 5239 772 5290 et
791 5233 1182 5289 anathematis
1211 5233 1620 5289 interdictione
1646 5233 2088 5288 corroborantes

442 5324 905 5389 decernimus,ut
921 5322 1118 5379 nullus
1130 5322 1439 5395 episcopus
1453 5338 1553 5377 seu
1574 5319 1818 5393 quilibet
1830 5322 2091 5377 sacerdo-

442 5421 569 5469 tum
593 5414 651 5468 in
668 5413 870 5468 eodem
897 5411 1210 5468 venerabili
1232 5410 1493 5467 coenobio
1510 5426 1613 5481 pro
1639 5407 1835 5480 aliqua
1854 5411 2087 5466 ordina-

324 5520 337 5527 ·
446 5501 623 5569 tione,
648 5516 751 5557 seu
765 5501 1202 5557 consecratione
1216 5498 1490 5563 ecclesiae,
1507 5496 1980 5570 presbyterorum
1999 5498 2089 5556 vel

416 5624 421 5631 ~
447 5589 857 5660 dissonarum,
870 5590 1306 5666 missarumque
1323 5585 1732 5656 celebratione,
1751 5585 1865 5646 nisi
1885 5588 1959 5647 ab
1988 5593 2089 5650 ab-

2194 4532 2523 4587 munimine
2569 4529 2950 4602 suscipimus,
2984 4533 3041 4584 et
3088 4530 3238 4584 bona
3267 4527 3485 4592 omnia,
3526 4526 3849 4597 quasjuste

2195 4619 2391 4685 habet,
2438 4618 2526 4673 vel
2575 4617 2853 4673 habitura
2908 4621 2998 4672 est
3046 4616 3173 4688 ipsa
3226 4615 3527 4678 canonica,
3569 4612 3851 4667 videlicet

2194 4707 2414 4776 villam,
2449 4724 2577 4778 qua:
2607 4707 2824 4761 dicitur
2862 4705 3230 4772 Quartisana,
3261 4709 3319 4759 et
3357 4703 3606 4757 fundum
3636 4707 3850 4757 contra

2195 4797 2439 4863 Padum,
2472 4801 2527 4850 et
2557 4795 2751 4851 locum
2799 4794 3029 4860 Guculi,
3062 4798 3120 4848 et
3148 4796 3323 4864 caput
3353 4791 3543 4855 Redis,
3576 4788 3846 4853 Baniolo,

2196 4890 2252 4941 et
2296 4884 2727 4950 Wartiaticum,
2781 4887 2835 4937 et
2885 4882 3133 4935 fundum
3186 4879 3484 4945 Pecorille,
3528 4882 3585 4933 et
3635 4880 3851 4933 cetera

2196 4990 2324 5046 quae
2373 4974 2498 5045 jam
2548 4972 2714 5026 dictae
2758 4970 3013 5026 ecclesias
3059 4970 3129 5024 ad
3170 4974 3395 5042 partem
3422 4966 3849 5023 canonicorum

2198 5060 2704 5134 pertineat,villas,
2739 5065 2944 5125 terras,
2975 5057 3195 5124 vineas,
3231 5061 3415 5129 prata,
3449 5070 3624 5129 agros
3651 5052 3850 5109 cultos

2196 5156 2254 5206 et
2297 5149 2572 5217 incultos,
2611 5164 2818 5219 aquas,
2859 5161 3267 5218 aquarumque
3315 5145 3623 5208 decursus,
3658 5141 3851 5213 pisca-

2197 5239 2408 5306 tiones,
2438 5236 2794 5305 venationes,
2842 5252 2942 5291 seu
2988 5233 3341 5300 molendina,
3387 5236 3608 5297 servos,
3656 5232 3717 5284 et
3746 5222 3854 5284 an-

2198 5327 2384 5395 cillas,
2416 5326 2677 5382 aldiones
2706 5329 2763 5381 et
2781 5324 3067 5391 aldianas,
3094 5339 3197 5380 seu
3210 5325 3452 5378 cunctas
3476 5335 3571 5376 res
3590 5316 3851 5374 mobiles

2197 5420 2256 5473 et
2282 5414 2615 5470 immobiles
2663 5431 2791 5485 quis
2842 5412 2957 5469 dici
2998 5420 3055 5468 et
3092 5410 3386 5468 nominari
3417 5410 3687 5482 possunt,
3738 5420 3854 5461 seu

2197 5502 2486 5577 quidquid
2517 5506 2738 5569 tenent,
2782 5501 3106 5573 possident,
3151 5499 3373 5556 habent
3398 5502 3522 5554 tam
3563 5496 3636 5552 de
3680 5497 3857 5567 perte

2198 5591 2475 5666 ecclesiae,
2507 5605 2685 5675 quam
2723 5589 2797 5651 de
2815 5590 2965 5665 suis,
2989 5603 3351 5670 suorumque
3374 5581 3860 5668 patentem.»
