4086 6168
180 298 187 301 ’
259 289 375 350 809

1234 284 1635 350 ΕΡῙΒΤΟΙΛΕ
1683 288 1779 347 ET
1829 286 2187 347 DECRETA
2232 287 2699 349 PONTLFICIA.

3550 292 3671 352 810

261 418 523 493 reditate,
552 417 639 475 vel
659 416 803 476 alias
832 418 1187 491 acquisitum
1220 435 1324 491 per
1352 419 1550 491 aliqua
1571 419 1905 474 chartarum
1938 423 1990 487 Α
2022 422 2112 473 est
2140 420 2405 486 domum,
2430 420 2599 490 juxta
2629 421 2897 476 eamdem
2928 420 3233 477 ecclesiam
3264 394 3669 496 sitam,perpe~

263 507 610 575 munimina,
636 508 810 579 juxta
841 524 969 563 eam
997 508 1173 564 etiam
1206 508 1474 564 videlicet
1504 508 1809 573 rationem,
1844 512 1910 563 ut

258 597 456 669 nullus
486 597 767 667 injuriam
796 596 1188 653 residentibus
1220 614 1399 668 super
1427 602 1615 653 terras
1644 598 1907 668 ipsorum

254 688 695 755 canonicorum,
724 685 972 755 colonis,
1004 686 1328 743 colonabus
1348 686 1538 742 facere
1561 690 1904 758 praeumat,

256 794 358 834 nec
408 777 564 849 ipsos
587 778 714 848 jam
765 775 953 832 dictos
1009 775 1376 849 distringere,
1439 779 1541 831 aut
1598 775 1910 831 molestare

253 867 466 923 audeat
493 867 567 922 de
588 864 816 923 cunctis
846 864 1232 923 facultatibus
1262 882 1465 921 eorum
1515 864 1641 921 sine
1698 863 1910 920 volun-

252 960 371 1012 tate
395 958 456 1011 et
485 971 780 1012 consensu
810 954 1002 1028 ipsius
1037 954 1293 1012 ecclesiae
1326 952 1613 1027 praesulis,
1625 957 1913 1027 praecepta

251 1044 720 1102 confirmationis
752 1046 1127 1103 corroborare
1157 1044 1558 1118 dignaremur,
1593 1046 1650 1098 et
1680 1043 1790 1099 sub
1815 1059 1913 1099 no-

248 1139 374 1190 stra
401 1133 746 1190 defensione
776 1134 1088 1191 duodecim
1120 1134 1390 1190 homines
1440 1133 1628 1206 ipsius
1658 1131 1912 1188 civitatis

249 1224 667 1295 reciperemus,
693 1223 795 1294 qui
827 1239 926 1279 eos
957 1222 1189 1295 navigio
1220 1224 1522 1290 ducerent,
1565 1226 1917 1294 quacunque

246 1330 393 1368 usus
418 1328 623 1368 eorum
656 1311 1074 1369 canonicorum
1108 1313 1304 1382 fuerit,
1320 1312 1447 1368 sine
1478 1311 1638 1367 omni
1698 1309 1914 1383 pretio.

250 1401 523 1467 Quorum
541 1400 737 1474 dignis
754 1400 1262 1474 postulationibus
1285 1400 1920 1472 consentientes,prout

238 1491 409 1560 juste
435 1494 496 1547 et
524 1488 793 1563 legaliter
821 1507 1169 1564 possumus,
1203 1491 1646 1555 conﬁrmamus,
1705 1494 1761 1545 et
1791 1505 1917 1545 cor-

249 1581 596 1637 roboramus
627 1579 749 1634 haec
797 1580 1020 1647 omnia,
1080 1596 1208 1651 quae
1263 1597 1442 1651 supra
1497 1578 1793 1652 leguntur,
1856 1581 1922 1633 ut

240 1668 441 1740 quiete
504 1672 560 1724 et
619 1669 863 1740 paciﬁca
919 1672 1117 1724 tenere
1170 1684 1236 1724 ac
1317 1666 1618 1740 possidere
1691 1666 1922 1723 valeant

244 1775 376 1831 quas
406 1774 591 1830 supra
639 1757 936 1830 leguntur,
998 1756 1265 1812 omnium
1325 1755 1633 1813 hominum
1693 1760 1912 1812 contra-

240 1847 502 1903 dictione
536 1850 783 1903 remota.
846 1846 1252 1917 Praecipientes
1299 1845 1482 1917 igitur
1527 1845 1815 1916 jubemus
1847 1848 1911 1899 ut

248 1935 456 1993 nullus
487 1936 626 2004 dux,
678 1933 964 2004 marchio,
1023 1934 1524 2007 archiepiscopus,
1576 1933 1905 2006 episcopus,

243 2041 450 2083 comes
481 2029 539 2081 et
567 2024 914 2090 vicecomes,
966 2023 1244 2095 nullaque
1292 2040 1525 2096 magna,
1582 2022 1671 2079 vel
1730 2038 1909 2095 parva

162 2182 167 2189 ι
245 2130 528 2187 persona,
548 2114 621 2170 de
653 2113 881 2169 cunctis
930 2111 1369 2186 prtenominatis
1425 2112 1622 2180 rebus,
1657 2116 1776 2166 tam
1836 2110 1907 2165 de

240 2202 664 2260 ecclesiasticis
693 2218 872 2275 quam
904 2202 976 2257 de
1005 2200 1151 2272 suis,
1183 2217 1285 2256 eos
1343 2199 1631 2267 molestet,
1695 2200 1816 2255 sive
1844 2198 1903 2254 in

241 2293 465 2366 placito
488 2308 587 2349 eos
617 2292 946 2359 conturbet,
981 2291 1066 2346 vel
1099 2290 1358 2358 colonos,
1389 2288 1476 2345 vel
1531 2288 1767 2344 colonae
1817 2287 1905 2343 di-

241 2382 672 2455 stringere,seu
694 2378 954 2452 aliquam
977 2378 1277 2452 public-am
1300 2376 1659 2434 functionem
1683 2376 1904 2432 solvere

239 2475 435 2544 cogat.
469 2469 632 2533 Quod
667 2468 767 2541 qui
802 2468 1113 2524 temerario
1145 2484 1291 2524 ausu
1326 2466 1547 2536 fecerit,
1588 2465 1698 2521 nisi
1751 2465 1904 2521 infra

240 2557 641 2631 quadraginta
672 2556 906 2612 dierum
937 2556 1195 2628 spatium
1227 2555 1640 2623 emendaverit,
1667 2554 1903 2609 anathe-

241 2647 423 2704 matis
452 2644 685 2701 vinculo
711 2643 1023 2718 obligetur,
1056 2648 1112 2699 et
1143 2661 1177 2700 a
1206 2643 1512 2699 liminibus
1542 2644 1599 2699 S.
1636 2643 1900 2698 Ecclesia:

241 2737 542 2793 alienetur
571 2750 758 2806 usque
788 2734 861 2789 ad
885 2733 1125 2806 dignam
1147 2732 1744 2799 satisfactionem.Qui
1768 2749 1900 2787 vero

240 2830 448 2883 custos
477 2824 659 2895 hujus
692 2826 903 2880 nostra:
950 2821 1273 2879 sanctionis
1325 2822 1628 2889 exstiterit,
1661 2821 1901 2878 benedi-

239 2915 505 2971 ctionem
534 2904 591 2968 et
618 2912 873 2985 gratiam
902 2911 1327 2984 omnipotentis
1358 2910 1481 2978 Dei,
1542 2914 1599 2967 et
1629 2911 1691 2966 B.
1748 2910 1899 2966 Petri

237 3000 647 3074 apostolorum
677 2998 979 3073 principis,
1040 3005 1099 3056 et
1146 3004 1413 3056 nostram
1445 2999 1677 3066 habeat,
1734 3003 1791 3053 et
1838 2998 1897 3054 in

240 3092 442 3147 futuro
492 3092 769 3146 aeternam
826 3089 1272 3146 retributionem
1329 3086 1633 3161 percipiat.
1686 3093 1895 3157 Amen,

241 3196 440 3237 amen.

310 3272 489 3326 Locus
520 3273 549 3335 1·
579 3269 776 3340 sigilli.

317 3360 484 3414 Bene
510 3357 715 3413 valete.

318 3449 454 3502 Dat.
488 3462 544 3500 v1
573 3444 695 3502 Kal.
727 3444 894 3513 Julii,
927 3462 1080 3501 anno
1120 3446 1282 3514 1055,
1340 3462 1443 3517 per
1494 3461 1736 3500 manum
1798 3444 1902 3499 Hi-

242 3533 537 3592 debrandi
565 3539 623 3590 S.
657 3535 725 3590 R.
758 3534 820 3589 Ε.
855 3535 1014 3591 card.
1039 3534 1407 3601 subdiaconi,
1439 3533 1688 3590 Victoris
1741 3551 1903 3607 papa:

244 3626 295 3680 II
324 3641 489 3682 anno
521 3641 561 3691 ι,
594 3621 797 3680 indict.
830 3640 954 3679 vm.

1043 3729 1115 3786 ΙΙΙ

251 3821 487 3877 Victoris
516 3821 568 3876 II
587 3834 754 3893 papa?
781 3820 1144 3893 priuilegium
1160 3835 1267 3893 pro
1296 3820 1525 3877 ecclesia
1553 3821 1906 3877 Bononiensi.

888 3892 1081 3963 (Anno
1112 3891 1296 3964 4055.)

275 3982 562 4053 (Summ,
598 3981 818 4035 Annali
843 3980 1148 4052 Bolognesi,
1182 3981 1226 4048 Ι,
1259 3997 1322 4047 n,
1353 3982 1643 4053 Append.,
1678 3999 1735 4055 p.
1769 3980 1884 4055 92.]

318 4071 550 4127 νισι-οη
578 4068 915 4142 cpiscopus,
947 4085 1153 4126 servus
1212 4086 1513 4126 servorum
1572 4070 1694 4137 Dei,
1729 4071 1916 4126 Psrao

251 4159 768 4231 archipresbytero
799 4159 1162 4237 reliquisque
1219 4158 1518 4215 canonicis
1574 4158 1921 4232 regulariter

254 4246 596 4315 viventibus
647 4251 862 4304 sanctae
913 4248 1303 4305 Bononiensis
1364 4248 1621 4305 ecclesia:
1678 4249 1920 4322 suisque

258 4336 713 4393 successoribus
743 4337 804 4392 in
834 4342 1075 4411 perpetu
1088 4354 1206 4394 um.

329 4427 393 4482 Si
404 4428 431 4497 j
445 4424 594 4481 ustis
611 4442 911 4482 servorum
926 4425 1028 4482 Dei
1044 4426 1426 4500 petitionibus
1441 4427 1821 4484 satisfecerim
1832 4444 1922 4493 us,

261 4514 477 4586 procul
510 4515 690 4608 dubio
715 4514 1040 4608 apostolica
1069 4521 1361 4608 praecepta
1396 4532 1721 4574 servamus.
1773 4517 1922 4580 Qua-
1954 4544 2002 4608 Β

252 4610 505 4677 propter
528 4603 796 4660 inclinati
827 4603 1101 4677 precibus
1115 4604 1705 4676 Adelt‘redi,ejusdem
1726 4605 1925 4661 Eccle-

259 4693 365 4747 siae
400 4692 690 4765 episcopi,
725 4693 1074 4764 vestrisque,
1108 4692 1212 4747 filii
1246 4693 1926 4763 charissimi,conﬁrma-

252 4797 397 4837 mus
430 4786 612 4853 atque
644 4781 1012 4850 roboramus,
1038 4781 1200 4839 vobis
1228 4782 1556 4855 vestrisque
1578 4785 1927 4840 successori-

253 4869 844 4941 bus,canonicojure
869 4870 1520 4943 viventibus,quidquid
1539 4889 1641 4944 per
1655 4874 1925 4946 paginam

249 4960 667 5016 concessionis
688 4965 744 5015 et
763 4960 1409 5032 confirmationisjuste
1425 4961 1497 5017 ab
1515 4978 1580 5017 eo
1599 4962 1683 5017 vel
1709 4965 1780 5019 ab
1799 4964 1931 5020 aliis

250 5048 671 5120 acquisivistis
692 5048 811 5106 sive
832 5050 1180 5123 acquisituri
1198 5051 1434 5117 estis,ut
1456 5051 1637 5123 quieti
1661 5058 1718 5107 et
1741 5054 1928 5109 securi

252 5138 333 5192 ab
369 5137 539 5192 omni
566 5137 804 5195 laesione
833 5156 1179 5214 permanere
1205 5139 1472 5197 valeatis.
1496 5141 1795 5197 Desiderio
1828 5148 1928 5199 ita-

251 5243 379 5297 que
411 5230 592 5300 atque
620 5229 919 5301 rogatione
953 5228 1261 5302 praenotati
1310 5229 1593 5302 episc0pi,
1652 5231 1931 5303 petitione

254 5332 513 5390 quoque
540 5322 754 5391 vestra,
789 5324 874 5390 ut,
904 5320 1189 5391 diximus,
1223 5319 1511 5389 inclinati,
1546 5338 1645 5377 vos
1674 5327 1929 5378 vestros-

255 5422 388 5477 que
420 5424 796 5466 successores
825 5410 936 5466 sub
964 5414 1178 5466 nostrae
1210 5409 1544 5483 apostolicae
1575 5411 1932 5469 defensionis

262 5496 616 5552 munimine
648 5498 1097 5571 suscipimus,et
1118 5499 1273 5555 bona
1295 5498 1493 5555 omnia
1504 5516 1632 5571 qua:
1654 5498 1830 5558 habet
1843 5501 1932 5559 vel

258 5583 557 5653 habitura
587 5595 677 5645 est
703 5586 834 5661 ipsa
863 5588 1146 5649 canonica
1174 5589 1441 5665 ejusdem
1469 5589 1664 5647 Sancti
1692 5590 1933 5664 Petri,id

604 5715 867 5784 Panes.
916 5715 1177 5788 CXLIII.

2018 508 2253 564 tualiter
2273 509 2409 580 jure
2443 508 2746 577 canonico,
2779 509 3084 582 antiquam
3116 509 3290 567 aliam
3313 528 3666 584 pauperum,

2019 596 2262 653 alteram
2312 598 2555 653 domum
2618 599 2880 671 hospitii,
2931 599 3239 656 ecclesiam
3294 615 3426 655 vero
3484 602 3671 658 sancti

2017 685 2266 742 Joannis
2297 687 2593 759 Baptistae,
2619 689 2789 758 juxta
2821 689 3062 745 domum
3085 687 3341 762 episcopi
3364 689 3541 745 vestri
3566 690 3670 746 do-

2020 773 2186 845 mini,
2220 776 2637 832 decimationes
2668 793 2903 849 quoque
2932 782 3173 834 cuuctas
3216 778 3403 851 plebis
3446 779 3670 835 Sancta)

2021 863 2369 935 Mariamque:
2411 864 2625 920 dicitur
2655 863 2712 920 in
2747 865 3107 934 Buida,sicut
3136 884 3169 923 a
3198 868 3477 939 praedicto
3497 865 3671 924 Adel-

2022 953 2179 1009 fredo
2209 953 2374 1009 vobis
2432 954 2671 1010 concedi
2719 954 3006 1025 videntur,
3065 956 3369 1013 ecclesiam
3436 972 3671 1030 quoque

2021 1042 2244 1098 Sanctae
2277 1042 2472 1099 Mariae
2502 1061 2629 1115 quae
2659 1050 2899 1101 vocatur
2929 1045 2987 1100 in
3018 1046 3210 1101 Monte
3242 1044 3490 1115 Palensi,
3533 1061 3669 1102 cum

2023 1130 2487 1187 oblationibuset
2515 1132 2791 1189 omnibus
2831 1134 2956 1189 suis
2992 1134 3383 1206 pertinentiis,
3418 1133 3671 1191 medieta

2024 1223 2142 1276 tem
2176 1221 2443 1276 omnium
2473 1221 2837 1278 decimarum
2860 1224 3040 1280 totius
3063 1222 3251 1295 plebis
3273 1224 3468 1280 Sancti
3492 1223 3672 1291 Petri,

2027 1326 2152 1382 qua
2181 1314 2420 1366 vocatur
2466 1310 2917 1367 Inbarbarorum
2945 1331 2957 1380 ;
3019 1317 3076 1367 et
3098 1316 3311 1369 cuncta
3331 1310 3540 1368 oliveta
3560 1312 3669 1369 Bo-

2028 1397 2327 1457 noniensis
2357 1398 2633 1466 ecclesiae,
2665 1416 2793 1472 quae
2823 1404 2964 1456 sunt
2988 1400 3048 1456 in
3078 1400 3367 1457 territorio
3399 1400 3623 1457 Gardaa.

2100 1489 2345 1560 Insuper
2363 1505 2596 1561 quoque
2620 1489 2906 1562 quidquid
2934 1491 3007 1546 de
3014 1491 3152 1562 jure
3170 1490 3437 1563 ejusdem
3459 1494 3673 1550 sanctas

2028 1577 2413 1634 Bononiensis
2442 1577 2697 1634 ecclesiae
2731 1597 2886 1635 nunc
2942 1579 3172 1636 habetis
3228 1579 3316 1637 vel
3366 1581 3529 1652 justo
3569 1595 3673 1636 vos

2029 1666 2328 1738 acquirere
2357 1684 2459 1723 seu
2490 1667 2663 1723 vestri
2686 1685 3056 1726 successores
3087 1668 3431 1741 potueritis;
3484 1671 3673 1725 totum

2030 1755 2206 1811 etiam
2236 1756 2660 1812 dominicatum
2690 1758 2955 1829 ejusdem
2977 1758 3417 1826 canonicm,sivc
3430 1762 3671 1815 cunctas

2022 1861 2113 1902 res
2136 1846 2378 1901 mobiles
2408 1850 2465 1901 et
2485 1842 2815 1902 immobiles
2835 1863 2961 1918 qua:
2984 1846 3100 1901 dici
3125 1850 3183 1901 et
3202 1846 3495 1902 nominari
3504 1846 3670 1917 juste

2018 1938 2357 2006 possunt,ea
2380 1935 2554 1990 etiam
2568 1933 2836 1991 videlicet
2850 1934 3071 1991 ratione
3092 1938 3156 1990 ut
3169 1928 3369 1991 nullus
3382 1934 3463 2006 ind
3475 1934 3666 1990 uriam

2016 2023 2408 2080 residentibus
2450 2040 2628 2095 super
2674 2028 2893 2079 terram
2926 2024 3191 2096 ipsorum
3247 2022 3663 2080 canonicorum

2017 2112 2237 2168 colonis
2268 2112 2702 2183 colonabusque
2734 2106 2920 2169 facere
2950 2116 3289 2184 praesumat,
3340 2128 3446 2168 nec
3501 2112 3664 2185 ipsos

2015 2202 2367 2274 distringere
2400 2206 2503 2257 aut
2530 2200 2836 2276 molestare
2866 2203 3080 2258 audeat
3108 2200 3180 2257 de
3211 2196 3438 2258 eunetis
3459 2196 3663 2260 eurum

2015 2290 2417 2357 facultatibus,
2478 2296 2765 2365 praecepto
2814 2290 3280 2348 conﬁrmationis
3330 2291 3660 2363 apostolicae

2013 2381 2171 2436 sedis
2202 2380 2448 2437 tuitione
2478 2382 2922 2437 corroborantes
2947 2378 3255 2436 firmamus
3312 2380 3435 2436 haec
3467 2381 3666 2436 omnia

2013 2486 2140 2541 quae
2172 2486 2350 2540 supra
2378 2470 2678 2541 leguntur,
2714 2474 2780 2526 ut
2803 2470 2997 2543 quiete
3016 2474 3075 2525 et
3105 2470 3566 2542 paciﬁce'jenere
3607 2474 3665 2526 et

2012 2558 2606 2630 possidere,omnium
2622 2556 2927 2615 hominum
2945 2559 3405 2616 contradictione
3417 2563 3659 2625 remota,

2010 2647 2241 2703 valeant
2273 2648 2663 2720 praecipimus.
2715 2649 2994 2720 Optantes
3045 2648 3225 2722 igitur
3272 2647 3554 2719 jubemus
3596 2652 3661 2702 ut

2011 2737 2210 2793 nullus
2259 2738 2398 2805 dux,
2440 2737 2722 2806 marchio,
2773 2737 3268 2811 archiepiscopus,
3325 2736 3657 2809 episcopus,

2008 2825 2859 2898 comes,vicecomes,nullaque
2872 2825 3183 2899 magnavel
3197 2842 3657 2898 parvapersona,

2008 2915 2077 2970 de
2108 2916 2334 2971 cunctis
2356 2915 2794 2988 praenominatis
2816 2916 3140 2984 rebus,tam
3155 2916 3227 2983 de
3243 2915 3654 2975 ecclesiasticis

2007 3020 2186 3075 quam
2219 3004 2288 3059 de
2322 3005 2574 3072 suis,eos
2605 3003 2918 3060 molestare
2946 3003 3068 3060 sive
3089 3005 3146 3060 in
3167 3004 3379 3077 placito
3400 3021 3500 3063 eos
3521 3021 3654 3061 con-

2009 3092 2361 3161 turbare,vel
2388 3092 2627 3148 colonos
2646 3109 2848 3148 eorum
2879 3091 3226 3165 distringere
3254 3110 3360 3150 seu
3392 3093 3652 3166 aliquam

1926 3161 1967 3229 (Σ
2006 3179 2302 3254 publicam
2320 3181 2677 3238 functionem
2694 3181 2917 3238 solvere
2940 3161 3121 3255 cogat
3170 3183 3325 3254 quod
3340 3182 3444 3253 qui
3470 3161 3648 3238 teme-

2008 3269 2159 3327 rario
2189 3287 2339 3325 ausu
2372 3270 2588 3339 fecerit,
2637 3268 2751 3327 nisi
2806 3269 2960 3327 infra
3008 3288 3083 3327 xx.
3129 3272 3358 3328 dierum
3388 3271 3647 3345 spatium

2007 3358 2823 3428 emendaverit,anathematis
2838 3360 3070 3418 vinculo
3083 3360 3377 3435 obligetur
3387 3364 3444 3418 et
3458 3359 3653 3433 elimi-

2011 3447 2188 3504 nibus
2217 3453 2429 3505 sanctis
2461 3447 2728 3506 Ecclesiae
2760 3449 3047 3507 alienatur
3078 3467 3266 3523 usque
3296 3451 3369 3506 ad
3413 3450 3655 3524 dignam

2014 3538 2477 3594 satisfactionem
2505 3556 2519 3606 ;
2545 3539 2643 3611 qui
2674 3556 2809 3596 vero
2840 3543 3036 3596 custos
3066 3539 3246 3612 hujus
3276 3543 3487 3597 nostra
3517 3557 3660 3597 san-

2017 3626 2228 3697 ctionis
2258 3628 2565 3696 exstiterit,
2590 3629 3058 3685 benedictionem
3090 3633 3147 3684 et
3176 3630 3428 3701 gratiam
3472 3628 3661 3685 omni-

2018 3716 2275 3788 potentis
2304 3716 2427 3784 Dei,
2462 3721 2518 3772 et
2546 3718 2606 3771 B.
2645 3717 2811 3772 Petri.
2838 3716 3239 3789 apostolorum
3270 3716 3580 3787 Principis,
3608 3720 3666 3772 et

2021 3806 2498 3862 nostram....ciat
2522 3810 2579 3861 et
2605 3805 2664 3859 in
2700 3805 2894 3861 futuro
2916 3809 3191 3861 aeternam
3223 3803 3666 3869 retributionem

2020 3895 2322 3968 percipiat.

2094 3984 2352 4051 Data....,
2386 3982 2509 4039 Kal.
2537 3980 2704 4050 Julii,
2723 3999 2827 4055 per
2849 3999 3091 4040 manum
3123 3982 3504 4041 Hildebrandi
3532 3996 3668 4041 san-

2026 4076 2128 4128 ctae
2162 4073 2323 4127 Rom.
2358 4070 2852 4140 Eccl.,cardinalis
2879 4072 3407 4142 subdiaconi,anno
3422 4072 3673 4131 Victoris

2026 4162 2133 4217 PP.
2166 4162 2213 4216 ΙΙ
2245 4162 2456 4234 primo,
2491 4160 2809 4218 indictione
2834 4179 2960 4219 vm.

2803 4271 2897 4326 IV.

1970 4408 1973 4413 .
2040 4360 2215 4417 Victor
2269 4359 2317 4414 Il
2339 4431 2348 4434 _
2371 4361 2663 4430 conﬁrmat
2733 4364 3069 4432 praeceptum
3125 4363 3191 4418 de
3239 4361 3675 4434 possessionibus

2235 4431 2599 4489 Molz'anensis
2628 4431 2952 4490 monasterii
2977 4450 3087 4489 non
3120 4431 3460 4490 invddendis.

2652 4525 2841 4594 (ANNO
2870 4522 3054 4593 4055.)

2354 4612 2649 4680 [UGHELLI,
2683 4612 2851 4668 Italia
2878 4627 3057 4679 sacra,
3112 4610 3174 4677 V,
3204 4610 3357 4680 5H.]

2034 4700 2247 4758 νιετοῆ
2275 4702 2611 4774 epiSCOpus,
2644 4717 2848 4756 servus
2878 4716 3179 4757 servorum
3210 4701 3331 4756 Dei.

2105 4792 2465 4862 Praeceptum
2489 4790 2670 4845 nostri
2704 4788 3070 4846 dilectissimi
3102 4790 3205 4846 filii
3256 4789 3530 4860 Heinrici,
3581 4790 3684 4847 Dei

2037 4880 2223 4952 gratia
2257 4880 2654 4935 Romanorum
2683 4878 3054 4950 imperatoris
3082 4881 3356 4954 Augusti,
3406 4896 3687 4953 recogno-

2037 4970 2500 5035 scentes,datum
2528 4969 2598 5023 ad
2631 4968 3032 5027 defensionem
3052 4976 3110 5028 et
3132 4971 3552 5029 ﬁrmitudinem
3568 4985 3687 5026 mo-

2041 5059 2281 5114 nasterii
2315 5059 2373 5113 S.
2408 5062 2464 5113 et
2488 5061 2781 5129 perpetuae
2835 5060 3082 5135 virginis
3140 5062 3356 5128 Mariae,
3407 5058 3564 5132 quod
3595 5061 3685 5114 est

2040 5147 2223 5203 situm
2247 5146 2304 5200 in
2336 5146 2461 5201 loco
2496 5146 2597 5217 qui
2629 5146 2921 5205 Mulianas
2952 5151 3294 5221 dicitur,pro
3327 5148 3534 5204 animae
3565 5161 3684 5201 sua:

2040 5236 2382 5305 remedio,et
2393 5235 2466 5290 ob
2479 5235 2866 5291 interventum
2883 5238 3125 5308 Agnetis
3138 5234 3522 5308 imperatricis
3539 5250 3683 5300 suae,

2036 5324 2308 5380 videlicet
2335 5322 2732 5380 dilectissime:
2762 5325 3055 5397 conjugis,
3086 5341 3189 5380 nec
3220 5340 3334 5380 non
3358 5323 3686 5380 incremen-

2043 5421 2168 5470 tum
2201 5413 2292 5467 sui
2324 5412 2658 5470 charissimi
2687 5412 2787 5469 filii
2820 5413 3072 5469 Heinrici
3128 5413 3322 5485 quarti
3377 5414 3567 5487 regis;
3627 5414 3686 5471 id

2042 5503 2239 5576 ipsum
2261 5506 2638 5575 praceptum,
2674 5503 2827 5559 sicut
2852 5502 2922 5558 ab
2945 5503 3072 5575 ejus
3093 5501 3379 5574 imperiali
3403 5507 3692 5577 potestate

2046 5592 2251 5650 datum
2282 5596 2372 5650 cst
2400 5598 2456 5650 et
2485 5592 3009 5665 conﬂrmatum,ita
3029 5608 3132 5650 nos
3154 5596 3356 5651 nostra
3371 5586 3694 5670 apostolica

3294 5726 3373 5791 26
