4086 6168
231 384 345 451 817

1203 380 1612 447 ΕΡΙΞΤΟῘΛΕ
1654 379 1755 444 ET
1795 376 2163 443 DECRETA
2206 380 2680 448 PONTIFICIA.

3526 386 3648 452 818

232 518 408 595 pibus
434 516 602 595 regni
636 516 888 577 salutem
907 519 965 577 et
991 515 1373 593 apostolicam
1395 515 1879 575 benedictionem.
1915 514 1971 582 Α
1999 532 2235 575 mamus
2257 516 2524 576 Rulandc
2540 518 2788 593 praefatae
2809 514 3067 577 ecclesiae
3086 514 3382 593 episcopo,
3405 518 3648 597 suisque

301 608 681 684 Privilegium
712 609 1037 683 apostolicae
1066 614 1124 668 et
1164 610 1437 666 Romanis
1486 605 1753 664 Ecclesiae
1781 623 1884 663 au-

231 700 498 757 ctoritate
507 698 834 772 antiquitus
847 699 1240 771 conscriptum
1251 701 1326 766 ,et
1339 696 1658 752 multorum
1673 694 1887 767 saepius

230 787 602 847 atteetatione
620 787 1042 844 auctorizatum
1065 804 1243 859 super
1269 785 1597 842 ccenobium
1616 784 1883 851 Elnense,

230 878 386 951 quod
428 875 668 950 gloriosi
716 881 929 933 sanctae
976 877 1242 935 Ecclesiae
1288 875 1486 931 Patres
1532 874 1626 945 pio
1678 873 1885 928 all‘ectu

230 967 396 1041 larga
441 983 620 1022 manu
687 965 1140 1035 constituerunt,
1208 969 1410 1021 vestrae
1460 963 1567 1036 piae
1620 961 1886 1035 petitioni

229 1056 529 1114 succincte
550 1071 921 1125 renovamus,
947 1071 1014 1111 ac
1036 1057 1318 1128 perpetua
1339 1052 1659 1109 stabilitate
1686 1052 1886 1106 firma—

228 1162 391 1213 mus,
422 1145 541 1205 imo
572 1145 873 1201 ﬁrmatum
904 1143 1364 1201 conclamamus.

298 1236 655 1292 Mandamus
683 1250 822 1307 ergo
860 1238 919 1291 et
958 1235 1093 1305 jure
1141 1231 1459 1306 apostolico
1510 1228 1885 1302 praecipimus

226 1324 479 1383 liberam
512 1341 640 1380 esse
668 1322 999 1393 ecclesiam,
1030 1324 1085 1378 et
1117 1321 1316 1377 omnia
1341 1337 1467 1392 quae
1490 1320 1570 1375 ibi
1591 1318 1886 1375 continen-

228 1418 325 1470 tur
344 1413 437 1470 vel
461 1414 745 1486 adjacent,
772 1411 862 1468 vel
884 1410 1255 1483 adjiciantur,
1277 1408 1462 1477 cellis,
1488 1408 1681 1477 terris,
1707 1408 1881 1481 agris,

228 1504 491 1578 pascuis,
521 1502 858 1575 paludibus,
890 1500 1072 1570 silvis,
1107 1498 1533 1563 venationibus,
1557 1498 1745 1569 aquis,
1771 1496 1884 1568 pis-

229 1592 583 1659 cationibus,
614 1590 1004 1659 libertatibus,
1048 1588 1301 1646 servitiis
1348 1587 1580 1651 debitis,
1612 1586 1881 1653 decimis,

227 1699 439 1749 censu,
494 1680 969 1755 capitationibus,
1033 1678 1283 1752 legibus,
1332 1675 1884 1743 consuetudinibus,

226 1786 548 1829 causarum
613 1769 1105 1835 discussionibus,
1156 1766 1638 1831 correctionibus,
1686 1781 1883 1821 emeno

1997 608 2458 675 successoribus,
2482 626 2655 666 omne
2676 609 3005 667 districtum
3023 609 3288 667 omnium
3306 610 3647 670 castellano-

1997 713 2129 753 rum
2152 714 2418 765 suorum,
2450 716 2776 767 servorum,
2810 703 2984 773 atque
3022 699 3288 757 omnium
3310 716 3516 759 eorum
3548 703 3648 776 qui

1997 804 2174 860 super
2200 792 2416 845 terram
2443 806 2613 845 suam
2645 788 2923 858 resident,
2954 792 3077 846 tam
3100 789 3445 847 clericorum
3467 806 3647 864 quam

1995 876 2302 945 laicorum,
2325 878 2476 934 sicut
2496 879 2697 933 eadem
2719 878 3105 935 Ferrariensis
3129 878 3375 936 ecclesia
3394 881 3466 936 ad
3501 897 3647 953 prm-

1997 983 2132 1023 sens
2176 967 2336 1037 juste
2381 971 2577 1023 tenere
2620 968 2884 1035 videtur;
2933 969 3138 1025 eodem
3186 965 3409 1025 scilicet
3471 971 3646 1028 modo

1996 1057 2414 1112 conﬁrmamus
2442 1057 2525 1113 eis
2558 1056 2786 1129 plebem
2814 1058 3015 1114 Sancti
3048 1056 3362 1130 Stephani,
3395 1073 3523 1128 qua
3556 1064 3648 1116 est

1996 1145 2108 1200 sita
2138 1144 2195 1201 in
2230 1146 2585 1213 Vicoventia,
2608 1164 2742 1202 cum
2768 1146 3010 1204 ecclesia
3040 1147 3237 1204 Sancti
3271 1146 3478 1204 Leonis
3508 1163 3644 1204 cum

1995 1233 2269 1291 omnibus
2300 1235 2425 1292 suis
2454 1235 2821 1307 pertinentiis
2846 1253 2860 1303 ;
2892 1234 3247 1292 nominative
3266 1239 3462 1295 autem
3481 1236 3649 1295 Vico-

1994 1324 2269 1389 ventiam,
2314 1324 2658 1397 Corrigiam,
2726 1324 3180 1392 Vicumvariam,
3232 1328 3289 1381 et
3331 1325 3645 1383 dimidium

1994 1412 2181 1467 Castri
2205 1412 2467 1485 Rupinze,
2491 1418 2548 1468 et
2571 1414 2928 1470 monasteria
2962 1415 3311 1471 Sanctorum
3338 1415 3647 1472 Bartholo-

1996 1500 2146 1568 misi,
2182 1502 2480 1558 Laurentii
2511 1506 2568 1558 et
2604 1503 2872 1571 Vicentii,
2908 1520 3043 1560 cum
3088 1503 3227 1560 villa
3275 1519 3401 1576 quae
3433 1504 3649 1561 dicitur

1995 1590 2432 1657 monasteriolo,
2467 1607 2721 1662 cumque
2751 1591 2996 1649 ecclesia
3028 1593 3225 1649 Sancti
3253 1592 3464 1650 Leonis
3475 1594 3649 1665 juxta

1992 1679 2184 1735 vicum
2213 1679 2584 1750 Aventinum,
2618 1698 2753 1737 cum
2793 1680 3068 1737 omnibus
3103 1683 3267 1754 juste
3314 1683 3671 1755 acquisitis,.

1985 1770 2266 1841 justeque
2290 1768 2565 1840 deinceps
2604 1769 3000 1841 acquirendis,
3028 1773 3095 1825 ut
3122 1774 3180 1825 et
3214 1769 3406 1827 clerici
3431 1774 3489 1826 et
3521 1787 3646 1827 mo-

226 1860 592 1931 dationibus,
678 1858 798 1916 sive
881 1857 1311 1925 ecclesiasticis,
1395 1855 1514 1912 sive
1589 1853 1883 1912 seeculari-
1914 1892 1962 1957 B
1994 1856 2752 1930 nachiipsiusepiscopatus
2765 1858 3007 1913 sintsub
3020 1874 3222 1913 eorum
3237 1858 3645 1931 episcoporum

224 1952 357 2018 bus,
394 1954 455 2007 et
485 1949 725 2006 omnino
757 1964 1119 2021 quaecunque
1150 1946 1384 2019 scriptis
1400 1944 1488 2002 vel
1510 1944 1884 2001 testamentis

223 2040 419 2114 ipsius
449 2038 559 2096 loci
588 2038 677 2095 vel
696 2036 1036 2095 testimonio
1059 2038 1345 2093 bonorum
1366 2034 1675 2091 hominum
1698 2049 1885 2089 reme-

224 2128 448 2186 morari
481 2130 749 2200 possunt,
773 2144 902 2199 quae
926 2143 960 2182 a
991 2124 1226 2198 regibus
1254 2124 1343 2180 vel
1392 2125 1466 2178 ab
1514 2122 1713 2195 aliquo
1745 2122 1886 2177 fide-

221 2218 372 2275 lium
405 2216 632 2274 sanctis
661 2216 721 2272 in
756 2215 853 2271 illo
885 2213 1241 2271 monasterio
1264 2212 1476 2270 collata
1495 2212 1584 2268 vel
1611 2226 1889 2267 concessa

223 2312 386 2375 sunt,
422 2323 543 2379 quo
574 2322 744 2362 nemo
764 2321 833 2360 ex
854 2304 945 2360 his
965 2303 1311 2359 subtrahere
1329 2302 1421 2358 vel
1451 2301 1777 2357 diminuere
1789 2303 1890 2355 aut

222 2396 575 2471 disperdere
605 2394 802 2467 aliqua
850 2392 1154 2448 occasione
1194 2391 1421 2463 judicio
1469 2390 1557 2447 vel
1606 2392 1891 2462 potestate

221 2488 576 2560 praesumat,
607 2500 711 2540 nec
741 2482 1052 2556 episcopus
1106 2481 1191 2537 vel
1236 2480 1480 2552 alicujcs
1523 2479 1746 2535 ordinis
1777 2478 1890 2535 mi-

222 2577 416 2633 nister
446 2590 514 2629 se
540 2572 915 2628 intromittat.
941 2571 1003 2627 Si
1044 2570 1176 2642 quis
1198 2586 1331 2625 vero
1352 2568 1738 2642 malignitatis
1766 2566 1890 2639 spi-

196 2667 332 2722 ‘ritu
351 2667 701 2721 commotus
722 2662 873 2718 hanc
887 2660 1215 2718 libertatem
1241 2659 1350 2715 loci
1370 2658 1527 2714 illius
1548 2658 1888 2730 infringere,

223 2760 629 2824 nostrumque
668 2749 1040 2824 privilegium
1087 2752 1459 2804 contemnere
1502 2745 1591 2802 vel
1640 2746 1889 2817 abjicere

223 2843 507 2909 voluerit,
540 2858 574 2897 a
596 2841 714 2897 Deo
742 2843 800 2897 et
827 2841 898 2896 ab
929 2838 1206 2895 omnibus
1236 2836 1455 2894 sanctis
1487 2836 1615 2906 ejus
1646 2836 1723 2891 sit
1753 2852 1889 2891 con-

222 2934 553 2990 demnatus
580 2934 638 2987 et
666 2948 700 2986 a
729 2929 898 3000 nobis
926 2930 983 2984 in
1016 2931 1306 3001 quantum
1339 2926 1472 2982 licet
1490 2924 1889 2981 excommuni-

225 3028 423 3090 catus,
439 3025 548 3078 eta
562 3019 853 3077 consortio
873 3018 1140 3075 omnium
1154 3015 1416 3073 ﬁdelium
1434 3018 1760 3087 separatus,
1776 3012 1889 3069 nisi

223 3112 566 3187 resipiscat.

1022 3266 1086 3322 X.

222 3387 412 3444 Bulla
446 3386 665 3442 Victoris
696 3387 762 3452 II,
809 3401 916 3457 qua
958 3382 1198 3457 Rolando
1243 3380 1889 3457 episcoporfferrariensi,

338 3463 537 3585 iusqttie
580 3452 857 3525 Ecclesiae,
906 3456 1093 3513 omnia
1129 3452 1285 3525 jura
1310 3469 1375 3508 ac
1416 3452 1716 3524 privilegia
1762 3467 1890 3507 con-

338 3548 471 3587 rma
502 3572 515 3583 .

881 3643 1067 3714 (Anno
1098 3641 1283 3711 1055.)
1660 3702 1667 3707 Α

539 3762 896 3833 [ΜυΒΑτοιιι,
929 3758 1110 3830 Antiq.
1145 3758 1293 3824 Ital.,
1326 3755 1422 3823 VI,
1456 3756 1607 3825 223.]

285 3915 530 3971 VICTOR
558 3912 890 3984 episcopus,
922 3925 1124 3965 servus
1154 3924 1456 3965 servorum
1487 3907 1609 3963 Dei.

288 4005 530 4061 Notum
562 4001 642 4057 sit
669 3999 944 4056 omnibus
974 3997 1211 4065 Christi,
1242 3997 1574 4069 nostrisque
1599 3996 1897 4064 ﬁdelibus,

219 4099 345 4151 tam
372 4091 609 4150 futuris
639 4106 819 4163 quam
862 4086 1269 4162 praesentibus,
1318 4086 1569 4160 qualiter
1620 4103 1726 4142 nos
1759 4103 1899 4142 con-

219 4182 613 4241 ﬁrmavimus
644 4178 944 4253 privilegio
974 4180 1188 4235 nostrae
1232 4175 1598 4233 auctoritatis
1631 4174 1898 4231 Rulando

218 4272 468 4331 Ferrari
478 4270 640 4327 ensis
663 4267 929 4325 Ecclesiae
950 4267 1245 4341 episcopo,
1270 4266 1513 4338 suisque
1546 4263 1901 4321 successori-

1995 1947 2382 2016 ordinatione,
2416 1947 2851 2003 consecratione
2878 1951 2936 2002 et
2963 1946 3257 2003 districtu.
3290 1947 3361 2003 Et
3385 1963 3557 2003 nemo
3578 1964 3647 2004 ex

1995 2038 2111 2094 hiis
2125 2055 2186 2094 se
2198 2038 2269 2094 ad
2285 2036 2675 2109 alieujus,nisi
2689 2038 2762 2094 ad
2774 2035 3001 2108 judicia
3012 2034 3232 2109 proprii
3248 2035 3504 2109 episcopi
3516 2053 3647 2094 con-

1993 2131 2197 2184 vertat.
2216 2127 2301 2183 Ad
2314 2126 2423 2183 hoc
2436 2126 2614 2199 igitur
2628 2126 3050 2183 confirmamus
3071 2125 3359 2198 praedictae
3389 2125 3645 2185 ecclesia;

1996 2221 2183 2273 terras
2214 2216 2368 2285 illas,
2396 2233 2524 2289 quae
2556 2215 2668 2272 sibi
2698 2215 2759 2271 in
2790 2216 2920 2272 For.
2966 2257 2979 2270 .
3026 2259 3038 2271 .
3086 2257 3099 2271 .
3144 2256 3158 2272 .
3205 2256 3218 2271 .
3265 2257 3278 2271 .
3320 2216 3379 2273 et
3397 2217 3457 2272 in
3482 2215 3649 2288 plebe

1999 2305 2196 2363 Sancti
2221 2305 2499 2379 Stephani
2529 2305 2589 2360 in
2620 2304 2842 2378 Galigo,
2874 2305 2935 2361 in
2966 2305 3134 2378 plebe
3181 2305 3379 2362 Sancti
3418 2305 3649 2379 Donati,

2000 2413 2067 2452 ac
2081 2396 2277 2452 Sancti
2300 2395 2614 2468 Georgii,et
2634 2396 2983 2452 Sanctorum
3002 2395 3263 2452 Gervasii
3298 2400 3355 2452 et
3379 2395 3647 2464 Protasii,

1999 2502 2102 2558 per
2131 2489 2500 2541 sacramenta
2528 2484 2873 2542 ministrata;
2904 2488 3045 2542 sunt
3086 2488 3349 2558 tempore
3378 2484 3470 2541 sui
3502 2502 3650 2559 prea-

2000 2575 2344 2643 decessoris,
2380 2591 2514 2630 cum
2538 2574 2691 2630 villis
2723 2574 2873 2646 istis,
2906 2590 3158 2647 quarum
3201 2574 3436 2629 nomine
3470 2578 3647 2631 sunt:

2000 2663 2394 2735 Quartixiana,
2430 2663 2615 2735 Caput
2660 2664 2731 2718 de
2779 2663 2956 2732 Beda,
3003 2665 3060 2718 et
3101 2661 3559 2733 Contrapadum,
3594 2666 3653 2718 et

2000 2754 2249 2809 fundum
2284 2752 2384 2818 qui
2425 2752 2640 2808 dicitur
2668 2750 2874 2817 Carali,
2906 2753 2974 2805 ut
3004 2748 3203 2805 nullus
3225 2749 3450 2822 absque
3476 2748 3651 2825 legali
3676 2760 3681 2771 '

1991 2842 2214 2915 judicio
2248 2841 2578 2897 molestiam
2610 2839 2722 2896 sibi
2751 2839 2985 2895 inferat.
3019 2839 3267 2911 Insuper
3305 2838 3483 2896 etiam
3513 2856 3648 2896 con-

2000 2933 2307 2986 ﬁrmamus
2340 2929 2452 2986 sibi
2485 2929 2792 3001 duodecim
2823 2927 3093 2984 homines
3140 2927 3332 3001 ipsius
3374 2927 3649 2997 civitatis,

1999 3020 2101 3093 qui
2132 3035 2267 3074 eum
2310 3018 2669 3090 sinepretio
2713 3017 2961 3089 ejusque
3000 3033 3369 3075 successores
3415 3016 3650 3091 navigio

1999 3109 2236 3176 ducant,
2272 3122 2623 3179 quocunque
2654 3122 2801 3163 usus
2820 3109 3260 3175 antecessorum
3281 3105 3411 3176 ejus
3431 3105 3562 3161 fuit.
3588 3105 3649 3162 Si

1999 3197 2133 3269 quis
2149 3196 2161 3251 i
2170 3195 2225 3268 gi
2236 3196 2475 3260 turdux,
2493 3194 2775 3264 marchio,
2795 3193 3292 3266 archiepiscopus,
3314 3191 3648 3266 episcopus,

2000 3301 2215 3352 comes,
2247 3284 2589 3352 vicecomes,
2619 3282 2705 3340 vel
2734 3282 2933 3356 aliqua
2966 3299 3182 3356 magna
3202 3297 3494 3355 parvaque
3512 3298 3648 3354 per-

2000 3390 2163 3441 sona,
2188 3377 2391 3429 contra
2430 3373 2538 3429 hoc
2573 3377 2843 3430 nostrum
2874 3371 3248 3446 privilegium
3286 3370 3474 3428 facere
3504 3387 3649 3444 prm-

2002 3462 2337 3536 sumpserit,
2372 3461 2459 3518 vel
2498 3461 2820 3535 infringere
2860 3460 3190 3528 teutaverit,
3239 3459 3355 3517 nisi
3384 3459 3657 3517 emenda-

2001 3552 2148 3610 verit
2177 3555 2233 3608 et
2260 3554 2332 3608 ad
2364 3551 2605 3625 dignam
2649 3549 3113 3607 satisfactionem
3149 3548 3394 3617 venerit,
3422 3546 3656 3605 vinculo

2005 3640 2397 3698 anathematis
2417 3639 2753 3705 innodetur,
2775 3641 2832 3694 et
2851 3655 2886 3693 a
2906 3636 3211 3693 limitibus,
3229 3639 3442 3693 sanctae
3462 3634 3659 3692 Eccle-

2006 3731 2103 3787 siae
2126 3732 2450 3802 separetur.
2466 3728 2782 3792 Quiautem
2804 3729 3004 3782 custos
3029 3728 3086 3781 et
3115 3724 3452 3780 observator
3478 3723 3661 3795 hujus

2007 3824 2220 3876 nostrae
2268 3816 2683 3890 praeceptionis
2731 3813 3038 3882 exstiterit,
3084 3810 3463 3884 apostolicam
3490 3811 3663 3869 bene—

2006 3909 2341 3975 dictionem,
2377 3910 2433 3962 et
2463 3902 2926 3961 misericordiam
2967 3919 3002 3958 a
3031 3901 3275 3959 Domino
3307 3902 3421 3960 Deo
3452 3916 3661 3961 conse-

2008 4000 2242 4069 quatur.

2797 4169 2888 4225 ΧῙ.
2977 4198 2990 4214 -

2019 4295 2193 4348 Victor
2240 4293 2291 4346 ll
2334 4292 2670 4354 Brunonem,
2728 4286 2983 4343 abbatem
3031 4287 3375 4356 Dervensem,
3432 4283 3668 4342 Tebaldo

2552 4360 2740 4417 comiti
2776 4357 3132 4415 commendat.

2594 4488 2785 4558 (Anno
2818 4481 3102 4552 4055-57.)

2162 4624 2457 4696 [MABILL.,
2490 4621 2689 4676 Annal.
2731 4618 2847 4673 0rd.
2894 4616 2952 4671 S.
2994 4612 3216 4681 Bened.,
3250 4611 3348 4681 IV,
3376 4612 3528 4685 657.]

216 4363 354 4430 bus,
394 4375 621 4419 omnes
653 4375 747 4414 res
778 4358 1043 4429 ejusdem
1067 4354 1323 4412 ecclesiae
1350 4352 1595 4410 mobiles
1612 4357 1671 4409 et
1697 4353 1903 4408 immo-

212 4452 395 4521 biles,
434 4449 603 4507 sicut
633 4447 808 4503 modo
858 4447 929 4502 ad
975 4460 1231 4518 praesens
1284 4445 1415 4517 ipsa
1454 4443 1702 4500 ecclesia
1743 4444 1905 4515 juste

213 4545 409 4609 tenet,
435 4536 538 4595 vel
556 4540 734 4609 queat
752 4535 813 4590 in
832 4535 1099 4590 futurum
1115 4535 1279 4606 juste
1298 4532 1565 4607 legaliter
1580 4532 1904 4604 acquirere,

213 4634 275 4686 et
324 4633 395 4685 ut
452 4625 689 4682 amissa
733 4639 1101 4696 recuperare,
1151 4628 1211 4680 et
1260 4640 1386 4695 quae
1436 4625 1594 4678 tenet
1640 4620 1907 4678 securius
1940 4635 1985 4699 Ι)

209 4718 421 4774 valeat
456 4715 790 4789 possidere.
827 4712 1116 4769 Omnibus
1164 4709 1605 4777 denuntiamus,
1650 4713 1716 4765 ut
1746 4710 1917 4781 quid-

210 4807 365 4881 quid
381 4803 741 4876 Gregorius,
766 4802 1086 4875 dissipator
1103 4800 1299 4874 potius
1316 4817 1494 4873 quam
1511 4804 1701 4856 rector
1720 4798 1906 4871 ipsius

210 4895 529 4961 ecclesia,
552 4890 771 4948 chartis
802 4896 905 4948 aut
934 4889 1530 4965 superscriptionibus
1557 4886 1905 4960 composuit,

209 4985 301 5043 vel
336 4981 545 5043 scribi
578 4981 825 5055 rogavit,
860 4980 1008 5037 nihil
1039 4980 1100 5036 in
1132 4983 1414 5036 aeternum
1456 4976 1646 5034 valeat
1675 4996 1687 5045 ;
1724 4978 1824 5033 sed
1853 4981 1910 5033 et

210 5075 465 5148 plebes,
507 5071 887 5138 monasteria,
920 5068 1194 5143 capellas,
1242 5073 1456 5133 curtes,
1504 5066 1693 5136 villas,
1730 5066 1908 5138 ripas,

209 5159 809 5233 castella,paludes,
850 5158 1150 5232 piscarias,
1203 5157 1402 5229 silvas,
1452 5160 1509 5212 et
1557 5155 1754 5211 omnia
1784 5172 1911 5227 quae

210 5252 494 5326 praefata
540 5250 791 5305 ecclesia
844 5254 1107 5321 tempore
1169 5250 1605 5302 antecessorum
1671 5260 1911 5299 suorum

203 5344 391 5417 juste
427 5339 656 5410 tenuit,
687 5338 776 5394 vel
807 5343 1001 5394 tenere
1031 5336 1222 5404 debet,
1248 5336 1578 5402 firmamus,
1603 5337 1913 5406 perpetua-

212 5433 363 5491 liter
376 5428 787 5505 possidenda;
804 5432 859 5484 et
883 5424 1230 5483 annulantes
1244 5428 1562 5497 nostraque
1574 5422 1917 5480 auctoritate

214 5520 650 5584 destruentes,
683 5518 736 5574 si
765 5517 857 5574 sui
883 5516 1342 5590 praedecessores
1374 5515 1680 5582 afﬁnitate,
1705 5512 1792 5569 vel
1824 5528 1919 5584 pa-

216 5610 482 5670 rentela
539 5623 641 5665 seu
672 5605 828 5664 malo
859 5605 1116 5679 ingenio,
1140 5603 1397 5677 aliquam
1431 5602 1810 5676 scriptionem
1829 5600 1917 5658 vel

222 5699 599 5774 pactionem
630 5695 897 5757 nocivam
927 5693 1186 5754 ecclesiae
1225 5695 1650 5752 contraxerant.
1701 5691 1917 5749 Conﬁr-

2090 4793 2311 4849 VICTOR
2338 4790 2669 4863 episcopus,
2702 4800 2905 4841 servus
2936 4796 3236 4839 servorum
3258 4780 3380 4850 Dei,
3408 4780 3675 4839 TsBALDo

2021 4881 2219 4939 comiti
2250 4876 2633 4953 apostolicam
2665 4872 3151 4930 benedictionem.

2091 4970 2462 5027 Confidentes
2503 4965 2657 5038 quod
2689 4961 2877 5037 gloria
2907 4979 2971 5020 se
3014 4964 3210 5019 vestra
3248 4960 3311 5017 in
3354 4958 3677 5018 amicorum

2023 5076 2266 5119 suorum
2321 5056 2544 5114 solatiis
2607 5055 2813 5111 devota
2858 5069 3092 5127 semper
3136 5050 3427 5119 exhibeat,
3475 5062 3679 5105 eorum

2021 5149 2186 5206 vobis
2214 5164 2363 5221 quos
2383 5144 2626 5218 diligitis
2648 5159 2856 5200 causas
2887 5142 3300 5200 commendare
3330 5137 3678 5203 studemus;

2026 5255 2250 5309 uaeque
2288 5238 2575 5292 bonorum
2605 5233 2874 5289 hortatur
2912 5232 3142 5287 dilectio
3172 5228 3427 5284 ﬁliorum
3461 5222 3681 5282 utilita-

2024 5328 2185 5384 tibus
2215 5342 2421 5382 eorum
2463 5321 2724 5381 studiose
2772 5334 3138 5387 concurrere,
3184 5321 3242 5373 et
3286 5315 3347 5371 in
3392 5317 3681 5389 quantum

2026 5416 2171 5473 ratio
2222 5413 2501 5487 suppetit,
2554 5429 2651 5469 eos
2707 5411 3004 5481 adjuvare.
3062 5408 3131 5465 Et
3180 5406 3310 5464 ideo
3360 5404 3684 5464 salutantes

2028 5506 2305 5579 petimus,
2340 5507 2406 5559 ut
2438 5502 2596 5558 tilius
2627 5505 2825 5558 noster
2855 5500 3045 5555 Bruno
3074 5495 3226 5553 abba
3257 5511 3328 5553 ex
3347 5498 3685 5553 sanctorum

2028 5595 2431 5669 apostolorum
2467 5591 2616 5649 Petri
2639 5597 2697 5648 et
2718 5588 2881 5647 Pauli
2907 5592 2963 5645 et
2983 5586 3170 5645 sancti
3209 5582 3507 5643 Bercharii
3536 5600 3686 5639 mar-

2030 5685 2172 5760 tyris
2188 5683 2568 5749 monasterio,
2593 5680 2826 5754 qualem
2839 5696 2941 5739 vos
2955 5678 3239 5736 hactenus
3259 5673 3488 5745 habuit,
3506 5672 3687 5731 talem
