4086 6168
377 419 498 486 819

1705 404 2067 475 VICTORIS
2109 401 2162 466 ll
2207 400 2465 466 ΡΑΡΑΞ.

3670 389 3788 458 820

379 559 638 630 invinere
663 565 892 630 semper
919 554 1230 618 mereatur,
1263 557 1318 610 et
1339 551 1493 623 apud
1517 564 1742 613 omnes,
1767 559 2032 618 quorun-
2062 544 2120 612 Α
2147 538 2310 595 nium
2333 530 3313 611 obtulistis,dignumjudicavimus
3334 541 3593 587 annuere
3605 523 3790 599 preci-

378 667 492 723 que
514 665 748 705 necesse
772 647 961 715 fuerit,
987 646 1180 719 gloria:
1221 649 1422 698 vestrae
1457 638 1666 695 solatia
1696 651 2018 706 consequa-

375 744 475 795 tur
494 755 559 794 ac
582 753 858 810 magnam
883 736 938 790 in
967 735 1126 789 vobis
1159 729 1617 788 consolationem
1642 725 1901 781 inveniat
1927 742 1940 790 ;
1967 727 2023 777 et

377 845 452 884 ne
480 827 713 883 cuidam
744 825 961 895 injuste
1000 822 1185 894 possit
1223 817 1522 873 afllictioni
1565 814 1650 870 vel
1699 811 2025 887 gravamini

380 917 701 988 subjacere,
725 911 1171 984 magnificentia:
1193 913 1394 964 vestrae
1417 905 1703 960 celsitudo
1727 903 2021 974 disponat.

379 1007 673 1069 Quantum
704 1006 981 1073 praeterea
1010 998 1464 1054 sollicitudinem
1498 994 1650 1049 circa
1671 989 2029 1047 monasteria

381 1091 722 1161 exbibeatis,
737 1106 914 1162 super
926 1087 1211 1160 religiosis
1226 1082 1684 1154 irreligiosisque
1700 1077 2024 1142 monachis,

380 1184 438 1236 et
457 1193 634 1251 quam
657 1179 1026 1250 omnipotens
1056 1183 1203 1231 Deus
1225 1174 1378 1246 apud
1406 1171 1672 1226 homines
1709 1169 1842 1222 inde
1863 1166 2028 1222 vobis

369 1268 627 1342 gloriam
657 1268 966 1331 concessit,
1017 1269 1081 1320 ut
1122 1264 1232 1319 sub
1277 1262 1526 1317 tuitione
1575 1261 1767 1315 vestra
1797 1255 2029 1328 religio-

381 1358 538 1414 siora
567 1355 892 1411 consistant
921 1353 1202 1418 eoenobia,
1244 1351 1395 1422 quod
1453 1348 1785 1403 misericors
1814 1345 1968 1400 Deus
1999 1361 2032 1398 a

384 1463 499 1517 quo
521 1448 730 1501 cuncta
751 1445 903 1498 bona
924 1442 1247 1514 procedunt
1275 1438 1620 1510 multiplicat
1655 1435 1818 1491 vobis
1842 1450 2031 1505 usque

382 1534 443 1590 in
473 1535 629 1588 diem
677 1531 1101 1594 retributionis,
1153 1529 1428 1601 praedicto
1470 1527 1586 1581 filio
1637 1529 1836 1580 nostro
1884 1524 2028 1577 refe~

383 1627 566 1689 rente,
599 1622 999 1694 cognovimus.
1027 1619 1230 1674 Eidem
1261 1632 1496 1689 quoque
1527 1613 1902 1677 monasterio,
1938 1611 2027 1666 cui

382 1715 609 1784 praeest,
626 1713 913 1783 quantum
937 1708 1155 1780 profuit
1175 1712 1376 1762 vestrae
1401 1703 1630 1777 pietatis
1666 1701 2028 1774 magnitudo,

385 1800 746 1856 obsecrando
776 1803 835 1854 et
865 1797 1160 1869 arguendo
1193 1795 1420 1852 fratres.
1454 1799 1511 1848 et
1553 1793 1611 1846 in
1642 1792 1809 1846 villas
1853 1795 1908 1844 et
1937 1805 2033 1844 ec-

385 1887 592 1944 clesias
623 1902 759 1942 cum
791 1885 1165 1950 molendinis,
1196 1897 1448 1954 cumque
1477 1881 1651 1935 variis
1693 1879 1866 1934 rebus
1900 1879 2034 1932 red—

387 1978 601 2043 dendo,
632 1982 688 2031 et
717 1976 895 2032 etiam
936 1976 996 2029 in
1046 1971 1499 2029 reconstruendo
1540 1974 1746 2041 pontes
1778 1968 1849 2022 ad
1882 1967 2036 2022 idem

391 2067 719 2124 coenobium
755 2065 1130 2136 pertinentes,
1156 2077 1332 2132 super
1370 2060 1584 2132 quibus
1625 2058 1819 2128 plures
1841 2056 2037 2111 letan-

389 2161 509 2224 tur,
528 2156 781 2210 maxime
801 2155 980 2208 maris
1001 2149 1225 2208 insulas
1251 2150 1600 2214 habitantes,
1631 2145 1852 2202 scilicet
1885 2145 2038 2201 Scoti

390 2250 450 2301 et
485 2244 676 2315 Angli,
717 2247 774 2297 et
801 2240 1051 2312 qualiter
1069 2257 1169 2294 vos
1193 2236 1399 2307 injusti
1425 2241 1679 2306 arguunt
1700 2239 1766 2290 ut
1795 2233 2039 2290 desista~

388 2332 487 2396 tis,
522 2345 656 2384 cum
695 2328 1046 2398 lacrymans,
1079 2331 1206 2380 tum
1237 2325 1499 2395 gaudens
1544 2323 1711 2377 nobis
1755 2325 2038 2393 praesente

392 2417 715 2474 multorum
749 2415 1117 2469 attestatione
1157 2413 1431 2467 narravit.
1469 2412 1632 2466 Unde
1661 2412 1869 2465 uberes
1909 2427 2040 2482 gra-

391 2507 509 2563 tias
538 2505 848 2561 referentes
872 2503 1147 2574 petimus,
1181 2516 1428 2572 quazque
1460 2501 1850 2554 admonentur
1877 2500 2042 2554 vobis

394 2612 429 2652 a
456 2593 627 2651 bonis
657 2592 933 2664 operibus
973 2590 1230 2661 [)l‘deltlS
1282 2588 1531 2644 libenter
1575 2589 1799 2652 audite,
1842 2589 2043 2643 devote

394 2683 568 2757 agite,
615 2682 674 2738 in
725 2681 1010 2737 memoria
1053 2683 1375 2745 reservate;
1411 2678 1550 2748 quia
1589 2677 1638 2732 si
1687 2693 1790 2748 pro
1825 2682 1934 2732 Deo
1967 2677 2043 2731 lo-

393 2778 639 2847 quentes
656 2770 892 2837 auditis,
918 2785 1020 2840 pro
1042 2768 1206 2822 vobis
1227 2773 1461 2822 orantes
1483 2766 1866 2837 Omnipotens
1887 2765 2040 2821 idem

393 2861 681 2918 exaudiet.
707 2861 948 2931 Propter
968 2859 1072 2914 hoc
1095 2857 1466 2928 omnipotens
1491 2861 1640 2910 Deus
1661 2856 1845 2910 bonos
1868 2871 2042 2926 quos-

397 2966 510 3022 que
540 2949 613 3004 ad
643 2948 992 3019 populorum
1025 2945 1313 3018 regimina
1359 2945 1643 3015 perducit,
1692 2949 1754 2998 ut
1797 2961 1897 3014 per
1947 2959 2045 2998 eos

397 3037 675 3095 omnibus
696 3036 912 3108 quibus
935 3022 1154 3106 praelati
1178 3035 1412 3097 fuerint,
1437 3034 1590 3088 dona
1603 3049 1723 3088 sua:
1742 3033 2045 3103 potestatis

399 3125 720 3199 impendat.
744 3125 935 3180 Facite
957 3124 1109 3196 quod
1137 3123 1237 3178 Dei
1260 3128 1370 3188 est,
1412 3127 1468 3177 et
1507 3122 1661 3177 Deus
1688 3120 1857 3176 faciet
1889 3120 2043 3192 quod

395 3219 656 3272 vestrum
684 3218 791 3270 est.
824 3213 1209 3284 Omnipotens
1241 3212 1392 3266 Deus
1423 3227 1530 3264 sua
1561 3227 1661 3266 vos
1692 3210 2046 3281 protections

2132 631 2242 686 bus
2259 630 2468 686 vestris
2483 632 2858 699 vestrumque
2885 643 2986 698 per
3007 622 3208 680 omnia
3224 619 3467 694 implere
3491 617 3788 674 affectum.

2133 721 2562 777 Conﬁrmamus
2594 717 2790 790 igitur,
2836 721 3008 787 atque
3048 714 3356 768 beatorum
3389 706 3790 781 apostolorum

2135 809 2286 865 Petri
2317 813 2373 863 et
2403 808 2563 863 Pauli
2611 807 2956 862 auctoritate
2999 803 3195 874 ipsum
3249 795 3676 854 monasterium
3717 795 3799 849 ita

2136 898 2467 971 specialiter
2487 897 2957 962 corroboramus,
3001 893 3293 964 quatenus
3333 888 3487 942 inter
3512 885 3713 957 primae
3743 887 3802 938 et

2138 987 2466 1060 apostolica:
2497 987 2656 1042 sedis
2686 985 3026 1058 pontiﬁcem
3061 985 3116 1036 et
3144 976 3496 1035 venerabilis
3525 974 3636 1030 loci
3667 974 3803 1028 Vin-

2138 1077 2473 1132 docinensis
2495 1076 2761 1131 abbatem
2777 1073 2940 1129 nulla
2959 1072 3363 1142 cujuscunque
3379 1063 3684 1136 dignitatis
3703 1062 3792 1118 vel

2138 1165 2359 1222 ordinis
2391 1182 2639 1237 persona
2672 1163 2766 1230 sit,
2801 1163 2994 1218 media
3024 1159 3332 1216 habeatur.
3366 1154 3531 1220 Quod
3572 1152 3623 1209 si
3656 1153 3801 1207 torte

2139 1255 2444 1326 contigerit
2469 1254 2726 1327 legatum
2778 1253 3055 1308 Romanae
3103 1245 3395 1310 Ecclesia,
3447 1241 3796 1316 praedictum

2139 1346 2291 1401 beati
2325 1345 2473 1399 Petri
2507 1343 2699 1399 locum
2731 1342 2985 1405 visitare,
3019 1339 3096 1393 ibi
3129 1353 3262 1393 cum
3301 1333 3459 1390 omni
3512 1329 3797 1387 charitate

2141 1434 2517 1506 suscipiatur,
2549 1439 2606 1488 et
2634 1433 2690 1487 in
2725 1434 3010 1503 quantum
3044 1423 3404 1499 poss1bilitas
3436 1421 3545 1476 loci
3579 1420 3795 1492 permi-

2141 1525 2301 1588 serit,
2353 1540 2478 1595 qum
2527 1521 2751 1594 corpori
2799 1524 2971 1575 erunt
3031 1513 3362 1572 necessaria
3406 1511 3457 1566 ei
3509 1509 3798 1566 submini-

2141 1617 2401 1670 strentur
2430 1630 2464 1666 a
2495 1611 2796 1666 fratribus.
2829 1609 2956 1680 Ipse
2988 1622 3122 1662 vero
3153 1604 3212 1658 in
3244 1601 3452 1657 eodem
3495 1599 3623 1654 loco
3656 1595 3797 1652 nihil

2143 1719 2246 1774 per
2274 1719 2336 1756 se
2365 1701 2450 1756 vel
2483 1700 2770 1771 corrigere
2800 1697 3032 1762 audeat,
3057 1693 3142 1749 vel
3169 1690 3473 1747 occasione
3494 1686 3801 1759 legationis

2143 1794 2425 1845 rectorem
2448 1789 2558 1843 loci
2587 1788 2707 1843 sive
2729 1787 2942 1841 fratres
2966 1782 3276 1838 molestare
3314 1779 3657 1850 praesumat.
3692 1774 3801 1830 Sed

2145 1879 2349 1950 siquid
2376 1877 2584 1933 viderit
2607 1875 3017 1948 corrigendum
3056 1887 3217 1944 papae
3250 1866 3459 1922 litteris
3500 1864 3800 1920 notiﬁcare

2146 1968 2364 2035 licebit,
2397 1969 2455 2022 in
2489 1967 2657 2037 cujus
2689 1965 2872 2022 solius
2917 1964 3198 2035 potestate
3229 1957 3414 2028 ipsius
3456 1952 3797 2009 monasterii

2147 2057 2435 2113 ordinatio
2467 2057 2589 2112 sive
2629 2053 2908 2111 correctio
2959 2051 3233 2106 universa
3279 2043 3558 2100 consistit.
3593 2041 3793 2096 Abbas

2149 2152 2342 2202 autem
2377 2145 2477 2217 qui
2507 2143 2822 2199 alodiarius
2871 2142 3144 2197 Romanis
3194 2133 3461 2191 Ecclesiae
3509 2128 3792 2191 noscitur,

2149 2237 2220 2292 ad
2268 2235 2582 2291 concilium
2631 2237 2888 2295 coactus,
2951 2244 3057 2284 nec
3121 2225 3336 2289 veniat,
3385 2237 3492 2277 nec
3535 2222 3794 2283 vocetur,

2149 2325 2302 2395 quod
2339 2326 2411 2379 ab
2444 2325 2568 2395 ipso
2601 2321 2929 2393 apostolicae
2953 2318 3110 2374 sedis
3133 2328 3366 2371 summo
3387 2309 3660 2382 pontiﬁce
3683 2322 3798 2360 non

2150 2414 2324 2468 fuerit
2367 2413 2744 2474 celebratum,
2793 2409 2894 2463 sed
2941 2410 3191 2460 matrem
3253 2416 3424 2456 suam
3476 2398 3802 2452 Romanam

2150 2502 2465 2557 Ecclesium
2489 2518 2590 2573 per
2610 2517 2673 2555 se
2694 2498 2779 2552 vel
2807 2514 2908 2569 per
2928 2494 3203 2550 nuntium
3228 2505 3400 2546 suum
3423 2486 3664 2542 visitare
3685 2490 3806 2540 stu-

2151 2592 2302 2659 deat,
2340 2591 2534 2662 ibique
2565 2589 2816 2661 singulis
2837 2585 3009 2642 annis
3027 2597 3292 2646 censum,
3315 2576 3625 2633 duodecim
3648 2573 3805 2628 scili-

2151 2685 2240 2735 cct
2271 2679 2487 2735 solidos
2519 2696 2636 2732 sure
2671 2680 2913 2732 moneta:
2943 2675 3010 2728 ad
3049 2667 3454 2727 concinnanda
3484 2662 3804 2719 luminaria

2152 2774 2284 2824 ante
2313 2767 2643 2823 venerabile
2675 2782 2884 2836 corpus
2929 2759 3250 2818 beatissimi
3301 2755 3453 2812 Petri
3488 2751 3800 2826 persolvat.

2154 2859 2433 2914 Praeterea
2454 2858 2770 2912 statuimus
2787 2859 2870 2921 ut,
2890 2853 3162 2908 defuncto
3179 2848 3386 2904 abbate
3399 2842 3803 2914 congregatio-

2156 2947 2244 3003 nis
2269 2947 2476 3019 ipsius,
2501 2962 2803 3001 successor
2828 2943 2874 2998 ei
2900 2941 3151 3013 eligatur
3170 2938 3240 2991 de
3261 2936 3459 2991 eadem
3487 2946 3801 3004 congrega-

2153 3037 2329 3103 tione,
2355 3036 2403 3091 si
2425 3035 2638 3108 dignus
2665 3027 3362 3106 przelationeinveniatur.
3386 3023 3550 3086 Quod
3571 3020 3619 3076 si
3642 3019 3801 3091 apud

2153 3142 2252 3181 eos
2283 3143 2401 3180 non
2429 3107 2600 3180 fuerit
2630 3124 2919 3188 inventus,
2954 3119 3109 3192 quod
3141 3116 3312 3181 absit,
3346 3130 3379 3168 a
3408 3109 3684 3166 Cluniaco
3717 3107 3806 3164 vel

2154 3232 2188 3270 a
2220 3215 2423 3286 Majori
2464 3213 2838 3279 monasterio,
2887 3209 2974 3264 vel
3021 3207 3408 3274 undecunque
3455 3197 3669 3254 melius
3703 3213 3806 3267 po-

401 3319 535 3358 cum
566 3303 704 3359 ﬁliis
724 3307 780 3358 et
800 3301 958 3358 omni
995 3301 1168 3355 domo
1199 3305 1388 3353 vestra
1422 3299 1492 3354 ab
1515 3299 1674 3352 omni
1698 3297 2043 3352 adversitate
2074 3285 2116 3351 C
2156 3285 2390 3371 met-im,
2425 3301 2688 3356 monachi
2730 3299 2841 3354 sibi
2887 3298 3107 3369 eligant
3152 3295 3418 3349 abbatem
3471 3286 3807 3344 secundum

391 3396 627 3448 tueatur
656 3394 829 3461 atque
853 3389 1165 3454 custodiat,
1196 3388 1475 3456 vobisque
1497 3393 1554 3441 et
1587 3387 1890 3458 praesentis
1912 3388 2038 3441 vitae

392 3479 840 3554 prosperitatem
874 3482 928 3532 et
957 3476 1218 3530 laetitiam
1251 3478 1457 3530 futurae
1491 3476 1787 3530 concedat.

1159 3593 1276 3646 XII.

390 3687 555 3744 Bulla
611 3687 835 3742 Victoris
890 3684 940 3738 II
989 3697 1089 3754 pro
1153 3680 1614 3737 Vindocinonensc
1686 3682 2034 3735 monasterio.

967 3790 1149 3860 (Anno
1185 3788 1462 3859 l055-57.)

459 3902 624 3974 [GalL
659 3900 885 3967 Christ,
918 3902 1060 3954 tom.
1091 3897 1240 3965 VIII,
1292 3896 1599 3965 Instrum.,
1649 3912 1780 3968 pag.
1816 3897 1964 3967 418.]

463 4021 677 4070 VlC‘I‘OR
721 4015 1054 4086 episcopus,
1115 4031 1319 4069 servus
1362 4029 1660 4068 servorum
1713 4012 1834 4073 Dei.
1883 4012 2035 4068 GAU-

389 4120 572 4160 ranoo
618 4103 933 4158 venerabili
976 4101 1175 4155 oorniti
1211 4103 1678 4171 Andegavorum,
1730 4107 1787 4156 et
1831 4103 2035 4172 Agneti

387 4190 699 4247 comitissa:
727 4191 963 4261 conjugi
995 4192 1144 4259 ejus,
1177 4191 1425 4245 salutem
1458 4195 1514 4244 et
1537 4190 1914 4262 apostolicam
1943 4192 2037 4246 be-

386 4278 799 4338 nedictionem.

457 4369 744 4424 Omnibus
765 4367 912 4424 votis
935 4384 1060 4438 qua:
1084 4368 1154 4422 de
1175 4383 1318 4437 puro
1342 4374 1398 4420 et
1413 4365 1572 4434 juato
1597 4367 1882 4422 desiderio
1909 4385 2032 4438 pro-

383 4459 618 4524 cedunt,
651 4473 990 4514 succurrere
1013 4473 1118 4512 nos
1151 4455 1360 4511 debere
1389 4455 1518 4525 ipsa
1538 4456 1856 4526 apostolica
1887 4472 2029 4511 cen-

381 4564 522 4605 sura
559 4564 880 4604 movemur.
913 4547 1138 4610 Quanto
1169 4545 1325 4600 enim
1362 4544 1615 4615 quisque
1668 4544 1819 4600 alius
1863 4546 2030 4601 offert

2150 3393 2250 3448 Dei
2281 3393 2550 3448 timorem
2583 3395 2640 3445 et
2669 3389 2818 3443 beati
2854 3383 3147 3442 Benedicti
3176 3378 3460 3453 regulam,
3510 3380 3709 3431 tamen
3745 3373 3806 3427 in

2149 3482 2415 3554 eligendo
2447 3480 2556 3536 sibi
2591 3482 2820 3550 pastore
2849 3475 3029 3530 trium
3060 3473 3337 3527 abbatum
3361 3465 3602 3521 concilio
3629 3468 3810 3517 utan-

2147 3575 2266 3637 tur,
2299 3587 2446 3643 quos
2478 3568 2868 3640 religiosiores
2892 3566 2950 3619 in
2983 3561 3190 3618 vicinis
3225 3557 3368 3614 locis
3397 3551 3652 3609 invenire
3686 3567 3801 3622 po-

2148 3641 2386 3714 tuerint.
2444 3656 2944 3712 Consecrationem
2987 3667 3141 3716 vero,
3191 3663 3264 3703 ne
3297 3645 3493 3702 statim
3545 3641 3803 3696 Romam

2146 3748 2342 3803 venire
2375 3746 2662 3818 fatigetur,
2695 3743 2912 3799 electus
2945 3758 2979 3796 a
3006 3734 3348 3794 Carnotensi
3390 3728 3639 3805 praesule
3670 3729 3807 3784 sine

2147 3835 2306 3892 omni
2339 3817 2719 3906 subjectione,
2748 3832 2836 3885 vel
2867 3828 3130 3901 qualibet
3149 3824 3465 3888 exactione,
3490 3817 3806 3888 suscipiat.

2147 3926 2194 3981 si
2221 3923 2426 3997 praesul
2451 3924 2605 3978 idem
2628 3920 2902 3976 canonice
2927 3918 3328 3989 episcopatum
3371 3905 3721 3979 susceperit,
3749 3911 3809 3960 et

2147 4015 2194 4070 si
2224 3996 2365 4086 erga
2393 4012 2559 4066 illum
2595 4011 2744 4066 beati
2780 4007 2930 4063 Petri
2961 4006 3152 4062 locum
3184 4019 3247 4057 se
3297 3996 3650 4055 malevolum
3685 4011 3803 4049 non

2145 4082 2472 4158 exhibuerit
2500 4099 2585 4154 vel
2631 4101 2991 4169 suspectum,
3044 4091 3270 4164 aliquin
3323 4088 3394 4143 ad
3442 4102 3548 4142 nos
3597 4082 3686 4138 vel
3730 4083 3804 4138 ad

2146 4195 2378 4247 nostros
2411 4203 2777 4244 successores
2818 4188 3077 4240 recurrat
3105 4184 3162 4237 et
3192 4197 3226 4234 a
3256 4178 3392 4233 sede
3443 4173 3596 4230 beati
3623 4172 3806 4236 Petri,

2145 4280 2314 4350 cujus
2345 4284 2432 4334 est
2457 4277 2633 4347 juris,
2669 4273 2944 4331 baculum
2977 4275 3032 4326 et
3073 4264 3571 4324 consecrationem
3606 4261 3811 4316 susci-

2143 4347 2284 4440 piat.
2317 4367 2594 4422 Ordinato
2624 4380 2755 4418 vero
2789 4363 3018 4426 abbate,
3068 4355 3360 4430 quomodo
3411 4351 3497 4407 vel
3548 4347 3814 4422 qualiter

2143 4457 2318 4512 fuerit
2345 4458 2496 4511 facta
2526 4452 2816 4509 ordinatio
2849 4450 3126 4504 studeant
3180 4451 3297 4501 tam
3347 4443 3587 4498 abbates
3620 4454 3809 4508 quam

2141 4545 2313 4600 etiam
2348 4543 2618 4598 monachi
2650 4541 2916 4609 ejusdem
2937 4537 3046 4593 loci
3083 4551 3245 4608 papae
3268 4531 3478 4588 litteris
3501 4527 3811 4590 intimare,

381 4636 580 4693 oculos
613 4637 828 4692 mentis
856 4637 926 4691 ad
961 4635 1166 4690 divinae
1198 4632 1449 4706 speciem
1496 4632 2024 4704 contemplationis,
2060 4655 2103 4719 Β
2141 4641 2205 4689 ut
2227 4640 2327 4690 aut
2349 4632 2638 4697 emendet,
2665 4630 2712 4685 si
2739 4645 2886 4701 Opus
2912 4626 3086 4682 fuerit
3116 4619 3576 4681 emendandum,
3617 4622 3728 4671 aut
3763 4616 3814 4670 si

378 4729 542 4781 tanto
574 4741 679 4781 nos
708 4725 837 4796 ejus
884 4723 1266 4779 intentionem
1317 4722 1640 4777 studiosius
1678 4722 1939 4777 animare
1969 4729 2023 4778 et

380 4813 634 4870 exaltare
653 4814 957 4885 debemus,
976 4813 1126 4868 utad
1146 4811 1313 4866 illum
1333 4811 1431 4883 qui
1446 4815 1531 4866 est
1548 4811 1772 4866 fructus
1793 4816 1849 4866 et
1871 4826 2020 4866 mer-

378 4917 473 4959 ces
503 4919 746 4975 operum
778 4903 1066 4958 bonorum
1099 4900 1284 4973 possit
1322 4900 1618 4971 pervenire
1670 4900 2021 4955 desiderium

375 4991 619 5049 bonum.
660 4993 732 5046 At
763 5007 887 5057 vos,
913 4990 1012 5045 ﬁlii
1042 4987 1397 5054 charissimi,
1421 4987 1559 5060 quia
1584 4989 1924 5045 decrevistis
1949 4990 2021 5045 ab

374 5081 718 5138 auctoritate
774 5079 932 5136 sedis
989 5080 1282 5143 Romanas,
1333 5077 1426 5132 cui
1474 5077 1590 5133 Deo
1642 5078 2022 5150 priesidemus

371 5174 628 5241 auctore,
680 5168 932 5242 supplici
983 5167 1284 5222 devotione
1334 5172 1528 5238 petere
1586 5173 1642 5222 et
1705 5168 2020 5239 postulare,

373 5264 665 5332 quatenus
713 5257 1033 5332 apostolica
1079 5256 1290 5310 virtute
1336 5256 1839 5321 confirmaremus,
1893 5264 1949 5312 et
1993 5274 2026 5313 a

373 5349 600 5404 cunctis
631 5348 938 5404 hominum
971 5345 1256 5418 personis,
1291 5343 1403 5398 nisi
1435 5361 1468 5398 a
1497 5343 1620 5398 solo
1645 5345 1844 5415 primm
1869 5347 2025 5403 sedis

370 5436 662 5507 pontiﬁce,
685 5436 935 5492 liberum
977 5436 1300 5490 faceremus
1343 5432 1767 5488 monasterium
1796 5434 2024 5490 Sanctae

370 5523 674 5581 Trinitatis
703 5526 855 5597 apud
896 5528 1154 5580 castrum
1177 5521 1598 5576 Vindocinense
1635 5521 1838 5589 situm,
1870 5525 2025 5596 quod

372 5613 595 5671 scilicet
614 5613 684 5669 de
707 5613 913 5669 vestris
938 5613 1105 5669 bonis
1138 5613 1209 5665 de
1249 5627 1393 5664 novo
1436 5609 1746 5679 fundastis,
1781 5617 1836 5667 et
1858 5613 2024 5668 beato

373 5703 542 5760 Petro
563 5702 807 5776 ejusque
829 5701 1272 5757 successoribus
1302 5699 1360 5753 in
1384 5698 1643 5755 alodium
1669 5705 1724 5756 et
1752 5702 2024 5772 patrimo-

2138 4723 2309 4777 fuerit
2326 4721 2649 4778 secundum
2667 4723 2936 4774 nostrum
2961 4715 3260 4770 decretum
3282 4709 3434 4767 facta
3455 4704 3662 4761 electio
3680 4705 3813 4759 sive

2133 4809 2441 4875 ordinatio,
2476 4809 2626 4863 bono
2674 4805 2869 4861 studio
2918 4798 3379 4875 congratuletur.
3431 4792 3581 4850 Illud
3622 4792 3806 4847 etiam

2132 4898 2505 4970 praecipimus
2519 4901 2582 4951 ut
2595 4910 2790 4950 comes
2808 4893 2928 4948 And
2938 4888 3243 4964 egavensis
3264 4887 3336 4942 ab
3351 4882 3511 4939 omni
3533 4886 3810 4952 tempore

2132 4969 2209 5044 sit
2229 4989 2460 5057 adjutor
2482 4989 2539 5040 et
2559 4985 2826 5039 defensor
2864 4976 3314 5036 Vindocinensis
3345 4969 3693 5057 monasterii
3731 4970 3806 5024 ad

2133 5056 2413 5132 honorem
2447 5073 2779 5144 apostolicae
2812 5071 2990 5135 sedis,
3024 5068 3151 5140 ipse
3181 5071 3377 5122 tamen
3424 5057 3514 5116 vel
3545 5056 3810 5130 quilibet

2132 5179 2474 5222 succcssoru
2487 5179 2537 5216 m
2559 5159 2779 5215 nullam
2796 5158 3156 5214 exactionem
3171 5153 3289 5210 sive
3305 5146 3806 5207 consuetudinem

2135 5252 2493 5311 monasterio
2524 5249 2611 5306 vel
2645 5247 2982 5304 monasterii
3017 5246 3190 5302 rebus
3221 5241 3458 5304 inferat,
3493 5252 3602 5292 nec
3631 5235 3688 5290 in
3716 5235 3808 5291 eis

2135 5342 2356 5415 aliquid
2409 5339 2703 5394 vindicare
2749 5343 3086 5409 praesumat,
3141 5336 3350 5404 praeter
3399 5321 3804 5399 patrocinium

2137 5411 2348 5498 solum,
2382 5427 2536 5500 quod
2568 5426 2618 5482 ei
2651 5426 2722 5481 ad
2754 5425 3036 5481 honorem
3067 5418 3393 5495 apostolicae
3443 5412 3603 5470 sedis
3634 5411 3805 5500 etrad

2137 5520 2346 5577 animus
2377 5499 2496 5572 sua:
2528 5513 2780 5572 salutem
2812 5513 3085 5570 exhibere
3127 5507 3484 5584 permissum
3534 5505 3644 5557 est.
3678 5499 3806 5555 Hoc

2136 5609 2312 5666 etiam
2346 5604 2660 5676 adjicimus
2693 5608 2756 5659 ut
2778 5609 2897 5659 tam
2921 5602 2980 5657 in
3007 5593 3423 5656 Vindocinensi
3445 5592 3802 5660 loco,quam

2137 5700 2197 5754 in
2220 5695 2415 5753 Sancti
2439 5693 2757 5749 Salvatoris
2772 5693 2935 5764 juxta
2954 5686 3281 5762 Andegavis
3297 5697 3498 5741 muros
3521 5676 3799 5744 ecclesia,
