4086 6168
276 425 394 492 821

1245 425 1652 490 EPISTOL/E
1694 421 1796 487 ET
1839 422 2205 487 DECRETA
2242 421 2718 492 PONTIFICIA.

283 560 432 621 nulli
475 577 759 637 personae,
790 560 904 622 nisi
952 559 1074 623 solo
1129 562 1389 624 Romano
1426 565 1708 640 pontiﬁci,
1752 563 1925 620 liceat
1950 556 2009 628 Α
2042 563 2337 632 nentibus,
2371 565 2496 623 sine
2522 565 2757 625 licentia
2785 566 3313 628 forestariorum.Si
3339 588 3473 630 vero
3499 572 3684 634 alibas

280 656 630 728 potestatem
673 653 931 728 aliquam
980 660 1081 712 aut
1131 655 1588 713 dominationem
1642 672 1921 713 exercere.

282 746 382 801 aut
414 743 940 814 excommunicare,
976 762 1079 802 seu
1112 745 1476 814 interdicere,
1510 747 1741 804 etiamsi
1786 746 1928 803 Car-

282 833 548 890 notensis
581 838 682 890 aut
708 835 1143 908 Andegavensis
1168 837 1470 910 patriapro
1484 837 1672 909 culpis
1694 837 1929 909 quibus-

279 922 424 980 libet
481 925 1082 996 excommunicentur,
1116 926 1606 984 excommunicati
1650 931 1846 984 tamen
1895 944 1929 983 a

279 1013 588 1070 monachis
616 1031 732 1070 non
763 1015 1315 1088 suscipiantur.Nos
1348 1021 1545 1074 autem
1573 1016 1770 1074 omnia
1800 1034 1926 1090 qua;

278 1103 358 1161 ibi
391 1120 427 1160 a
454 1103 619 1160 vobis
641 1104 728 1161 vel
755 1104 828 1161 ab
861 1105 992 1163 aliis
1020 1107 1330 1164 hominum
1354 1107 1620 1180 personis
1650 1125 1836 1180 usque
1865 1107 1926 1162 in

276 1195 624 1264 praesentem
687 1192 841 1251 diem
898 1195 1092 1253 oblata
1149 1200 1306 1264 sunt,
1339 1201 1541 1253 nostra
1587 1197 1930 1254 auctoritate

277 1281 683 1351 ﬁrmamus,ut
710 1281 768 1338 in
799 1289 1149 1358 perpetuum
1173 1287 1360 1344 eidem
1383 1286 1508 1343 loco
1530 1288 1656 1343 sine
1679 1287 1929 1342 diminu-

276 1370 437 1428 tione
464 1371 552 1427 vcl
582 1371 893 1444 cujuslibet
923 1376 1327 1432 retractatione
1357 1376 1693 1448 persistant.
1715 1377 1770 1432 Si
1796 1375 1927 1448 quis

274 1477 411 1518 vero
446 1466 649 1520 contra
678 1462 870 1520 locum
892 1463 1060 1521 illum
1092 1465 1422 1523 molestiam
1445 1465 1562 1522 litis
1589 1483 1690 1539 pro
1713 1464 1924 1536 aliqui-

276 1550 394 1607 bus
449 1551 621 1608 rebus
668 1552 882 1611 inferre
927 1554 1192 1623 voluerit,
1245 1554 1580 1612 nullatenus
1628 1555 1809 1611 abbas
1840 1554 1926 1610 vel

281 1639 492 1696 fratres
519 1641 566 1696 ei
597 1644 1011 1714 respondeant,
1037 1647 1354 1718 antequam
1381 1645 1708 1701 Romanum
1741 1643 1928 1717 ponti-

274 1729 448 1786 ficem
481 1730 960 1806 consulant,quia
989 1733 1276 1806 quidquid
1308 1735 1434 1790 sine
1465 1738 1664 1790 nostro
1686 1731 1772 1790 vel
1794 1749 1925 1788 suc-

272 1833 574 1875 cessorum
592 1825 927 1877 nostrorum
935 1822 1156 1892 judicio
1171 1821 1569 1878 definitumvel
1582 1822 1924 1878 distractum

2038 657 2294 729 praedicti
2323 657 2434 714 loci
2461 663 2518 716 et
2547 677 2740 717 comes
2762 660 3212 719 Vindocinensis
3232 662 3378 720 alter
3402 665 3682 724 adversus

2036 747 2397 814 alterum,vel
2429 750 2676 822 quilibet
2705 751 2879 808 homo
2909 769 3110 809 eorum
3141 753 3441 826 querelam
3471 754 3687 812 habue-

2037 837 2132 904 rit,
2166 855 2279 893 non
2310 838 2367 893 in
2411 840 2572 896 curia
2601 841 2852 911 comitis,
2887 859 2990 897 nec
3019 842 3080 898 in
3112 843 3372 914 qualibet
3402 844 3687 917 aliajudi-

2037 926 2193 982 cium
2220 929 2529 1000 efficiatur,
2560 931 2662 986 sed
2692 930 2750 985 in
2783 931 2945 987 curia
2975 932 3204 988 abbatis
3247 949 3350 1004 pro
3400 933 3684 1007 dignitate

2035 1014 2146 1072 loci
2197 1018 2564 1088 querimonia
2616 1019 2745 1091 ipsa
2799 1021 3038 1077 finiatur
3084 1022 3166 1078 ita
3210 1025 3406 1079 tamen
3464 1028 3531 1080 ut
3577 1042 3682 1097 pro

2037 1123 2234 1162 amore
2256 1124 2502 1164 summae
2521 1109 2909 1178 Trinitatis,in
2932 1112 3100 1183 cujus
3126 1111 3362 1168 nomine
3386 1115 3443 1169 et
3462 1113 3685 1172 honore

2038 1197 2460 1252 monasterium
2477 1198 2671 1270 ipsum
2690 1203 3091 1257 constructum
3104 1201 3464 1270 est,dimidia
3479 1220 3684 1276 parso-

2037 1285 2118 1341 ris
2150 1284 2287 1342 facti
2305 1302 2409 1342 nec
2431 1282 2726 1359 quaeratur
2746 1289 2817 1344 ab
2840 1289 3169 1362 aliquo,nec
3191 1292 3525 1348 donetur.Si
3549 1293 3682 1366 quis

2037 1379 2232 1432 autem
2254 1375 2434 1448 hujus
2450 1377 2636 1433 nostri
2665 1379 2935 1451 praecepti
2967 1379 3218 1436 scienter
3245 1380 3490 1438 violator
3507 1383 3682 1439 exsti-

2036 1465 2190 1534 terit,
2224 1465 2312 1521 vel
2352 1468 2422 1522 de
2451 1467 2869 1541 suprascriptis
2899 1469 3074 1526 rebus
3102 1469 3522 1527 Vindocinensi
3553 1487 3684 1528 mo-

2037 1555 2291 1610 nasterio
2343 1555 2667 1628 quidquam
2715 1557 3090 1624 subtraxerit,
3134 1557 3540 1616 maledictione
3583 1561 3686 1618 Dei

2035 1644 2248 1711 Patris,
2281 1648 2336 1700 et
2368 1644 2520 1714 Filii,
2552 1650 2608 1700 et
2638 1646 2890 1718 Spiritus
2935 1647 3124 1704 sancti
3163 1648 3494 1717 damnetur,
3544 1665 3681 1706 con-

2036 1732 2337 1801 fundatur,
2372 1736 2666 1806 pereat,ad
2698 1736 2866 1806 cujus
2897 1735 3178 1792 honorem
3199 1741 3258 1792 et
3283 1753 3497 1793 nomen
3518 1737 3684 1795 locus

2036 1821 2161 1894 ipse
2191 1826 2561 1879 constructus
2606 1827 2712 1890 est,
2747 1824 2957 1879 deinde
2989 1824 3166 1879 etiam
3199 1824 3347 1880 iram
3380 1824 3479 1880 Dei
3509 1825 3681 1883 Geni-

268 1907 472 2004 fuerit,
504 1908 736 1966 irritum
768 1910 895 1967 erit.
927 1912 1007 1967 Ea
1033 1929 1168 1968 vero
1199 1930 1323 1986 quae
1349 1913 1422 1969 ad
1455 1913 1760 1984 przefatum
1792 1928 1926 1984 per-
1957 1938 2006 2004 B
2041 1911 2203 1967 tricis
2232 1914 2288 1967 et
2316 1911 2618 1968 beatorum
2650 1910 3048 1984 apostolorum
3080 1913 3233 1968 Petri
3262 1915 3322 1968 et
3350 1911 3512 1969 Pauli
3557 1930 3682 1971 om-

267 1998 462 2054 tinent
483 2000 991 2069 monasterium,et
1018 2002 1186 2059 beato
1215 2002 1382 2058 Petro
1415 2005 1474 2057 in
1506 2001 1926 2074 patrimonium
1958 1998 1999 2004 ’⁷
2035 2000 2321 2073 niumque
2351 2005 2688 2058 sanctorum
2718 2000 3001 2066 incurrat,
3033 2005 3090 2057 et
3118 2005 3320 2058 nostra
3365 2001 3686 2075 apostolica

267 2105 454 2162 super
471 2088 662 2162 ipsius
679 2090 858 2146 altare
875 2108 908 2146 a
926 2090 1214 2148 Gaufredo
1233 2091 1443 2148 comite
1458 2092 1924 2163 Andegavorum,

266 2183 328 2234 et
362 2177 435 2233 ab
465 2179 686 2251 Aguete
719 2179 1022 2255 comitissa
1067 2182 1196 2252 ejus
1242 2181 1492 2253 conjuge
1541 2180 1734 2236 oblata
1764 2183 1925 2246 sunt,

265 2266 368 2322 hic
401 2266 621 2338 scripta
650 2272 976 2324 noscuntur
995 2269 1066 2324 ad
1086 2269 1478 2342 cognitionem
1503 2267 1927 2324 futurorum.ln

265 2371 424 2429 pago
456 2355 872 2413 Vindocinensi
905 2357 1146 2414 ecclesia
1173 2358 1370 2414 Sancti
1400 2356 1616 2413 Nicolai
1641 2358 1712 2412 de
1733 2357 1927 2412 Ferra-

264 2445 380 2500 ria.
415 2443 670 2501 Ecclesia
701 2446 771 2501 de
800 2447 1071 2514 Pruneto,
1103 2463 1238 2502 cum
1279 2446 1570 2503 universis
1612 2450 1925 2502 consuetu-

264 2533 824 2591 dinibus.Medietas
855 2535 1113 2592 ecclesiae
1142 2540 1363 2592 Sanctae
1397 2535 1591 2591 Mariae
1623 2535 1777 2606 apud
1804 2533 1924 2588 Vil-

263 2622 394 2680 lam
424 2623 703 2697 episCOpi.
735 2624 993 2680 Ecclesia
1026 2625 1221 2680 Sancti
1271 2623 1548 2697 Stephani
1605 2624 1760 2696 apud
1809 2627 1924 2679 sta-

265 2711 756 2788 gnum.Ecclesiae
787 2718 1038 2786 quatuor
1058 2731 1206 2786 quas
1227 2713 1587 2770 Thedoricus
1617 2711 1926 2786 episcopus

266 2803 654 2860 Carnotensis
702 2803 861 2859 dedit
898 2803 1253 2860 monasterio
1284 2803 1697 2860 Vindocinensi
1731 2819 1926 2859 amore

267 2893 396 2960 Dei,
449 2895 509 2947 et
563 2891 987 2964 supplicatione
1045 2893 1318 2950 Gaufredi
1378 2894 1632 2962 comitis,
1684 2892 1928 2949 ecclesia

265 2981 503 3039 scilicet
549 2981 746 3038 Sancti
795 2983 977 3050 Beati,
1026 2983 1270 3040 ecclesia
1315 2984 1513 3040 Sancti
1564 2983 1808 3039 Joannis
1855 2982 1926 3037 de

266 3070 762 3138 Castrodunensi,
795 3071 1041 3128 ecclesia
1087 3073 1158 3128 de
1210 3071 1521 3138 Balneolis,
1567 3069 1812 3126 ecclesia
1855 3070 1926 3126 de

267 3157 612 3225 Villarebla,
645 3159 891 3216 ecclesia
935 3160 1290 3217 Anscherici.
1323 3161 1387 3217 In
1435 3161 1774 3232 episcopatu
1822 3160 1923 3215 Ce-

268 3246 626 3303 nomanensi
680 3249 925 3304 ecclesia
979 3248 1172 3304 Sancti
1220 3248 1463 3305 Joannis
1521 3249 1796 3322 Baptistae
1850 3248 1921 3303 de

265 3335 438 3390 Villa
467 3334 588 3400 Dei,
620 3344 670 3391 et
698 3336 836 3392 villa
868 3337 996 3408 ipsa
1022 3353 1154 3393 cum
1188 3337 1359 3392 terris
1389 3341 1446 3393 et
1475 3337 1658 3406 silvis,
1691 3341 1749 3392 et
1778 3337 1924 3393 vica-

271 3424 388 3495 ria,
437 3427 496 3478 et
542 3424 1065 3481 consuetudinibus
1113 3425 1424 3482 universis.
1459 3428 1638 3482 Terra
1667 3427 1737 3482 de
1764 3427 1924 3482 Pinis

267 3519 326 3569 et
357 3531 492 3586 quae
526 3518 613 3569 est
632 3513 711 3569 ibi
726 3515 899 3586 juxta
921 3515 1165 3572 dimidia
1184 3515 1429 3573 ecclesia
1460 3516 1682 3571 Sanctae
1707 3515 1920 3585 Mariae,

265 3603 523 3660 ecclesia
549 3603 741 3659 Sancti
776 3603 1076 3661 Michaelis
1124 3605 1195 3661 de
1245 3606 1482 3671 Huseto,
1515 3608 1572 3660 et
1598 3609 1755 3661 terra
1791 3622 1925 3662 cum

266 3696 508 3764 stagno,
561 3695 618 3747 et
663 3691 1016 3748 molendinis
1069 3710 1202 3749 cum
1253 3695 1467 3762 boscis,
1499 3698 1556 3750 et
1603 3693 1837 3762 vicaria,
1871 3699 1928 3750 et

264 3781 554 3837 omnibus
601 3781 1147 3851 consuetudinibus,
1201 3784 1483 3840 medietas
1542 3783 1798 3840 ecclesiae
1857 3785 1927 3840 de

263 3870 502 3927 Torcio.
539 3869 604 3925 In
635 3870 974 3944 episcOpatu
1004 3871 1405 3943 Andegavcnsi
1445 3872 1688 3929 ecclesia
1731 3873 1927 3928 Sancti

264 3957 577 4015 Saturnini
609 3963 666 4014 et
693 3960 877 4016 curtis
905 3963 1049 4028 tota,
1080 3965 1138 4016 et
1161 3959 1307 4017 silva
1346 3977 1472 4033 quae
1493 3961 1709 4018 dicitur
1736 3962 1924 4028 Latez,

263 4053 321 4104 et
343 4054 511 4106 terra
526 4047 760 4118 silvaa,si
782 4048 927 4106 silva
943 4049 1118 4106 fuerit
1138 4050 1646 4123 exstirpata.Apud
1669 4055 1926 4107 castrum

262 4137 649 4195 Credonense
689 4137 934 4194 ecclesia
981 4140 1178 4195 Sancti
1227 4139 1542 4195 Clementis
1575 4143 1630 4194 et
1660 4139 1931 4195 universa

260 4228 396 4299 ejus
424 4226 984 4298 parochia,ecclesiaa
1006 4227 1114 4284 vici
1136 4227 1486 4284 Meduanilis
1507 4227 1928 4296 ;ecclesiaSan-

262 4317 341 4372 cti
364 4316 624 4373 Joannis
646 4333 825 4388 super
848 4316 1188 4390 Ligerim,et
1210 4318 1410 4374 decem
1433 4321 1488 4372 et
1511 4333 1713 4373 novem
1728 4334 1930 4390 arpen-

263 4405 324 4461 ni
345 4406 667 4461 vinearum
689 4409 748 4460 et
769 4406 882 4462 duo
919 4406 1264 4474 molendini;
1290 4405 1532 4462 ecclesia
1554 4406 1747 4462 Sancti
1777 4406 1925 4462 Petri

261 4495 337 4551 de
359 4493 628 4551 Maziaco
649 4499 706 4552 et
727 4495 911 4550 curtis
933 4499 1056 4552 tota
1071 4495 1335 4565 ;ecclesia
1357 4495 1554 4552 Sancti
1577 4495 1834 4552 Medardi
1859 4497 1930 4552 de

261 4581 665 4639 Caviriacan
688 4583 1029 4657 episcopatu
1054 4583 1379 4640 Pictavensi
1398 4582 1642 4640 ecclesia
1663 4584 1734 4640 de
1754 4583 1926 4640 Olon-

2038 2091 2379 2146 auctoritate
2437 2090 2514 2146 sit
2568 2089 3130 2160 excommunicatus,
3177 2093 3234 2146 et
3288 2090 3683 2149 anathematis

2034 2178 2266 2234 vinculo
2298 2179 2702 2247 innodatus,ut
2731 2196 3036 2252 nunquam
3067 2195 3313 2253 regnum
3344 2179 3447 2236 Dei
3466 2179 3679 2250 videat,

2037 2270 2137 2326 sed
2195 2285 2330 2324 cum
2363 2269 2593 2324 diabolo
2641 2273 2698 2324 et
2742 2269 2894 2326 Juda
2940 2269 3241 2338 traditore,
3290 2269 3682 2344 omnibusque

2034 2357 2232 2430 impiis
2264 2358 2340 2413 sit
2369 2358 2682 2414 damnatus
2713 2358 2773 2414 in
2803 2360 3171 2426 aeternum,et
3199 2356 3260 2412 in
3288 2357 3544 2414 tenebris
3566 2375 3686 2416 ma-

2035 2451 2170 2502 neat
2214 2451 2270 2502 et
2299 2448 2510 2503 umbra
2539 2448 2765 2514 mortis,
2799 2449 2856 2503 et
2883 2447 2943 2502 in
2971 2446 3241 2503 incendio
3272 2447 3581 2517 sulfurato,
3623 2447 3684 2505 in

2036 2536 2248 2608 frigore
2278 2535 2377 2592 illo
2420 2540 2670 2592 tartareo
2717 2537 2818 2591 ubi
2864 2539 2954 2592 est
2999 2535 3169 2592 ﬂetus
3194 2540 3249 2591 et
3279 2536 3495 2593 stridor
3541 2538 3682 2594 den-

2034 2625 2183 2680 tium
2217 2625 2426 2696 (Matth.
2458 2627 2724 2697 vm,'12),
2758 2625 2871 2682 nisi
2901 2626 3057 2697 quod
3089 2625 3278 2680 eidem
3308 2624 3434 2681 loco
3474 2625 3681 2681 abstu-

2035 2713 2102 2769 lit
2123 2714 2300 2786 digna
2324 2715 2721 2770 satisfactione
2749 2712 3150 2780 emendet.Qui
3167 2729 3299 2768 vero
3311 2717 3684 2772 conservator

2035 2808 2092 2860 et
2119 2803 2428 2868 inviolator
2455 2803 2742 2859 exstiterit
2773 2803 2951 2874 hujus
2968 2805 3179 2858 nostrae
3200 2800 3530 2874 apostolicae
3553 2820 3685 2861 con-

2035 2892 2387 2948 firmationis
2415 2896 2472 2948 et
2504 2892 2790 2959 tuitionis,
2825 2892 2937 2948 iste
2965 2891 3345 2948 benedicatur
3373 2892 3534 2948 omni
3582 2893 3681 2949 be-

2036 2979 2382 3047 nedictione,
2425 2984 2489 3035 ut
2537 2984 2762 3052 partem
2809 2981 3022 3036 habeat
3069 2979 3128 3035 in
3178 2996 3356 3053 regno
3401 2981 3502 3038 Dei
3545 2998 3682 3039 cum

2035 3069 2255 3125 sanctis
2285 3073 2340 3124 et
2369 3067 2587 3136 electis,
2621 3073 2678 3125 et
2705 3068 2958 3142 gaudeat
2987 3067 3189 3124 laetitia
3218 3069 3574 3141 sempiterna
3619 3071 3681 3128 in

2033 3157 2132 3213 illa
2161 3159 2290 3214 luce
2320 3162 2376 3214 et
2404 3157 2667 3213 claritate
2697 3157 2977 3213 coslorum
3006 3156 3108 3212 ubi
3138 3161 3226 3212 est
3254 3173 3427 3214 omne
3456 3158 3681 3215 bonum

2035 3247 2093 3302 in
2125 3247 2337 3302 saecula
2367 3246 2736 3302 saeculorum.
2766 3248 2969 3303 Amen.
3002 3245 3251 3302 Victoris
3281 3245 3484 3319 primas
3524 3247 3683 3306 sedis

2035 3335 2291 3408 episcopi
2322 3339 2378 3392 et
2406 3335 2756 3392 universalis
2787 3352 2949 3408 papae
2982 3336 3031 3392 ΙΙ
3060 3335 3230 3391 breve
3260 3333 3519 3408 signum.

2787 3442 2933 3498 XIII.

2132 3532 2297 3587 Bulla
2328 3532 2551 3588 Victoris
2575 3548 2732 3604 papa
2759 3533 2934 3660 £11220
2963 3531 3188 3589 ecclesia
3212 3531 3306 3589 SS.
3338 3532 3579 3591 Simonis

2727 3619 2756 3660 α
2911 3618 2984 3660 .2.

2727 3618 2779 3660 αι
2808 3618 2984 3660 max.

2653 3693 2844 3764 (Anno
2875 3692 3059 3763 4057.)

2217 3781 2612 3853 [HEINECCIUS,
2645 3780 3506 3853 antiquitalamgoslariemium

2655 3850 2756 3906 lib.
2781 3850 2828 3920 ’1,
2863 3867 2920 3922 p.
2949 3851 3066 3921 65.]

2107 3960 2324 4016 VICTOR
2356 3959 2896 4031 episcopus,servus
2926 3973 3227 4014 servorum
3258 3957 3386 4028 Dei,
3407 3957 3688 4015 omnibus

2038 4049 2251 4105 Christi
2285 4047 2578 4104 fidelibus.

2110 4138 2303 4194 Sancti
2336 4136 2618 4210 propositi
2649 4139 2850 4192 votum
2881 4153 2998 4192 non
3031 4136 3225 4194 solum
3257 4136 3452 4194 divino
3482 4136 3692 4195 effectu

2037 4226 2442 4300 impletur,sed
2473 4225 2649 4280 etiam
2673 4224 2934 4280 humano
2962 4226 3239 4300 suffragio
3271 4225 3695 4299 adjuvatur.Sit

2039 4321 2237 4372 autem
2270 4319 2476 4371 notum
2507 4314 2785 4371 omnibus
2806 4315 2864 4371 S.
2900 4314 3168 4373 Ecclesiae
3199 4314 3360 4382 filiis,
3392 4320 3516 4371 tam
3547 4329 3695 4386 prm-

2037 4406 2300 4462 sentibus
2317 4421 2490 4476 quam
2512 4404 3060 4477 futuris,quiaﬁlius
3079 4401 3694 4471 nostercharissimus,

2039 4495 2332 4552 secundus
2363 4493 2667 4550 Heinricus
2699 4495 3018 4566 imperator
3043 4489 3697 4564 Augustus,quamdam

2043 4583 2373 4649 ecclesiam,
2404 4600 2438 4639 a
2467 4600 2529 4640 se
2560 4582 2827 4638 funditus
2871 4583 3286 4647 constructam,
3319 4579 3381 4635 in
3413 4578 3698 4635 honorem

262 4691 363 4730 na.
404 4674 480 4729 In
510 4672 850 4744 episcopatu
878 4672 1226 4730 Sanctonico
1259 4671 1503 4729 ecclesia
1533 4671 1728 4728 Sancti
1757 4673 1925 4729 Geor-
1968 4689 2014 4751 υ
2045 4674 2128 4746 [in
2157 4673 2399 4744 honore]
2433 4675 2646 4728 sanctae
2678 4668 2780 4725 Dei
2810 4668 3112 4741 genitricis
3140 4667 3384 4741 virginis
3416 4666 3612 4724 Maria
3643 4670 3702 4725 et

262 4762 348 4836 gii
379 4768 446 4818 et
470 4761 645 4817 tertia
666 4779 800 4834 pars
825 4762 1090 4834 ejusdem
1116 4762 1322 4818 insulas
1347 4779 1480 4817 cum
1505 4762 1940 4818 consuetudini-

262 4851 384 4907 bus
420 4850 780 4907 univesis.In
807 4855 998 4907 castro
1030 4851 1295 4908 Oleronis
1341 4849 1584 4906 ecclesia
1615 4851 1675 4906 Β.
1711 4851 1939 4920 Mariae;

263 4939 535 4997 ecclesia
564 4939 726 4996 Podii
766 4939 1030 5010 rebellis;
1090 4940 1336 4998 ecclesia
1392 4941 1463 4996 de
1522 4939 1940 5009 Blosmeriaco;

262 5028 534 5087 ecclesia
563 5029 757 5086 Sancti
811 5030 1113 5087 Saturnini
1158 5034 1217 5086 et
1263 5034 1421 5086 terra
1464 5033 1521 5083 S.
1568 5028 1777 5084 Aniani
1810 5046 1940 5086 cum

266 5119 498 5174 salinis
513 5122 570 5174 et
584 5119 1382 5191 piscationibus,etomnibus
1395 5117 1942 5174 consuetudinibus.

268 5209 337 5264 ln
393 5208 620 5264 forests
667 5209 938 5264 Wastina
971 5213 1160 5264 totum
1192 5208 1559 5280 pasnaticum
1595 5207 1665 5261 de
1698 5207 1946 5278 propriis

268 5297 487 5370 porcis
517 5296 784 5352 omnium
817 5297 1240 5353 monachorum
1271 5297 1498 5353 Sancta:
1538 5295 1863 5364 Trinitatis,
1893 5298 1951 5349 et

269 5387 582 5444 medietas
607 5387 678 5441 de
707 5386 1009 5459 pasnatico
1041 5386 1291 5442 aliorum
1314 5386 1643 5452 hominum,
1664 5388 1720 5440 et
1750 5383 1861 5439 mel
1895 5388 1952 5440 et

271 5492 420 5532 cera
452 5474 722 5546 ejusdem
755 5473 1322 5532 silvaeinlliminaria
1343 5472 1951 5532 mouasterii.Assum-

270 5565 407 5640 ptio
443 5564 628 5620 etiam
659 5565 928 5622 omnium
951 5565 1228 5622 arborum
1251 5565 1324 5621 ab
1348 5564 1624 5620 omnibus
1646 5562 1953 5620 monachis

274 5653 920 5724 Vindocinensibus,et
932 5652 1650 5712 abunivcrsishomiuibus
1665 5653 1952 5724 ipsorum,

274 5745 356 5804 ad
389 5759 612 5803 omnes
627 5761 774 5805 usus
787 5762 927 5804 suos
946 5745 1008 5803 in
1029 5745 1202 5806 terris
1237 5745 1309 5802 ad
1341 5741 1765 5801 monasterium
1789 5740 1958 5814 perti-

2049 4763 2355 4818 beatorum
2390 4758 2786 4832 apostolorum
2826 4756 3082 4813 Simonis
3129 4759 3186 4812 et
3228 4755 3415 4828 Juda),
3447 4755 3701 4830 positam

2054 4850 2178 4907 loco
2203 4847 2592 4918 Goslaria,ubi
2619 4846 2826 4902 fratres
2847 4849 2986 4901 sunt
3001 4848 3112 4901 sub
3128 4844 3407 4903 canonica
3424 4846 3702 4920 degentes

2053 4938 2500 5013 regula,quibus
2530 4935 2845 5008 praeposuit
2875 4935 3265 4992 Guntherium
3288 4935 3702 4993 cancellarium

2055 5045 2254 5098 suum,
2287 5032 2406 5082 tam
2432 5043 2534 5097 pro
2567 5024 2774 5080 animae
2824 5042 2942 5081 sua
3002 5042 3239 5099 suaeque
3287 5024 3558 5097 conjugis
3586 5026 3704 5080 Au-

2055 5123 2240 5191 gustae
2291 5115 2420 5170 filia:
2475 5119 2685 5170 nostrae
2739 5114 2980 5186 Agnetis
3048 5112 3325 5179 remedio,
3377 5125 3555 5184 quam
3601 5126 3738 5182 pro-

2058 5207 2248 5264 salute
2279 5205 2454 5261 etiam
2489 5206 2797 5276 parentum
2829 5219 3072 5259 suorum
3103 5199 3358 5259 Cunradi
3389 5202 3447 5256 et
3477 5196 3706 5267 Gisela,

2059 5297 2202 5352 divae
2234 5293 2484 5368 [divinae]
2518 5289 2835 5356 memoriae,
2866 5291 2961 5363 pio
3001 5291 3210 5347 affectu
3259 5287 3471 5360 piaque
3518 5285 3709 5343 inten-

2061 5384 2217 5440 tione
2250 5387 2453 5438 sancto
2480 5381 2645 5436 Petro
2667 5379 2913 5450 ejusque
2935 5377 3263 5450 apostolica:
3287 5375 3412 5432 sedi
3435 5391 3536 5449 per
3566 5375 3709 5432 scri-

2063 5476 2315 5543 pturam,
2350 5469 2586 5542 propria
2615 5485 2794 5524 manu
2825 5469 3140 5540 signatam,
3159 5465 3393 5538 penitus
3423 5464 3715 5522 concessit

2063 5577 2165 5633 per
2195 5577 2408 5615 manus
2434 5563 2686 5625 nostras,
2721 5557 2941 5614 scilicet
2969 5555 3197 5628 indigni
3225 5554 3426 5613 vicarii
3448 5555 3714 5627 ejusdem

2065 5649 2462 5722 apostolorum
2489 5646 2794 5720 Principis,
2824 5651 2889 5702 ut
2914 5647 3044 5720 ipsa
3068 5643 3330 5713 ecclesia,
3365 5642 3556 5718 posita
3603 5641 3714 5698 sub

2065 5737 2380 5812 apostolico
2401 5737 2554 5809 jure,
2590 5735 2648 5792 in
2676 5739 3024 5809 perpetuum
3053 5734 3240 5794 libera
3268 5736 3325 5792 et
3355 5731 3553 5807 quieta
3583 5745 3714 5804 per-
