4086 6168
257 377 375 441 825

255 618 521 675 unquam
552 600 692 658 illuc
715 602 940 676 ingredi
970 596 1307 676 praeumat,
1335 608 1535 661 nostra
1581 604 1903 677 apostolica

253 690 665 748 interdicimus
686 691 1051 757 auctoritate,
1070 697 1126 749 et
1144 710 1217 749 ne
1237 693 1370 765 quis
1391 698 1589 750 autem
1620 693 1900 765 placitum

253 781 336 837 ibi
368 780 585 836 habeat
622 780 710 837 vel
738 781 796 835 in
836 781 1058 837 cateris
1087 782 1216 853 ejus
1237 779 1401 851 locis,
1434 798 1539 839 nec
1571 800 1767 840 servos
1798 799 1901 839 nec

252 868 498 928 colonos
527 869 600 926 ad
632 869 868 943 aliquod
901 870 1202 926 servitium
1241 871 1622 945 constringat,
1666 871 1778 927 nisi
1808 872 1902 928 cui

252 959 442 1016 abbas
473 959 545 1014 ad
567 958 878 1015 utilitatem
901 977 1019 1015 sua
1048 960 1414 1017 necessitatis
1434 978 1743 1017 assensum
1764 979 1904 1034 pra-

249 1048 471 1105 buerit.
503 1046 765 1121 Eligendi
789 1065 1022 1120 quoque
1044 1049 1315 1105 abbatem
1338 1050 1471 1117 sibi,
1496 1051 1732 1122 quando
1755 1067 1903 1123 opus

250 1136 451 1205 fuerit,
477 1136 683 1193 fratres
705 1137 855 1193 inter
876 1155 937 1193 se
950 1140 1293 1209 potestatem
1313 1139 1565 1195 habeant
1578 1140 1902 1196 secundum

249 1224 526 1300 regulam
550 1225 733 1283 sancti
759 1226 1071 1295 Benedicti,
1096 1226 1223 1284 sine
1239 1227 1417 1285 ullius
1447 1229 1905 1286 contradictione

247 1332 541 1389 persona.

322 1403 617 1459 Caterum
666 1420 798 1460 vero
830 1404 936 1460 hoc
978 1405 1368 1462 deliberantes
1405 1406 1778 1463 decernimus
1818 1411 1900 1476 ut,

250 1493 538 1567 congruis
559 1494 943 1566 temporibus,
977 1499 1187 1565 nostra
1218 1495 1598 1551 sollicitudini
1631 1495 1903 1553 ecclesia-

251 1583 423 1639 stica
455 1582 755 1639 intimatur
783 1583 1034 1655 qualiter
1063 1583 1263 1657 religio
1299 1586 1621 1642 mouastica
1651 1585 1902 1657 regulari

250 1671 469 1728 habitu
515 1670 801 1745 dirigatur
853 1672 1279 1745 concordiaque
1328 1674 1690 1730 convenienti
1720 1674 1903 1731 eccle-

247 1760 499 1818 siastico
520 1760 713 1817 studio
736 1761 1119 1835 mancipatur,
1136 1779 1205 1818 ne
1221 1763 1385 1831 forte,
1409 1764 1562 1836 quod
1586 1763 1761 1820 absit!
1793 1764 1902 1819 sub

1233 375 1637 442 EPISTOL/E
1678 376 1781 442 ET
1823 376 2187 442 DECRETA
2230 377 2697 463 PONTIPICIA.

258 509 512 569 nasterio
553 510 614 568 in
663 511 840 570 rebus
885 528 952 570 ac
990 510 1241 570 familias
1287 514 1453 586 ejus;
1486 516 1644 571 etne
1686 513 1906 570 femina
1933 512 1990 579 Α

3547 383 3666 447 826

2116 604 2337 659 Victoris
2368 605 2417 660 II
2446 605 2814 676 privilegium
2834 620 2938 678 pro
2970 604 3207 661 Ecclesia
3242 606 3564 663 Trevirensi.

2644 697 2831 766 (Anno
2860 695 3040 766 1057.)

2084 782 2405 853 {litiumst},
2441 782 2618 839 Codex
2646 784 2869 856 diplom.
2908 782 3076 839 Rhen.
3109 785 3317 853 Mosel.,
3354 803 3408 858 p.
3444 784 3596 859 434.]

2080 869 2296 926 νιστοῆ
2342 871 2672 945 episcopus,
2708 889 2909 928 servus
2942 888 3243 928 servorum
3274 874 3397 941 Dei,
3438 874 3544 930 tibi
3576 874 3669 929 di-

2011 959 2156 1015 lecto
2184 960 2460 1016 confratri
2492 978 2556 1016 ac
2596 965 2807 1017 sancta
2850 962 3212 1018 Trevirensis
3256 964 3524 1020 Ecclesia
3573 983 3669 1021 ar—

2013 1048 2381 1122 chiepiscopo
2414 1049 2647 1123 tuisque
2677 1051 3117 1106 successoribus
3146 1051 3204 1106 in
3235 1056 3605 1124 perpetuum.

2081 1138 2268 1194 Justis
2298 1156 2363 1193 ac
2385 1139 2627 1195 Domino
2651 1139 2879 1211 placitis
2906 1140 3285 1211 petitionibus
3308 1142 3663 1199 atl'cctuosus

2014 1229 2256 1284 debetur
2286 1229 2543 1285 effectus.
2579 1229 2725 1295 Quid
2759 1229 2915 1285 enim
2946 1227 3005 1284 in
3038 1230 3483 1302 prasentiarum
3542 1234 3664 1287 tam

2006 1318 2260 1388 justum,
2277 1321 2394 1373 tam
2410 1318 2525 1374 Deo
2540 1317 2840 1390 placitum,
2857 1335 3033 1390 quam
3052 1322 3105 1374 et
3125 1319 3454 1377 reverendis
3467 1338 3532 1377 ac
3552 1322 3669 1394 piis

2013 1406 2157 1463 locis
2173 1407 2241 1462 ad
2255 1405 2489 1463 laudem
2506 1406 2819 1480 et'gloriam
2842 1407 3098 1464 nominis
3120 1408 3226 1479 ipsi
3240 1427 3306 1462 us
3321 1409 3511 1464 debita
3528 1428 3664 1467 auc-

2014 1496 2240 1562 toritas,
2274 1498 2597 1551 reverentia
2636 1495 2835 1565 simul,
2870 1514 2936 1553 ac
2984 1497 3227 1564 utilitas,
3261 1499 3585 1554 vindicetur
3614 1505 3673 1555 et

2015 1585 2431 1641 conservetur?
2473 1586 2834 1659 Quapropter
2881 1585 2987 1657 piae
3046 1585 3428 1643 sollicitudini
3456 1591 3567 1644 tua
3609 1588 3667 1643 in

2015 1675 2418 1730 conﬁrmando
2450 1691 2514 1730 ac
2538 1674 2953 1745 perpetualiter
2982 1676 3289 1732 retinendo
3324 1678 3428 1748 jus
3459 1681 3673 1734 sancta
3734 1722 3735 1725 η

2014 1763 2372 1819 Trevirensis
2402 1762 2666 1819 Ecclesia
2690 1764 2793 1819 tibi
2843 1764 3243 1835 temporaliter
3300 1766 3671 1822 commisisse

245 1851 440 1922 hujus
461 1849 1278 1924 privilegiiobtentu,aninius
1294 1869 1647 1925 gressusque
1667 1853 1903 1910 rectitu-
1940 1888 1987 1952 B
2019 1850 2339 1925 plurimum
2389 1852 2885 1924 congratulamur,
2934 1851 3263 1908 clarissime
3306 1852 3475 1908 nobis
3514 1871 3580 1909 ac
3611 1856 3671 1910 in

245 1939 410 1997 diuis
427 1943 633 1996 vestra
647 1957 681 1996 a
695 1956 900 1996 norma
914 1942 1143 2009 iustitia
1159 1941 1207 1996 al
1218 1942 1530 2013 iquomodo
1544 1947 1914 2017 retorquatur

245 2028 648 2086 Concedimus
671 2028 847 2085 etiam
862 2028 989 2093 tibi,
1015 2046 1187 2102 quem
1207 2032 1351 2087 bene
1370 2032 1665 2088 eruditum
1688 2036 1743 2089 et
1764 2033 1910 2088 bene

246 2118 633 2190 eloquentem
678 2117 865 2173 virum
915 2135 1041 2174 esse
1093 2120 1381 2188 novimus,
1432 2121 1775 2178 dulcissime
1806 2121 1909 2188 illi,

244 2206 577 2281 pradicare
597 2207 845 2273 verbum
862 2206 961 2262 Dei
981 2207 1198 2263 auctori
1209 2213 1341 2276 tate,
1368 2210 1551 2265 sancti
1570 2210 1721 2266 Petri
1740 2227 1909 2282 apos-

245 2296 350 2353 toli
389 2295 520 2363 Dei,
554 2299 610 2351 et
638 2300 837 2352 nostra
866 2296 993 2367 ejus
1036 2296 1275 2369 indigne
1322 2298 1543 2369 vicarii,
1582 2302 1638 2354 et
1671 2304 1756 2367 ut,
1789 2304 1910 2355 tam

244 2402 347 2442 vos
404 2402 590 2458 quam
630 2401 998 2442 successores
1047 2386 1248 2455 vestri,
1302 2390 1435 2442 ante
1464 2387 1630 2444 ’alios
1670 2388 1911 2445 abbates

243 2474 454 2532 Gallia
479 2490 585 2530 seu
601 2474 922 2530 Germania
946 2474 1265 2547 primatum
1284 2477 1523 2533 sedendi
1542 2477 1600 2532 in
1621 2477 1778 2534 omni
1802 2478 1911 2533 loci

243 2566 672 2636 conventuque
690 2566 896 2619 nostra
911 2564 1232 2636 apostolica
1246 2565 1589 2622 auctoritate
1602 2566 1911 2623 obtineatis

241 2655 455 2711 Abbas
485 2669 642 2719 vero,
678 2671 795 2710 non
827 2653 937 2710 nisi
962 2671 996 2709 a
1017 2660 1217 2710 nostra
1240 2654 1558 2729 apostolica
1579 2657 1715 2712 sede
1737 2656 1911 2712 bene-

244 2744 512 2812 dicatur,
547 2759 580 2798 a
610 2760 724 2815 qua
746 2742 1035 2799 benedicti
1067 2744 1258 2811 debet,
1293 2748 1369 2813 et,
1403 2745 1453 2801 si
1487 2744 1543 2800 in
1578 2745 1774 2817 aliquo
1806 2746 1913 2801 cri-

244 2833 416 2891 mine
446 2838 762 2889 accusatus
796 2831 991 2899 fuerit,
1023 2834 1095 2888 de
1124 2834 1327 2890 eadem
1361 2838 1561 2891 nostra
1591 2834 1912 2908 apostolica

243 2923 389 2980 sede
422 2924 659 2977 tantum
683 2920 977 2992 judicium
999 2926 1312 2994 exspectet.
1338 2922 1518 2979 Usum
1539 2939 1772 2995 quoque
1793 2922 1912 2979 dal-

245 3010 487 3067 matica
512 3013 569 3065 et
591 3009 1016 3077 sandaliorum,
1040 3011 1361 3066 secundum
1384 3011 1537 3083 quod
1565 3011 1636 3066 ab
1654 3016 1909 3068 anteces-

228 3090 498 3158 soribus
526 3099 741 3155 nostris
765 3098 929 3155 vobis
950 3115 1296 3156 concessum
1318 3103 1425 3165 est,
1450 3101 1826 3157 concedimus
1858 3104 1915 3157 et

245 3191 705 3248 conﬁrmamus.
730 3188 914 3261 Igitur
932 3188 1281 3261 generaliter
1301 3190 1634 3246 addendum
1665 3190 1911 3264 dignum

2021 1941 2250 1997 Christo
2264 1941 2575 1997 reverende
2587 1942 2876 1996 confrater
2891 1958 2957 1995 ac
2971 1941 3129 2012 coepi
3138 1941 3645 2013 scopeEberharde
3657 1987 3670 2011 ,

2012 2032 2183 2103 juxta
2201 2034 2364 2086 tuam
2397 2029 2835 2103 suggestionem
2868 2047 2933 2086 ac
2958 2028 3259 2102 privilegia
3276 2032 3670 2102 pradeeesso-

2022 2137 2151 2177 rum
2185 2125 2517 2177 nostrorum
2548 2119 2794 2175 Joannis
2824 2119 3090 2176 videlicet
3121 2120 3217 2175 XII
3248 2137 3434 2193 papa,
3467 2137 3532 2176 ac
3563 2125 3666 2177 Be-

2020 2208 2234 2265 nedicti
2280 2209 2402 2275 VII,
2466 2209 2645 2264 beata
2705 2225 2937 2281 quoque
2995 2208 3289 2264 memoria
3340 2209 3546 2265 Leonis
3602 2210 3672 2266 IX

2021 2315 2123 2371 per
2144 2290 2324 2369 hujus
2355 2297 2539 2354 nostri
2567 2296 2847 2370 privilegii
2873 2297 3278 2353 auctoritatem
3301 2297 3674 2355 decernimus

2021 2405 2087 2444 ac
2117 2388 2537 2444 conﬁrmamus
2568 2386 2671 2442 tibi
2706 2386 2940 2459 tuisque
2972 2392 3102 2459 post
3134 2391 3190 2443 te
3232 2387 3673 2445 successoribus

2022 2477 2341 2550 primatum
2394 2475 2588 2532 Gallia
2619 2476 2877 2547 Belgicae,
2912 2477 3020 2532 hoc
3065 2477 3257 2545 modo,
3290 2481 3375 2545 ut,
3410 2478 3673 2549 quando-

2020 2583 2250 2639 cuuque
2282 2584 2316 2622 a
2344 2571 2543 2622 nostra
2574 2565 2881 2638 principali
2903 2582 2968 2621 ac
2992 2565 3311 2637 apostolica
3342 2567 3480 2622 sede
3510 2584 3674 2637 pres-

2018 2656 2184 2725 byter
2212 2654 2299 2711 vel
2332 2655 2615 2711 diaconus
2646 2654 2734 2711 vel
2758 2654 3178 2720 subdiaconus,
3203 2653 3289 2709 vel
3314 2654 3559 2724 quilibet
3581 2672 3673 2710 or-

2020 2744 2286 2800 dinarius
2328 2746 2559 2818 legatus
2590 2761 2693 2816 pro
2725 2742 3127 2799 ecclesiastica
3158 2741 3430 2799 utilitatis
3475 2760 3672 2812 causa,

2020 2849 2124 2889 seu
2173 2834 2525 2908 peragenda
2557 2833 2778 2905 synodo
2828 2832 2886 2886 in
2937 2830 3184 2888 Galliam
3232 2831 3675 2890 Germaniamve

2026 2923 2287 2979 directus
2320 2922 2514 2990 fuerit,
2539 2925 2604 2977 tu
2627 2922 2835 2993 tuique
2855 2936 3224 2976 successores
3250 2924 3382 2993 post
3402 2922 3673 2978 eumdem

2020 3010 2408 3083 apostolicum
2441 3011 2696 3083 legatum
2732 3009 2987 3082 primum
3012 3009 3163 3064 inter
3191 3008 3338 3065 alios
3372 3011 3676 3082 pontiﬁces

2018 3100 2211 3156 locum
2235 3098 2566 3166 obtineatis,
2592 3102 2649 3155 et
2671 3098 2719 3155 si
2742 3098 2961 3155 missus
2985 3098 3260 3154 Romana
3284 3098 3553 3155 Ecclesia
3574 3100 3675 3155 de-

2025 3189 2220 3258 fuerit,
2255 3188 2529 3245 similiter
2568 3193 2699 3261 post
2741 3190 3157 3261 imperatorem
3197 3187 3316 3243 sive
3347 3203 3543 3260 regem
3575 3204 3672 3243 se-

245 3280 545 3336 duximus
591 3282 672 3347 ut,
717 3256 1026 3350 quidquid,
1077 3277 1423 3335 auctoritate
1473 3256 1913 3336 antecessbrum
1945 3256 1987 3324 (ί
2026 3256 2700 3349 dendisententianique
2721 3256 3061 3343 dicendi,ac
3080 3275 3358 3349 synodale
3381 3256 3672 3346 judicium

246 3366 660 3441 quorumlibet
676 3371 1016 3424 nostrorum
1036 3383 1241 3441 regum
1264 3372 1319 3423 et
1337 3366 1780 3439 imperatorum,
1799 3368 1912 3441 ipsi

244 3461 455 3517 vestro
498 3455 771 3513 Fuldensi
816 3457 1172 3514 monasterio
1204 3460 1435 3513 constat
1464 3457 1646 3514 fuisse
1677 3475 1911 3515 conces-

240 3564 410 3614 sum,
447 3546 530 3602 sit
548 3545 723 3602 etiam
754 3550 955 3603 nostra
976 3545 1299 3619 apostolica
1318 3546 1665 3604 auctoritate
1686 3566 1787 3621 per
1804 3548 1913 3606 hoc

242 3641 530 3694 nostrum
546 3634 916 3708 privilegium
940 3637 1349 3692 confirmatum
1374 3640 1549 3710 atque
1580 3638 1913 3695 corrobora-

238 3730 394 3792 tum,
439 3726 768 3781 statuentes
811 3725 1130 3797 apostolica
1160 3742 1428 3792 censura,
1464 3728 1573 3783 sub
1605 3728 1783 3784 divini
1809 3729 1908 3799 ju-

240 3814 379 3870 dicii
414 3813 831 3879 obtestatione,
866 3831 939 3870 ne
971 3814 1103 3887 qiris
1135 3832 1394 3888 unquam
1420 3820 1755 3872 nostrorum
1779 3820 1910 3889 post

239 3904 635 3960 decessorum
650 3902 1652 3978 pontificumRomanorum,regum,
1668 3906 1881 3961 ducum
1893 3948 1906 3974 ,

239 3990 697 4059 marchionum,
730 3991 1033 4061 comitum,
1066 3997 1123 4049 et
1153 3998 1427 4066 praeterea
1455 3994 1911 4067 archiepiscopo-

240 4097 401 4147 rum,
449 4076 858 4150 episcoporum
881 4084 985 4136 aut
1004 4078 1322 4151 cujuslibet
1343 4081 1647 4155 dignitatis
1668 4082 1754 4138 vel
1780 4100 1910 4140 con-

236 4167 502 4226 ditionis
532 4167 862 4237 hominum,
886 4173 1089 4226 contra
1118 4170 1225 4227 hoc
1248 4174 1516 4227 nostrum
1539 4170 1907 4245 privilegium

239 4260 588 4333 quidquam
601 4258 815 4315 audeat
836 4261 1141 4317 attentare.
1168 4261 1330 4327 Quod
1354 4260 1404 4315 si
1430 4262 1562 4333 quis
1584 4277 1908 4333 prasump-

235 4350 404 4415 serit,
453 4346 600 4403 sciat
630 4364 691 4403 se
724 4347 906 4403 nostri
938 4348 1328 4405 anathematis
1358 4348 1587 4406 vinculo
1614 4366 1804 4421 usque
1834 4351 1907 4406 ad

235 4437 493 4511 dignam
523 4434 981 4493 satisfactionem
998 4437 1388 4495 insolubiliter
1406 4438 1772 4495 innodatum.
1798 4439 1905 4504 Qui

235 4532 450 4582 autem
485 4526 580 4598 pio
605 4525 820 4581 intuitu
848 4543 910 4582 se
940 4526 1304 4596 custodierit,
1337 4530 1393 4584 et
1424 4545 1496 4584 ne
1517 4527 1575 4582 in
1598 4526 1795 4600 aliquo
1816 4526 1905 4582 in-

2023 3367 2299 3423 canonice
2346 3365 2757 3441 promulgandi
2800 3366 3120 3439 primatum
3154 3365 3442 3433 habeatis,
3474 3367 3676 3437 utpote

2022 3455 2082 3512 in
2114 3455 2230 3512 illis
2253 3456 2518 3529 partibus
2543 3454 2742 3511 vicarii
2766 3458 2975 3511 nostrae
2999 3454 3155 3511 sedis
3187 3453 3518 3526 apostolica
3551 3470 3673 3510 me-

2022 3545 2130 3602 rito
2160 3545 2482 3602 constituti.
2514 3544 2712 3617 Neque
2743 3543 2989 3616 dignum
3012 3546 3101 3599 est
3133 3546 3196 3598 ut
3227 3542 3383 3598 illius
3407 3540 3675 3599 Ecclesia

2021 3634 2235 3707 prasul
2267 3634 2463 3707 aliquo
2483 3637 2745 3706 tempore
2774 3632 2997 3689 caeteris
3021 3649 3137 3688 non
3159 3632 3446 3689 habeatur
3470 3630 3673 3703 prala-

2018 3728 2138 3791 tus,
2169 3725 2337 3795 cujus
2366 3724 2553 3780 honor
2582 3723 2640 3778 in
2674 3721 2790 3778 illis
2823 3721 3087 3795 partibus
3118 3722 3243 3787 {sub
3276 3720 3402 3792 ipso
3435 3725 3669 3792 aposto—

2020 3812 2207 3868 lorum
2232 3812 2493 3885 principe
2522 3810 2711 3867 extitit
2739 3809 3093 3881 primitivus.
3122 3809 3189 3863 Et
3220 3825 3353 3863 cum
3403 3802 3668 3880 ejusdem

2019 3901 2287 3958 Ecclesia
2318 3897 2791 3972 archiprasulem
2825 3899 3060 3953 beatum
3096 3896 3471 3965 Eucherium,
3506 3896 3670 3953 scili-

2021 3994 2109 4045 cet
2153 4008 2187 4045 a
2230 3989 2395 4045 beato
2428 3988 2593 4043 Petro
2639 3985 3035 4058 apostolorum
3084 3984 3344 4059 principe
3396 3984 3670 4042 novimus

2019 4078 2432 4144 ordinandum,
2469 4077 2622 4132 sicut
2651 4078 2707 4131 et
2736 4075 2970 4131 beatum
3007 4075 3400 4148 Apollinarem
3444 4076 3666 4132 Raven-

2021 4186 2105 4224 na
2137 4166 2410 4232 civitatis,
2443 4165 2664 4238 placuit
2706 4165 2876 4221 nobis
2909 4165 3013 4221 tibi
3053 4165 3214 4221 fratri
3248 4169 3446 4221 nostro
3491 4165 3671 4221 Eber-

2018 4257 2198 4313 hardo
2239 4258 2451 4311 sancta
2484 4253 2845 4310 Trevirensis
2887 4246 3153 4311 Ecclesia
3204 4254 3670 4326 archiepiscopo,

2017 4347 2362 4418 cunctisque
2395 4347 2526 4417 post
2554 4347 2610 4400 te
2665 4344 3105 4400 successoribus
3134 4343 3249 4398 tuis
3310 4343 3668 4414 permittere,

2018 4440 2308 4509 quatenus
2340 4433 2565 4491 sicutin
2588 4434 2762 4489 unius
2795 4433 2947 4489 beati
2978 4432 3125 4488 Petri
3178 4430 3396 4488 scilicet
3420 4430 3668 4501 apostoli

2017 4523 2402 4591 ordinatione,
2435 4522 2861 4588 benedictione,
2893 4520 3230 4586 directione,
3275 4518 3551 4588 gentibus
3594 4520 3666 4575 ad

231 4614 547 4689 fringatur
575 4631 609 4669 a
640 4631 702 4671 se
733 4616 1143 4684 observaverit,
1186 4616 1608 4673 benedictionis
1656 4616 1906 4690 gratiam
1936 4632 1984 4698 D
2017 4613 2458 4687 pradicandum
2517 4611 2731 4668 Christi
2791 4608 3165 4680 Evangelium
3228 4607 3477 4661 aliarum
3530 4607 3667 4662 civi-

230 4710 289 4760 et
314 4708 708 4778 peccatorum
739 4722 984 4762 suorum
1028 4706 1456 4763 absolutionem
1499 4724 1532 4762 a
1561 4705 1908 4763 retributore

228 4794 521 4849 omnium
550 4794 841 4849 bonorum
865 4794 981 4851 Deo
1004 4796 1283 4868 consequi
1302 4798 1594 4853 mereatur
1623 4798 1686 4851 ut
1706 4795 1765 4851 in
1797 4812 1906 4851 cce-

224 4881 369 4938 lesti
403 4881 556 4939 sede
585 4881 887 4954 glorietur.

374 5024 375 5027 ,
467 4969 549 5043 (s.
578 4988 637 5043 p.
675 4971 749 5042 ε.)
1001 4972 1063 5028 Β.
1096 4973 1164 5030 v.

301 5064 503 5116 Datus
542 5076 580 5116 v
610 5060 748 5116 Idus
781 5061 972 5132 Febr.,
1022 5079 1129 5136 per
1176 5079 1389 5120 manus
1435 5060 1729 5131 Aribonis,
1780 5062 1906 5117 vice

223 5148 535 5218 Annonis,
566 5151 778 5205 sancta
802 5150 1076 5207 Romana
1099 5155 1156 5208 et
1176 5150 1504 5224 apostolica
1526 5151 1684 5208 sedis
1714 5149 1905 5207 archi-

224 5237 599 5309 cancellarii,
645 5242 702 5296 et
747 5238 1108 5297 Coloniensis
1155 5240 1594 5314 archiepiscopi,
1667 5257 1818 5295 anno
1861 5256 1901 5293 ιι

225 5343 402 5402 papa
434 5327 693 5386 Victoris
725 5329 794 5399 II,
829 5329 1150 5388 indictione
1178 5349 1230 5387 x.

2017 4707 2206 4759 latum
2236 4702 2645 4775 pradicatores
2694 4697 2947 4771 aquales
2987 4696 3351 4764 exstiterunt,
3395 4695 3476 4751 ita
3521 4699 3578 4752 et
3609 4696 3666 4752 in

2017 4793 2334 4865 missarum
2393 4789 2697 4847 solemniis
2775 4784 3140 4842 celebrandis
3205 4785 3263 4840 in
3333 4785 3668 4860 aquitando

2019 4900 2153 4939 cum
2186 4896 2359 4937 nacco
2391 4895 2493 4951 per
2541 4877 2823 4933 stationes
2854 4875 3111 4931 ac-omni
3146 4875 3366 4932 honore
3415 4876 3670 4951 aquales

2015 4971 2288 5027 existant.
2350 4968 2500 5023 Crux
2557 4968 2692 5020 ante
2757 4967 2814 5019 te
2873 4963 3027 5020 sicut
3082 4968 3217 5021 ante
3273 4965 3667 5023 Ravennatem

2015 5060 2191 5116 etiam
2273 5053 2770 5128 archiprasulem,
2838 5054 2938 5110 ubi
3011 5059 3268 5126 geratur,
3340 5053 3670 5111 cardinales

2015 5164 2245 5222 quoque
2275 5142 2619 5220 presbyterii
2648 5143 2733 5198 tui
2767 5147 2823 5199 te
2852 5144 3028 5200 fratre
3060 5148 3260 5200 nostro
3292 5143 3538 5199 missam
3572 5157 3663 5196 ce-

2010 5238 2273 5294 lebrante
2295 5232 2625 5290 dalmaticis
2647 5247 2713 5287 ac
2734 5230 2960 5288 diaconi
2987 5249 3103 5287 una
3123 5248 3258 5287 cum
3309 5229 3665 5303 presbyteris

2012 5324 2273 5383 sandalis
2305 5327 2570 5381 utantur.
2603 5321 2715 5377 Sed
2747 5325 2804 5376 et
2831 5325 2897 5376 tu
2919 5321 3124 5393 tuique
3147 5333 3517 5376 successores
3549 5318 3665 5374 Ro-

2013 5432 2189 5472 mana
2220 5414 2397 5469 mitra
2445 5412 2516 5467 ob
2556 5410 2787 5484 insigne
2820 5409 3107 5483 primatus
3148 5409 3207 5464 in
3250 5406 3667 5464 ecclesiasticis

2012 5503 2223 5561 otﬁciis
2246 5502 2509 5560 Romano
2532 5516 2691 5557 more
2704 5498 2972 5567 utamini,
2997 5513 3345 5570 semperque
3365 5514 3467 5553 vos
3490 5496 3666 5555 disci-

2014 5591 2187 5666 pulos
2218 5592 2496 5649 Romana
2545 5590 2701 5645 sedis
2749 5585 3231 5656 reminiscamini,
3286 5604 3351 5644 eo
3400 5586 3667 5643 videlicet

2014 5688 2179 5756 pacto
2210 5683 2370 5754 ut_tu
2401 5679 2604 5751 tuique
2641 5694 3009 5737 successores
3040 5676 3291 5751 singulis
3324 5678 3517 5744 annis,
3552 5675 3664 5731 nisi
