4086 6168
475 407 594 472 827

471 645 585 701 lica
611 641 776 701 vobis
804 639 1060 708 venerit;
1093 639 1315 712 legatos
1347 642 1568 695 vestros
1613 639 1687 695 ad
1717 656 1823 695 nos
1855 643 2118 695 nostros-

471 748 585 805 que
632 746 1003 789 successores
1053 728 1233 785 semel
1284 728 1554 795 mittatis,
1603 745 1706 799 per
1756 745 1903 801 quos
1950 728 2117 785 vobis

470 822 543 878 de
596 820 813 877 nostris
869 817 1224 874 utilitatibus
1279 816 1521 890 agendis
1580 815 1698 874 illis
1747 817 1805 872 in
1847 819 2114 890 partibus

467 912 902 974 remandcmus,
937 924 1003 962 ac
1046 923 1279 978 semper
1325 907 1495 961 tertio
1544 923 1695 962 anno
1741 912 2000 979 excepta,
2052 911 2117 962 ut

467 1000 685 1055 dictum
736 1000 842 1065 est,
893 995 1174 1052 canonica
1216 994 1537 1061 vocatione,
1571 1012 1672 1051 vos
1720 995 1833 1068 ipsi
1867 996 2112 1052 Romam

464 1085 817 1143 visitationis
847 1085 1036 1158 gratia
1077 1084 1297 1156 absque
1347 1083 1667 1139 inevitabili
1709 1101 1888 1140 causa
1922 1085 2114 1141 venia-

462 1176 559 1231 tis.
615 1174 744 1231 Pari
786 1190 1042 1245 namque
1072 1174 1244 1229 modo
1276 1172 1576 1228 sancimus
1607 1190 1811 1229 omnes
1840 1173 1899 1229 in
1937 1190 2111 1245 paro-

463 1264 611 1322 chiis
640 1264 760 1319 tuis
797 1264 1072 1335 degentes
1104 1262 1223 1317 sive
1254 1261 1617 1317 ordinatione
1648 1279 1714 1317 ac
1746 1263 2110 1333 promotione

461 1353 777 1424 cujuslibet
823 1350 1199 1406 ecclesiastici
1242 1350 1457 1422 gradus
1508 1368 1541 1406 a
1586 1350 1751 1407 vobis
1784 1351 2108 1424 percipien-

460 1445 550 1496 tes
580 1439 769 1495 eidem
821 1437 1048 1493 matrici
1080 1437 1342 1494 Ecclesiae
1373 1439 1617 1511 ejusque
1668 1440 2106 1513 archiepiscopo

459 1529 669 1584 debere
715 1527 989 1583 canonice
1039 1525 1284 1598 placere,
1315 1528 1557 1599 obsequi
1591 1545 1656 1583 ac
1681 1529 1816 1600 jure
1849 1529 2102 1585 obedire.

459 1615 759 1689 Siquidem
810 1615 1037 1671 decreto
1103 1614 1256 1670 beati
1324 1615 1636 1672 Clementis
1698 1635 1857 1689 papae
1931 1636 2108 1691 super

461 1705 567 1761 hoc
597 1704 680 1760 ita
710 1707 945 1759 cautum
967 1704 1213 1759 videtur.
1248 1704 1307 1760 Si
1338 1721 1469 1761 vero
1500 1705 1789 1778 e'piscOpis
1821 1724 1936 1762 non
1967 1707 2103 1763 ohe-

457 1792 673 1849 dierint
698 1808 900 1848 omnes
933 1792 1275 1865 presbyteri,
1301 1792 1552 1862 diaconi,
1586 1812 1651 1850 ac
1675 1794 1886 1868 reliqui
1907 1795 2101 1852 clerici

1803 402 2165 469 VICTORIS
2206 401 2263 468 II
2303 402 2558 474 PAPIE.

474 556 622 613 forte
670 552 904 627 prOpter
941 546 1051 608 hoc
1082 548 1360 607 canonica
1391 545 1618 606 vocatio
1648 564 1683 605 a
1711 549 1849 607 sede
1877 552 2117 623 aposto-
2150 536 2202 605 Α

3756 418 3875 485 828

2973 552 3116 611 XVI.

2230 633 2691 718 νίσέονίςηραριε
2738 642 2790 718 _I_I
2846 642 3064 718 litterae,
3125 645 3323 718 quibus
3379 647 3641 707 Ecclesiae
3705 650 3874 710 Silvae

2300 708 2563 851 (Ῑῗῦζίάιίἷίε
2584 708 2888 787 privilegia
2939 708 3231 774 Huhzbérti
3270 720 3508 793 episcopi
3542 723 3726 794 gratia
3758 708 3871 779 ani;

2294 796 2334 850 ῃ
2362 797 2379 835 ι
2423 797 2488 836 ea
2516 826 2529 836 .

2850 876 3035 947 (Anno
3067 879 3252 951 1057.)

2747 981 2958 1053 [ΜΑΝει
3003 984 3148 1051 ΧΙΧ,
3194 986 3344 1061 835.]

2292 1086 2511 1141 VICTOR
2548 1086 2879 1162 episcopus,
2927 1107 3131 1151 servus
3172 1111 3473 1153 servorum
3504 1095 3627 1162 Dei,
3662 1098 3869 1157 dilecto

2220 1169 2383 1226 fratri
2416 1176 2472 1228 et
2500 1174 2841 1249 coepiscopo
2867 1177 3207 1250 Humssn'ro,
3241 1186 3299 1239 et
3321 1199 3423 1255 per
3442 1201 3578 1240 eum
3598 1186 3868 1245 Ecclesiae

2220 1264 2557 1319 sanctarum
2601 1265 2896 1339 virginum
2942 1272 2999 1325 et
3048 1275 3370 1345 martyrum
3416 1274 3640 1331 Ruﬁne
3681 1280 3738 1333 et
3769 1277 3865 1334 Se-

2219 1351 2444 1419 cundae,
2479 1369 2604 1425 quin
2653 1356 2992 1413 nominatur
3034 1357 3189 1417 Silva
3228 1360 3507 1431 Candida,
3552 1364 3611 1421 in
3662 1382 3865 1440 perpe-

2217 1440 2407 1495 tuum.

2287 1528 2471 1585 Officii
2496 1532 2676 1588 nostri
2700 1549 2828 1591 esse
2846 1534 3229 1609 dignoscitur,
3252 1543 3316 1595 ut
3336 1558 3404 1598 ex
3428 1542 3593 1615 apice
3618 1562 3863 1605 summa:

2214 1618 2541 1690 apostolicae
2573 1621 2753 1690 sedis,
2775 1624 2867 1680 cui
2890 1625 3006 1682 Deo
3028 1631 3263 1685 auctore
3287 1632 3697 1705 praesidemus,
3733 1638 3861 1694 uni-

2213 1706 2472 1764 versitati
2490 1709 2874 1769 Ecclesiarum
2887 1717 3169 1788 tanquam
3182 1719 3398 1776 nostris
3415 1721 3661 1795 reliquis
3678 1741 3858 1784 mem-

2214 1795 2334 1852 bris
2365 1798 2764 1857 consulamus.
2789 1801 2853 1858 In
2879 1819 2996 1875 qua
3020 1805 3244 1880 utique,
3267 1807 3317 1864 si
3339 1809 3436 1882 pia
3452 1814 3510 1868 et
3530 1817 3862 1874 necessaria

455 1881 671 1949 cuncti,
713 1897 1035 1953 omnesque
1084 1881 1376 1953 principes
1420 1886 1540 1938 tam
1600 1882 1839 1955 majoris
1878 1885 2101 1941 ordinis
2133 1913 2183 1979 B
2217 1884 2606 1944 sollicitudine
2636 1889 2917 1950 debemus
2952 1910 3190 1966 operam
3221 1881 3484 1957 nostram
3525 1902 3702 1959 etiam
3733 1905 3859 1962 lon-

456 1987 634 2044 quam
665 1970 959 2027 inferioris
1003 1973 1179 2042 atque
1212 1969 1418 2043 reliqui
1451 1972 1647 2045 populi
1675 1973 1865 2030 tribus
1907 1978 1962 2031 et
1992 1973 2103 2030 lin-

453 2076 580 2131 guae
627 2076 740 2115 non
793 2059 1275 2132 oLtempaverint,
1320 2078 1352 2117 a
1408 2060 1712 2118 liminibus
1744 2068 1957 2120 sanctae
2001 2064 2103 2120 Dei

451 2148 720 2207 Ecclesia:
769 2149 945 2206 alieni
1001 2152 1207 2217 erunt;
1258 2149 1489 2207 dicente
1530 2152 1823 2208 Domino:
1861 2154 1967 2223 Qui
2012 2170 2103 2211 vos

449 2239 603 2295 audit
638 2255 728 2294 me
774 2238 949 2305 audit,
985 2241 1035 2293 et
1064 2240 1160 2309 qui
1188 2255 1277 2294 vos
1308 2242 1518 2311 spernit
1555 2258 1643 2297 me
1686 2244 1911 2313 spernit.
1947 2243 2103 2300 Inter

448 2327 569 2384 haec
600 2344 834 2400 quoque
880 2328 1078 2383 omnia
1107 2344 1234 2399 quae
1267 2330 1337 2384 ad
1372 2330 1745 2401 saipcdictam
1778 2332 2098 2389 Trevereu-

448 2433 573 2473 scm
623 2416 941 2472 Ecclesiam
982 2416 1133 2472 intra
1178 2420 1234 2472 et
1264 2422 1425 2473 extra
1464 2418 1751 2475 civitatem
1810 2421 2098 2494 pertinere

444 2505 756 2562 videntur:
793 2505 850 2559 id
882 2509 971 2561 est
1000 2504 1278 2563 ecclesias
1300 2518 1433 2563 cum
1458 2508 1746 2565 universis
1778 2511 1951 2566 rebus
1982 2511 2095 2567 sibi

447 2594 855 2662 attinentibus,
919 2611 1021 2649 seu
1076 2595 1432 2651 monasteria
1488 2602 1609 2653 tam
1670 2599 2092 2656 monachorum

444 2700 622 2754 quam
645 2683 936 2756 virginum
959 2684 1029 2739 de
1056 2684 1273 2756 quibus
1293 2702 1361 2740 ex
1385 2688 1688 2760 praeceptis
1710 2688 1828 2744 sive
1857 2688 2092 2762 scriptis

443 2788 648 2845 regum
666 2790 770 2828 seu
794 2773 1213 2844 imperatorum
1226 2775 1345 2829 sive
1358 2776 1696 2832 eorumdem
1712 2776 2090 2835 fundatorum

444 2862 786 2918 auctoritate
819 2861 889 2917 ad
920 2878 981 2918 se
1012 2862 1306 2934 pertinent
1337 2879 1403 2918 ac
1434 2864 1718 2935 pertinere
1758 2867 1989 2935 debent,
2024 2883 2090 2923 ac

442 2949 728 3021 quidquid
779 2950 1015 3007 omnino
1050 2949 1151 3007 illa
1179 2951 1309 3022 ipsa
1352 2952 1597 3009 ecclesia
1630 2954 1727 3009 ubi
1768 2959 1824 3010 et
1854 2972 2089 3029 quoquo

442 3036 648 3093 merito
674 3038 929 3111 possidet
949 3056 1015 3095 ac
1037 3040 1336 3112 possidere
1364 3042 1534 3098 debet
1558 3059 1571 3099 :
1605 3043 1744 3115 quia
1766 3044 1846 3100 ita
1865 3044 2089 3101 inveni-

440 3144 574 3183 mus
604 3128 663 3183 in
694 3127 1013 3201 privilegiis
1043 3130 1539 3202 praedecessorum
1589 3137 1956 3203 nostrorum;
2000 3134 2087 3190 id-

438 3217 589 3274 circo
615 3218 805 3274 eidem
836 3217 1100 3274 Ecclesiae
1123 3219 1243 3276 hanc
1274 3221 1469 3277 omnia
1497 3238 1631 3277 cum
1654 3223 1929 3280 omnibus
1960 3224 2089 3280 atti—

438 3307 714 3363 nentibus
769 3306 1116 3379 generaliter
1172 3325 1239 3364 ac
1292 3310 1624 3381 specialiter
1677 3312 2081 3383 concedimus;
2115 3284 2159 3355 C

436 3395 1052 3466 Reconﬁrmamueque
1093 3396 1199 3451 tibi
1230 3397 1393 3451 fratri
1425 3415 1490 3453 ac
1521 3399 1859 3472 coepiscopo
1892 3409 2088 3459 nostro

434 3482 671 3553 tuisque
702 3481 1143 3538 successoribus
1176 3485 1246 3540 ad
1272 3490 1611 3558 perpetuam
1645 3492 1858 3543 sanctae
1890 3491 2085 3546 Trevi-

434 3569 621 3625 rensis
668 3568 936 3626 Ecclesia
1005 3572 1379 3628 donationem
1430 3579 1604 3646 atque
1653 3576 1936 3634 ditionem
1984 3596 2087 3652 per

431 3659 583 3715 hanc
614 3664 824 3715 nostrae
848 3658 1175 3731 apostolicis
1203 3662 1606 3734 praeceptionis
1628 3666 1838 3723 seriem
1870 3683 1904 3723 a
1934 3685 2084 3740 prae-

431 3748 581 3805 senti
622 3748 850 3804 decima
882 3748 1197 3806 indictione
1229 3755 1285 3806 et
1318 3768 1504 3824 usque
1555 3754 1626 3810 ad
1662 3755 1835 3811 ﬁnem
1884 3759 2080 3815 saculi

427 3838 760 3894 valituram.
789 3839 1002 3895 Contra
1034 3856 1209 3912 quam
1244 3840 1292 3896 si
1326 3841 1459 3913 quis
1491 3840 1798 3899 hominum
1822 3845 2082 3917 quolibet

429 3928 786 3999 modojagere
804 3929 1262 4000 praeumpserit,
1279 3947 1344 3985 ac
1362 3932 1516 4003 quod
1535 3932 1695 4003 juste
1716 3949 1781 3988 ac
1803 3935 2080 3992 canonice

427 4031 462 4068 a
493 4014 659 4069 nobis
692 4015 991 4070 decretum
1032 4022 1122 4071 est
1150 4017 1210 4072 in
1241 4017 1439 4090 aliquo
1471 4018 1788 4092 infringere
1827 4025 2076 4079 attenta-

425 4101 592 4167 verit,
627 4103 774 4157 sciat
806 4119 865 4157 se
897 4119 963 4158 ex
982 4103 1083 4158 Dei
1115 4105 1533 4178 omnipotentis
1565 4125 1630 4163 ac
1653 4110 1914 4180 praedicti
1941 4112 2074 4167 bea-

424 4187 639 4244 tissimi
672 4190 1073 4262 apostolorum
1107 4193 1390 4266 principis
1431 4197 1815 4271 omniumque
1844 4205 2075 4257 sancto-

423 4294 578 4346 rum,
611 4295 676 4334 ac
707 4279 918 4335 deinde
959 4285 1159 4337 nostra
1198 4284 1541 4341 auctoritate
1571 4286 1974 4346 damnandum
2008 4308 2074 4349 ac

422 4367 1041 4424 anathematizandum
1075 4386 1140 4426 ac
1163 4387 1296 4425 cum
1329 4373 1604 4431 omnibus
1628 4375 1826 4449 impiis
1857 4383 2072 4437 aeterno

420 4455 710 4529 supplicio
762 4458 1186 4531 deputandum.
1233 4460 1342 4525 Qui
1373 4477 1506 4518 vero
1538 4462 1647 4520 hoc
1695 4464 1893 4538 ipsum
1942 4486 2071 4526 nos-

418 4548 577 4601 trum
610 4545 976 4619 privilegium
1021 4548 1350 4618 observare,
1396 4553 1706 4622 custodire,
1752 4556 2071 4629 adimplere

2214 1972 2469 2046 ginquis,
2504 1979 2696 2033 etnon
2721 1982 3116 2053 quaerentibus
3148 1984 3297 2043 ultro
3321 1990 3635 2063 porrigere;
3668 1994 3859 2051 multo

2215 2063 2404 2136 magis
2446 2066 2794 2140 propinquis
2844 2070 3101 2145 sequela,
3153 2075 3359 2133 merito
3403 2094 3527 2135 eam
3565 2080 3857 2140 debemus

2212 2150 2578 2225 exigentibus
2599 2173 2911 2230 prorogare
2934 2176 2947 2215 :
2976 2161 3113 2234 quia
3134 2162 3275 2220 dum
3294 2169 3520 2239 tempus
3538 2168 3858 2243 habemus,

2210 2240 2284 2296 ad
2316 2257 2520 2300 omnes
2542 2244 2822 2303 debemus
2852 2248 3071 2308 bonum
3095 2253 3341 2325 operari,
3376 2256 3627 2314 maxime
3657 2240 3857 2318 autem

2208 2330 2279 2421 ad
2295 2330 2644 2421 domesticos
2661 2335 2795 2392 ﬁdei
2817 2336 3016 2410 (Galat.
3038 2357 3115 2409 v1,
3131 2341 3243 2411 10),
3257 2344 3429 2416 juxta
3448 2346 3857 2421 magisterium

2207 2417 2323 2475 divi
2346 2421 2596 2493 apostoli
2617 2422 2800 2480 Pauli.
2821 2426 2895 2483 Ut
2912 2428 3067 2485 enim
3091 2428 3216 2502 ipse
3238 2417 3573 2503 attestatur,
3591 2437 3693 2509 qui
3726 2455 3858 2495 suo-

2206 2525 2337 2565 rum
2368 2513 2424 2566 et
2453 2512 2703 2569 maxime
2725 2515 3176 2575 domesticorum
3199 2538 3399 2579 curam
3420 2542 3536 2581 non
3558 2525 3759 2596 habet,
3786 2527 3857 2583 ﬁ-

2203 2598 2335 2654 dem
2367 2601 2617 2674 negavit,
2640 2606 2695 2658 et
2711 2607 2801 2660 est
2820 2604 3042 2663 inﬁdeli
3063 2609 3314 2666 deterior
3337 2613 3383 2685 (I
3408 2615 3542 2671 Tim.
3574 2633 3630 2681 v,
3651 2619 3732 2689 8).
3768 2619 3853 2673 Ad

2202 2687 2391 2745 instar
2420 2690 2712 2763 siquidem
2750 2693 2999 2753 visibilis
3039 2696 3213 2771 ignis,
3254 2700 3566 2761 invisibilis
3599 2687 3857 2765 Charitas

2198 2778 2402 2852 paucis
2423 2780 2489 2853 [f.
2512 2781 2724 2855 spatia]
2750 2783 3029 2842 viciniora
3058 2787 3170 2845 sibi
3196 2791 3454 2864 corripit,
3478 2797 3535 2850 et
3561 2795 3700 2853 inde
3724 2813 3857 2871 gra-

2200 2868 2385 2925 datim
2444 2872 2514 2928 ad
2567 2871 2979 2946 longinquiora
3028 2894 3091 2934 se
3145 2881 3420 2937 extendit.
3486 2868 3857 2960 Quapropter

2200 2960 2527 3016 secundum
2586 2963 3022 3035 suggestionem
3080 2970 3264 3036 tuam,
3334 2976 3534 3029 noster
3589 2992 3858 3034 reveren-

2199 3049 2443 3107 dissime
2468 3052 2758 3108 confrater
2785 3056 2843 3110 et
2859 3054 3198 3129 coepiscope
3222 3058 3560 3132 Humberte,
3598 3066 3619 3086 '
3648 3065 3726 3121 ad
3748 3066 3855 3122 ali-

2198 3156 2375 3212 quam
2416 3141 2799 3213 temporalem
2844 3145 3137 3200 memoria:
3185 3146 3473 3206 decessori
3519 3157 3725 3211 nostro
3757 3157 3856 3213 do-

2199 3229 2359 3287 mino
2390 3230 2590 3298 Leoni,
2613 3234 2670 3287 et
2693 3231 2915 3305 jugiter
2935 3232 2993 3289 in
3016 3240 3217 3292 sancta
3249 3237 3512 3297 Romana
3533 3246 3592 3298 et
3621 3250 3856 3317 aposto-

2197 3318 2310 3377 lica
2331 3322 2485 3387 sede,
2509 3321 2685 3378 etiam
2715 3339 2897 3393 supra
2924 3322 3076 3380 vires
3094 3329 3229 3382 tuas
3248 3330 3304 3382 et
3326 3327 3636 3388 facultates
3658 3333 3854 3392 hacte-

2197 3425 2309 3464 nus
2342 3409 2680 3479 exhihuisti,
2714 3427 2816 3482 per
2844 3410 3023 3483 hujus
3055 3415 3237 3470 nostri
3271 3416 3557 3492 privilegii
3582 3426 3852 3481 sanctio-

2194 3514 2329 3553 nem
2355 3498 2735 3555 decernentes
2766 3501 3161 3572 concedimus,
3197 3508 3253 3560 et
3282 3508 3702 3567 conﬁrmamus
3732 3514 3847 3570 tibi

2193 3590 2251 3642 et
2279 3604 2383 3659 per
2412 3591 2468 3643 te
2497 3591 2674 3661 atque
2694 3591 2930 3661 propter
2950 3592 3006 3645 te
3027 3589 3085 3646 in
3118 3599 3483 3666 perpetuum,
3513 3604 3853 3661 reverendae

2192 3675 2446 3732 ecclesia
2478 3681 2817 3733 sanctarum
2839 3678 3133 3752 virginum
3156 3687 3213 3738 et
3239 3689 3582 3758 martyrum,
3616 3689 3854 3749 Ruﬁna

2191 3779 2257 3818 ac
2289 3764 2587 3829 Secunde,
2622 3782 2751 3837 quis
2774 3768 3113 3826 nominatur
3132 3770 3300 3844 Sylva
3321 3776 3599 3844 Candida,
3632 3779 3694 3834 in
3720 3781 3851 3838 fun-

2190 3852 2263 3908 do
2293 3853 2391 3924 qui
2420 3857 2658 3911 vocatur
2685 3856 2924 3924 Boscus,
2950 3859 3236 3932 quidquid
3268 3863 3416 3933 auri,
3442 3867 3693 3939 argenti,
3731 3870 3853 3942 pal-

2188 3940 2273 4010 lii,
2306 3958 2409 3997 seu
2433 3942 2701 4011 cerae,vel
2727 3962 3212 4021 quarumcunque
3236 3967 3430 4008 rerum
3453 3957 3698 4013 omnino
3717 3940 3846 4031 jac-

2185 4032 2375 4086 tatum
2406 4028 2494 4087 vel
2525 4033 2784 4104 positum
2810 4035 3009 4104 fuerit,
3038 4037 3126 4094 vel
3144 4039 3405 4097 oblatum
3438 4043 3495 4098 in
3516 4047 3641 4102 toto
3670 4028 3847 4104 altari

2186 4120 2394 4192 majori
2424 4121 2611 4177 sancti
2642 4122 2815 4192 Petri,
2848 4123 2968 4182 sive
3000 4126 3058 4182 in
3092 4129 3220 4199 ejus
3249 4132 3566 4189 venerabili
3607 4138 3849 4195 confes-

2186 4208 2368 4277 sione,
2391 4213 2492 4265 aut
2513 4214 2666 4267 certe
2699 4211 2810 4269 sibi
2842 4214 3084 4288 suisque
3105 4221 3543 4280 successoribus
3572 4224 3849 4285 oblatum

2183 4297 2256 4352 ah
2278 4295 2648 4354 inchoatione
2680 4301 3106 4361 matutinorum
3132 4307 3349 4378 quintae
3380 4310 3536 4368 feriae
3568 4313 3630 4369 in
3662 4315 3851 4374 Cinna

2184 4385 2414 4442 Domini
2448 4403 2635 4458 usque
2666 4388 2809 4445 dum
2851 4392 3297 4466 completorium
3330 4404 3633 4470 peractum
3666 4404 3855 4462 fuerit

2180 4472 2355 4529 veluti
2391 4474 2451 4532 in
2469 4475 2723 4533 Sabbato
2750 4483 2953 4537 sancto
2970 4482 3041 4538 ab
3064 4482 3208 4541 hora
3235 4488 3404 4544 tertia
3427 4505 3531 4561 per
3550 4494 3747 4550 totam
3769 4495 3855 4569 ip-

2180 4579 2306 4619 sam
2333 4562 2511 4631 diem,
2534 4564 2808 4639 deinceps
2840 4584 3025 4642 usque
3048 4576 3182 4645 post
3211 4575 3498 4647 expletam
3529 4578 3590 4634 in
3628 4562 3851 4640 crasti-

418 4632 670 4689 ﬁdeliter
700 4636 1012 4703 studuerit,
1059 4637 1476 4696 benedictionis
1514 4642 1765 4714 gratiam
1814 4653 1867 4700 et
1895 4646 2068 4703 mise-
2099 4658 2148 4725 D
2182 4669 2325 4708 num
2340 4632 3853 4741 missam,qualescunquevelquantaecunque-obla-

418 4720 681 4777 ricordiaa
722 4724 1150 4795 plenitudinem
1195 4728 1255 4784 in
1289 4728 1624 4787 coelestibus
1664 4732 1871 4789 castris
1920 4735 2074 4792 inter

417 4807 737 4866 electorum
770 4830 1084 4871 numerum
1112 4817 1426 4875 efﬁcaciter
1453 4837 1487 4875 a
1522 4821 1763 4879 Domino
1795 4823 1911 4881 Deo
1942 4841 2074 4882 con-

415 4897 585 4967 sequi
620 4906 934 4958 mereatur.
1662 4976 1677 4985 ,

486 4985 781 5059 Scriptum
816 5007 917 5062 per
949 5009 1190 5050 manum
1223 4996 1481 5069 Gregorii
1509 4999 1720 5055 notarii
1752 5016 1818 5056 ac
1849 5004 2070 5060 scrina-

412 5073 484 5130 rii
519 5080 734 5133 sancte
768 5079 1040 5136 Romanas
1072 5081 1337 5140 Ecclesiae
1357 5086 1415 5143 in
1446 5103 1649 5145 mense
1678 5088 1848 5163 aprili
1878 5092 2069 5151 indic-

410 5164 573 5221 tione
602 5167 944 5239 praescripta
966 5169 1057 5225 die
1082 5188 1210 5227 xxv.

481 5255 694 5312 Datum
715 5274 795 5312 vn
812 5258 936 5315 Kal.
963 5260 1118 5331 Maii,
1144 5279 1244 5334 per
1264 5280 1509 5320 manum
1529 5267 1814 5325 Arehonis
1835 5270 2065 5328 diaconi

408 5342 529 5398 vice
563 5347 828 5403 Annonis
876 5353 1088 5405 sanctae
1121 5352 1395 5410 Romanae
1425 5358 1482 5410 et
1523 5357 1857 5427 apostolicae
1906 5363 2066 5420 sedis

409 5430 942 5490 archichancellarii
954 5479 966 5504 ,
992 5444 1207 5497 sanctae
1219 5440 1579 5500 Coloniensis
1593 5445 1858 5504 Ecclesiae
1872 5452 2063 5507 archi-

408 5518 685 5590 episcopi,
720 5541 870 5579 anno
924 5543 987 5580 ιιι
1038 5528 1240 5584 domui
1282 5529 1534 5588 Victoris
1582 5534 1632 5589 ΙΙ
1672 5553 1853 5609 papae,
1907 5539 2063 5597 indi-

409 5607 599 5665 ctione
630 5625 665 5666 x
699 5626 898 5670 mense
928 5616 1131 5695 Aprili,
1166 5618 1258 5676 die
1288 5618 1562 5681 vicesimo
1596 5607 1819 5699 quinto.

2181 4741 2371 4798 tiones
2401 4743 2624 4815 praetati
2645 4743 2846 4802 altaris
2877 4751 2933 4802 et
2954 4750 3339 4810 confessionis
3360 4756 3509 4826 ejus,
3534 4774 3641 4830 per
3660 4761 3849 4832 privi-

2180 4828 2331 4903 legia
2360 4832 2708 4889 venerabilis
2752 4835 2939 4909 Sergii
2968 4842 3027 4894 et
3049 4839 3373 4899 multorum
3394 4828 3850 4907 antecessbrum

2180 4923 2539 4992 nostrorum,
2565 4923 2691 4993 jam
2714 4923 2871 4980 dicta
2889 4924 3136 4986 ecclesia
3159 4937 3493 4990 sanctarum
3516 4935 3751 4995 Ruﬁnas
3782 4957 3850 4995 ac

2180 5008 2458 5066 Secundae
2481 5011 2829 5083 promeruit,
2848 5015 3111 5087 retinuit,
3136 5019 3362 5089 retinet,
3394 5022 3571 5080 etiam
3588 5025 3852 5085 retineat

2178 5099 2250 5154 ad
2264 5103 2606 5173 perpetuam
2630 5102 2839 5159 anima:
2856 5108 3064 5163 nostra
3078 5110 3430 5184 mercedem,
3455 5114 3853 5191 nominisque

2179 5188 2366 5244 nostri
2394 5197 2448 5246 el
2477 5189 2698 5247 servitii
2729 5192 2822 5250 sui
2843 5192 2903 5249 in
2925 5200 3131 5254 sancta
3146 5198 3413 5258 Romana
3432 5202 3695 5262 Ecclesia
3720 5188 3850 5264 me-

2176 5278 2425 5335 moriam
2458 5278 2697 5337 illarum
2729 5281 3113 5357 oblationum,
3138 5304 3285 5361 quas
3306 5290 3500 5348 eidem
3531 5310 3851 5353 sacrosan-

2174 5371 2276 5423 ctae
2290 5367 2543 5425 ecclesiae
2563 5387 2668 5443 per
2692 5371 2801 5429 hoc
2823 5378 3089 5433 nostrum
3110 5378 3481 5453 privilegium
3502 5382 3845 5455 adjicienda

2173 5458 2568 5527 concedimus,
2596 5464 2654 5515 et
2670 5461 3112 5536 conﬁrmamus,
3138 5467 3286 5525 sicut
3310 5470 3581 5544 superius
3602 5472 3843 5530 dictum

2171 5550 2260 5602 est
2304 5563 2317 5602 :
2355 5546 2579 5605 scilicet
2623 5549 2696 5607 ab
2738 5550 3109 5613 inchoatione
3149 5560 3578 5629 matutinorum
3608 5562 3843 5635 quinta

2168 5634 2323 5692 feriae
2353 5636 2413 5694 in
2445 5636 2622 5697 Coena
2657 5640 2911 5711 Domini,
2952 5661 3139 5719 usque
3167 5651 3302 5720 post
3356 5634 3845 5723 completorium,

2167 5724 2330 5785 salva
2376 5726 2489 5785 sibi
2550 5744 2655 5802 per
2702 5733 2925 5806 omnia,
2978 5739 3037 5794 et
3088 5734 3199 5795 hoc
3259 5742 3459 5799 nostro
3519 5739 3841 5818 privilegio
