4086 6168
232 402 348 471 829

1205 402 1610 478 EPISTOLAE
1653 413 1754 478 ET
1797 411 2161 480 DECRETA
2205 413 2678 481 PONTIFICIA.

3517 426 3638 490 830

232 541 423 599 eidem
452 539 513 599 in
546 545 891 617 perpetuum
925 550 1232 614 reservata,
1261 551 1317 604 et
1367 549 1711 606 conﬁrmata
1741 567 1878 607 con-
1908 555 1956 622 Α
1991 551 2276 624 singulari
2340 551 2642 626 privilegio
2709 551 2986 610 omnibus
3053 553 3520 627 premminemus,
3553 558 3635 615 ita

231 633 494 688 cessione
523 637 579 689 et
595 635 1034 692 confirmatione
1055 636 1317 693 omnium
1341 637 1701 696 oblationum
1730 657 1876 713 quas

224 738 327 794 per
370 722 679 796 privilegia
727 729 1162 781 antecessorum
1201 729 1536 783 nostrorum
1592 729 1878 785 hactenus

221 811 485 883 accipere
515 816 573 867 et
623 811 738 868 sibi
787 813 998 870 habere
1048 821 1460 873 conservetur:
1516 817 1784 874 videlicet
1814 819 1874 874 in

222 900 313 955 die
345 900 708 968 Palmarum,
741 903 800 958 in
831 903 1002 959 Coena
1032 904 1262 960 Domini
1290 911 1345 960 et
1366 907 1422 961 in
1448 908 1780 975 Parascevc,
1816 909 1873 964 in

219 990 478 1045 Sabbato
509 995 710 1047 sancto
741 997 797 1048 et
827 992 917 1047 die
949 993 1267 1049 Dominica.
1302 994 1500 1066 Neque
1527 995 1684 1050 enim
1715 997 1872 1052 istud

218 1082 491 1133 nostrum
526 1079 606 1134 ita
636 1080 971 1151 adjicimus,
1003 1085 1067 1135 ut
1096 1081 1240 1137 illud
1273 1087 1707 1140 antecessorum
1739 1101 1873 1140 nos-

217 1173 448 1223 trorum
481 1169 701 1223 donum
733 1167 792 1224 in
828 1168 1024 1240 aliquo
1057 1171 1415 1228 minuamus.
1452 1177 1514 1228 In
1538 1189 1653 1245 qua
1673 1173 1876 1246 utique

216 1257 598 1313 concessione
626 1261 682 1312 et
710 1259 1151 1316 confirmatione
1195 1259 1275 1315 nil
1325 1261 1598 1318 novitatis
1629 1263 1874 1318 arbitra-

215 1361 351 1402 mur
380 1347 616 1420 egisse;
671 1346 892 1402 scilicet
939 1349 1207 1422 exemplo
1248 1351 1872 1407 reverendissimorum

215 1436 714 1507 predecessorum
749 1443 1104 1508 nostrorum,
1138 1443 1195 1495 et
1225 1440 1390 1512 copia
1417 1445 1630 1496 sancta:
1663 1441 1872 1496 Roma-

213 1543 298 1580 nae
328 1525 624 1590 Ecclesiae,
656 1525 915 1599 inopiam
944 1526 1203 1585 lateralis
1229 1533 1283 1584 et
1311 1529 1562 1585 maxime
1594 1530 1872 1585 domesti-

214 1631 298 1670 cae
332 1614 490 1681 ﬁlias,
521 1613 800 1670 laudabili
832 1615 1179 1674 liberalitate
1232 1618 1554 1673 secundum
1597 1619 1872 1691 apostoli-

213 1719 347 1758 cam
383 1702 810 1758 institutionem
845 1705 1135 1776 supplere.
1159 1707 1522 1762 Venerabilis
1541 1708 1870 1779 apostolicae

211 1791 376 1847 sedis
407 1807 657 1848 censura
703 1795 814 1848 sub
865 1794 1038 1848 divini
1093 1797 1513 1852 contestatione
1552 1797 1782 1869 judicii,
1816 1801 1873 1853 et

212 1880 611 1936 anathematis
635 1881 1076 1954 interpositione
1108 1888 1430 1940 statuentes
1462 1885 1869 1942 interdicimus

212 1974 273 2025 ut
302 1969 515 2025 nullus
547 1987 808 2042 unquam
837 1988 1240 2028 successorum
1275 1979 1607 2030 nostrorum
1635 1975 1868 2048 pontiﬁ-

212 2063 382 2126 cum,’
397 2059 488 2114 vel
519 2059 766 2130 quilibet
798 2061 1160 2131 publicarum
1187 2065 1481 2119 actionum
1507 2064 1874 2119 administra-

209 2152 315 2217 tor,
355 2164 465 2204 seu
501 2147 616 2204 alia
644 2147 915 2220 quaelibet
947 2154 1003 2206 et
1035 2151 1469 2222 quantumlibet
1501 2168 1718 2224 magna
1748 2170 1874 2224 par-

208 2254 405 2310 vaque
437 2253 709 2310 persona,
747 2239 959 2295 audeat
981 2239 1067 2294 vel
1102 2245 1438 2312 prznsumat,
1470 2245 1672 2297 contra
1695 2241 1873 2312 hujus

209 2331 434 2382 nostra;
487 2325 820 2382 donationis
878 2327 1248 2400 privilegium
1295 2345 1500 2400 cogere
1561 2333 1662 2384 aut
1710 2329 1875 2384 aliter

209 2416 548 2488 quidquam
585 2415 855 2474 alienare.
889 2417 1116 2472 auferre
1152 2422 1253 2472 aut
1283 2417 1584 2484 minuere;
1635 2419 1735 2474 sed
1767 2435 1874 2490 po-

205 2506 320 2560 tius
361 2505 607 2559 tirrnum
641 2508 695 2560 et
728 2505 934 2560 stabile
967 2505 1025 2560 in
1061 2511 1432 2578 perpetuum,
1463 2507 1614 2562 sicut
1644 2524 1876 2562 conces-

208 2611 334 2651 sum
379 2598 439 2649 et
472 2594 886 2650 confirmatum
919 2599 1031 2664 est,
1083 2601 1441 2668 permaneat.
1495 2597 1554 2652 Si
1609 2596 1740 2669 quis
1771 2613 1874 2651 au-

211 2687 356 2748 tem,
399 2683 556 2754 quod
592 2699 704 2738 non
737 2688 1031 2755 Optamus,
1056 2686 1368 2741 temerario
1399 2702 1545 2740 ausu
1598 2684 1706 2741 hoc
1739 2702 1874 2740 nos-

208 2776 370 2826 trum
410 2771 745 2842 apostolicm
777 2773 933 2827 sedis
980 2778 1288 2838 statutum,
1338 2772 1396 2828 in
1447 2790 1745 2846 quoquam
1786 2774 1876 2828 in-

211 2861 476 2932 fringere
511 2863 950 2933 praesumpserit
980 2867 1035 2917 et
1092 2863 1396 2932 coadjutor
1422 2861 1876 2934 illiusinfaliquo

210 2949 533 3016 exstiterit,
569 2951 914 3006 auctoritate
946 2956 1160 3007 sanctae
1193 2956 1251 3006 et
1278 2951 1592 3007 individua:
1622 2952 1876 3007 Trinita-

214 3038 288 3112 tis
317 3044 385 3095 et
421 3038 823 3111 apostolorum
857 3041 1136 3113 principis
1169 3040 1340 3107 Petri,
1373 3041 1564 3111 cujus,
1622 3040 1757 3096 licet
1788 3040 1877 3094 in-

214 3128 413 3200 digni,
465 3128 801 3199 dignatione
849 3129 1047 3184 divina
1092 3129 1215 3185 vice
1272 3129 1595 3201 fungimur,
1648 3127 1877 3184 vinculo

213 3217 622 3274 anathematis
652 3218 724 3273 sit
758 3219 1146 3290 mancipatus,
1182 3223 1238 3274 et
1267 3236 1300 3274 a
1334 3234 1510 3290 regno
1550 3218 1648 3272 Dei
1684 3233 1877 3290 segre—

209 3311 423 3377 gatus,
452 3309 510 3360 et
534 3305 785 3372 diabolo,
818 3311 875 3362 et
905 3307 1129 3379 angelis
1178 3309 1329 3376 ejus,
1382 3306 1496 3362 nisi
1546 3307 1690 3362 forte
1729 3306 1872 3362 resi-

211 3395 467 3466 piscens
499 3395 833 3462 satisfaciat,
856 3395 1344 3452 indissolubiliter
1366 3400 1734 3469 aggregetur.
1765 3394 1870 3460 Qui

205 3499 347 3538 vero
384 3483 488 3554 pio
503 3488 758 3556 respectu
779 3488 1149 3547 conservator
1163 3489 1220 3540 et
1248 3485 1519 3540 defensor
1538 3485 1717 3554 hujus
1744 3500 1874 3538 con~

207 3572 507 3626 cessionis
529 3577 584 3628 et
601 3573 1065 3628 confirmationis
1087 3573 1388 3639 exstiterit,
1415 3576 1698 3645 potestate
1721 3571 1869 3626 beati

208 3659 361 3716 Petri
405 3661 806 3732 apostolorum
840 3661 1122 3735 principis
1147 3666 1205 3717 et
1233 3663 1502 3733 precibus
1535 3666 1870 3717 sanctarum

203 3748 517 3822 virginum
547 3766 613 3805 ac
633 3750 842 3806 Christi
872 3755 1219 3823 martyrum,
1243 3751 1465 3806 Rufina:
1487 3754 1542 3806 et
1565 3750 1866 3816 Secundae,

204 3837 473 3894 celestis
508 3839 668 3910 regni
702 3839 1029 3902 introitum,
1061 3843 1119 3894 et
1147 3839 1395 3912 gratiam
1419 3843 1593 3912 atque
1623 3839 1870 3913 gloriam

204 3943 236 3981 a
258 3928 442 3998 justo
465 3927 667 3997 judice
698 3927 944 3982 Domino
975 3929 1090 3983 Deo
1119 3931 1338 3993 nostro,
1371 3928 1668 4000 vitamque
1706 3932 1869 3984 mter-

203 4033 337 4072 nam
357 4015 667 4088 percipere
683 4017 1046 4072 mereaturin
1061 4016 1865 4072 saeculasmculorumAmen.

267 4107 582 4176 Scriptum
599 4121 702 4176 per
731 4122 941 4163 manus
972 4105 1231 4178 Gregorii
1264 4105 1471 4161 notarii
1506 4109 1563 4160 et
1583 4105 1870 4160 scriniarii

201 4194 257 4249 S.
295 4195 589 4251 Romanae
615 4193 883 4252 Ecclesia:
915 4195 974 4250 in
1007 4210 1206 4251 mense
1239 4194 1394 4261 Maii,
1431 4194 1630 4249 indict.
1676 4211 1731 4258 x,
1765 4194 1871 4250 Be-

201 4301 270 4340 ne
299 4284 526 4340 valete.

269 4378 498 4430 Datum
547 4377 747 4430 octavo
795 4375 932 4429 Idus
983 4374 1140 4440 Maii,
1193 4389 1296 4446 per
1345 4389 1557 4429 manus
1597 4371 1871 4428 Aribonis

193 4461 464 4531 diaconi,
499 4477 652 4518 anno
681 4464 715 4518 3
744 4463 964 4518 domini
997 4480 1158 4536 papae
1190 4463 1445 4518 Victoris
1475 4462 1542 4528 II,
1577 4461 1779 4516 indict.
1813 4479 1868 4516 x.

193 4549 596 4606 Decernimus
624 4567 781 4623 ergo,
817 4557 878 4606 ut
910 4551 1053 4607 nulli
1077 4553 1318 4608 omnino
1340 4551 1648 4606 hominum
1674 4549 1866 4616 liceat,

1908 3288 1946 3314 ﬁ

1904 3322 1946 3355 υ

1987 641 2390 698 universarum
2424 642 2799 699 ecclesiarum
2819 643 2920 699 Dei
2944 643 3399 700 sollicitudinem
3425 645 3635 702 habea-

1988 746 2139 795 mus,
2175 746 2240 785 ac
2268 731 2519 802 singulis
2552 731 2884 804 quibusque
2916 733 3187 789 fidelibus
3218 739 3392 806 atque
3414 734 3528 806 piis
3559 735 3638 790 lo-

1985 818 2068 874 cis
2099 824 2425 892 opportuna
2476 821 2754 892 suffragia
2810 822 3199 879 conferamus.
3250 825 3634 896 Quapropter,

1983 906 2245 963 inclinati
2268 909 2535 980 precibus
2559 909 2699 978 tuis,
2722 911 3065 966 charissime
3088 929 3153 968 ac
3177 913 3445 985 religiose
3460 914 3634 981 abba,

1986 997 2156 1062 Bovo,
2192 1013 2293 1068 per
2323 998 2473 1052 hanc
2505 1002 2713 1053 nostrae
2747 999 3111 1056 auctoritatis
3160 1017 3466 1056 censuram
3497 1019 3634 1058 con-

1983 1086 2292 1141 firmamus
2323 1104 2387 1141 ac
2419 1088 2884 1155 corroboramus,
2919 1089 3024 1143 tibi
3055 1089 3290 1161 tuisque
3329 1107 3634 1146 successo-

1983 1175 2170 1240 ribus,
2204 1176 2546 1247 regulariter
2559 1178 2987 1248 promovendis,
3003 1177 3292 1234 Sithiense
3306 1177 3633 1235 ccenobium

1982 1262 2040 1317 in
2075 1269 2442 1335 perpetuum,
2478 1265 2628 1335 quod
2666 1265 2722 1319 in
2767 1266 3062 1337 episcopio
3113 1267 3516 1325 'l‘aruannensi
3545 1274 3636 1325 est

1983 1352 2366 1407 constitutum
2416 1354 2474 1408 in
2525 1354 2743 1410 honore
2797 1355 2982 1409 sancti
3035 1357 3206 1421 Petri,
3259 1375 3324 1411 ac
3368 1358 3632 1414 omnium

1983 1440 2406 1512 apostolorum,
2441 1442 2541 1496 ubi
2566 1443 2739 1498 etiam
2766 1444 3077 1516 prmclarus
3099 1445 3309 1500 Christi
3337 1448 3636 1502 confessor

1985 1530 2275 1595 Bertinus,
2323 1530 2506 1602 ipsius
2557 1531 2665 1587 loci
2716 1533 2943 1604 primus
2993 1533 3268 1588 fundator
3316 1552 3381 1590 ac
3432 1536 3632 1603 abbas,

1982 1635 2117 1673 cum
2150 1618 2433 1691 Folquino
2464 1637 2528 1676 ac
2560 1620 2815 1692 Sylvino,
2851 1622 3037 1678 beatis
3061 1623 3495 1681 confessoribus
3517 1642 3638 1681 cor-

1982 1724 2120 1780 pore
2153 1708 2422 1779 quiescit.

2054 1797 2281 1851 Pariter
2311 1813 2543 1868 quoque
2575 1800 2992 1854 conﬁrmamus
3025 1800 3127 1855 tibi
3151 1801 3386 1873 tuisque
3408 1819 3637 1859 succes-

1982 1883 2236 1950 soribus,
2269 1883 2421 1938 sicut
2452 1885 2671 1939 dictum
2718 1894 2823 1947 est,
2893 1887 2950 1940 in
3016 1891 3383 1959 perpetuum,
3423 1894 3636 1945 cuncta

1982 1971 2170 2027 eidem
2205 1972 2464 2028 coenobio
2483 1973 2647 2043 juste
2679 1974 3046 2046 pertinentia,
3073 1981 3189 2030 tam
3210 1992 3276 2030 ea
3297 1992 3423 2048 qua:
3445 1976 3636 2032 hacte-

1984 2078 2096 2116 nus
2146 2061 2445 2117 devotione
2496 2061 2752 2117 fidelium
2798 2063 3015 2118 Christi
3060 2063 3177 2118 illic
3223 2063 3438 2121 collata
3497 2069 3637 2121 sunt

1983 2166 2161 2221 quam
2195 2167 2319 2222 quae
2351 2151 2624 2224 deinceps
2646 2153 2809 2223 juste
2831 2153 3181 2208 conferenda
3201 2153 3433 2220 sunt,in
3457 2155 3634 2224 arvis,

1984 2239 2230 2310 campis,
2266 2239 2468 2312 pratis,
2521 2241 2775 2312 pascuis,
2825 2241 3009 2306 silvis,
3060 2242 3229 2313 aquis
3278 2259 3636 2314 aquarumve

1983 2329 2276 2396 cursibus,
2336 2329 2709 2398 molendinis,
2772 2329 3060 2401 piscariis,
3123 2330 3298 2398 villis,
3349 2331 3632 2402 ecclesiis,

1982 2417 2380 2483 comitatibus,
2411 2417 2669 2482 familiis,
2702 2419 2909 2482 vineis,
2947 2419 3247 2490 pomeriis,
3293 2419 3636 2492 cunctisque

1984 2505 2108 2561 suis
2141 2505 2460 2562 mobilibus
2490 2505 2578 2562 vel
2611 2506 3041 2572 immobilibus,
3073 2507 3247 2563 cultis
3267 2507 3353 2563 vel
3378 2508 3634 2576 incultis,

1987 2599 2051 2649 ut
2079 2595 2366 2666 quidquid
2389 2595 2546 2661 inde,
2571 2597 2893 2651 secundum
2920 2596 3016 2650 Dei
3043 2597 3334 2661 timorem,
3353 2597 3424 2652 ad
3453 2597 3637 2668 ipsius

1984 2683 2228 2739 caanobii
2274 2684 2585 2740 utilitatem
2642 2684 2989 2757 regulariter
3035 2684 3410 2756 disposuistis
3441 2700 3632 2756 agere,

1984 2772 2229 2828 liberam
2263 2773 2320 2828 in
2349 2774 2628 2829 omnibus
2659 2773 2924 2829 habeatis
2972 2773 3219 2828 faciendi
3263 2777 3633 2844 potestatem,

1986 2878 2090 2934 per
2119 2861 2315 2918 omnia
2345 2862 2508 2917 vobis
2540 2861 2700 2917 salva
2731 2867 2788 2918 et
2817 2863 2924 2916 hoc
2959 2861 3257 2934 privilegio
3289 2865 3487 2916 nostro
3514 2878 3638 2934 per-

1987 2949 2296 3022 petualiter
2323 2950 2667 3005 confirmata
2697 2950 3068 3004 immunitate
3091 2949 3189 3003 illa
3211 2965 3310 3004 seu
3347 2949 3634 3018 libertate,

1987 3055 2164 3110 quam
2189 3039 2392 3093 beatus
2423 3039 2814 3105 Audomarus,
2845 3039 3284 3095 Taruannensis
3311 3039 3547 3112 presul,
3574 3040 3636 3096 in

1989 3128 2224 3199 praefato
2309 3128 2476 3182 beato
2520 3129 2754 3184 Bertino
2811 3128 3001 3183 eidem
3069 3129 3339 3184 coenobio
3402 3130 3636 3202 proprio

1988 3217 2207 3287 scripto
2231 3215 2477 3271 indulsit
2499 3221 2674 3288 atque
2691 3215 3074 3278 confirmavit,
3101 3233 3216 3288 qua
3240 3217 3522 3272 hactenus
3543 3234 3633 3272 se-

1984 3305 2133 3360 cund
2145 3323 2242 3359 um
2265 3305 2416 3360 beati
2431 3305 2690 3376 Gregorii
2708 3323 2867 3378 papa:
2884 3304 2940 3359 lu
2951 3305 3176 3360 minoso
3190 3305 3382 3361 abbati
3397 3321 3632 3362 conces-

1983 3411 2068 3461 sa,
2092 3394 2343 3448 obeunte
2367 3394 2576 3449 abbate
2605 3393 2942 3448 monasterii
2965 3393 3173 3466 ipsius,
3197 3393 3396 3449 nullus
3417 3393 3635 3466 episco—

1981 3499 2190 3554 porum
2223 3483 2282 3537 in
2311 3483 2711 3538 describendis
2736 3483 3239 3554 prmvidendisque
3270 3500 3334 3538 ac
3365 3483 3633 3555 quaesitis

1981 3573 2380 3642 quazrendisve
2405 3573 2581 3628 rebus
2610 3573 2866 3628 ecclesiae
2898 3573 3098 3643 hujus,
3133 3573 3330 3644 aliqua
3361 3589 3423 3628 se
3461 3589 3632 3627 occa-

1981 3660 2163 3728 sione,
2200 3661 2547 3734 permisceat
2571 3683 2584 3733 ;
2619 3663 2890 3718 abbatem
2913 3679 3044 3718 vero
3067 3662 3254 3717 eidem
3279 3661 3632 3716 monasterio

1981 3765 2094 3805 non
2112 3749 2314 3817 alium,
2337 3752 2437 3806 sed
2461 3768 2633 3823 quem
2659 3751 2903 3822 dignum
2933 3751 3197 3804 moribus
3220 3753 3397 3820 atque
3421 3753 3627 3820 aptum

1979 3838 2304 3911 disciplinae
2337 3840 2668 3895 monasticae
2699 3839 2994 3894 communi
3036 3853 3346 3906 consensu,
3390 3853 3628 3908 congre-

1979 3927 2134 4000 gatio
2164 3932 2287 3984 tota
2315 3928 2424 3993 vel,
2458 3927 2725 3998 quamvis
2756 3943 2949 3998 parva,
2986 3941 3120 3996 pars
3160 3923 3629 3998 congregationis

1979 4017 2195 4072 saniori
2211 4015 2804 4080 consilio,secundum
2831 4015 3097 4070 timorem
3117 4014 3216 4070 Dei
3237 4014 3626 4088 proposuerit,

1979 4105 2228 4160 ordinet.
2263 4104 2552 4160 Stationes
2584 4108 2782 4159 autem
2816 4103 2933 4158 illic
2964 4102 3228 4176 publicas
3261 4121 3362 4176 per
3405 4104 3628 4176 episco-

1985 4210 2123 4264 pum
2160 4193 2285 4248 fieri
2318 4192 2557 4248 omnino
2590 4191 2991 4265 prohibemus,
3025 4211 3096 4249 ne
3128 4193 3186 4249 in
3204 4210 3501 4250 servorum
3527 4193 3626 4250 Dei

1980 4282 2329 4349 recessibus,
2351 4281 2734 4354 popularibus
2756 4281 2981 4338 occasio
3005 4285 3330 4356 prabeatur
3351 4281 3469 4336 ulla
3491 4299 3628 4337 con-

1979 4371 2176 4427 ventib
2187 4388 2273 4438 us,
2294 4388 2358 4427 ac
2377 4369 2764 4443 simpliciores
2786 4388 2854 4427 ex
2875 4372 2984 4428 hoc
3009 4371 3236 4427 animas
3260 4368 3626 4442 plerumque,

1979 4461 2133 4532 quod
2169 4459 2321 4516 absit
2345 4460 2357 4514 l
2384 4460 2441 4514 in
2460 4459 3034 4517 scandalumtrahat.
3069 4458 3450 4531 Frequentior
3479 4474 3627 4529 quo-

1980 4565 2093 4621 que
2125 4548 2426 4605 muliebris
2456 4547 2754 4616 introitus,
2792 4550 2899 4605 nisi
2935 4549 3098 4615 forte,
3133 4547 3459 4602 secundum
3504 4545 3628 4600 dic-

192 4644 304 4695 etc.
339 4641 404 4696 Si
447 4656 574 4711 quae
603 4639 786 4712 igitur
813 4640 874 4695 in
907 4643 1193 4708 tuturum,
1227 4644 1334 4696 etc.
1362 4639 1602 4696 Cunctis
1649 4643 1867 4708 autem,
1900 4659 1948 4724 D
1979 4643 2106 4693 tum
2136 4637 2354 4694 Nicolai
2387 4656 2568 4712 papae,
2623 4640 2696 4696 ab
2745 4638 2952 4694 abbate
2999 4635 3339 4691 monasterii
3391 4633 3479 4724 vel
3513 4635 3626 4690 fra-

193 4732 311 4784 etc.

953 4836 1122 4892 XVII.

188 4924 300 4980 Pro
362 4925 706 4980 manastcrz’o
753 4925 944 4982 Sancti
992 4927 1226 5010 pertint,
1288 4925 1515 4981 Victoris
1561 4924 1613 4980 11
1637 4925 1870 4995 privile-

953 5015 1123 5070 gzum.

847 5084 1035 5157 (Anno
1065 5085 1251 5156 1057.)

193 5169 540 5240 (Cumae,
568 5171 860 5230 Collection
887 5173 980 5229 des
999 5175 1348 5237 cartulaz’res,
1367 5173 1578 5245 abbaye
1598 5174 1670 5230 de
1690 5174 1874 5229 Saint-

610 5245 819 5314 Bertz’n,
854 5251 996 5301 tom.
1035 5247 1132 5312 Ill,
1165 5262 1297 5318 pag.
1334 5247 1480 5317 180.]

263 5351 506 5404 Vrc'roa
547 5350 880 5423 episcopus,
927 5369 1130 5408 servus
1173 5367 1475 5408 servorum
1531 5351 1626 5408 Dei
1659 5351 1871 5408 dilecto

188 5437 314 5494 ﬁlio
351 5438 604 5508 Bovom,
638 5439 913 5514 religioso
944 5439 1162 5508 abbati,
1197 5441 1544 5513 cunctisque
1569 5457 1872 5498 successo-

187 5525 365 5582 ribus
401 5528 558 5597 ejus,
581 5528 642 5582 in
675 5529 955 5586 Sithiensi
986 5529 1248 5586 emnobio
1271 5529 1616 5601 regulariter
1644 5546 1874 5603 promo-

189 5617 443 5680 vendis,
475 5615 532 5672 in
565 5627 936 5691 perpetuum.

259 5705 566 5762 Convenit
595 5708 915 5780 apostolico
949 5707 1340 5767 moderamini
1375 5712 1687 5781 quatenus,
1722 5709 1874 5765 sicut

189 5792 502 5866 dignitate
513 5811 576 5851 ac
594 5797 936 5857 auctoritate
950 5799 1123 5870 Petri,
1145 5797 1428 5871 principis
1451 5793 1868 5870 apostolorum,

1980 4727 2188 4794 tribus,
2221 4727 2588 4785 necessitatis
2619 4744 2796 4784 causa
2826 4726 2910 4782 vel
2943 4724 3273 4780 dilectionis
3293 4723 3507 4800 gratia,
3535 4741 3629 4780 vo-

1981 4820 2149 4873 catus
2175 4817 2494 4884 advenerit,
2522 4833 2590 4872 ne
2610 4813 3049 4888 importunitate
3071 4813 3162 4868 sui
3189 4813 3630 4869 ministrorum-

1981 4922 2096 4979 que
2125 4923 2368 4962 suorum
2403 4905 2807 4978 inquetudine,
2840 4905 3047 4960 fratres
3097 4901 3185 4958 vel
3229 4903 3412 4959 abbas
3450 4903 3630 4960 susti-

1981 4999 2160 5051 neant
2189 4993 2370 5050 ullam
2403 4994 2755 5060 molestiam,
2788 4997 2845 5050 et
2895 4993 2980 5049 sic
3031 4993 3082 5048 ei
3131 4996 3342 5048 cuncta
3371 4990 3630 5048 laesionis

1981 5082 2248 5140 funditus
2278 5082 2472 5139 ablata
2501 5085 2805 5155 potestate,
2843 5081 3175 5139 nullatenus
3207 5079 3524 5153 aliquando
3567 5079 3626 5132 in

1979 5175 2170 5226 vestro
2201 5176 2464 5227 versetur
2489 5169 2844 5243 gravamine.

2055 5261 2236 5325 Unde,
2271 5259 2602 5332 apostolica:
2635 5259 2790 5314 sedis
2814 5277 3081 5325 censura,
3105 5259 3214 5316 sub
3247 5255 3442 5311 divina
3488 5271 3627 5310 con-

1980 5349 2288 5404 testatione
2307 5347 2538 5418 judicii,
2560 5347 2948 5402 anathematis
2971 5345 3341 5419 impositione
3363 5346 3626 5398 statuen-

1981 5443 2094 5506 tes,
2124 5435 2531 5492 interdicimus
2563 5441 2624 5491 ut
2656 5435 2853 5492 nullus
2886 5451 3145 5508 unquam
3194 5433 3626 5506 episcoporum,

1983 5544 2085 5584 seu
2119 5523 2434 5597 cujuslibet
2466 5525 2693 5581 ordinis
2723 5524 3086 5597 clericorum,
3109 5521 3201 5577 vel
3244 5519 3491 5594 quilibet
3523 5539 3627 5595 pu-

1981 5617 2269 5673 blicarum
2287 5614 2581 5671 actionum
2607 5615 3063 5679 administrator,
3079 5628 3176 5667 seu
3197 5611 3311 5666 alia
3329 5610 3625 5682 quaelibet,

1982 5710 2084 5762 aut
2112 5703 2546 5777 quantumlibet
2571 5721 2785 5778 magna
2804 5718 3092 5778 parvaque
3115 5717 3384 5774 persona,
3415 5700 3631 5756 audeat

1980 5795 2069 5853 vel
2084 5799 2402 5869 praesumat
2420 5799 2622 5852 contra
2643 5795 2753 5853 hoc
2770 5800 3035 5854 nostrum
3052 5791 3421 5869 priviiegium
3434 5805 3628 5864 agere,
