4086 6168
401 354 514 418 831

1732 344 2092 410 VICTORIS
2137 343 2190 410 II
2233 344 2487 410 PAP/E.

3692 347 3808 412 832

404 493 504 548 aut
532 488 667 546 inde
693 486 1013 561 quidquam
1047 482 1319 551 alienare,
1353 480 1598 550 auferre,
1631 485 1734 539 aut
1783 481 2048 539 minuere
2079 482 2131 549 Α
2159 486 2267 540 rat.
2299 482 2419 538 Piis
2447 497 2582 555 ergo
2613 477 2757 539 locis
2778 482 2836 539 et
2854 478 3052 539 divina
3071 478 3355 556 religione
3374 481 3806 542 venerabilibus

401 581 490 637 vel
520 575 846 651 transgredi
873 596 884 646 ;
920 577 1017 633 sed
1042 575 1236 648 potius
1261 576 1496 629 firmum
1525 590 1589 629 ac
1611 572 1819 630 stabile
1841 571 1898 628 in
1918 590 2045 644 per-

405 675 664 744 petuum,
699 669 851 725 sicut
885 685 915 722 a
946 667 1113 722 nobis
1145 681 1488 719 concessum
1539 668 1594 718 ct
1632 663 2045 718 confirmatum

403 765 493 815 est
521 762 858 832 permaneat
884 775 896 824 ;
932 757 1216 826 liceatque
1245 753 1441 809 abbati
1471 751 1560 810 vel
1610 752 1887 808 fratribus
1920 769 2049 806 mo-

404 849 638 905 nasterii
674 847 858 918 ipsius
890 843 1261 916 apostolicam
1299 843 1494 897 sedem
1529 841 1818 914 appellare
1849 845 2050 897 contra

403 936 794 1010 quorumlibet
826 935 1132 988 hominum
1166 932 1466 1004 injuriam,
1499 932 1546 986 si
1579 948 1680 1002 per
1709 931 2048 1003 episcopum

401 1029 870 1084 Taruannensem
906 1028 1004 1078 aut
1034 1022 1534 1093 archiepiscopum
1580 1021 1922 1076 ltemensem
1957 1037 2047 1076 sa-

398 1116 667 1172 tisfacere
695 1114 966 1188 prazdicto
999 1112 1354 1167 monasterio
1386 1111 1770 1180 ejusdemque
1803 1109 2046 1164 rectori-

398 1207 509 1262 bus
540 1205 1012 1276 contcmpserint.
1046 1201 1102 1256 Si
1138 1201 1269 1272 quis
1302 1205 1517 1267 autem,
1552 1199 1706 1270 quod
1740 1215 1852 1254 non
1885 1203 2044 1270 opta-

401 1315 553 1366 mus,
589 1293 895 1350 temerario
927 1309 1096 1358 ausu,
1128 1294 1333 1345 contra
1394 1289 1500 1344 hoc
1533 1292 1797 1344 nostrum
1823 1292 2047 1360 aposto-

396 1387 516 1441 licae
541 1384 698 1440 sedis
721 1386 1006 1437 statutum
1057 1379 1113 1433 in
1144 1394 1437 1449 quoquam
1464 1383 1767 1444 temerare,
1790 1376 1877 1431 vel
1904 1393 2045 1432 con-

400 1474 646 1545 fringere
680 1469 1140 1542 praesumpserit,
1165 1472 1219 1522 et
1250 1467 1651 1522 contradictor
1689 1465 1847 1522 illius
1872 1465 2043 1520 exsti-

398 1563 507 1618 erit
540 1562 598 1617 in
630 1560 846 1632 aliquo,
881 1557 1224 1613 auctoritate
1253 1559 1464 1611 sanctze
1497 1561 1552 1610 et
1583 1555 1895 1609 individua)
1926 1554 2048 1609 Tri-

399 1650 600 1708 nitatis
630 1655 685 1706 et
714 1647 1110 1720 apostolorum
1143 1645 1424 1717 principis
1466 1645 1639 1711 Petri,
1690 1646 1882 1714 cujus,
1915 1644 2050 1700 licet

398 1740 623 1813 indigni
656 1738 1013 1811 dignatione,
1059 1741 1254 1791 tamen
1295 1734 1520 1790 vicibus
1567 1734 1889 1804 fungimur,
1921 1733 2047 1788 vin-

395 1829 526 1885 culo
557 1825 950 1885 anathematis
982 1825 1369 1897 mancipatus,
1399 1841 1432 1880 a
1478 1840 1654 1895 regno
1702 1822 1801 1878 Dei
1857 1839 2048 1894 segre-
2081 1859 2126 1924 Β

397 1922 590 1992 gatus,
678 1915 908 1973 diabolo
968 1918 1023 1971 et
1089 1913 1314 1987 angelis
1389 1913 1538 1984 ejus,
1616 1911 1726 1967 nisi
1789 1911 2043 1984 resipis-

398 2026 535 2066 cens
594 2005 934 2072 satisfaciat,
987 2001 1477 2059 indissolubiliter
1535 2006 1900 2073 aggrcgctur.
1936 2001 2045 2068 Qui

399 2116 528 2155 vero
563 2097 654 2170 pio
691 2101 952 2168 respectu
986 2093 1395 2159 observaverit,
1457 2107 1521 2146 ac
1567 2091 1838 2146 defensor
1861 2090 2046 2162 hujus

399 2185 860 2244 confirmationis
887 2186 943 2238 et
992 2181 1383 2238 concessionis
1425 2181 1728 2250 exstiterit,
1762 2183 2046 2252 potestate

399 2276 554 2333 beati
603 2273 771 2341 Petri,
825 2272 1222 2343 apostolorum
1273 2269 1554 2342 principis
1601 2286 1667 2325 ac
1707 2273 2045 2324 sanctorum

399 2362 748 2420 confessoris
778 2360 1092 2416 Audomari
1127 2363 1300 2429 atque
1331 2357 1570 2424 Bertini,
1605 2357 1858 2414 cmlestis
1882 2357 2045 2430 regni

397 2450 701 2506 introitum
735 2452 790 2504 et
820 2447 1067 2520 gratiam
1099 2451 1275 2518 atque
1305 2446 1571 2515 gloriam,
1602 2464 1634 2501 a
1658 2448 1822 2518 justo
1845 2446 2046 2517 judice

399 2539 666 2605 Domino,
700 2539 814 2594 Deo
848 2540 1066 2604 nostro,
1102 2537 1399 2607 vitamque
1428 2539 1706 2590 mtcrnam
1750 2535 2046 2608 percipere

400 2632 710 2692 mereatur,
745 2628 801 2681 in
835 2625 1045 2682 saecula
1075 2624 1441 2680 saeculorum.
1477 2629 1683 2679 Amen.

470 2719 765 2790 Scriptum
833 2734 934 2787 per
999 2732 1211 2770 manus
1278 2714 1538 2786 Gregorii
1616 2713 1824 2770 notarii
1892 2731 2044 2769 anno

401 2807 712 2866 Dominicce
782 2804 1101 2861 nativitatis
1170 2804 1481 2860 millesimo
1557 2802 2044 2876 quinquagesimo

400 2897 669 2971 septimo.

471 2989 587 3060 Ego
649 2985 1025 3050 Ilumbertus,
1081 2983 1272 3053 dictus
1326 2983 1632 3056 cpiscopus
1687 2987 1900 3039 sancta:
1953 2999 2044 3038 cc-

400 3078 588 3135 clesize
638 3074 821 3149 Sylvae
869 3073 1162 3141 Candidas,
1213 3073 1450 3129 interfui
1503 3076 1558 3129 et
1602 3072 1836 3145 propria
1867 3089 2042 3128 manu

400 3165 745 3238 subscripsi.

2159 573 2362 629 debita
2377 571 2792 630 consolationis
2804 576 2862 628 et
2873 572 3227 629 defensionis
3240 573 3560 644 porrecturi
3574 591 3806 642 manus,

2158 661 2325 718 illum
2359 662 2581 719 caeteris
2607 662 3032 734 praeferendum
3065 679 3180 718 non
3212 663 3594 735 ambigimus,
3631 680 3806 736 quem

2159 751 2493 808 monasticae
2528 767 2744 807 norma:
2777 755 3004 807 constat
3027 766 3156 807 esse
3198 751 3521 824 principale
3561 769 3808 826 gymna-

2159 841 2336 910 sium,
2371 846 2427 897 et
2457 845 2672 896 sancta:
2703 841 2979 896 Romanm
3004 843 3060 896 et
3091 841 3422 913 apostolica:
3470 841 3593 898 sedi
3625 845 3808 898 conti-

2157 948 2364 1004 guum,
2393 948 2567 1003 quem
2593 930 2744 987 cives
2767 929 3079 998 Romanni,
3104 934 3300 1002 patres
3326 930 3593 986 videlicet
3614 932 3808 988 eximii

2159 1021 2525 1087 Benedictus,
2559 1021 2799 1076 Maurus
2821 1023 2876 1076 et
2899 1019 3170 1076 Placidus
3196 1036 3328 1074 cum
3355 1020 3660 1077 nonnullis
3679 1021 3809 1077 aliis

2157 1111 2498 1179 fundarunt,
2525 1125 2816 1181 quemque
2833 1125 2867 1163 a
2886 1108 3159 1181 gentibus
3182 1109 3546 1164 destructum
3563 1110 3806 1166 Romani

2157 1199 2462 1273 pontiﬁces
2494 1198 2880 1254 nihilominus
2898 1214 3005 1254 sua
3021 1197 3361 1254 auctoritate
3384 1201 3804 1265 restruxerunt,

2157 1293 2213 1344 et
2243 1287 2558 1361 privilegiis
2591 1286 2922 1360 apostolicae
2953 1286 3113 1342 sedis
3143 1286 3350 1342 merito
3373 1287 3596 1343 caeteris
3619 1305 3808 1345 coeno-

2158 1378 2270 1434 biis
2300 1376 2704 1450 praetulerunt,
2738 1380 2912 1448 atque
2933 1379 3134 1432 contra
3157 1374 3557 1447 quorumlibet
3577 1394 3808 1450 suspec-

2158 1471 2249 1523 tas
2264 1467 2510 1538 injurias
2524 1466 2836 1522 efﬁcaciter
2849 1465 3216 1521 munierunt:
3238 1481 3491 1537 quorum
3506 1483 3615 1522 nos
3632 1484 3806 1523 sacra

2159 1556 2488 1612 auctoritati
2521 1555 2673 1611 sicut
2702 1560 2963 1627 tempore
3011 1559 3067 1610 et
3112 1553 3238 1610 loco
3289 1555 3684 1624 succedimus,
3725 1557 3808 1613 sic

2158 1662 2358 1702 eorum
2390 1645 2676 1718 exemplo,
2711 1647 2776 1700 ut
2797 1647 3044 1716 oportet,
3069 1643 3403 1711 innitimur,
3422 1648 3482 1699 et
3503 1660 3607 1716 per
3630 1644 3809 1717 hujus

2159 1739 2370 1792 nostra)
2397 1734 2704 1790 decretalis
2733 1733 2959 1807 paginas
2991 1736 3251 1789 tenorem
3275 1733 3403 1803 tibi,
3427 1733 3808 1792 dilectissime

2159 1823 2240 1879 fili
2273 1829 2329 1879 et
2357 1824 2507 1879 abba
2536 1821 2842 1891 Friderice,
2874 1821 3217 1878 electionem
3243 1821 3314 1877 ad
3331 1821 3596 1894 reginam
3618 1840 3806 1880 emno-

2156 1914 2235 1970 bii
2267 1913 2487 1986 prazlati
2513 1911 2732 1968 saniori
2752 1911 2996 1968 consilio
3020 1909 3286 1966 omnium
3314 1911 3552 1966 fratrum
3580 1913 3639 1968 in
3659 1931 3808 1986 prae-

2155 2003 2344 2060 sentia
2364 2000 2719 2074 responsalis
2741 2000 2925 2057 nostri
2943 2001 3157 2056 aPetro
3171 2000 3448 2056 monacho
3465 1999 3799 2073 aliquorum

2155 2108 2466 2166 pravorum
2481 2090 2914 2163 conspiratione
2926 2089 3108 2147 electo
3147 2089 3206 2145 in
3231 2093 3287 2145 te
3307 2088 3649 2146 translatam
3677 2091 3807 2147 col-

2153 2181 2464 2238 laudantes
2496 2180 2935 2237 confirmamus.
2962 2179 3126 2235 Unde
3148 2183 3204 2234 et
3224 2178 3547 2235 secundum
3571 2179 3805 2251 privile-

2155 2272 2251 2345 gia
2271 2270 2611 2326 eorumdem
2634 2272 3072 2325 antecessorum
3097 2272 3454 2335 nostrorum,
3480 2272 3657 2340 atque
3679 2286 3807 2325 con-

2156 2359 2530 2417 suetudinem
2551 2359 2677 2426 tibi,
2701 2374 2875 2431 quem
2899 2358 3170 2414 abbatem
3193 2356 3579 2424 sacravimus,
3606 2375 3807 2415 mona-

2155 2449 2401 2504 sterium
2434 2447 2572 2503 almi
2595 2448 2782 2504 Patris
2814 2446 3107 2504 Benedicti
3144 2447 3322 2503 situm
3357 2446 3555 2503 Monte
3585 2446 3806 2504 Casini-

2154 2537 2352 2603 castri,
2401 2540 2790 2609 cunctamque
2838 2536 3024 2610 ipsius
3084 2535 3423 2592 monasterii
3486 2536 3805 2605 abbatiam,

2153 2626 2380 2699 integre
2410 2643 2539 2681 cum
2575 2625 2736 2682 cellis
2765 2625 2915 2694 suis,
2947 2625 3220 2694 castellis,
3246 2623 3501 2696 praediis,
3526 2629 3583 2681 et
3613 2626 3808 2681 omnia

2155 2733 2263 2773 sua
2292 2714 2644 2787 pertinentia
2675 2715 3070 2784 concedimus,
3119 2719 3177 2770 et
3230 2717 3432 2769 nostra
3464 2715 3808 2771 auctoritate

2155 2803 2525 2862 decernimus
2541 2809 2661 2860 tam
2677 2804 2734 2860 in
2762 2804 2981 2861 finibus
3002 2805 3563 2871 Beneventanorum,
3591 2803 3806 2876 Apulo-

2156 2911 2286 2950 rum
2318 2897 2374 2950 et
2398 2892 2798 2970 Galabrorum,
2832 2909 3011 2966 quam
3043 2891 3223 2948 etiam
3248 2891 3307 2948 in
3340 2891 3562 2949 ﬁnibus
3580 2891 3808 2948 Marso-

2153 3001 2286 3040 rum
2321 2986 2378 3039 et
2406 2983 2466 3038 in
2499 2982 2795 3050 Marchiis,
2827 2983 2947 3039 sive
2976 2981 3310 3053 ubicunque
3340 2979 3513 3053 longe
3542 2984 3602 3037 et
3631 2998 3808 3054 prope

2154 3073 2438 3129 hactenus
2463 3072 2597 3144 jure
2625 3072 2732 3128 tibi
2763 3072 3032 3146 pertinet,
3085 3070 3304 3142 aliquid
3355 3070 3477 3126 sive
3518 3070 3804 3143 quidquid

2155 3162 2428 3234 deinceps
2458 3161 2649 3218 ubivis
2671 3162 2834 3234 juste
2860 3159 3218 3234 acquisierit.
3240 3159 3325 3216 Ad
3349 3158 3806 3231 haecjustitiam.

472 3259 586 3330 Ego
618 3234 986 3318 Benedictus,
1020 3255 1231 3307 sanctae
1259 3251 1620 3307 Bellitrensis
1639 3251 1893 3308 ecclesiae
1925 3252 2044 3306 dic-
2079 3234 2122 3301 C
2159 3251 2247 3308 vel
2278 3250 2580 3323 quodlibet
2607 3249 2892 3319 debitum,
2926 3249 3081 3320 quod
3115 3247 3390 3305 officiales
3439 3249 3625 3304 nostri
3656 3249 3804 3305 sacri

397 3352 494 3403 tus
525 3345 852 3416 episcopus,
875 3342 1134 3413 cognovi,
1166 3345 1221 3396 et
1238 3341 1472 3412 propria
1495 3358 1674 3396 manu
1696 3339 2040 3412 subscripsi.

469 3435 586 3504 Ego
617 3429 969 3496 Bonifacius,
991 3434 1202 3484 sanctae
1217 3428 1566 3484 Albancnsis
1579 3429 1835 3485 ecclesiae
1849 3430 2043 3485 dictus

399 3522 730 3594 episcopus,
763 3517 1022 3590 cognovi,
1056 3521 1112 3574 et
1142 3517 1348 3588 propia
1375 3534 1552 3571 manu
1589 3518 1932 3590 subscripsi.

470 3611 584 3682 Ego
616 3612 842 3678 Petrus,
875 3605 1321 3662 archidiaconus
1373 3610 1590 3662 sanctae
1642 3607 1915 3663 Romanae
1945 3608 2045 3662 Ec-

397 3699 608 3766 clesiae,
639 3698 878 3771 cognovi
910 3701 968 3753 et
997 3695 1231 3769 propria
1262 3713 1438 3752 manu
1464 3696 1807 3768 subscripsi.

467 3791 584 3862 Ego
616 3787 1068 3854 Hildebrandus,
1104 3790 1318 3842 sancta:
1352 3785 1622 3841 Romamn
1655 3785 1916 3842 Ecclesiae
1950 3804 2041 3842 ar-

397 3879 797 3942 chidiaconus,
830 3876 1091 3950 cognovi,
1125 3881 1181 3932 et
1205 3875 1436 3948 propria
1481 3892 1657 3931 manu
1697 3876 2040 3949 subscripsi.

467 3969 584 4037 Ego
617 3967 976 4035 Fredericus,
1011 3965 1292 4021 diaconus
1321 3965 1666 4037 subscripsi.

469 4060 678 4110 Datum
723 4055 891 4109 tertio
944 4055 1080 4109 [dus
1126 4054 1280 4122 Maii,
1342 4070 1446 4126 per
1494 4072 1705 4111 manus
1745 4055 2038 4124 Aribonis,

396 4142 644 4208 diaconi,
669 4158 822 4195 anno
853 4141 1020 4195 tertio
1052 4141 1428 4211 pontificatus
1465 4143 1685 4198 domini
1713 4161 1874 4217 papa:
1914 4144 2041 4200 Vic-

398 4231 560 4298 toris,
614 4245 811 4285 mense
865 4229 1031 4295 Maio,
1085 4228 1400 4285 indictione
1451 4231 1696 4298 decima,
1751 4233 1846 4289 die
1874 4233 2042 4289 tertio

397 4319 642 4375 decimo.

1106 4405 1301 4462 XVIII.

572 4501 803 4554 Victoris
837 4499 885 4552 II
917 4497 1068 4552 bulla
1095 4513 1198 4568 pro
1234 4500 1563 4554 monasterio
1595 4499 1879 4555 Casinensi

962 4587 1149 4656 (Anno
1183 4585 1474 4659 I055-57.)

555 4677 842 4746 [ΜΑΒιιιῐιη
874 4676 1072 4730 Annal.
1108 4675 1228 4731 0rd.
1263 4676 1318 4731 S.
1349 4675 1569 4744 Bcncd.,
1605 4675 1695 4740 IV,
1727 4677 1875 4748 7/14.]

389 4766 436 4818 V
464 4782 608 4820 c'ron
641 4765 970 4836 episcopus,
1005 4781 1207 4820 servus
1234 4781 1536 4820 servorum
1568 4764 1690 4833 Dei,
1729 4765 2039 4822 Fainnaico

389 4852 600 4908 dilecto
628 4852 746 4908 filio
779 4852 974 4908 abbati
1004 4853 1352 4909 venerabilis
1392 4853 1637 4909 cccnobii
1670 4853 1809 4909 almi
1855 4855 2040 4912 Patris

389 4940 706 5012 Benedicti,
741 4942 893 5012 quod
947 4947 1318 5014 nuncapatur
1365 4942 1830 5011 Mons-Casinus,
1867 4962 2038 5001 cunc-

390 5030 580 5104 tisque
611 5030 1049 5087 successoribus
1079 5033 1208 5101 ejus
1239 5031 1358 5087 illic
1379 5033 1656 5090 canonice
1678 5033 1752 5090 ad
1775 5035 2037 5107 regimen

388 5119 799 5193 promovendis
831 5120 889 5175 in
923 5124 1288 5192 perpetuum.

461 5209 770 5266 Pastoralis
804 5207 1219 5266 sollicitudinis
1277 5213 1483 5264 nostrae
1532 5212 1750 5268 bonum
1787 5213 1834 5268 si
1868 5214 2038 5270 debet

386 5299 715 5370 prospicere
745 5303 802 5354 et
830 5300 1108 5370 prolicere
1140 5298 1418 5354 omnibus
1449 5300 1626 5355 etiam
1659 5303 1948 5358 extraneis
1980 5308 2038 5360 et

385 5385 746 5458 longinquis,
778 5388 960 5444 multo
993 5387 1183 5460 magis
1215 5387 1552 5444 domesticis
1584 5393 1641 5444 et
1662 5391 2032 5464 propinquis.

386 5473 534 5544 Ipsis
564 5475 779 5545 quippe
811 5478 1065 5532 secundo
1095 5477 1280 5548 gradu
1314 5481 1444 5548 post
1467 5481 1648 5532 Deum
1672 5479 2035 5539 admovenda

384 5566 470 5618 est
502 5561 742 5617 visibilis
769 5563 1041 5634 eharitas,
1080 5570 1138 5620 ut
1173 5581 1272 5636 per
1302 5581 1400 5620 eos
1421 5563 1580 5621 velut
1601 5568 1869 5637 quaedam
1894 5569 2033 5628 visi-

384 5650 518 5710 bilis
532 5651 770 5711 tlamnia
782 5653 1074 5726 gradatim
1090 5655 1158 5713 ad
1180 5654 1515 5714 remotiores
1531 5672 1796 5730 quosque
1813 5659 2036 5719 discur-

2152 3339 2352 3412 palatii
2384 3339 2624 3413 exigunt
2643 3356 2677 3395 a
2706 3339 2952 3395 navibus
2982 3339 3055 3395 ad
3087 3338 3416 3394 Romanum
3447 3341 3687 3410 portum
3715 3355 3810 3410 ap-

2153 3429 2526 3502 plicantibus,
2555 3427 2731 3486 vestri
2761 3427 3007 3485 cmnobii
3037 3426 3170 3484 navi
3199 3426 3475 3499 peculiari
3504 3431 3811 3499 gratanter

2153 3517 2483 3574 relaxamus
2508 3537 2521 3587 ;
2555 3522 2613 3574 et
2642 3518 3107 3590 quotiescunque
3137 3516 3383 3573 Romam
3409 3517 3479 3573 ad
3497 3516 3807 3572 servitium

2153 3612 2366 3664 sanctae
2401 3607 2672 3664 Romanae
2703 3605 2973 3664 Ecclesiae
3000 3605 3300 3672 veneritis,
3334 3605 3395 3661 in
3426 3609 3627 3661 sancta
3667 3605 3808 3662 Hie-

2152 3695 2408 3753 rusalem
2440 3695 2637 3769 palatii
2670 3695 3009 3753 Susurriani
3037 3694 3364 3768 hospitium
3397 3694 3666 3750 habeatis
3693 3713 3707 3762 ;
3754 3699 3811 3750 et

2153 3785 2423 3841 defuncto
2455 3785 2684 3853 abbate,
2717 3785 2933 3842 ibidem
2963 3789 3158 3842 vestra
3187 3783 3273 3840 vel
3303 3788 3631 3840 vestrorum
3671 3801 3806 3840 suc-

2153 3890 2454 3932 cessorum
2484 3872 2766 3931 electione
2795 3874 2978 3930 abbas
3025 3872 3420 3930 constituatur
3467 3890 3502 3928 a
3543 3873 3808 3930 Romano

2153 3963 2424 4037 pontiﬁce
2445 3963 2899 4020 consecrandus.
2927 3963 3276 4020 Conservato
3296 3961 3461 4018 vobis
3473 3963 3807 4034 vestrisque

2153 4051 2592 4111 successoribus
2621 4053 2944 4126 privilegio,
2975 4056 3096 4109 tam
3129 4052 3282 4125 quod
3316 4068 3383 4107 ex
3408 4051 3539 4108 navi
3587 4055 3802 4121 vestra,

2153 4159 2329 4216 quam
2363 4144 2515 4216 quod
2546 4159 2614 4200 ex
2649 4142 2779 4217 ipsa
2827 4143 3125 4200 destructa
3175 4140 3441 4211 ecclesia,
3490 4144 3557 4196 ut
3602 4139 3691 4198 vel
3725 4142 3811 4198 sic

2154 4237 2496 4302 restruetur,
2531 4231 2832 4306 proximus
2862 4233 3135 4289 decessor
3175 4234 3371 4286 noster
3418 4233 3662 4286 sanctus
3694 4231 3810 4287 Leo

2153 4322 2407 4380 ﬁrmavit
2438 4322 2635 4379 abbati
2667 4321 2957 4379 Richerio.
3009 4321 3192 4378 Usum
3243 4334 3476 4392 quoque
3505 4319 3808 4376 sandalio-

2153 4429 2282 4468 rum
2306 4417 2365 4469 et
2385 4411 2732 4481 dalmaticae,
2766 4411 3034 4485 quamvis
3047 4411 3184 4482 jure
3202 4408 3600 4466 cardinalatus
3623 4409 3710 4465 tui
3737 4412 3812 4466 ab

2153 4501 2472 4573 apostolica
2492 4501 2630 4558 sede
2651 4500 2998 4574 perceperis,
3032 4517 3066 4556 a
3082 4499 3251 4557 nobis
3277 4504 3472 4556 tamen
3497 4499 3624 4569 tibi,
3650 4503 3710 4555 et
3733 4499 3815 4556 Io-

2073 4612 2121 4676 D
2153 4607 2218 4648 co
2258 4591 2535 4664 deinceps
2565 4595 2622 4648 et
2653 4589 3077 4663 principalibus
3097 4591 3329 4645 tantum
3351 4588 3516 4645 festis
3537 4589 3813 4645 concedi-

2152 4697 2286 4737 mus
2307 4680 2378 4736 ad
2400 4678 2906 4737 honoriﬁcentiam
2931 4683 3053 4735 tam
3074 4676 3424 4735 venerabilis
3447 4677 3726 4745 ccenobii,
3754 4682 3814 4735 et

2149 4769 2220 4826 ob
2244 4767 2614 4826 dilectionem
2637 4769 2742 4838 tui,
2767 4768 3093 4824 secundum
3120 4767 3276 4839 quod
3298 4765 3575 4840 praefatus
3603 4766 3810 4825 deces-

2149 4875 2247 4915 sor
2267 4861 2464 4915 noster
2482 4861 2581 4913 tuo
2595 4857 2831 4930 praefato
2845 4856 3155 4914 concessit.
3172 4855 3453 4912 Praeterea
3464 4855 3812 4912 corrobora-

2149 4963 2284 5004 mus
2314 4945 2420 5003 tibi
2453 4945 2686 5019 tuisque
2719 4944 3161 5004 successoribus
3210 4944 3271 5000 in
3321 4943 3481 5000 omni
3514 4950 3811 5001 conventu

2147 5037 2560 5111 episcoporum
2579 5039 2635 5093 et
2647 5036 2982 5110 principum
3022 5033 3384 5108 superiorem
3411 5032 3692 5090 omnibus
3705 5034 3806 5090 ab-

2148 5127 2385 5184 batibus
2415 5126 2638 5196 sedem,
2669 5130 2726 5183 et
2771 5125 2832 5181 in
2881 5123 3146 5182 conciliis
3192 5126 3249 5180 et
3271 5121 3516 5195 judiciis
3547 5123 3810 5195 priorem

2145 5216 2238 5272 sui
2269 5215 2494 5272 ordinis
2535 5216 2876 5273 hominibus
2919 5213 3274 5271 sententiam
3327 5229 3432 5284 pro
3479 5213 3812 5269 reverentia

2143 5305 2291 5362 tanti
2323 5305 2455 5374 loci,
2489 5304 2590 5378 qui
2621 5304 2879 5378 primum
2911 5307 2968 5360 et
2996 5319 3304 5360 summum
3336 5301 3681 5358 monasticae
3725 5300 3810 5358 le-

2143 5394 2481 5469 gislatorem
2510 5394 2710 5451 vivum
2740 5398 2799 5452 et
2829 5396 3134 5451 mortuum
3165 5392 3422 5450 retinere
3452 5393 3808 5465 promeruit,

2143 5483 2361 5556 quique
2393 5483 2582 5555 ipsius
2611 5481 3041 5557 legislationem
3062 5481 3304 5555 scripto,
3332 5481 3507 5536 verbo
3534 5482 3593 5536 et
3615 5494 3810 5537 exem-

2142 5571 2238 5645 plo
2281 5571 2599 5628 coenobiale
2658 5572 3025 5645 propositum
3085 5569 3504 5646 appetentibus
3561 5569 3622 5624 in
3683 5573 3808 5626 toto

2144 5662 2364 5721 mundo
2383 5661 2504 5721 sole
2516 5661 2731 5723 clarius
2743 5662 3040 5723 evibravit.
3055 5661 3339 5723 Defuncto
3352 5663 3548 5720 autem
3563 5659 3802 5730 abbate,
