4086 6168
206 297 359 383 ’833

1202 322 1608 386 EPISTOLIE
1650 320 1751 384 ET
1793 321 2160 385 DECRETA
2206 323 2679 389 PONTIFICIA.

3533 342 3653 401 834

235 469 307 510 ex
323 466 451 509 sese
471 451 986 528 ipsacongregatio
1006 455 1331 512 secundum
1356 454 1558 512 sanius
1581 454 1890 511 consilium
1924 459 1978 526 Α
2007 454 2222 511 Bantra
2254 455 2601 527 Monacisca,
2634 458 2939 529 Junctura,
2973 466 3028 516 S.
3064 464 3292 535 Angeli,
3326 471 3649 542 'l‘urudum,

235 542 574 616 sapientum
599 546 657 600 et
678 543 977 602 seniorum
1000 545 1251 602 fratrum
1275 545 1387 602 sibi
1410 545 1681 601 abbatem
1700 545 1896 618 eligat,

234 636 297 689 et
324 631 659 705 apostolicae
691 634 850 691 sedis
880 634 1143 707 pontiﬁci
1189 635 1546 690 firmandum
1597 640 1653 691 et
1694 650 1897 691 conse-

234 720 412 778 crand
423 737 524 777 um
546 721 821 779 exhibeat
846 739 859 780 :
885 740 991 780 nec
1013 722 1182 779 aliter
1202 723 1279 780 ibi
1304 723 1487 780 abbas
1507 722 1900 780 constituatur

234 816 342 869 aut
371 810 611 868 aliunde
638 811 778 868 illuc
807 811 1252 883 intromittatur,
1287 812 1399 870 nisi
1431 814 1575 869 forte
1605 800 1766 870 exse
1786 812 1898 870 ali-

233 917 413 974 quem
440 904 605 958 tanto
628 901 901 976 regimini
943 902 1220 959 idoneum
1243 919 1359 959 non
1382 902 1712 972 habuerint,
1735 906 1792 959 et
1823 902 1897 958 ob

230 990 293 1047 id
326 990 547 1048 saniori
590 990 837 1048 consilio
868 996 1210 1049 extraneum
1243 991 1357 1048 sibi
1385 991 1686 1065 elegerint.
1720 992 1896 1048 Porro

232 1083 448 1153 praeter
468 1096 772 1137 summum
784 1080 1119 1155 apostolica)
1132 1080 1289 1139 sedis
1306 1080 1638 1155 praesulem,
1652 1080 1898 1153 cujusli-

228 1170 333 1227 bet
355 1169 630 1227 Ecclesize
651 1169 1015 1245 episcopum,
1050 1170 1139 1227 vel
1171 1170 1554 1241 sacerdotem,
1579 1170 1637 1226 in
1661 1171 1897 1244 praefato

230 1258 621 1332 monasterio,
642 1258 729 1315 vel
750 1258 811 1315 in
833 1258 995 1316 cellis
1017 1259 1227 1333 ipsius,
1260 1258 1543 1316 ditionem
1574 1258 1898 1332 quamlibet

227 1347 350 1405 sibi
373 1365 724 1421 praesumere
744 1347 853 1405 hac
875 1352 1079 1407 nostra
1098 1348 1506 1406 interdicimus
1527 1348 1894 1418 auctoritate,

226 1437 318 1494 ita
348 1441 437 1505 ut,
462 1438 575 1495 nisi
597 1439 670 1495 ab
692 1438 903 1496 abbate
924 1439 1102 1496 fuerit
1121 1438 1422 1506 invitatus,
1449 1455 1551 1495 nec
1574 1438 1887 1496 missarum:

228 1526 920 1585 solemniainibiaudeat
950 1527 1279 1597 celebrare;
1304 1528 1406 1585 sed
1438 1532 1659 1584 remota
1679 1531 1737 1583 et
1758 1543 1893 1600 pro-

229 1617 478 1692 pulsata
506 1616 762 1690 qualibet
791 1616 1170 1690 oppressione
1216 1616 1767 1684 ecclesiasticarum,
1801 1615 1890 1672 vel

229 1706 608 1763 saecularium
641 1723 1049 1780 personarum,
1081 1706 1236 1762 sicut
1267 1706 1549 1762 hactenus
1585 1706 1822 1771 mansit,
1856 1722 1890 1761 a

227 1796 514 1870 praesenti
534 1796 761 1852 decima
782 1796 1119 1866 indictione,
1144 1795 1253 1852 hoc
1286 1799 1482 1852 nostro
1505 1795 1804 1869 privilegio
1828 1796 1885 1850 in

228 1889 590 1959 perpetuum
613 1887 897 1959 quietum,
915 1890 973 1942 et
992 1885 1242 1942 liberum
1255 1886 1327 1942 ad
1351 1884 1674 1955 servitium,
1700 1889 1755 1941 et
1777 1884 1898 1959 glo-

226 1976 388 2031 riam
409 1974 513 2031 Dei
536 1979 770 2032 maneat
793 1975 906 2032 sub
929 1974 1266 2032 defensione
1288 1979 1345 2031 et
1370 1975 1505 2046 jure
1548 1978 1765 2030 sancta:
1789 1975 1899 2030 Ilo-

227 2081 428 2121 mansa
458 2067 517 2121 et
546 2064 874 2137 apostolicae
916 2064 1093 2139 sedis,
1147 2081 1281 2121 cum
1326 2063 1451 2120 suis
1500 2064 1800 2132 omnibus,
1833 2081 1900 2120 ex

226 2153 459 2226 quibus
482 2154 825 2211 summatim
839 2158 896 2210 et
919 2152 1558 2228 generaliteromnibus
1578 2152 1687 2208 hac
1711 2153 1899 2208 nomi-

225 2243 449 2311 natim,
475 2245 533 2300 et
551 2242 883 2316 specialiter
904 2246 1137 2300 tantum
1164 2242 1297 2299 istic
1331 2242 1717 2316 digessimus:
1743 2240 1902 2298 Cella

224 2331 549 2403 Albaneta,
582 2332 853 2402 Ciconia;
881 2332 1028 2389 cella
1054 2331 1243 2388 sancti
1278 2330 1540 2404 Gregorii
1560 2329 1619 2384 in
1642 2328 1897 2402 Aquino,

226 2422 285 2479 Β.
314 2420 580 2489 Nazarii,
611 2420 670 2477 S.
704 2420 1002 2478 Benedicti
1034 2421 1095 2476 in
1124 2419 1269 2489 Clia,
1298 2424 1355 2475 S.
1388 2418 1683 2474 Benedicti
1716 2418 1775 2473 in
1809 2418 1899 2473 ln-

225 2510 391 2579 sula,
422 2510 483 2566 S.
516 2509 798 2580 Silvestri,
827 2511 885 2566 S.
920 2509 1157 2577 Urbani,
1192 2510 1252 2566 S.
1287 2508 1470 2575 Pauli,
1502 2512 1557 2563 Β.
1606 2506 1811 2579 Angeli
1840 2506 1901 2562 in

224 2599 403 2657 Valle
436 2600 632 2666 Lucis,
665 2600 724 2657 S.
758 2598 1084 2668 Michaelis,
1130 2602 1344 2656 sanctae
1394 2598 1587 2654 Mariae
1638 2597 1700 2654 in
1731 2597 1903 2654 terris

225 2689 426 2757 Albis,
460 2692 675 2746 sancte
695 2690 881 2745 Luciaa
912 2690 1066 2761 apud
1096 2689 1353 2757 Fractas,
1377 2692 1433 2744 S.
1468 2686 1678 2761 Angeli
1712 2687 1774 2743 in
1795 2688 1901 2745 Ca-

231 2779 442 2848 nucio,
470 2782 529 2834 8.
560 2778 839 2851 Stephani
869 2780 928 2834 in
958 2777 1291 2844 Terracina,
1336 2777 1396 2834 S.
1439 2777 1810 2835 Scholasticae
1841 2777 1902 2833 in

229 2868 464 2937 Caieta,
488 2867 708 2924 Sanctae
727 2867 921 2923 Maria;
944 2867 1004 2923 in
1026 2866 1255 2935 Berula,
1293 2867 1352 2923 S.
1386 2864 1607 2923 Nicolai
1654 2867 1714 2923 in
1745 2867 1900 2934 Pica,

239 2959 299 3014 Β.
326 2955 610 3014 Mauricii
646 2956 706 3012 in
730 2957 977 3026 Limata,
1014 2957 1073 3013 S.
1114 2956 1269 3013 Petri
1309 2956 1369 3012 in
1410 2954 1698 3027 Esculeto,
1721 2957 1778 3013 S.
1803 2956 1904 3012 Be-

232 3045 464 3104 nedicti
498 3046 556 3102 in
587 3047 779 3114 Sessa,
822 3048 881 3104 S.
932 3045 1229 3103 Benedicti
1259 3045 1319 3102 in
1365 3046 1559 3102 Teano
1610 3063 1745 3103 cum
1777 3046 1903 3102 suis

231 3137 432 3206 cellis,
464 3137 526 3193 S.
558 3136 853 3192 Benedicti
883 3136 942 3191 in
975 3136 1192 3210 Capua,
1228 3152 1362 3191 cum
1412 3134 1594 3204 cellis,
1645 3138 1701 3191 et
1731 3134 1903 3191 terris

2008 548 2062 598 S.
2098 544 2367 614 Victoris,
2409 551 2464 603 S.
2516 546 2666 603 Petri
2718 549 2776 605 in
2821 549 2963 617 Clia,
3017 555 3279 622 Cervara,
3329 556 3653 617 Vallis-Ro-

2006 634 2210 701 tunda,
2259 639 2314 691 S.
2384 635 2540 704 Eliae,
2593 639 3043 709 baraciniscum,
3102 640 3314 712 Conca,
3363 646 3653 719 Capriata,

2008 721 2369 792 Francilone,
2414 728 2469 779 ἓ.
2519 726 2786 797 Joannis,
2841 733 2896 786 S.
2948 732 3245 789 Benedicti
3295 733 3560 793 minoris.
3596 739 3653 795 S.

2005 811 2250 870 Joannis
2273 812 2331 869 in
2353 814 2570 887 Capua.
2596 816 2851 880 Quorum
2878 819 3077 891 aliqua
3099 821 3240 878 olim
3268 824 3428 882 fuere
3454 843 3658 884 mona-

2007 901 2205 967 steria,
2240 903 2339 959 sed
2371 920 2407 959 a
2436 906 2769 961 Sarracenis
2802 907 3117 977 destructa,
3173 915 3550 984 postmodum
3585 917 3656 973 ad

2007 990 2315 1047 tuitionem
2348 993 2545 1065 patriae
2570 998 2896 1052 necessario
2938 998 3090 1055 facta
3121 1001 3392 1058 castella:
3419 1003 3661 1078 insuper

2010 1079 2415 1137 Lastinianum
2457 1085 2514 1137 et
2564 1082 2681 1139 alia
2726 1085 2840 1140 tria
2889 1087 3151 1155 castella,
3203 1090 3367 1147 Mons
3414 1092 3656 1162 Alfirici,

2009 1166 2252 1237 Muccla,
2295 1174 2350 1224 8.
2385 1170 2602 1235 Quirici
2643 1189 2772 1229 cum
2818 1181 2989 1247 portu
3014 1177 3213 1233 decem
3239 1180 3494 1250 navium,
3530 1199 3659 1255 quae

2005 1257 2121 1313 duo
2146 1261 2596 1317 Transmundus
2624 1278 2818 1319 comes
2842 1263 2997 1321 lilius
3017 1268 3254 1324 Actonis
3286 1269 3451 1327 beato
3473 1271 3660 1329 Bene-

2005 1345 2159 1401 dicto
2183 1347 2242 1403 in
2283 1347 2478 1404 Monte
2523 1349 2728 1406 Casino
2760 1351 2931 1423 legali
2962 1354 3296 1425 donatione,
3330 1363 3387 1414 et
3425 1360 3660 1418 charta-

2004 1451 2134 1490 rum
2157 1436 2545 1495 munimentis
2567 1441 2813 1495 contulit
2839 1459 2851 1510 ;
2877 1443 3115 1500 tertium
3129 1450 3326 1502 autem
3344 1448 3660 1507 Castellum

2002 1524 2186 1593 Frisa,
2207 1527 2363 1598 quod
2386 1528 2608 1599 praefati
2626 1532 3023 1587 Transmumli
3048 1551 3191 1589 uxor
3213 1553 3316 1607 pro
3340 1536 3540 1595 anima
3557 1556 3664 1596 sua

2000 1612 2202 1681 simili,
2225 1619 2289 1670 ut
2308 1617 2700 1681 suamaritus,
2723 1620 2892 1674 modo
2911 1622 3287 1692 contradidit,
3315 1626 3471 1696 quod
3486 1626 3663 1684 etiam

2001 1707 2130 1775 post
2165 1708 2410 1759 mortem
2445 1707 2639 1761 uxoris
2673 1709 2947 1778 prarl'atus
2975 1727 3170 1766 comes
3198 1729 3312 1768 non
3336 1714 3537 1772 timuit
3573 1715 3665 1774 in.

2004 1793 2232 1861 vadere,
2268 1794 2369 1849 sed
2406 1796 2668 1850 Laterani
2708 1796 2761 1848 in
2800 1798 3061 1869 Crappolltt
3109 1802 3295 1857 sancti
3339 1804 3660 1872 Laurentii,

2010 1886 2293 1953 praesente
2343 1883 2662 1939 Humberto
2712 1886 2879 1939 Silva}
2931 1888 3187 1943 candidae
3259 1889 3555 1963 episcopo,
3607 1896 3663 1949 te

2009 1986 2241 2043 quoque
2269 1969 2385 2026 lilio
2418 1976 2617 2027 nostro
2649 1973 2937 2029 Friderico
2982 1976 3243 2032 nondum
3298 1979 3367 2034 ad
3402 1980 3662 2052 regimen

2009 2058 2596 2126 electo,admonitusa
2614 2062 2780 2117 nobis
2798 2062 2852 2116 iu
2870 2062 2994 2133 ipsa
3009 2063 3372 2122 confessione
3392 2071 3662 2126 reatuum

2010 2165 2251 2204 suorum
2274 2148 2577 2206 Dominica
2597 2154 2803 2222 quarta
2832 2157 2959 2223 post
2978 2152 3201 2209 Pascha
3221 2158 3427 2227 sponte
3449 2156 3664 2215 refuta-

2009 2239 2106 2294 vit.
2144 2237 2327 2310 Igitur
2357 2237 2470 2307 his,
2518 2242 2575 2295 et
2619 2240 2895 2296 omnibus
2945 2259 3071 2313 quae
3122 2242 3360 2315 praefato
3404 2244 3664 2303 ccenobio

2001 2328 2161 2398 juste
2190 2327 2483 2399 pertinent
2505 2344 2683 2398 nunc,
2710 2333 2764 2385 et
2783 2347 2907 2402 qua:
2938 2330 2995 2386 in
3022 2332 3215 2387 futuro
3233 2333 3397 2405 juste
3419 2336 3667 2406 pertine-

2010 2417 2177 2484 bunt,
2210 2416 2319 2472 sub
2354 2416 2535 2473 tutela
2564 2423 2621 2474 et
2652 2423 2914 2475 Romana
2940 2420 3206 2478 libertate
3236 2421 3343 2478 hoc
3367 2423 3665 2499 privilegio

2010 2506 2427 2578 perpetualiter
2455 2509 2525 2562 ad
2551 2509 2927 2581 temporalem
2948 2528 3248 2568 servorum
3271 2512 3393 2584 Dei,
3420 2531 3669 2587 praesen-

2011 2594 2158 2650 tium
2175 2594 2395 2651 scilicet
2409 2600 2586 2669 atque
2601 2597 2933 2653 futurorum
2952 2599 3474 2671 quietem,statutis
3492 2607 3666 2675 atque

2012 2684 2374 2741 conﬁrmatis
2405 2685 2726 2757 apostolica
2754 2703 3021 2757 censura,
3070 2688 3180 2744 sub
3220 2688 3663 2762 interpositione

2013 2773 2262 2829 districti
2293 2774 2684 2831 anathematis
2711 2778 2769 2830 et
2798 2775 2977 2830 divini
3007 2778 3432 2834 contestatione
3445 2778 3656 2850 judicii

2012 2862 2464 2918 interminamus
2482 2863 2754 2919 omnibus
2768 2867 2888 2919 tam
2911 2866 3296 2936 praesentibus
3309 2884 3488 2939 quam
3515 2868 3637 2923 futu
3651 2898 3666 2911 -

2013 2952 2114 3018 ris,
2141 2967 2211 3006 ne
2234 2950 2387 3006 ullus
2400 2951 2707 3008 hominum
2726 2953 3132 3026 cujuscunque
3145 2955 3388 3022 ordinis,
3413 2956 3664 3030 dignita-

2012 3041 2108 3107 tis,
2132 3039 2481 3096 conditionis
2502 3041 2590 3097 vel
2612 3041 3228 3115 cujuscunqueofficii,
3243 3062 3345 3101 seu
3358 3046 3656 3118 quaelibet,

2014 3129 2100 3185 vel
2125 3129 2558 3202 quantumlibet
2579 3146 2795 3203 magna
2816 3135 2917 3187 aut
2938 3149 3115 3204 parva
3135 3150 3403 3204 persona,
3429 3136 3669 3206 quibus-

231 3227 468 3283 circum
501 3225 692 3295 circa;
726 3224 904 3282 simul
934 3229 991 3282 et
1020 3205 1081 3281 in
1125 3223 1355 3297 Apulia,
1405 3224 1463 3281 S.
1516 3222 1812 3281 Benedicti
1842 3223 1902 3279 in
1934 3205 1977 3273 C
2014 3235 2246 3291 cunque
2263 3218 2437 3275 rebus
2468 3218 2555 3275 vel
2578 3219 2843 3291 personis
2865 3221 3102 3294 praefato
3133 3205 3485 3287 monasterio
3505 3224 3665 3295 juste

230 3316 485 3383 Martia,
512 3319 569 3371 S.
601 3316 955 3373 Liberatoris
985 3315 1045 3372 in
1076 3314 1202 3371 Teti
1234 3331 1366 3370 cum
1399 3312 1561 3371 cellis
1592 3313 1717 3370 suis
1738 3329 1900 3370 sexa-

234 3406 439 3479 ginta,
472 3407 530 3460 et
550 3405 716 3461 terris
748 3404 943 3474 cultis,
976 3408 1033 3460 et
1062 3403 1320 3472 incultis,
1352 3407 1411 3459 et
1430 3402 1705 3460 omnibus
1736 3402 1859 3459 suis
1885 3420 1898 3471 ;

228 3496 465 3551 sanctae
485 3493 851 3551 Scholasticze
882 3493 942 3550 in
974 3492 1190 3565 Pinna,
1215 3495 1427 3549 sanctae
1458 3491 1650 3548 Mariae
1681 3490 1742 3546 in
1774 3490 1901 3546 Mu-

229 3601 408 3656 rena,
441 3583 503 3639 S.
537 3583 775 3640 Martini
809 3584 867 3639 in
914 3582 1149 3639 Salinis.
1186 3582 1245 3638 S.
1293 3580 1513 3638 Nicolai
1561 3580 1621 3636 in
1672 3580 1899 3649 Esculo,

227 3672 383 3730 cella
415 3676 635 3729 sanctae
660 3673 692 3730 J
700 3676 862 3741 ustae,
886 3674 945 3729 S.
968 3670 1267 3728 Benedicti
1294 3669 1351 3726 in
1373 3671 1612 3738 Trunto,
1639 3670 1697 3727 S.
1725 3672 1902 3727 Bene-

229 3762 377 3818 dicti
416 3761 480 3817 in
510 3761 734 3829 Trinio,
783 3765 1000 3817 sancta:
1033 3760 1230 3817 Mariae
1279 3760 1352 3816 ad
1401 3759 1900 3833 Casalesoplanos,

228 3852 288 3909 Β.
322 3850 615 3917 Eustatii,
648 3868 827 3923 quam
860 3851 1021 3908 dedit
1041 3848 1293 3906 Alfcrius
1317 3849 1623 3919 Pantasiae,
1648 3850 1708 3907 S.
1732 3850 1907 3906 Bene-

226 3936 374 3997 dicti
412 3939 479 3995 in
528 3939 782 4009 Alarino,
829 3941 884 3997 S.
937 3938 1236 3996 Benedicti
1280 3938 1340 3994 in
1386 3938 1720 4009 Pectinari;
1765 3940 1904 3996 item

227 4033 464 4087 sancta:
496 4028 691 4086 Maria:
740 4030 814 4086 ad
864 4027 1366 4102 Casales-planos,
1399 4028 1457 4084 S.
1509 4027 1817 4086 Trinitatis
1846 4029 1905 4084 in

225 4117 563 4186 Termulis,
596 4119 657 4175 S.
689 4117 986 4175 Benedicti
1018 4117 1079 4174 in
1105 4116 1343 4185 Asculo,
1374 4117 1677 4174 S.Focatis
1700 4117 1759 4172 in
1776 4117 1905 4173 Ale-

225 4207 390 4278 sino,
430 4224 570 4263 cum
600 4207 869 4264 faucibus
890 4210 947 4264 et
965 4206 1219 4281 piscaria
1241 4227 1255 4278 ;
1279 4210 1336 4262 S.
1358 4204 1615 4263 Eustasii
1650 4206 1709 4261 in
1732 4207 1906 4278 Arcu,

226 4299 288 4355 S.
309 4296 541 4370 Angeli
564 4298 623 4353 in
655 4298 891 4354 Barreio
921 4314 1058 4353 cum
1078 4295 1244 4353 cellis
1265 4300 1321 4353 et
1360 4295 1636 4365 castellis,
1661 4300 1718 4351 et
1736 4295 1908 4352 terris

224 4386 488 4455 multis;
531 4391 745 4442 sanctae
787 4386 981 4443 Mariae
1012 4385 1073 4442 in
1103 4385 1440 4453 Barretano,
1478 4385 1534 4444 S.
1589 4383 1819 4457 Georgii
1849 4384 1907 4439 in

2011 3308 2461 3382 pertinentibus,
2505 3308 2765 3381 aliquam
2801 3309 3137 3367 violentiam
3184 3312 3398 3369 inferat
3434 3318 3535 3375 aut
3564 3329 3663 3368 ca-

2012 3397 2346 3453 lumniosus
2373 3397 2603 3463 existat,
2628 3397 2717 3454 vel
2740 3399 3060 3455 incumbat.
3086 3402 3142 3455 Si
3170 3401 3303 3473 quis
3323 3419 3476 3470 vero,
3510 3402 3666 3474 quod

2013 3505 2130 3544 non
2175 3490 2468 3559 optamus,
2520 3486 2700 3559 hujus
2751 3487 2936 3543 nostri
2983 3488 3266 3562 privilegii
3316 3489 3663 3547 decretalem

2013 3577 2288 3650 paginam
2311 3576 2620 3633 temerario
2652 3594 2799 3633 ausu
2832 3576 2889 3632 in
2922 3576 3117 3650 aliquo
3141 3578 3455 3651 infringere
3478 3583 3666 3635 tenta-

2011 3666 2175 3734 verit,
2209 3670 2432 3721 aeterna:
2473 3664 2901 3722 maledictionis
2932 3666 3179 3723 vinculis
3218 3668 3562 3723 innodatum
3606 3685 3668 3723 se

2013 3755 2255 3822 noverit,
2290 3759 2345 3810 et
2363 3758 2640 3826 perpetua
2661 3754 2951 3826 supplicia
2970 3754 3254 3810 luiturum
3276 3771 3409 3810 cum
3433 3755 3667 3811 diabolo

2012 3842 2304 3918 etangelis
2325 3843 2474 3914 ejus,
2498 3842 2612 3899 nisi
2635 3841 2780 3897 forte
2798 3842 2962 3914 prius
2986 3842 3337 3914 resipiscens
3359 3842 3662 3900 satisfece-

2013 3934 2123 4002 rit;
2149 3937 2207 3989 at
2231 3932 2332 4004 qui
2350 3930 2583 4004 pietatis
2603 3929 2822 3985 intuitu
2858 3930 3103 3986 devotus
3126 3932 3463 3987 observator
3482 3933 3666 3989 exsti-

2014 4021 2168 4089 terit,
2202 4020 2390 4093 ipsius
2422 4020 2746 4074 interventu
2787 4017 2928 4074 almi
2967 4019 3150 4077 Patris
3192 4020 3509 4090 Benedicti,
3536 4038 3665 4095 per-

2015 4111 2416 4181 fectorumque
2446 4107 2814 4180 sequacium,
2848 4108 3262 4181 sociorumque
3292 4110 3420 4181 ejus
3450 4110 3667 4183 sempi-

2017 4204 2194 4256 ternae
2224 4196 2648 4254 benedictionis
2700 4196 3013 4270 particeps,
3067 4202 3124 4254 et
3170 4199 3429 4271 paradisi
3460 4200 3668 4257 beatus

2016 4304 2321 4361 possessor
2349 4287 2656 4343 efﬁciatur.
2693 4292 2902 4343 Amen.

2094 4382 2120 4445 ’ί
2152 4377 2509 4433 Humbertus
2542 4375 2734 4433 dictus
2765 4376 3082 4433 cardinalis
3115 4377 3423 4450 episcopus
3453 4382 3667 4434 sancta:

222 4475 390 4533 Luca
427 4490 616 4548 prope
649 4474 1012 4532 Posterulam
1044 4474 1426 4543 Virivualam,
1477 4490 1658 4547 quam
1710 4477 1910 4530 sancto
2020 4465 2283 4523 Ecclesiae
2316 4465 2481 4523 Silva:
2512 4465 2783 4522 Candidas
2823 4468 3126 4539 cognitum
3176 4466 3397 4539 relegit,
3447 4472 3505 4524 et
3534 4468 3669 4524 sub-

220 4563 559 4622 Benedicto
574 4562 1291 4632 contuleruntHeinricus,
1309 4568 1367 4620 et
1381 4562 1681 4620 Rolandus
1703 4563 1910 4620 fratres
1942 4583 1989 4647 D
2020 4556 2276 4647 scripsit.

221 4657 464 4711 sanctae
492 4651 953 4710 conversationis
1003 4652 1272 4709 habitum
1317 4656 1662 4726 quaerentes,
1695 4668 1764 4709 ex
1794 4668 1912 4724 qua

220 4743 419 4799 etiam
461 4758 566 4815 pro
594 4742 850 4799 novitate
864 4740 999 4798 facti
1022 4741 1393 4815 privilegium
1415 4745 1515 4797 tuo
1542 4746 1748 4814 rogatu
1772 4740 1909 4797 feci-

2092 4645 2589 4713 tHeldibrandus
2640 4643 2953 4699 cardinalis
3005 4643 3402 4698 subdiaconus
3452 4649 3666 4700 sanctae

2018 4739 2289 4792 Romanae
2342 4733 2642 4790 Ecclesiae.
2674 4733 2866 4788 dando
2927 4730 3242 4799 consensit,
3306 4736 3362 4788 et
3408 4732 3668 4790 subscri-

220 4849 417 4903 mus;
479 4831 674 4889 Sancti
718 4831 1011 4888 Valentini
1055 4832 1115 4887 in
1163 4831 1430 4900 Comino,
1480 4831 1539 4886 Β.
1592 4829 1910 4887 Salvatoris
2019 4825 2157 4899 psit.

220 4922 410 4991 inibi,
449 4921 511 4976 S.
544 4920 840 4978 Benedicti
872 4920 933 4977 in
964 4921 1250 4989 Venafro;
1291 4919 1511 4977 ibidem
1541 4924 1755 4976 sanctae
1786 4920 1907 4975 Ma-

219 5010 353 5080 ria,
388 5011 548 5068 item
577 5010 638 5067 S.
672 5009 920 5079 Nazarii,
955 5014 1175 5066 cortem
1226 5010 1284 5065 S.
1338 5009 1565 5077 Felicis,
1617 5009 1674 5065 S.
1726 5008 1905 5064 Bene-

219 5100 377 5157 dicti
413 5100 485 5155 in
516 5102 780 5169 Cesamo,
815 5100 874 5157 S.
928 5097 1334 5156 Bartholomaei
1381 5098 1443 5154 in
1495 5097 1774 5155 Miniano.
1802 5096 1905 5153 Ca-

220 5188 421 5247 stella
479 5192 675 5245 autem
724 5188 885 5258 haec;
939 5187 1236 5261 imprimis
1284 5188 1356 5263 ad
1423 5187 1631 5260 pedem
1694 5186 1912 5244 montis

220 5279 287 5336 S.
323 5278 689 5347 Salvatoris,
724 5278 881 5351 quod
898 5282 988 5335 est
1007 5279 1065 5335 S.
1093 5277 1391 5346 Germani,
1418 5278 1478 5335 S.
1512 5276 1664 5333 Petri
1700 5277 1913 5350 Pigna-

223 5369 370 5438 tari,
402 5367 812 5437 Plumbarola,
844 5369 902 5425 S.
930 5366 1236 5443 Stephani,
1269 5368 1328 5425 8.
1355 5366 1609 5441 Georgii,
1643 5368 1702 5424 S.
1744 5365 1916 5439 Apol-

220 5457 479 5526 linaris,
522 5456 964 5531 Vallis-frigida,
996 5461 1053 5514 Β.
1076 5457 1341 5528 Andrete,
1366 5454 1912 5523 BantraComitalis,

869 5581 979 5641 ape.
998 5564 1407 5641 II_Roman_um
1440 5563 1741 5641 quoddam
1767 5577 1914 5641 _con-

300 5563 388 5651 (4)
424 5563 774 5651 Ξυδχξεὶρι·

2782 4910 2921 4966 ΧΙΧ.

2018 5004 2378 5075 Privilegium
2448 5002 2671 5075 Pictoris
2731 5001 2817 5075 II,
2864 5001 3211 5057 Winimanno
3270 5002 3671 5075 archiepiscopo

2441 5070 2817 5128 Ebredunensi
2838 5089 3149 5130 concessum
3178 5076 3278 5146 (4).

2639 5160 2829 5232 (Anno
2863 5163 3047 5231 1057.)

2562 5250 2776 5322 [ΜΑΝΒΙ
2808 5250 2951 5322 XIX,
2978 5253 3129 5316 858.]

2092 5365 2312 5417 Vm'ron
2340 5359 2672 5433 episcopus,
2705 5373 2911 5413 servus
2950 5372 3249 5413 servorum
3291 5354 3415 5421 Dei,
3463 5353 3671 5411 dilecto

2022 5451 2296 5508 confratri
2319 5454 2375 5506 et
2394 5447 2665 5522 episcopo
2686 5451 3064 5516 WINIMANNO,
3099 5449 3156 5501 et
3176 5461 3280 5518 per
3300 5462 3434 5501 eum
3458 5448 3669 5501 sanctae

2021 5560 2462 5640 commemorat,
2487 5556 2588 5639 sed
2611 5554 2703 5613 vix
2724 5554 3048 5640 quidquam
3067 5552 3224 5640 aliud
3248 5552 3439 5640 tangit
3466 5556 3671 5627 praeter

300 5581 388 5651 ψ)
424 5581 553 5620 δυο
586 5581 806 5621 ῪΙΟῐΟΓθ
869 5581 979 5641 ape.
998 5581 1048 5621 11
1074 5581 1407 5622 nomanum
1440 5581 1734 5637 quoaaam
1777 5581 1914 5620 ΟΟΠ-
2021 5581 2462 5641 communiunt,
2487 5581 2588 5639 seu
2613 5581 2703 5613 V13
2724 5581 3048 5640 ηυιιιιιμιιιμ
3067 5581 3223 5610 uuuu
3251 5581 3439 5625 unus".
3466 5581 3667 5627 premor

224 5636 454 5697 cilium
475 5652 545 5695 ex
563 5635 775 5699 litteris
798 5582 1083 5714 Sgephani
1105 5652 1272 5715 papa
1296 5634 1370 5696 IX
1390 5638 1623 5695 erutum
1646 5634 1914 5694 Labbeus
2022 5647 2236 5691 nomen
2257 5629 2609 5689 etmdicium
2628 5632 2923 5704 conjuncti
2935 5629 3306 5704 episcopatus
3325 5630 3667 5696 Marsorum,
