4086 6168
452 264 571 327 835

984 263 1350 330 VICTORIS
1395 266 1447 328 Il
1495 263 1725 327 PAPE
1770 259 2178 326 EPISTOLE
2222 261 2323 326 ET
2367 261 2824 326 DIPLOMA'I‘A
2867 257 3340 327 PONTIFICIA.

3745 263 3867 327 838

455 398 853 454 Lbredunensi
875 397 1140 457 Ecclesiae
1164 404 1221 456 et
1255 399 1690 457 successoribus
1715 399 1898 470 ipsius
1921 414 2090 453 cano-
2121 399 2175 466 Α
2206 395 3869 471 elinatiprecibustuispraesentisannidecimaindictione

455 491 582 544 nice
612 487 1024 560 promovendis
1054 488 1110 544 in
1144 493 1510 562 perpetuum.

523 577 748 632 Sanctae
783 577 1057 633 Romanae
1101 584 1157 634 et
1191 577 1518 651 apostolicae
1546 577 1703 633 sedis
1725 577 1948 648 apicem
1976 576 2101 629 ideo

453 682 631 740 super
646 670 848 738 gentes
863 670 920 721 et
942 683 1118 738 super
1140 683 1318 740 regna
1341 667 1398 722 in
1422 666 1683 739 principe
1704 663 2099 738 apostolorum

452 773 717 821 suorum,
739 755 928 822 Petro,
953 757 1256 811 constituit
1277 755 1674 811 universitatis
1705 754 2006 817 Dominus,
2039 757 2104 806 ut

452 845 678 912 evellat,
701 848 757 900 et
777 845 1058 912 destruat,
1084 851 1140 899 et
1162 845 1405 917 plantet,
1439 850 1495 900 et
1525 845 1770 900 aedificet
1791 845 1918 914 (Jer.
1950 860 1986 909 1,
2014 842 2101 914 10)

453 937 510 992 in
545 933 780 990 nomine
809 932 1020 1005 ipsius.
1056 932 1354 1005 Siquidem
1389 934 1571 988 donec
1611 937 1815 988 saneta
1845 933 1973 1004 ejus
1999 935 2102 986 Ec-

453 1024 649 1087 clesia,
681 1021 742 1077 in
775 1026 895 1076 toto
917 1027 1201 1076 terrarum
1225 1022 1364 1076 orbe
1387 1022 1618 1086 diffusa,
1652 1019 2103 1093 temporalitatis

453 1111 825 1169 mutabilitati
851 1127 917 1165 su
929 1110 1376 1181 bjacebit,variis
1389 1114 1444 1164 et
1464 1109 2101 1165 continuisdefectuum

452 1207 510 1259 et
538 1202 902 1273 profectuum
951 1216 1196 1254 suorum
1219 1199 1754 1265 vicissitudinibus,
1776 1197 1934 1253 velut
1967 1197 2105 1252 luna

451 1291 578 1348 suis
608 1289 946 1349 menstruis.
980 1288 1385 1358 alternabitur,
1417 1293 1481 1344 ut
1510 1288 1636 1344 sine
1663 1286 2102 1342 intermissione

450 1379 922 1454 deprehendatur
953 1378 1010 1432 in
1053 1393 1120 1433 ea
1169 1378 1324 1450 quod
1373 1376 1702 1453 industrius
1751 1375 2100 1432 hortulanus

450 1471 656 1526 debeat
684 1467 945 1533 evellere,
978 1466 1062 1521 vel
1091 1466 1375 1538 plantare,
1400 1469 1454 1520 et
1477 1465 1889 1538 quod-sapiens
1911 1462 2100 1518 archi-

449 1563 638 1616 tectus
670 1558 716 1628 (ι
745 1557 862 1612 Cor.
900 1573 984 1623 In,
1019 1557 1106 1628 lO)
1139 1557 1437 1610 destruere
1466 1554 1555 1610 vel
1598 1553 1901 1610 aedificare.
1936 1553 2102 1609 Unde

451 1666 580 1717 nos,
614 1645 774 1702 nullo
807 1650 1004 1701 nostro
1035 1645 1265 1710 merito,
1299 1645 1395 1700 sed
1431 1643 1554 1699 solo
1599 1641 1922 1698 divinitatis
1951 1646 2100 1697 nutu

448 1740 508 1795 in
541 1741 756 1794 sancta:
788 1739 844 1790 et
875 1734 1224 1790 universalis
1274 1731 1537 1789 Ecclesia":
1586 1731 1821 1804 specula
1868 1730 2099 1803 praecel-

447 1829 656 1894 lentes,
688 1830 746 1881 et
768 1824 960 1881 varios
984 1825 1111 1894 ejus
1135 1839 1443 1878 successus
1466 1825 1923 1894 prospectantes,
1948 1820 2099 1875 inter

447 1918 562 1975 alia
581 1916 770 1988 ipsius
793 1913 1137 1970 discrimina
1160 1912 1704 1977 animadvertimus,
1731 1911 2101 1965 Ebredunen-

447 2024 572 2065 sem
604 2004 944 2070 Ecelesiam,
976 2004 1166 2074 primo
1207 2001 1441 2074 quidem
1494 1999 1848 2063 incursione,
1882 2003 1938 2054 et
1967 2015 2097 2070 per-

446 2096 681 2153 vasione
698 2096 1172 2158 Sarracenorum,
1199 2091 1452 2146 secundo
1475 2095 1668 2145 autem
1694 2089 2020 2160 receptione
2041 2090 2100 2141 et

447 2185 820 2260 possessione
877 2181 1318 2250 transfugarum
1382 2182 1439 2233 et
1485 2178 2097 2250 indisciplinatorum;

446 2274 658 2331 deinde
706 2272 878 2342 longa
927 2267 1305 2340 oppressione
1352 2271 1655 2340 pastorum
1707 2283 1946 2322 suorum
1981 2265 2098 2320 imo

448 2360 936 2416 mercenariorum
951 2355 1204 2426 ,et,quod
1224 2356 1390 2426 pejus
1403 2361 1513 2424 est,
1530 2355 2096 2412 Simoniacahzeresi.

446 2454 504 2504 et
536 2451 740 2502 mutua
770 2444 1057 2500 occisione
1091 2444 1576 2499 debacchantium
1600 2448 1950 2517 prostratam
1991 2443 2099 2498 mi-

449 2534 783 2593 serabiliter
831 2537 889 2588 et
936 2536 1293 2605 corruptam,
1355 2533 1650 2605 quondam
1711 2532 1989 2605 religione
2044 2536 2108 2588 et.

447 2625 660 2698 opibus
691 2621 1040 2679 mirabiliter
1067 2624 1342 2687 evectam,
1371 2626 1426 2676 et
1458 2622 1767 2694 integram,
1791 2622 1962 2692 cujus
1983 2637 2102 2676 om-

445 2713 696 2770 nimodae
752 2710 1095 2768 desolationi
1150 2714 1208 2765 et
1274 2710 1582 2766 defectioni
1648 2711 2102 2783 praecordialiter

447 2803 890 2876 compatientes,
920 2805 976 2856 te
1007 2799 1353 2856 charissima
1383 2801 1670 2856 confraler
1690 2801 2100 2876 etcoepiscope

445 2893 843 2956 Winimanne,
877 2890 1146 2961 praefatae,
1187 2887 1454 2944 Eeclesiaa
1501 2889 2010 2961 archiepiscopum
2045 2896 2100 2948 et

448 2988 730 3037 rectorem
757 2995 860 3051 pro
892 2978 1021 3032 vitae
1053 2977 1260 3032 merito
1300 2982 1357 3032 et
1392 2977 1689 3049 sapientiaa
1713 2978 1975 3033 doctrina
2006 2996 2097 3034 or-

447 3069 779 3125 dinavimus
809 3071 865 3123 et
893 3067 1366 3122 consecravimus
1396 3067 1722 3122 secundum
1753 3066 2092 3124 electionem

2215 487 2320 542 hac
2343 491 2543 542 nostra
2563 487 2835 542 decretali
2859 486 3072 559 pagina
3087 485 3466 542 concedimus
3483 491 3540 542 et
3560 486 3869 542 conﬁrma-

2212 593 2346 632 mus
2373 575 2478 631 tibi
2504 575 3304 646 Ebredunensemdicecesim
3343 574 3669 648 inintegro,
3713 579 3769 630 et
3798 576 3866 630 ad

2213 665 2762 737 archiepiscopalem
2797 665 2994 720 sedem
3027 663 3328 720 basilicam
3354 663 3606 720 Dominae
3632 668 3866 731 nostra,

2213 757 2311 812 Dei
2346 754 2666 828 genitricis,
2699 769 3047 826 semperque
3076 751 3317 825 virginis
3348 752 3539 810 Maria:
3567 753 3866 826 principa-

2212 846 2348 914 lem,
2375 861 2509 900 cum
2531 844 2688 900 omni
2716 860 2824 898 sua
2845 842 3085 915 antiqua
3116 847 3173 898 et
3197 842 3361 914 justa
3394 843 3772 915 pertinentia,
3809 843 3867 899 in

2211 931 2958 1008 baptismalibusecclesiis,
2976 930 3234 1003 capellis,
3253 931 3647 998 monasteriis,
3661 949 3868 988 cmme-

2213 1021 3658 1096 teriis,possessionibus,villis,castellis,pascuis,
3681 1022 3862 1094 agris,

2209 1115 2416 1181 vincis,
2449 1112 2631 1178 silvis,
2673 1111 2862 1182 aquis,
2914 1127 3271 1183 aquarumve
3319 1110 3687 1176 decursibus,
3734 1111 3862 1183 pis-

2212 1203 2408 1270 cariis,
2457 1200 2752 1266 domibus,
2803 1199 3132 1271 mancipiis,
3183 1199 3425 1266 colonis,
3485 1198 3755 1272 peculiis,
3808 1204 3864 1255 ct

2210 1309 2344 1349 cum
2372 1291 2648 1348 omnibus
2669 1288 2905 1345 omnino
2931 1289 3127 1351 rebus,
3152 1288 3487 1357 mobilibus,
3512 1293 3570 1345 et
3589 1288 3863 1344 immobi-

2213 1383 2388 1450 libus,
2420 1380 2502 1435 vel
2537 1395 2599 1436 se
2629 1377 3018 1444 moventibus,
3065 1377 3175 1431 sibi
3212 1378 3372 1449 juste
3404 1377 3859 1450 pertinentibus,

2209 1475 2328 1526 tam
2361 1487 2460 1525 eas
2503 1486 2652 1540 quas
2701 1468 2875 1523 modo
2923 1466 3115 1538 quiete
3160 1471 3215 1521 et
3261 1466 3528 1539 legaliter
3577 1467 3860 1540 possidet,

2211 1577 2389 1632 quam
2419 1558 2552 1614 illas
2580 1575 2726 1630 quas
2767 1557 3040 1630 deinceps
3077 1555 3384 1612 collatione
3434 1556 3720 1626 ﬁdelium,
3756 1574 3862 1613 seu

2211 1649 2532 1705 redditione
2562 1647 2649 1702 vel
2697 1647 3013 1719 emptione,
3063 1650 3164 1702 aut
3209 1645 3469 1718 qualibet
3512 1647 3733 1702 ratione
3766 1663 3861 1702 ac-

2211 1738 2439 1810 quirere
2470 1736 2699 1810 poterit.
2733 1735 3163 1792 Confirmamus
3195 1751 3428 1807 quoque
3461 1735 3562 1792 tibi
3593 1735 3860 1792 omnium

2208 1826 2584 1882 ecclesiarum
2612 1825 2793 1880 totius
2815 1827 2925 1878 tuae
2955 1823 3220 1880 dimccsis
3240 1824 3518 1893 decimas,
3544 1823 3858 1898 primitias,

2207 1916 2553 1983 oblationes,
2580 1919 2697 1970 tam
2712 1915 2969 1968 vivorum
2987 1929 3163 1985 quam
3179 1913 3857 1986 defunctorum,judieia

2207 2005 2570 2074 clericorum,
2619 2007 2675 2058 et
2721 2007 2932 2058 cuncta
2983 2001 3373 2058 ecclesiastica
3413 2001 3618 2068 ofﬁcia,
3671 2005 3736 2058 ut
3786 2017 3864 2057 ex

2207 2078 2587 2166 dispositione
2617 2095 2718 2146 tua
2749 2090 3075 2146 secundum
3106 2092 3441 2146 canonicam
3483 2090 3862 2148 sanctionem

2209 2183 2524 2256 pendeant.
2549 2179 2772 2236 Pariter
2802 2195 3033 2252 quoque
3078 2179 3580 2251 suifraganeorum
3612 2181 3862 2235 tuorum

2210 2271 2729 2334 consecrationem,
2757 2269 3015 2324 debitam
3039 2269 3487 2340 subjectionem,
3517 2271 3576 2324 et
3598 2285 3860 2324 reveren-

2207 2361 2347 2416 tiam
2362 2377 2463 2416 seu
2479 2358 2932 2424 obedientiam,n
2945 2375 3002 2412 cc
3018 2375 3130 2412 non
3148 2359 3218 2414 ad
3237 2356 3549 2414 concilium
3562 2358 3857 2430 agendum

2209 2449 2677 2506 convocationem
2703 2451 2758 2502 et
2779 2447 3204 2513 auctoritatem,
3225 2447 3549 2503 secundum
3573 2448 3860 2517 omnejus

2210 2539 2362 2611 quod
2396 2536 2864 2610 metropolitanis
2895 2536 3018 2591 suis
3049 2535 3401 2609 sulfraganei
3445 2535 3728 2592 canonice
3759 2537 3860 2591 de-

2209 2629 2367 2697 bent,
2392 2627 2554 2683 salva
2592 2627 2651 2680 in
2682 2625 2958 2681 omnibus
3002 2629 3213 2679 sanctae
3253 2629 3526 2680 Romanis
3547 2629 3606 2680 et
3627 2629 3861 2696 aposto-

2209 2716 2330 2772 licae
2381 2716 2558 2782 sedis,
2609 2719 2674 2768 ut
2720 2714 2964 2786 dignum
3010 2717 3120 2779 est,
3167 2713 3534 2769 auctoritate.
3573 2718 3864 2770 Praeterea

2208 2804 2548 2877 hujusmodi
2586 2803 2766 2860 nostri
2812 2802 3100 2876 privilegii
3147 2807 3345 2858 tenore
3394 2802 3774 2859 concedimus
3807 2807 3866 2858 et

2209 2895 2625 2950 conﬁrmamus:
2650 2893 2751 2947 tibi
2778 2909 2950 2947 usum
2981 2891 3127 2947 sacri
3156 2891 3313 2964 pallii
3347 2892 3676 2948 secundum
3706 2893 3864 2948 anti-

2207 3001 2382 3057 quam
2414 2981 2895 3038 consuetudinem
2927 2981 3421 3054 praedecessorum
3451 2986 3714 3048 tuorum,
3740 2998 3867 3054 qua

2207 3076 2630 3128 consueverunt
2679 3087 2744 3126 eo
2777 3069 2860 3124 uti
2893 3070 2950 3124 in
2983 3070 3335 3142 subscriptis
3382 3070 3865 3128 solemnitatibus

446 3158 582 3216 cleri
614 3162 671 3214 et
717 3157 939 3231 pepuli,
974 3156 1042 3211 ad
1070 3156 1408 3227 petitionem
1429 3173 1660 3228 quoque
1683 3155 2090 3228 religiosorum
2123 3135 2165 3202 (ἶ
2198 3135 3605 3234 juxtaprivilegianostrorumantecessorumillis
3625 3159 3867 3216 indulta

444 3249 775 3322 principum
807 3251 864 3302 et
883 3247 951 3301 ad
976 3245 1410 3317 suggestionem
1441 3244 2099 3318 venerabilium'prima-

441 3345 612 3393 tuum
641 3334 1181 3404 circumjacentium
1207 3333 1654 3405 provinciarum.
1674 3336 1929 3398 Quorum
1954 3353 2097 3392 una-

443 3426 619 3480 nimis
643 3423 929 3479 sententia
949 3421 1189 3487 exstitit,
1216 3426 1279 3475 ut
1313 3423 1360 3475 si
1399 3422 1794 3478 Ebredunensi
1829 3423 2096 3480 Ecclesiae

443 3509 804 3583 recuperatio
827 3509 1025 3580 aliqua
1041 3513 1416 3581 quaereretur,
1442 3509 1627 3565 abilla
1649 3517 1855 3572 matre,
1881 3513 2100 3569 scilicet

444 3599 698 3656 Ecclesia
745 3598 1030 3664 Romana,
1080 3614 1208 3669 quae
1259 3597 1423 3668 prius
1453 3597 1551 3652 illo
1583 3598 1645 3652 B.
1696 3599 2096 3656 Marcellinum

444 3687 881 3763 predicatorem
905 3690 962 3742 et
984 3685 1318 3760 pontificem
1342 3685 1649 3753 direxerat,
1680 3688 2022 3759 pradicntnr
2043 3695 2100 3745 et

443 3779 701 3852 pontifex
733 3780 1152 3849 reposceretur.

513 3869 738 3939 Itaque,
771 3865 1096 3921 secundum
1129 3864 1283 3936 quod
1331 3868 1434 3920 tua
1480 3865 1709 3922 devotio
1759 3867 2094 3938 pestulavit,

442 3956 553 4014 sibi
586 3954 953 4028 privilegium
987 3957 1199 4009 [108th
1243 3952 1574 4026 apostolicae
1625 3956 1992 4014 auctoritatis
2023 3959 2093 4013 ad

443 4043 974 4101 corroborationem
993 4041 1085 4097 sui
1110 4042 1667 4115 archiepiscopatus,
1693 4045 1752 4099 in
1777 4045 1908 4100 rudi
1934 4051 1989 4101 et
2007 4047 2094 4102 in-

443 4131 816 4202 disciplinata
835 4129 1102 4197 ecclesia,
1125 4132 1220 4187 vix
1243 4149 1455 4189 nomen
1479 4133 1674 4205 ipsum
1700 4136 1920 4190 nudum
1949 4153 2096 4208 pene

443 4219 732 4276 retinente
760 4223 817 4274 et
845 4219 1162 4290 parietinae
1189 4237 1329 4276 suas
1355 4222 1478 4292 jam
1513 4223 1971 4291 demonstrante,
2006 4226 2094 4280 in-

441 4348 619 4460 guem
670 4333 1124 4405 praedecessores
1175 4333 1264 4389 sui
1315 4333 1456 4390 olim
1507 4336 1798 4394 sciderant
1849 4340 1903 4394 in
1953 4341 2089 4397 duo.

491 4405 647 4460 escio
677 4421 752 4459 an
776 4404 920 4460 mihi
948 4404 1328 4460 faustioribus
1349 4407 1553 4460 avidus
1585 4412 1902 4460 occurrerit
1935 4411 2089 4460 bulla

491 4405 647 4461 escio
675 4404 752 4459 an
776 4404 920 4460 mihi
948 4404 1328 4461 faustioribus
1349 4407 1553 4463 avidus
1585 4412 1902 4466 occurrerit
1935 4411 2094 4466 bulla

441 4477 683 4551 Victoris
707 4475 777 4543 ll,
807 4493 924 4551 qua
961 4476 1328 4551 Vinimanno
1356 4479 1790 4551 archiepiscopo
1836 4484 2094 4538 Ebredu-

443 4549 632 4624 nensi,
663 4564 836 4620 quem
863 4548 919 4624 in
947 4565 1055 4624 sua
1077 4549 1372 4624 provincia
1393 4548 1636 4624 electum
1678 4553 1874 4609 Victor
1901 4554 2092 4624 ponti-

443 4620 1088 4698 fex__conseeravit,_jura
1108 4620 1311 4698 omnia
1323 4620 1693 4698 episcOpatus
1717 4625 1805 4678 sui
1830 4620 2095 4698 expedita

439 4689 997 4766 bullaconﬁrmavit.
1024 4693 1197 4766 Porro
1217 4689 1436 4748 bullam
1468 4689 1616 4750 hanc
1661 4697 1856 4750 datam
1890 4689 2092 4766 judico

441 4761 784 4838 inﬁcmano
808 4763 917 4818 hoc
934 4763 1522 4838 concilioanniAlOSﬂ.
1550 4767 1729 4838 Cujus
1772 4769 1851 4823 rei
1880 4761 2091 4826 indicio

440 4833 586 4888 mihi
617 4835 1027 4911 sunt__nomi_na
1058 4835 1316 4911 plurium
1350 4833 2089 4911 Italorum'episcoporum,

440 4919 570 4977 quis
600 4905 898 4977 pontificis
932 4905 1088 4962 illius
1123 4907 1331 4962 litteris
1359 4909 1670 4977 subjuncta
1691 4905 1770 4964 ~ex
1800 4905 2092 4968 chartario

441 4975 841 5047 Ebreduneasi
875 4977 1176 5047 proferunt
1213 4977 1406 5034 Gallia:
1450 4975 1792 5035 Christianm
1824 4986 2090 5039 auctores

442 5045 768 5122 novissime
794 5045 934 5122 tom.
959 5049 1066 5122 _lll,
1101 5065 1230 5120 pag.
1271 5053 1388 5116 178,
1415 5053 1664 5122 append.
1693 5063 1894 5109 Annus
1917 5054 2090 5110 docu-

440 5121 638 5194 mento
669 5117 806 5174 huic
838 5117 1139 5194 subjectus
1169 5117 1586 5194 euinuascripta
1618 5123 1928 5180 indictione
1961 5142 2090 5180 con-

440 5189 573 5266 eilio
613 5189 963 5266 congruunt;
1018 5190 1236 5266 Mensis
1286 5189 1616 5266 discrepat;
1672 5211 1808 5250 nam
1859 5195 1951 5251 hic
1999 5203 2089 5253 est

438 5261 634 5336 Julius
667 5261 922 5336 mensis;
957 5262 1269 5336 concilium
1301 5281 1434 5320 vero
1454 5261 1634 5336 Aprili
1659 5283 1858 5322 mense
1888 5283 2090 5324 conve-

440 5332 970 5414 nit.Facile.tamen
1009 5332 1716 5461 olppositioconciliatur;
1750 5355 1885 5393 nam
1913 5339 2088 5395 docu-

441 5409 704 5461 mentum
754 5405 896 5460 Illud
953 5408 1034 5461 Ga
1085 5425 1150 5461 ιω
1197 5407 1538 5461 Christianae
1579 5409 1885 5461 nontilieiaa
1918 5410 2088 5461 bulla!

441 5409 704 5480 mentum
754 5404 896 5480 illud
953 5404 1150 5480 Galliae
1197 5407 1538 5480 Christianae
1579 5404 1885 5480 pontiﬁciis
1918 5410 2092 5467 bulla;

440 5475 644 5560 eadem
676 5476 1165 5560 scriptumscrie
1185 5479 1386 5552 jungit
1415 5475 1711 5560 decretum
1743 5479 1880 5536 cleri
1912 5482 2091 5560 libre-

443 5547 749 5619 dunensis,
781 5547 898 5625 duo
919 5547 1262 5628 epiBGOpum
1285 5547 1462 5612 s'uum
1480 5551 1608 5626 jam
1633 5557 2036 5618 consecratum
2057 5571 2092 5617 α

1007 5803 1034 5815 σι

2207 3250 2555 3322 antiquitus,
2588 3248 2808 3305 scilicet
2834 3247 2894 3303 in
2923 3249 3017 3304 die
3047 3254 3249 3304 sancto
3279 3248 3538 3315 Pascha,
3560 3249 3622 3304 in
3645 3249 3746 3306 die
3767 3267 3863 3306 as-

2207 3339 2498 3395 censionis
2519 3337 2765 3402 Domini,
2780 3338 2838 3393 in
2853 3338 2946 3392 die
2959 3342 3160 3393 sancto
3173 3338 3625 3404 Pentecostes,in
3643 3339 3863 3395 Nativi-

2207 3433 2323 3484 tate
2348 3427 2574 3484 Domini
2592 3425 2776 3483 nostri
2788 3426 2927 3482 Jesu
2942 3425 3153 3482 Christi
3165 3426 3244 3497 ,in
3260 3427 3581 3499 Epiphania
3594 3427 3863 3497 Domini,

2208 3519 2268 3573 in
2292 3521 2463 3573 Cmna
2481 3516 2734 3583 Domini,
2754 3515 2813 3570 in
2829 3516 3245 3588 Assumptione
3267 3516 3445 3571 beata:
3481 3516 3674 3572 Mariae
3699 3534 3870 3574 sem-

2207 3624 2309 3680 per
2327 3605 2590 3678 virginis,
2615 3605 2673 3660 in
2709 3604 3007 3662 Natalitiis
3041 3606 3307 3661 omnium
3343 3604 3776 3678 apostolorum,
3809 3607 3873 3663 in

2208 3700 2353 3750 festo
2377 3695 2651 3751 Omnium
2674 3695 3044 3761 Sanctorum,
3077 3695 3134 3750 in
3166 3695 3477 3752 festivitate
3513 3699 3567 3749 S.
3616 3696 3875 3753 Marcel-

2206 3784 2304 3839 lini
2339 3785 2583 3856 praefatae
2609 3782 2854 3840 civitatis
2870 3783 3301 3840 Ebredunensis
3331 3783 3784 3856 archiepiscopi,
3816 3785 3878 3840 in

2207 3871 2577 3928 Dedicatione
2609 3871 2949 3944 principalis
2978 3871 3232 3928 basilicae
3280 3873 3340 3928 Β.
3393 3871 3584 3928 Marias
3636 3889 3882 3946 semper

2204 3962 2470 4036 virginis,
2503 3961 2560 4016 in
2597 3960 3029 4017 consecratione
3063 3960 3493 4034 episcoporum,
3527 3961 3587 4016 in
3621 3962 3880 4017 ordina-

2201 4051 2358 4106 tione
2390 4050 2866 4124 presbyterorum
2901 4053 2958 4105 et
2989 4049 3390 4107 diaconorum.
3423 4050 3877 4122 Sabbatisjeju-

2205 4141 2436 4197 nierum
2458 4144 2516 4196 et
2533 4143 2786 4211 quatuor
2803 4143 3156 4210 temporum,
3173 4140 3299 4194 etin
3313 4139 3876 4197 consecrationibus

2202 4244 2481 4282 novarum
2515 4231 2572 4282 et
2602 4226 3018 4299 principalium
3058 4227 3458 4283 basilicarum.

2202 4343 2430 4416 Victore
2463 4359 2633 4414 papa,
2659 4347 2716 4399 et
2743 4342 3113 4416 impetratam
3149 4345 3221 4398 ab
3241 4360 3308 4400 eo
3331 4342 3698 4416 pontiﬁciam
3735 4345 3872 4400 bul-

2201 4414 2318 4470 lam
2349 4413 2616 4486 agnoscit
2637 4413 2942 4487 e_t_excipit.
2963 4415 3106 4487 Huic
3122 4413 3374 4479 decreto,
3395 4433 3509 4472 non
3531 4431 3667 4471 vero
3685 4415 3876 4472 bulla:

2204 4484 2472 4542 convenit
2503 4486 2640 4558 data
2669 4484 2772 4540 illa
2792 4484 3073 4558 temporis
3109 4487 3288 4542 Nonas
3323 4488 3492 4553 Julii,
3523 4502 3670 4541 anno
3702 4490 3878 4544 tertio

2200 4559 2550 4628 pontiﬁcatus
2582 4556 2810 4630 idomini
2861 4556 3024 4630 pcipe
3078 4560 3302 4630 Victoris
3341 4560 3409 4624 II,
3457 4559 3770 4614 indictione
3818 4577 3875 4614 x.

2202 4629 2712 4704 'Vl‘umisucceduut
2742 4629 2980 4704 nomina
3011 4629 3283 4704 Italorum
3319 4631 3739 4704 episcoporum
3778 4632 3880 4704 qui

2203 4703 2592 4773 interfuerunt,
2623 4709 2672 4755 et
2701 4700 3188 4773 conabor-avarum
3217 4700 3611 4773 haee—scripta,
3651 4700 3880 4773 nenipe

2199 4770 2422 4826 bullam
2449 4789 2468 4845 ;A
2488 4787 2678 4842 neque
2701 4771 2858 4845 enim
2877 4772 3205 4845 verosimile
3225 4779 3315 4828 est
3341 4770 3516 4829 Italos
3539 4770 3881 4845 hosceepi-

2201 4859 2408 4914 scopos
2439 4841 2734 4897 decretum
2769 4841 2913 4897 illud
2945 4843 3476 4912 Ebredunensium,
3519 4859 3638 4914 quo
3666 4841 3880 4900 \Vini-

2202 4931 2484 4969 manuum
2520 4919 2925 4968 consecratum
2967 4916 3092 4983 jam
3144 4933 3178 4970 a
3225 4916 3496 4986 pontiﬁce
3528 4914 3876 4986 excipiunt,

2199 4985 2544 5059 auctoritate
2562 5001 2668 5040 sua
2683 4986 3084 5059 conﬁrmasse.
3105 4991 3190 5042 lta
3211 4985 3346 5059 ergo
3371 5003 3492 5042 rem
3513 4985 3700 5059 totam
3729 5004 3877 5043 con-

2199 5057 2371 5129 cipio.
2421 5056 2732 5129 blectusa
2787 5056 2941 5112 clero
3000 5056 3401 5113 Ebredunénsi
3436 5057 3879 5114 Winimannus

2199 5127 2424 5184 Roman
2443 5127 2627 5200 petiit,
2646 5127 2845 5200 ibique
2868 5145 2902 5183 a
2923 5129 3193 5200 pontifice
3211 5135 3586 5185 consecratus
3607 5130 3878 5186 concilio

2198 5199 2483 5267 interfuit,
2507 5199 2760 5280 atquein
2781 5215 2848 5255 eo
2882 5199 3110 5280 bullam
3137 5200 3468 5280 impetravit
3500 5201 3875 5280 a_pontitice,

2198 5287 2375 5342 quam
2401 5269 2633 5326 concilii
2652 5274 2853 5326 Patres
2884 5269 3315 5342 subscriptione
3337 5289 3444 5328 sua
3465 5269 3757 5328 roboraru
3768 5279 3875 5340 nt;

2198 5343 2516 5414 statimque
2529 5343 2596 5397 ad
2621 5357 2762 5414 suos
2782 5343 3088 5399 restitutus
3108 5343 3331 5400 litteras
3353 5344 3482 5399 illas
3521 5359 3656 5398 cum
3688 5349 3876 5400 caete-

2204 5414 2286 5469 ris
2318 5413 2774 5470 consecrationis
2813 5431 2932 5470 suae
2971 5415 3338 5472 documentis
3365 5415 3516 5475 clero
3563 5413 3877 5483 exhibuit,

2199 5501 2234 5542 a
2268 5501 2385 5558 quo
2416 5502 2562 5543 novo
2593 5488 2824 5544 decreto
2855 5485 2976 5544 hac
3006 5487 3207 5547 omnia
3234 5488 3496 5546 admissa
3523 5492 3686 5545 sunt.
