4086 6168
484 314 599 374 839

1482 302 1960 365 BERENGARII
2008 301 2505 363 VICECOMITIS
2551 300 2903 375 NARBON.

3766 304 3882 363 840

482 444 695 517 scopis,
728 459 833 498 nec
865 458 980 496 non
1012 446 1069 496 et
1098 440 1410 495 abbatibus
1435 437 1584 492 hanc
1607 435 1666 491 in
1686 434 1974 507 synodum
1997 452 2127 490 san-
2154 437 2207 501 Α
2242 441 2491 501 motum,
2525 451 2732 506 meque
2764 438 2965 491 contra
3004 450 3070 490 se
3112 434 3193 492 ita
3223 434 3343 490 fore
3390 433 3728 503 molesium,
3785 451 3879 491 ac-

482 539 635 590 ctam
670 533 1121 599 sistentibus,ex
1148 527 1432 585 catholica
1454 527 1564 581 ﬁde
1596 522 2128 591 tractantibus,haec

482 622 847 697 querimonia
880 640 991 677 non
1028 619 1256 675 modica
1286 617 1416 672 ideo
1450 618 1762 687 praesentat
1794 618 1859 668 ut
1887 617 1943 669 et
1962 612 2126 685 lega-

479 718 579 769 tur
601 717 659 770 et
687 711 977 776 audiatur,
1010 708 1381 779 dijudicetur,
1416 710 1594 775 atque
1622 703 1954 758 deﬁniatur.
1990 702 2123 769 Sed,

480 806 546 859 ut
574 802 806 875 plenius
830 799 1206 871 dijudicetur,
1239 797 1310 851 ad
1335 794 1616 866 originem
1639 791 1979 847 inchoatur:

546 896 665 964 Ego
702 886 1107 960 Berengarius,
1140 885 1421 941 Narbona:
1445 882 1608 939 urbis
1634 879 1968 954 proconsul,
1993 897 2127 952 que-

399 1008 401 1013 ·
477 980 791 1036 rimoniam
812 977 963 1033 hanc
985 974 1147 1031 vobis
1171 973 1445 1030 omnibus
1460 971 1605 1028 facio
1629 970 2031 1042 palam,quam
2054 968 2125 1024 de

479 1067 926 1140 metropolitano
960 1082 1087 1120 meo
1133 1064 1308 1120 fratre
1361 1065 1552 1118 vestro
1602 1059 1786 1115 habeo
1823 1074 2118 1129 magnam.

432 1179 440 1186 '
474 1156 1024 1230 Archiepiscopatus
1065 1154 1281 1226 quippe
1335 1150 1615 1206 Narbona:
1655 1147 1765 1203 fuit
1812 1146 2122 1217 cujusdam

476 1246 754 1305 avunculi
778 1245 914 1313 mei,
949 1239 1342 1313 Ermengaudi
1376 1236 1821 1309 archiepiscopi,
1854 1236 2024 1308 cujus
2064 1234 2125 1290 in

476 1337 682 1393 diebus
703 1335 860 1389 idem
881 1332 1254 1404 episcopatus
1271 1345 1423 1384 unus
1437 1332 1562 1383 erat
1574 1342 1643 1382 ex
1663 1324 2005 1381 melioribus
2019 1324 2121 1395 qui

474 1429 614 1481 sunt
643 1425 714 1479 de
744 1423 929 1477 Roma
952 1436 1138 1492 usque
1169 1416 1458 1490 Hispaniae
1486 1416 1727 1483 ﬁnibus,
1752 1413 1907 1470 villis
1943 1417 2121 1484 atque

472 1512 730 1570 castellis
762 1512 1000 1577 ditatus,
1022 1507 1252 1580 praediis
1268 1510 1322 1562 et
1342 1505 1551 1561 alodiis
1571 1502 1990 1576 locupletatus;
2013 1519 2119 1558 cu-

463 1605 565 1674 jus
598 1600 842 1658 ecclesia
871 1599 1043 1671 plena
1068 1601 1192 1653 erat
1220 1596 1540 1663 codicibus,
1584 1593 1777 1650 aureis
1836 1593 2121 1649 adornata

470 1690 691 1748 tabulis
720 1694 776 1745 et
806 1688 1041 1744 scriniis
1070 1692 1124 1742 et
1155 1686 1448 1753 crucibus,
1483 1683 1676 1739 aureis
1730 1681 1989 1755 fulgebat
2017 1700 2115 1737 co-

470 1781 629 1837 ronis
660 1778 1047 1852 pretiosisque
1076 1774 1392 1848 lapidibus.
1419 1773 1839 1830 Canonicorum
1896 1771 2114 1827 ibidem
2147 1808 2193 1873 Β

471 1870 793 1927 multorum
821 1884 991 1924 voces
1009 1866 1182 1921 certis
1202 1863 1361 1919 horis
1384 1862 1796 1929 audiebantur,
1821 1861 2114 1917 orationes

469 1962 783 2027 dabantur,
809 1962 867 2013 et
881 1956 1147 2011 omnium
1170 1953 1459 2009 bonorum
1474 1968 1713 2023 operum
1738 1950 2116 2006 incrementis

469 2049 686 2107 ibidem
731 2047 1075 2120 agebantur.
1130 2044 1334 2099 Castra
1377 2045 1571 2096 autem
1624 2036 1813 2112 ipsius
1862 2036 2114 2093 ecclesiae

471 2145 529 2197 et
552 2138 746 2209 villas,
778 2135 1014 2208 praedia,
1047 2141 1100 2189 et
1131 2131 1534 2203 possessiones
1564 2145 1679 2184 non
1712 2144 1745 2183 a
1774 2127 1937 2184 laicis
1960 2126 2112 2183 frue-

467 2231 705 2294 bantur,
741 2225 842 2280 sed
874 2241 906 2277 a
928 2220 1350 2277 famulantibus
1384 2220 1439 2273 in
1473 2234 1541 2273 ea
1569 2218 1683 2273 Deo
1742 2217 2111 2289 possideban-

468 2323 583 2371 tur.
617 2312 935 2368 Ecclesiam
966 2326 1097 2365 vero
1128 2306 1292 2362 illam
1323 2307 1462 2361 olim
1484 2306 1617 2378 pius
1646 2322 1745 2360 rex
1764 2305 2007 2361 Carolus
2029 2309 2111 2361 fa-

466 2404 811 2467 bricaverat,
855 2403 1030 2468 atque
1060 2397 1119 2450 in
1178 2397 1397 2451 honore
1453 2399 1789 2449 sanctorum
1857 2395 2009 2451 Justi
2054 2403 2112 2454 et

465 2488 722 2546 Pastoris
752 2502 1091 2543 consecrare
1111 2484 1341 2552 iecerat,
1360 2488 1415 2538 et
1444 2501 1573 2539 eam
1596 2483 1807 2556 inclyte
1828 2485 2107 2553 castellis,

464 2585 521 2638 et
550 2577 703 2635 villis
732 2573 1270 2646 terrisquelocarat,
1302 2576 1357 2628 et
1385 2572 1592 2640 vineis,
1625 2572 1778 2627 sicut
1807 2577 1864 2628 et
1893 2591 1926 2628 a
1956 2579 2107 2630 vete-

466 2684 742 2727 ranorum
772 2665 1026 2721 traditur
1055 2662 1249 2727 dictis,
1282 2666 1339 2717 et
1377 2664 1442 2715 ut
1470 2660 1649 2732 igitur
1705 2661 1764 2716 in
1813 2662 2108 2735 regalibus

464 2758 731 2832 ejusdem
758 2753 1019 2811 Ecclesia:
1053 2751 1377 2824 praeceptis.
1407 2750 1691 2805 Defuncto
1712 2755 1906 2806 autem
1958 2768 2106 2823 prae-

464 2852 581 2906 fato
612 2847 754 2902 divze
776 2842 1069 2900 memorize
1092 2838 1545 2912 archiepiscopo,
1606 2838 1919 2896 Guifredus
1975 2841 2104 2896 Cer-

464 2935 839 2994 daniensium
860 2948 1075 2998 comes,
1091 2930 1423 2985 Narbonam
1437 2927 1839 2999 adiens,cujus
1857 2945 2106 2985 consan-

461 3025 736 3099 guineam
764 3038 870 3095 ego
894 3022 1020 3093 jam
1060 3018 1432 3092 possidebam
1488 3033 1749 3086 uxorem,
1795 3018 2107 3089 exquisivit

460 3121 739 3187 utrosque
771 3116 1040 3185 parentes
1071 3125 1230 3164 meos
1270 3111 1327 3162 et
1371 3124 1463 3163 me
1520 3106 1714 3179 ipsum
1748 3107 1820 3163 de
1870 3108 2103 3179 praefato

2236 523 2456 595 quievit
2487 540 2626 579 meae
2656 522 2937 579 voluntati
2969 527 3025 580 et
3046 522 3433 596 petitionibus
3454 524 3881 596 praememorati

2236 612 2358 667 Gau
2368 612 2713 684 fredi,atque
2745 613 2895 669 inter
2919 630 2980 669 se
3002 616 3059 669 et
3079 611 3350 668 comitem
3365 611 3610 669 Rutenis
3630 614 3883 685 acceptis

2236 706 2473 757 centum
2502 700 2695 777 millia
2715 699 2940 768 solidis,
2965 701 3218 773 pretium
3243 718 3347 773 pro
3368 701 3707 774 episcopatu
3729 701 3883 757 dedi-

2235 807 2369 846 mus
2392 807 2525 847 cum
2554 794 2874 863 praenotata
2904 791 3021 846 ﬁlio
3052 807 3158 847 suo
3189 790 3437 847 antistiti
3494 794 3723 858 nostro;
3784 791 3880 863 qui

2228 880 2640 952 jurejurando,
2664 885 2964 952 Deumque
2992 879 3285 948 testando,
3327 880 3476 935 dixit
3504 880 3675 951 nobis
3704 897 3878 937 suum

2234 969 2454 1025 dictum
2488 969 2728 1029 ﬁrmum
2758 973 2817 1025 et
2845 969 3020 1024 ﬁdem
3052 969 3305 1036 ﬁrmam,
3338 969 3477 1041 quia
3507 969 3557 1025 si
3580 967 3685 1026 ille
3734 971 3881 1027 foret

2233 1058 2477 1114 antistes
2497 1063 2782 1126 noster,ut
2799 1058 2911 1113 fuit
2930 1050 2986 1113 et
3001 1057 3305 1126 est,ullum
3324 1062 3663 1114 nostrorum
3692 1076 3878 1132 neque

2231 1148 2303 1204 de
2334 1148 2553 1203 nostris
2576 1164 2691 1203 non
2713 1162 2841 1203 esse
2859 1147 3362 1219 damnum,neque
3381 1148 3670 1203 damnum
3693 1148 3876 1221 ipsius

2230 1236 2590 1309 episcopatu.
2625 1237 2875 1293 Sedente
2905 1239 3100 1292 autem
3121 1235 3221 1291 illo
3250 1235 3310 1291 in
3330 1236 3696 1308 cathedra,et
3711 1242 3875 1295 aetate

2230 1331 2404 1398 atque
2433 1326 2652 1382 honore
2677 1318 3136 1382 crescente‘dum
3154 1327 3301 1382 ﬁsus
3316 1342 3477 1382 eram
3498 1331 3566 1382 ut
3578 1327 3708 1398 ipse
3726 1332 3877 1385 esset

2230 1413 2376 1469 mihi
2405 1414 2631 1487 auriga,
2662 1418 2720 1471 et
2748 1431 2915 1471 arma
2944 1418 3001 1470 et
3029 1413 3268 1491 clypeus
3296 1420 3499 1472 contra
3526 1421 3872 1474 cunctorum

2226 1503 2487 1559 hostium
2519 1503 2656 1570 tela,
2690 1507 2747 1559 et
2776 1508 3129 1560 memoraret
3143 1504 3719 1577 consauguinitatem
3734 1522 3870 1563 mea

2226 1592 2446 1664 uxoris,
2476 1596 2533 1648 et
2560 1591 2710 1648 tanti
2744 1591 2937 1648 locum
2961 1592 3221 1661 honoris,
3246 1593 3304 1648 in
3327 1608 3444 1665 quo
3475 1594 3723 1667 adjutus
3742 1612 3872 1652 sum

2225 1698 2440 1754 ponere
2472 1680 2664 1750 illum,
2696 1685 2754 1737 et
2784 1686 2848 1737 ut
2878 1680 3023 1737 mihi
3045 1685 3169 1738 erat
3189 1685 3458 1747 testatus,
3474 1683 3713 1754 juvaret
3733 1683 3872 1741 mihi

2226 1769 2502 1826 honorem
2530 1774 2726 1827 tenere
2758 1774 2932 1842 atque
2961 1769 3195 1837 habere,
3230 1774 3369 1825 tunc
3400 1787 3671 1844 surgens,
3703 1772 3872 1846 quasi

2224 1857 2515 1924 diabolus,
2548 1858 2799 1931 superbe
2832 1863 3008 1931 atque
3050 1863 3287 1931 repente
3342 1860 3707 1917 exacerbavit
3753 1877 3869 1930 me,

2224 1952 2279 2003 et
2310 1948 2639 2021 provocavit
2669 1948 2740 2003 ad
2772 1947 3136 2004 iracundiam
3169 1952 3225 2003 et
3244 1948 3550 2005 aediﬁcavit
3568 1965 3755 2022 super
3775 1966 3873 2006 me

2224 2040 2415 2092 castra
2444 2036 2716 2108 venitque
2746 2052 2881 2092 eum
2914 2035 3135 2113 ingenti
3168 2037 3417 2093 exercitu
3444 2038 3617 2110 super
3645 2055 3765 2107 me,
3803 2043 3864 2095 et

2224 2126 2355 2182 fecit
2388 2125 2532 2181 mihi
2568 2142 2841 2198 guerram
2872 2125 3192 2194 crudelem,
3227 2130 3283 2181 et
3339 2127 3495 2183 fuere
3520 2128 3867 2200 interempti

2224 2232 2327 2287 pro
2357 2231 2425 2271 ea
2456 2231 2524 2272 ex
2555 2219 2801 2288 utraque
2825 2220 2989 2287 parte
3016 2214 3131 2271 fere
3161 2214 3346 2272 millia
3369 2216 3655 2273 homines.
3699 2218 3872 2273 Tunc

2220 2322 2352 2360 vero
2382 2308 2592 2374 castra,
2625 2308 2682 2360 et
2699 2303 2891 2373 villas,
2926 2305 3145 2376 prmdia
3174 2309 3231 2360 et
3259 2306 3687 2377 possessiones,
3739 2322 3869 2379 quis

2222 2398 2388 2450 erant
2448 2394 2507 2448 in
2567 2393 2892 2449 dominium
2943 2394 3189 2465 praefata)
3242 2394 3520 2464 ecclesia,
3579 2396 3756 2452 ﬁscos
3814 2402 3870 2452 et

2220 2483 2623 2555 possessiones
2654 2484 3091 2548 canonicorum,
3124 2487 3447 2555 etquaeque
3478 2500 3548 2540 ex
3564 2485 3869 2540 communi

2219 2574 2405 2638 erant,
2438 2569 2683 2627 abstulit
2718 2576 2827 2626 Deo
2853 2575 2911 2626 et
2982 2569 3405 2627 famulantibus
3460 2572 3536 2639 ei,
3588 2572 3872 2646 deditque

2218 2658 2452 2715 diabolo
2485 2676 2549 2715 ac
2580 2658 2974 2716 militantibus
2996 2658 3103 2714 illi.
3135 2660 3203 2715 Et
3233 2660 3314 2714 ita
3364 2659 3481 2716 alia
3536 2662 3742 2718 omnia
3796 2663 3870 2717 ad

2217 2746 2481 2804 laicalem
2504 2748 2673 2803 vertit
2694 2765 3026 2815 censuram,
3059 2752 3123 2804 ut
3150 2748 3326 2805 etiam
3366 2765 3572 2806 omnes
3628 2751 3735 2822 qui
3801 2769 3869 2809 ea

2217 2837 2520 2909 poesident
2549 2838 2832 2910 quasiper
2852 2837 3044 2893 alodia
3071 2837 3289 2895 habent
3314 2842 3577 2910 paterna.

2290 2928 2443 2982 Inter
2464 2927 2583 2981 haec
2606 2933 2800 2983 autem
2825 2925 3145 2983 Eriballum
3177 2926 3624 3000 Urgellitensem
3673 2945 3869 3000 passu-

2215 3014 2328 3070 lem
2386 3016 2628 3089 contigit
2686 3016 2854 3071 mori.
2904 3016 2973 3071 Et
3024 3014 3302 3088 praefatus
3382 3016 3872 3093 archiepiscopus

2215 3104 2525 3177 acquisivit
2556 3104 2724 3160 illum
2754 3104 3157 3177 episcopatum
3188 3105 3260 3161 ad
3292 3122 3441 3178 opus
3487 3105 3691 3163 fratris
3751 3108 3869 3164 sui.

463 3176 965 3276 archiepiscopatu
994 3199 1067 3255 ad
1090 3214 1237 3270 opus
1277 3195 1382 3250 ﬁlii
1404 3196 1495 3251 sui
1517 3176 1898 3268 suprascripti
1921 3198 2103 3253 nostri
2136 3176 2177 3242 (ἶ
2219 3176 2514 3250 Guilielmi
2573 3194 2671 3264 (2),
2703 3198 2760 3250 et
2788 3176 3102 3266 spopondit
3129 3193 3266 3250 dare
3320 3176 3425 3267 pro
3472 3211 3540 3251 eo
3623 3201 3871 3253 centum

464 3290 873 3361 antistitis,qui
899 3305 1013 3343 non
1045 3292 1170 3342 erat
1198 3285 1389 3340 adhuc
1421 3283 1534 3339 nisi
1565 3284 1762 3339 decem
1790 3302 2103 3355 annorum,

460 3387 516 3435 et
546 3379 858 3451 spopondit
890 3392 994 3448 pro
1024 3391 1091 3430 eo
1148 3389 1427 3445 magnum
1482 3373 1620 3427 dare
1678 3375 1897 3429 donum
1957 3375 2109 3431 inter

462 3466 735 3521 comitem
765 3463 1007 3519 Rutenis
1038 3468 1096 3517 et
1126 3467 1350 3533 patrem
1383 3477 1579 3516 meum
1638 3467 1872 3517 centum
1923 3464 2108 3519 millia

463 3554 807 3612 solidorum.
856 3552 966 3607 Sed
992 3555 1154 3623 pater
1209 3566 1375 3605 meus
1431 3554 1487 3603 et
1534 3555 1721 3606 mater
1751 3567 1880 3606 mea
1909 3569 2021 3607 non
2054 3555 2104 3608 ei

462 3642 929 3717 acquiescebant.
965 3641 1080 3712 Ego
1111 3641 1327 3706 autem,
1390 3654 1586 3694 amore
1634 3643 1808 3693 tanta:
1859 3657 2103 3694 coman-

462 3733 766 3807 guinitatis
796 3732 1008 3786 ductus
1030 3732 1086 3784 et
1106 3725 1498 3783 simulationis
1517 3726 1806 3782 amicitate
1830 3728 2104 3800 deceptus

463 3820 760 3895 segregavi
821 3837 913 3876 me
969 3835 1075 3892 pro
1104 3818 1213 3873 hac
1263 3834 1323 3872 re
1379 3832 1413 3872 a
1444 3814 1735 3871 consortio
1776 3816 2105 3886 genitorum

464 3928 761 3978 meorum;
794 3914 869 3975 et,
898 3908 1013 3964 nisi
1045 3907 1188 3963 mihi
1211 3905 1660 3977 acquievissent,
1683 3904 2000 3961 arbitratus
2022 3906 2103 3961 fui

462 3999 785 4054 interﬁcere
832 3996 984 4052 illos.
1054 3997 1306 4052 Cernens
1354 3994 1507 4050 enim
1567 3997 1733 4067 pater
1788 4010 1954 4049 meus
2012 4010 2104 4049 me

463 4112 730 4167 rumdem
753 4110 1195 4181 memoriarum,
1224 4127 1351 4181 quae
1372 4126 1504 4181 vero
1526 4109 1739 4165 docent
1757 4124 1960 4181 graves
1976 4114 2101 4165 tum

460 4180 888 4252 controversias
914 4181 1097 4236 fuisse
1128 4180 1279 4252 inter
1307 4180 1810 4252 archiepiscopum
1843 4188 1897 4237 ct
1955 4182 2103 4238 vice-

458 4253 753 4310 comitem.
787 4251 898 4307 Sed
931 4268 1036 4323 ego
1072 4255 1136 4306 ut
1166 4250 1333 4323 aliter
1364 4250 1612 4307 sentiam
1644 4250 1865 4307 faciunt
1897 4254 2099 4310 multa.

460 4326 605 4382 Nam
638 4325 754 4380 ista
778 4320 1146 4395 querimonia
1202 4320 1426 4395 prolata
1463 4324 1593 4395 luit
1620 4340 1845 4395 Acoram
1896 4325 2104 4395 legatis

459 4397 675 4453 summi
714 4392 1029 4468 pontiﬁcis,
1061 4392 1534 4468 praesenteliaim
1547 4392 1757 4468 baldo,_
1779 4398 1822 4468 Α
1836 4392 2102 4452 relatensi

2217 3282 2402 3338 millia
2430 3281 2673 3338 solidos.
2697 3283 2859 3347 Quod
2886 3282 3031 3338 mihi
3055 3283 3203 3339 satis
3248 3282 3519 3353 libuerat,
3552 3284 3607 3340 si
3662 3303 3869 3343 meum

2216 3373 2498 3426 damnum
2532 3388 2647 3427 non
2678 3376 2848 3429 esset.
2885 3371 3139 3428 Firmato
3170 3376 3366 3428 autem
3398 3376 3564 3429 tanta
3611 3390 3870 3432 munera

2217 3477 2319 3532 pro
2342 3461 2468 3531 ipso
2498 3459 3339 3534 episcopatu,archiepiscopus
3354 3470 3875 3535 praememoratus,

2216 3548 2402 3603 hostis
2414 3548 2512 3604 Dei
2534 3552 2590 3603 et
2610 3548 2968 3617 hominis,ad
3001 3549 3201 3605 sedem
3218 3568 3389 3607 suam
3433 3551 3663 3608 rediens
3689 3558 3883 3625 atque

2216 3636 2533 3692 Ecalesiam
2564 3654 2734 3694 suam
2766 3638 2989 3708 adiens,
3021 3638 3333 3697 thesauros
3379 3655 3664 3713 quosque,
3701 3642 3820 3715 qui
3850 3660 3883 3699 a

2216 3726 2546 3780 conditione
2605 3727 2663 3781 in
2722 3744 2850 3782 eam
2909 3729 3243 3801 congregati
3293 3733 3478 3799 erant,
3550 3730 3880 3787 subtraxit.

2215 3812 2469 3871 Tabulas
2500 3830 2651 3882 vero,
2684 3820 2741 3871 et
2795 3815 3159 3889 postabulas,
3189 3820 3246 3872 et
3301 3833 3502 3873 cruces
3533 3823 3591 3873 et
3648 3820 3885 3876 scrinia

2215 3901 2591 3976 reliquiarum
2614 3920 2792 3960 aurea
2820 3909 2877 3960 et
2905 3909 3179 3978 argentea
3224 3906 3559 3962 excoriavit.
3620 3906 3886 3966 Patenas

2214 3994 2457 4065 insuper
2487 3994 2737 4050 calicum
2768 4011 2976 4051 aureas
3018 3994 3106 4051 vel
3157 4000 3490 4068 argenteas,
3541 3996 3646 4053 ubi
3668 4003 3885 4054 sancta

2213 4110 2773 4193 muniemus-fuerat
2801 4127 2979 4193 quam
2996 4128 3044 4193 ⁸ε,
3060 4111 3315 4193 Yictore.
3343 4113 3557 4193 _Bsan.

2286 4183 2360 4254 (2)
2392 4182 3024 4256 Fratrisuiﬁuz'lielmi.
3055 4182 3310 4256 Contigit
3339 4184 3497 4256 istud
3550 4183 3714 4242 circa
3773 4202 3884 4241 an-

2214 4251 2357 4329 num
2380 4253 2605 4329 Christi
2631 4251 3011 4329 millesimum
3035 4251 3881 4329 quadragesimumprimum.

2212 4325 2358 4380 Nam
2380 4324 2649 4400 Heribald
2659 4324 3417 4400 us_episcopusUrgellénsis
3428 4324 3659 4400 vivebat
3679 4329 3887 4385 adhuc

2213 4411 2367 4471 anno
2396 4397 2558 4471 {040,
2592 4414 2661 4471 sy
2692 4397 2816 4471 Kal.
2850 4397 3235 4471 octobrisfut
3275 4403 3433 4471 patet
3459 4416 3528 4454 ex
3553 4399 3887 4471 Chartula-

458 4464 915 4544 archiepiscopo,
940 4464 1271 4544 etquidem
1310 4464 1534 4544 vivente
1569 4482 1711 4544 papa
1743 4466 2007 4544 \'ictore,_
2040 4472 2106 4523 ut
2142 4542 2163 4544 ῃ
2216 4468 2301 4544 rio
2318 4466 2573 4544 ecclesia:
2599 4464 3328 4544 llrgellensisﬂuilielmus
3344 4470 3884 4544 autemepiscopus

459 4558 565 4625 ego
619 4536 2107 4625 quidemarbitrprScimusautemlrgat‘os'ejusdem
2141 4542 2184 4606 [)
2217 4538 2593 4625 ἓνερὶὶθῐιεὶξ,
2625 4536 2920 4625 Héribaldi
2942 4557 3264 4625 successor,
3297 4542 3561 4625 interfuit
3576 4536 3886 4625 ;con6ilio

510 4606 727 4680 ictoris,
778 4609 1187 4666 Raimbaldum
1245 4606 1665 4680 Arelatensem,
1713 4612 1772 4680 et
1834 4606 2105 4680 Pontium

457 4679 811 4754 Aquensem,
836 4682 1324 4754 archiepiscopos,
1358 4679 1646 4754 synodum
1707 4679 1792 4754 in
1815 4679 2103 4754 Tolosana

459 4750 602 4809 urbe
632 4754 1013 4810 celebravisse
1035 4750 1195 4809 anno
1230 4750 1511 4817 1056mm
1560 4750 1823 4805 interfuit
1877 4752 2105 4807 Guifre-

459 4827 593 4891 dus,
625 4825 1020 4881 Narbonensis
1042 4822 1536 4895 archiepiscopus.
1559 4821 1799 4895 Deinde,
1831 4820 2107 4895 haecque-

461 4896 712 4951 rimonia
741 4895 941 4951 habita
969 4900 1059 4950 est
1102 4896 1160 4949 in
1217 4892 1436 4966 synodo
1492 4894 1620 4966 cuig
1648 4892 2006 4949 Lodovensis
2047 4900 2105 4951 et

462 4966 801 5024 Helenensis
832 4967 1125 5021 antistites
1157 4964 1466 5020 alfnerunt.
1496 4969 1567 5019 At
1598 4964 1958 5037 Rostagnnm
1995 4968 2105 5021 Lo-

458 5040 774 5095 dovensem
797 5037 1157 5108 episcopum,
1181 5043 1239 5091 et
1260 5037 1475 5091 Arnaid
1488 5053 1581 5090 um
1607 5036 2105 5107 Helenensem,in-

457 5111 730 5168 terfuisse
759 5107 1010 5165 concilio
1059 5108 1343 5164 Tolosano
1400 5108 1536 5163 anni
1586 5108 1722 5164 1056
1760 5114 1988 5164 constat
2037 5126 2106 5165 ex

456 5184 615 5240 Actis
636 5181 884 5240 concilii.
920 5179 1202 5252 Denique,
1224 5180 1273 5235 si
1306 5184 1701 5252 postmortem
1724 5178 1972 5236 Victoris
1993 5180 2107 5236 ista

458 5262 602 5312 Acta
614 5254 1075 5323 sunt,curBeren
1084 5251 1283 5324 garius
1295 5251 1487 5308 solum
1499 5251 1750 5307 Victoris
1791 5252 2105 5324 anathema

456 5330 882 5406 commemorat
896 5323 1175 5406 adversus
1188 5323 1821 5406 Guiire‘dumﬂuemex
1843 5323 2103 5406 Gregprii

457 5398 557 5453 VII
589 5398 924 5455 testimonio
955 5400 1185 5453 constat
1215 5412 1247 5450 a
1278 5394 1783 5466 mulitis‘Romanis
1813 5394 2103 5466 pontiﬁci-

354 5512 369 5525 .
460 5468 571 5523 bus
600 5471 1168 5526 excommunicatum
1196 5465 1418 5523 fuisse?
1447 5464 1611 5520 Haud
1630 5464 2107 5523 dubie'valuisset

457 5539 617 5596 istud
638 5541 708 5595 ad
727 5541 1055 5613 augendam
1076 5536 1775 5613 ignvidiam,praesidiaque_
1788 5553 2008 5613 magna
2043 5539 2103 5593 in

458 5627 698 5669 causam
727 5608 1060 5682 Berengarii
1090 5610 1369 5682 inducere
1389 5611 1635 5682 poterat.
1668 5608 1780 5682 Sed
1838 5608 2107 5669 videlicet

457 5682 772 5748 Guiﬁ‘edus
783 5700 817 5745 α
831 5679 993 5745 nullo
1007 5679 1564 5758 hactenuslﬁoinano
1583 5679 1860 5762 pontiﬁce
1877 5697 2106 5745 excom-

2216 4611 2579 4686 Narbonensi
2602 4627 2756 4666 anno
2776 4612 2962 4686 4053,
2985 4629 3079 4667 xvx
3109 4613 3256 4686 Kal,
3291 4614 3551 4686 Aprilis.
3575 4614 3889 4686 Fortassis

2216 4699 2351 4756 ergo
2372 4682 2428 4737 id
2448 4686 2651 4756 pactum
2684 4700 2837 4739 anno
2869 4683 3028 4756 1042,
3062 4684 3151 4740 vel
3182 4682 3510 4740 initio—anni
3534 4684 3701 4753 1043,
3740 4703 3885 4743 cum

2217 4754 2415 4808 statim
2430 4754 2585 4809 dicat
2600 4754 2986 4830 Berengarius
2999 4755 3343 4830 Guifredum
3357 4755 3886 4830 archiepiso0pnm

2215 4841 2601 4899 congregasse
2632 4825 2940 4899 concilium
2976 4843 3091 4881 non
3124 4827 3422 4899 modicum
3452 4825 3609 4899 apud
3638 4825 3887 4885 Narbo-

2216 4896 2355 4969 nem
2382 4896 2537 4969 haud
2569 4896 2929 4969 multogpost
2954 4913 3134 4969 quam
3167 4896 3545 4955 Guilielmum
3572 4897 3887 4956 locaverat

2216 4967 2275 5040 in
2307 4967 2581 5040 cathedra
2612 4966 3037 5040 Urgellensifet
3064 4968 3201 5024 huic
3231 4970 3474 5025 concilio
3524 4970 3887 5028 interfuisse

2213 5038 2625 5115 Baimbaldum
2653 5038 3050 5115 Arelatensem
3082 5041 3614 5115 archiepiscopum.
3672 5042 3889 5115 Raim-

2212 5109 2453 5165 baldum
2477 5110 3007 5183 porrointerfuisse
3037 5109 3300 5169 concilio'
3339 5109 3741 5182 Narbonensi,
3810 5114 3887 5169 de

2214 5198 2328 5264 quo
2343 5181 2875 5267 ‘moadicebamus,
2903 5185 3115 5267 docent
3130 5186 3272 5267 {tcta
3296 5184 3457 5239 illius
3477 5181 3732 5267 concilii;
3748 5202 3885 5267 qua;

2213 5254 2466 5309 existant
2494 5253 2554 5309 in
2583 5254 2816 5310 archivo
2846 5257 3182 5312 monasterii
3208 5256 3600 5321 Cuxanensis.
3652 5253 3798 5312 Nisi
3832 5258 3885 5313 si

2212 5324 2370 5400 istud
2387 5325 2700 5400 concilium
2716 5327 3167 5400 interpretemur
3188 5328 3331 5385 illud
3346 5328 3503 5400 quod
3548 5327 3625 5400 in,
3656 5329 3886 5400 eadem

2213 5398 2357 5452 urbe
2386 5396 2749 5453 Narbonensi
2780 5396 3047 5456 habitum
3079 5405 3169 5456 est
3197 5419 3231 5456 a
3261 5396 3557 5465 Gui'fredo,
3588 5399 3890 5456 Kalendis

2212 5467 2458 5540 Augusti
2487 5469 2752 5540 ejusdem
2782 5472 2941 5539 anni,
2974 5472 3065 5528 cui
3095 5471 3268 5529 etiam
3291 5469 3893 5529 interfuitRaimbal-

2213 5539 2379 5672 Salii,”
2381 5542 2444 5597 ut
2472 5539 2650 5600 ﬁdem
2677 5542 2900 5602 faciunt
2929 5548 3150 5603 veteres
3180 5543 3406 5603 schedw
3433 5543 3731 5601 hactenus
3787 5544 3893 5601 in-
