4086 6168
289 261 401 346 su

1056 294 1544 368 QUEBlMONlA
1596 297 2009 362 ADVERSUS
2055 301 2512 364 GUIFREDUM
2561 301 2922 367 ARCHIEP.

3565 310 3683 374 842

289 422 573 478 sacriﬁcia
591 427 991 497 sumebantur,
1021 429 1075 484 in
1094 430 1364 486 manibus
1387 431 1692 485 aurificem
1707 431 1737 484 J
1749 430 1931 486 udaeo-
1958 433 2011 498 Α
2112 433 2394 491 Praeterea
2425 444 2790 494 sacramenta
2811 455 2935 510 quae
2955 439 3100 494 mihi
3121 457 3294 512 super
3314 446 3514 498 sancta
3541 443 3686 500 alta-

291 527 420 568 rum
448 511 609 569 misit
641 515 714 570 ad
743 515 1185 587 destruendum,
1205 519 1938 590 etllispaniauivenundari

286 615 388 670 pro
428 599 556 670 ipso
609 602 966 674 episcopatu.
1001 606 1240 663 Codices
1274 613 1493 674 autem,
1527 607 1627 679 qui
1661 608 1740 662 ibi
1771 612 1938 664 erant

283 686 457 743 variis
506 691 848 760 generibus,
901 710 1018 749 non
1069 695 1340 752 meliores
1391 696 1647 768 reliquit.
1696 697 1806 752 Sed
1855 698 1939 752 ita

283 775 437 831 male
466 793 638 832 suam
670 779 973 837 ecclesiam
1005 781 1312 855 dissipavit
1343 791 1408 840 ut
1441 787 1617 841 etiam
1647 791 1704 841 et
1742 785 1935 842 clerici

282 867 516 936 desunt,
547 872 605 922 et
635 868 734 939 qui
755 869 901 926 inibi
924 876 1062 927 sunt
1091 873 1294 946 inopes
1320 879 1376 930 et
1405 876 1681 943 mendici,
1715 881 1772 931 et
1801 876 1934 932 nul-

277 954 633 1027 luspulcher
649 957 708 1013 in
732 975 799 1014 ea
821 967 1080 1032 apparet.
1106 963 1230 1018 Non
1246 962 1604 1037 chlamydes,
1632 982 1818 1036 neque
1838 983 1932 1021 ca-

280 1060 387 1114 pas
426 1044 760 1116 polemitas,
796 1065 912 1104 non
944 1049 1229 1121 cyclades,
1264 1069 1378 1107 non
1415 1053 1780 1120 daluiaticas,
1817 1071 1932 1109 non

281 1133 588 1201 cumbelli,
613 1152 727 1190 non
746 1135 973 1207 lignum
1004 1138 1396 1195 Dominicum.
1427 1140 1634 1196 Omnia
1655 1142 1775 1196 haec
1805 1160 1933 1214 qua)

280 1240 314 1278 a
334 1223 671 1280 conditione
702 1224 782 1279 ibi
812 1225 984 1297 plura
1020 1233 1373 1300 congregata
1401 1234 1585 1296 erant,
1620 1232 1720 1286 sed
1753 1232 1931 1286 dissi-

278 1311 440 1384 pavit
468 1329 558 1380 ea,
597 1312 874 1385 deditque
895 1331 998 1385 pro
1029 1315 1368 1388 episcOpatu
1396 1319 1591 1374 fratris
1621 1319 1732 1374 sui.
1766 1325 1930 1376 Insu-

276 1419 398 1474 per,
433 1403 589 1474 quod
623 1404 788 1474 pejus
826 1407 914 1458 est
957 1406 1013 1459 et
1054 1404 1452 1473 inhonestum,
1503 1410 1932 1465 commendavit

275 1507 338 1546 se
367 1491 646 1548 manibus
669 1491 742 1547 ad
774 1492 1137 1548 comitissam
1171 1492 1406 1565 Urgelli.
1434 1495 1540 1550 Pro
1573 1513 1689 1567 qua
1719 1513 1780 1552 re
1812 1515 1928 1554 non

277 1579 472 1635 solum
504 1578 670 1646 mihi,
695 1581 795 1635 sed
817 1580 992 1636 etiam
1016 1581 1241 1637 cunctis
1260 1588 1470 1637 nostrae
1501 1585 1698 1655 patriae
1723 1586 1928 1641 nobili-

274 1667 411 1735 bus,
444 1667 504 1722 in
536 1683 818 1740 magnum
842 1670 960 1724 ruit
977 1670 1199 1724 odium.
1223 1671 1343 1734 Quo
1366 1678 1618 1743 peracto,
1644 1690 1926 1746 aggrega-

275 1756 360 1811 vit
375 1756 692 1812 concilium
720 1774 833 1812 non
857 1758 1150 1814 modicum
1170 1759 1339 1830 juxta
1358 1759 1593 1832 praefata
1622 1763 1764 1817 urbe
1785 1767 1926 1818 Nar-
1956 1791 2006 1859 Β

272 1847 430 1901 bona
451 1845 774 1902 multorum
795 1846 887 1903 sui
909 1847 1140 1902 dioecesi
1165 1847 1590 1921 episcoporum,
1606 1850 1757 1906 inter
1777 1868 1924 1922 quos

277 1934 390 1990 fuit
428 1934 524 1990 hic
581 1935 962 1992 Raimbaldus
1011 1934 1371 1992 Arelatensis
1419 1937 1921 2011 archiepiscopus,

267 2029 326 2079 et
385 2024 446 2078 in
497 2040 702 2080 eorum
760 2029 935 2096 atque
989 2029 1323 2081 nostrorum
1363 2027 1629 2082 omnium
1673 2044 1922 2099 praesen-

269 2113 417 2168 tiam
455 2111 697 2184 reliquit
741 2117 981 2170 cunctas
1014 2130 1208 2168 armas
1240 2112 1548 2170 militarias
1579 2119 1637 2170 et
1687 2133 1922 2172 omnem

267 2200 469 2256 saeculi
503 2200 802 2269 militiam,
835 2207 1008 2272 atque
1029 2202 1590 2258 excommunicando
1621 2205 1785 2259 misit
1810 2206 1922 2259 sub

268 2288 590 2345 anathema
633 2293 754 2345 tam
793 2290 1177 2360 semetipsum
1210 2307 1399 2361 quan,
1422 2308 1624 2347 omnes
1658 2293 1749 2347 sui
1781 2294 1921 2348 dim-

265 2377 420 2435 cesis
451 2377 774 2450 episcOpos,
803 2378 903 2449 qui
928 2378 1000 2434 ab
1021 2377 1122 2432 illa
1141 2379 1233 2434 die
1254 2378 1526 2450 deinceps
1549 2380 1728 2436 armis
1760 2385 1925 2436 erant

266 2467 591 2538 sumpturi.
638 2467 746 2533 Qui
795 2483 909 2522 non
952 2466 1135 2523 multo
1175 2472 1327 2538 post,
1355 2458 1612 2539 acceptis
1650 2470 1827 2525 armis
1863 2474 1926 2525 ut

265 2554 467 2624 miles,
498 2572 613 2610 non
645 2554 893 2628 corrigia
924 2557 1224 2612 succintus
1263 2555 1502 2624 lumbis,
1534 2558 1635 2612 sed
1666 2558 1839 2628 ferro,
1867 2564 1925 2614 et

268 2643 584 2700 debellavit
611 2660 862 2699 mecum.
898 2645 963 2700 Et
993 2650 1135 2716 quot
1163 2646 1398 2711 mortui,
1443 2651 1585 2716 quot
1613 2645 1920 2715 vulnerati,

267 2737 420 2804 quot
457 2732 808 2801 detruncati,
873 2738 1223 2805 quantaeque
1279 2735 1498 2789 adustae
1557 2735 1810 2791 ecclesiae
1869 2741 1926 2791 et

267 2839 488 2878 exarsaa
521 2821 803 2894 reliquiae,
833 2822 881 2879 si
927 2839 1027 2895 per
1068 2823 1303 2894 singula
1349 2840 1618 2880 enarrare
1666 2825 1921 2893 voluero,

261 2911 516 2968 fortasse
563 2916 620 2967 et
672 2911 832 2968 vobis
874 2911 1018 2968 foret
1065 2911 1389 2978 fastidium,
1433 2917 1489 2967 et
1521 2911 1749 2969 facilius
1791 2915 1916 2970 dies

268 3018 452 3073 quam
485 3001 654 3073 copia
675 3001 910 3056 deserit.

337 3089 558 3146 Deinde
605 3093 888 3144 venerunt
944 3088 1200 3161 episcopi
1251 3089 1309 3144 in
1357 3105 1547 3144 meam
1595 3093 1831 3156 terram,
1859 3095 1916 3146 et

2045 522 2134 577 ria
2163 523 2437 580 manibus
2459 526 2696 595 juratus
2728 532 2816 582 est
2846 526 3052 595 multa,
3089 545 3347 599 unquam
3395 547 3511 586 non
3541 531 3688 588 mihi

2044 611 2255 679 tenuit,
2293 612 2394 667 sed
2417 613 2614 668 omnia
2644 614 2832 686 fregit.
2863 616 2947 670 Ad
2981 616 3259 672 ultimum
3291 633 3422 674 vere
3467 619 3687 676 bonum

2044 716 2193 770 opus
2222 705 2492 771 operatus
2523 708 2631 769 est,
2656 703 2798 758 satis
2833 703 2949 759 Deo
2980 708 3037 760 et
3062 705 3342 761 universae
3372 707 3688 778 plebiNar-

2025 789 2324 864 ‘bonensis
2337 790 2622 862 placibile.
2656 793 2818 848 Unde
2838 793 2993 849 mala
3024 795 3141 850 haec
3170 796 3370 852 omnia
3393 796 3691 853 oblivisce-

2044 894 2268 943 ramus,
2291 879 2340 933 si
2363 879 2531 935 nobis
2549 880 2607 935 in
2630 881 2850 936 bonum
2865 881 3137 938 venisset.
3162 883 3415 956 Corpora
3436 902 3689 958 namque

2043 972 2378 1021 sanctorum
2425 969 2576 1023 Justi
2628 975 2683 1024 et
2729 970 3006 1036 Pastoris,
3040 988 3167 1042 quas
3207 980 3686 1044 pramemoratus

2041 1071 2140 1108 rex
2171 1054 2407 1110 Carolus
2437 1057 2507 1110 ab
2536 1057 2818 1128 Hispania
2847 1059 3134 1128 deferens,
3169 1067 3342 1132 atque
3375 1063 3432 1118 in
3462 1063 3556 1119 via
3585 1081 3678 1120 ca-

2042 1161 2175 1199 rens
2207 1145 2262 1198 in
2299 1145 2534 1216 praefata
2567 1146 2624 1200 in
2656 1164 2856 1203 eorum
2890 1149 3108 1206 honore
3130 1152 3412 1208 aediﬁcata
3439 1153 3684 1209 ecclesia

2041 1232 2322 1289 collocare
2353 1239 2667 1305 optaverat,
2701 1254 2830 1307 qua:
2863 1239 3030 1294 nobis
3063 1243 3396 1312 nostrisque
3418 1243 3684 1314 patribus

2041 1322 2297 1376 multum
2328 1329 2494 1378 erant
2522 1329 2738 1395 optata,
2764 1327 2836 1382 ab
2859 1327 3011 1382 idem
3045 1328 3479 1401 archiepiscopo
3497 1330 3688 1402 explo-

2038 1415 2165 1466 rata
2195 1415 2461 1482 etcapta,
2491 1413 2561 1467 ad
2597 1430 2765 1468 suam
2799 1432 2985 1486 usque
3005 1433 3140 1472 cum
3173 1416 3392 1473 honore
3421 1423 3685 1490 asporta.-

2036 1498 2116 1552 vit
2142 1499 2476 1566 ecclesiam,
2507 1506 2682 1572 atque
2713 1502 3026 1559 honoriﬁce
3048 1503 3367 1562 collocavit.
3388 1506 3551 1562 Unde
3573 1523 3688 1564 non

2038 1587 2229 1642 solum
2279 1605 2312 1642 a
2343 1604 2454 1653 me,
2513 1590 2613 1644 sed
2672 1591 2848 1646 etiam
2894 1609 2928 1646 a
2984 1593 3109 1648 suis
3155 1593 3380 1650 civibus
3411 1594 3686 1652 laudatus

2036 1679 2209 1746 atque
2239 1675 2486 1733 dilectus
2540 1683 2680 1732 erat.
2715 1679 2820 1742 Qui
2854 1697 2968 1736 non
3001 1681 3185 1736 multo
3215 1687 3368 1753 post,
3419 1685 3685 1756 litigante

2035 1779 2100 1818 eo
2147 1780 2280 1818 cum
2331 1781 2437 1818 suo
2477 1765 2905 1834 archidiacono,
2947 1768 3130 1824 voluit
3173 1769 3402 1825 trahere
3433 1773 3675 1842 praedic-

2030 1855 2224 1906 torum
2272 1869 2515 1924 corpora
2561 1859 2899 1911 sanctorum
2949 1856 3022 1910 ab
3069 1856 3314 1912 ecclesia
3351 1873 3575 1914 eorum.
3608 1861 3679 1917 Et

2031 1955 2135 2012 ego
2174 1940 2368 2011 rogavi
2416 1957 2551 1996 eum
2599 1957 2670 1996 ne
2718 1941 2826 1996 hoc
2858 1943 3108 2010 fecisset,
3148 1951 3205 1999 et
3244 1945 3399 2000 volui
3450 1947 3511 2001 ei.
3533 1948 3674 2004 dare

2030 2027 2267 2083 obsides
2289 2044 2390 2098 per
2410 2029 2604 2083 decem
2629 2029 2812 2084 millia
2836 2029 3074 2099 solidos,
3111 2036 3194 2098 ut,
3227 2033 3277 2088 si
3310 2033 3466 2090 ullus
3497 2033 3674 2092 homo

2030 2115 2117 2170 vel
2149 2116 2367 2171 femina
2395 2116 2575 2171 ullam
2598 2117 2712 2172 vim
2730 2118 2780 2172 ei
2795 2119 3012 2175 faceret
3033 2119 3104 2176 de
3126 2121 3388 2192 ipsorum
3418 2125 3677 2195 corpori-

2030 2204 2142 2259 bus
2173 2210 2536 2274 sanctorum,
2578 2210 2680 2261 aut
2709 2207 2780 2261 de
2807 2206 2925 2263 ullo
2958 2225 3200 2264 munere
3237 2210 3322 2266 eis
3351 2212 3544 2268 oblato
3590 2213 3681 2269 vel

2031 2296 2404 2363 prmecntato,
2442 2311 2545 2366 ego
2577 2295 2646 2349 de
2677 2294 2775 2349 illo
2805 2295 2893 2351 vel
2927 2295 3041 2352 illis
3073 2297 3180 2353 hoc
3213 2299 3558 2356 facientibus
3581 2302 3682 2357 ad-

2023 2382 2187 2450 jutor
2211 2399 2396 2437 essem
2424 2383 2698 2454 praedicto
2721 2385 2979 2456 pontiﬁci
3005 2402 3108 2456 per
3129 2387 3304 2442 ﬁdem
3328 2404 3443 2444 non
3465 2388 3682 2446 ﬁctam.

2037 2469 2194 2524 Idem
2225 2485 2360 2525 vero
2388 2470 2724 2528 arcliivclita
2752 2472 2933 2528 voluit
2963 2474 3048 2530 eis
3079 2475 3413 2532 satisfacere
3437 2477 3495 2532 in
3521 2479 3699 2549 judi~

2033 2558 2118 2612 cio
2171 2559 2426 2631 episcopi
2474 2560 2725 2616 Arelate.
2767 2562 2874 2626 Qui
2923 2564 3154 2629 renuit;
3198 2565 3297 2618 sed
3347 2566 3682 2623 substracta

2032 2649 2102 2701 ab
2124 2648 2326 2702 eadem
2361 2649 2496 2702 sede
2527 2653 2826 2704 tantorum
2869 2667 3113 2721 corpora
3143 2655 3478 2706 sanctorum
3510 2654 3679 2710 duxit

2031 2740 2084 2790 et
2118 2736 2420 2792 inhoneste
2454 2735 2755 2812 collocavit
2785 2737 2842 2790 in
2885 2739 3203 2808 quamdam
3249 2737 3528 2795 villanam
3575 2757 3674 2796 ec-

2031 2823 2288 2880 clesiam.
2330 2825 2410 2879 Ibi
2457 2841 2624 2879 suam
2657 2825 2995 2881 cathedram
3041 2826 3359 2894 fabricavit,
3403 2827 3482 2882 ibi
3514 2830 3673 2884 ordi-

2032 2929 2165 2966 nem
2199 2929 2372 2967 suum
2397 2913 2548 2975 fecit,
2568 2913 2647 2968 ibi
2680 2930 2817 2970 suae
2838 2915 3090 2987 synodos
3111 2915 3319 2983 tenuit,
3343 2915 3423 2972 ibi
3445 2917 3672 2974 codices

2032 3004 2087 3055 et
2117 3017 2318 3055 cruces
2347 3006 2403 3056 et
2433 3000 2656 3071 lignum
2679 3003 3047 3058 Dominicum
3070 3005 3406 3075 asportavit,
3441 3007 3521 3061 ibi
3552 3005 3675 3063 cle-

2033 3087 2180 3143 ricos
2212 3088 2410 3160 prima:
2428 3089 2605 3156 sedis,
2630 3107 2777 3162 quos
2798 3090 3064 3146 meliores
3089 3092 3328 3165 invenit,
3345 3095 3674 3167 constituit,

268 3194 501 3234 mecum
536 3194 652 3233 una
681 3194 817 3233 cum
849 3178 1052 3233 eodem
1084 3177 1520 3249 archiepiscopo
1540 3178 1918 3235 ﬁrmaverunt
1947 3156 1989 3223 (ἶ
2027 3181 2081 3233 et
2113 3176 2196 3231 ita
2218 3176 2438 3248 eligens
2461 3179 2814 3244 membrum,
2847 3185 3022 3250 caput
3036 3179 3273 3252 reliquit
3301 3183 3469 3253 quasi
3498 3187 3673 3256 tugu-

267 3271 542 3338 treguam
571 3266 674 3322 Dei
706 3266 1100 3323 inviolabilem
1143 3271 1340 3325 tenere
1370 3267 1428 3321 in
1460 3283 1694 3322 omnem
1726 3284 1916 3324 meam

269 3358 517 3421 terram,
563 3360 736 3426 atque
783 3371 852 3411 ex
900 3355 1102 3410 eadem
1147 3360 1518 3427 corruptores
1557 3357 1916 3414 teterrimam

255 3441 564 3511 justitiam
594 3443 801 3499 facere.
836 3443 998 3499 Unde
1027 3444 1183 3498 idem
1216 3443 1689 3515 archiepisc0pus
1721 3449 1778 3499 et
1811 3461 1916 3517 ego

265 3529 420 3587 hanc
467 3531 713 3587 fecimus
757 3531 1242 3598 convenientiam,
1285 3537 1350 3587 ut
1401 3533 1471 3586 de
1521 3533 1747 3588 cunctis
1789 3549 1916 3604 qua:

264 3620 572 3675 emendata
621 3620 873 3675 fuissent
922 3637 1024 3691 per
1074 3620 1263 3691 ipsius
1305 3625 1518 3690 treguae
1552 3621 1914 3689 fractionem,

265 3724 384 3764 una
413 3707 700 3765 medietas
733 3708 942 3764 fuisset
979 3709 1231 3781 praefatae
1264 3708 1540 3779 ecclesiae,
1575 3709 1707 3776 alia,
1761 3727 1912 3779 mea,

261 3814 368 3867 pro
397 3797 988 3868 exercendajustitia.
1034 3799 1149 3870 Ego
1183 3802 1377 3853 autem
1425 3799 1691 3853 consensi
1723 3799 1911 3871 ipsam

260 3900 452 3941 meam
504 3886 877 3942 medietatem
934 3885 1353 3942 condirectioni
1407 3885 1593 3958 ipsius
1633 3887 1907 3943 ecclesiae.

255 3971 373 4028 Sed
394 3973 491 4030 ille
526 3991 645 4030 non
677 3974 736 4028 in
764 3975 892 4045 ejus
925 3973 1436 4042 condirectionem,
1473 3975 1574 4030 sed
1600 3975 1658 4030 in
1691 3975 1914 4031 destru-

258 4061 508 4118 ctionem
542 4063 728 4132 misit,
764 4062 902 4134 quia
930 4067 985 4118 et
1010 4062 1082 4118 ab
1111 4061 1354 4118 ecclesia
1393 4079 1522 4119 eam
1562 4063 1826 4126 abstulit,
1859 4068 1914 4117 et

254 4150 549 4206 militibus
581 4168 686 4222 per
715 4151 994 4206 solidatas
1029 4151 1236 4205 tribuit
1276 4152 1472 4222 potius
1502 4168 1678 4223 quam
1712 4152 1912 4206 decem

259 4237 448 4294 millia
479 4239 722 4295 solidos.
758 4239 881 4303 Qua
901 4240 1036 4295 data
1060 4239 1175 4294 Deo
1198 4243 1255 4294 et
1276 4240 1499 4294 fortiter
1527 4240 1777 4307 ﬁrmata,
1811 4239 1910 4310 qui

259 4326 436 4395 primi
467 4344 598 4385 eam
634 4332 934 4399 tregerunt
963 4326 1023 4382 in
1053 4331 1269 4399 .nostra
1300 4328 1509 4399 patria,
1544 4329 1637 4395 sui
1669 4327 1909 4394 milites,

257 4431 328 4469 ex
360 4433 464 4471 suo
496 4416 758 4472 exientes
789 4414 1050 4486 castello,
1073 4416 1414 4471 occiderunt
1447 4433 1630 4471 unum
1663 4415 1908 4472 militem

2030 3265 2202 3319 rium.
2232 3265 2474 3337 Insuper
2493 3266 2686 3321 cuncti
2716 3271 2924 3321 nostras
2943 3267 3138 3338 patriae
3163 3269 3410 3338 nobiles,
3428 3275 3484 3326 et
3506 3271 3671 3344 plebs

2027 3358 2257 3422 cuncta,
2291 3353 2387 3425 qui
2423 3354 2576 3410 soliti
2606 3359 2745 3409 sunt
2776 3371 3046 3411 occurere
3075 3357 3147 3411 ad
3184 3357 3477 3414 civitatem
3507 3364 3564 3416 et
3592 3363 3667 3418 ad

2026 3443 2225 3498 sedem
2267 3459 2458 3511 suam,
2493 3447 2549 3497 et
2580 3443 2925 3514 pmnitentes
2961 3461 3070 3499 sua
3102 3461 3350 3501 munera
3381 3448 3452 3502 ad
3499 3465 3670 3504 suam

2026 3531 2222 3586 sedem
2246 3531 2386 3586 dare
2401 3535 2575 3601 atque
2595 3535 2942 3602 presentare
2969 3531 3314 3599 solentibus,
3338 3533 3673 3607 multosque

2023 3619 2348 3688 adjutorios
2376 3619 2445 3672 ad
2475 3635 2709 3689 operam
2745 3636 2862 3673 sua:
2883 3619 3134 3674 ecclesiae
3167 3620 3536 3688 facientibus,
3567 3624 3669 3678 ab-

2024 3707 2206 3772 stulit,
2252 3711 2308 3761 et
2354 3723 2601 3761 munera
2640 3706 2740 3761 illa
2770 3707 2896 3761 suis
2930 3706 3216 3762 militibus
3248 3724 3350 3778 per
3387 3708 3669 3766 solidatas

2023 3796 2248 3863 tribuit,
2282 3799 2339 3850 et
2369 3811 2536 3850 suam
2569 3793 2874 3849 ecclesiam
2907 3794 3198 3849 desertam
3229 3799 3285 3849 et
3311 3795 3438 3850 sine
3477 3796 3666 3868 capite

2023 3881 2356 3954 dereliquit.
3210 3939 3230 3963 ί

2094 3972 2330 4027 Interim
2361 3987 2494 4026 vero
2516 3970 2669 4025 idem
2703 3969 3178 4043 archiepiscopus
3198 3971 3405 4028 habuit
3436 3990 3666 4031 mecum

2021 4060 2322 4131 placitum,
2351 4065 2408 4115 et
2430 4059 2779 4114 constrinxit
2800 4077 2893 4115 me
2921 4061 2971 4116 ei
3004 4061 3074 4116 ad
3107 4078 3281 4116 suum
3314 4061 3548 4118 libitum
3581 4081 3669 4120 sa-

2021 4148 2310 4212 tisfacere,
2343 4154 2399 4203 et
2417 4149 2561 4202 dixit
2583 4147 2724 4202 mihi
2747 4166 2922 4204 suum
2947 4150 3168 4205 dictum
3191 4154 3247 4205 et
3268 4150 3465 4218 ﬁdem,
3489 4169 3666 4224 quam

2021 4235 2320 4292 meliorem
2351 4237 2402 4292 ei
2436 4237 2730 4306 requirere
2760 4238 2942 4308 potui,
2970 4243 3034 4292 ut
3058 4243 3114 4294 et
3142 4239 3213 4293 ad
3254 4241 3452 4294 sedem
3497 4257 3666 4296 suam

2020 4325 2232 4380 rediret
2287 4330 2345 4380 et
2400 4342 2644 4396 corpora
2697 4329 2901 4380 sancta
2954 4325 3013 4380 in
3056 4343 3122 4380 ea
3169 4325 3519 4382 restitueret.
3559 4328 3666 4392 Qui

2020 4412 2303 4468 mentitus
2334 4418 2422 4468 cst
2447 4413 2612 4482 mihi,
2639 4413 2763 4481 sed,
2800 4419 2864 4469 ut
2889 4413 3029 4468 mihi
3054 4414 3162 4468 fuit
3183 4419 3451 4483 testatus,
3476 4416 3663 4471 facere

255 4519 455 4560 meum
488 4506 550 4560 in
583 4511 850 4577 treguam
892 4505 1011 4572 Dei,
1047 4510 1103 4560 et
1138 4505 1351 4560 retinui
1394 4504 1907 4572 homicidas'illos,
1939 4519 1986 4584 Ι)
2018 4501 2228 4570 noluit,
2262 4506 2319 4557 et
2347 4507 2435 4557 est
2460 4502 2603 4556 milii
2638 4502 2919 4557 mentitus
2941 4519 3111 4557 suum
3144 4501 3365 4556 dictum
3401 4507 3459 4557 et
3487 4519 3658 4560 suam

253 4595 315 4646 et
349 4592 576 4649 nullam
605 4592 763 4663 quivi
795 4593 866 4647 ab
899 4609 965 4647 eo
1005 4593 1315 4664 impetrare
1349 4593 1660 4664 justitiam.
1692 4593 1910 4649 Deinde

250 4678 463 4737 Petrus
493 4681 812 4737 Raimundi
857 4681 1275 4737 Biterrensium
1308 4698 1502 4738 comes
1545 4681 1603 4736 in
1643 4687 1908 4753 treguam

252 4767 360 4823 Dei
412 4770 651 4826 violavit
699 4769 1007 4826 ecclesiam
1060 4769 1283 4826 Sanctae
1333 4771 1544 4838 Maria},
1580 4772 1910 4826 cmnobium

255 4856 374 4914 loci
408 4859 599 4925 electi,
636 4859 733 4913 ubi
769 4858 1084 4914 miriﬁcum
1119 4859 1365 4916 habetur
1393 4859 1620 4931 lignum
1657 4861 1910 4915 Domini-

254 4961 416 5013 cum,
449 4955 505 5004 et
537 4947 877 5002 extraxitab
912 4948 1044 5002 inde
1077 4947 1224 5002 duos
1251 4947 1467 5003 milites
1491 4947 1798 5003 inclinatos
1828 4953 1913 5004 at-

261 5050 376 5105 que
409 5036 700 5102 innoxios,
734 5041 791 5091 et
822 5052 1005 5090 unum
1038 5053 1105 5090 ex
1145 5036 1250 5102 eis,
1285 5037 1383 5108 qui
1418 5041 1543 5091 erat
1566 5037 1916 5109 consangui-

263 5139 410 5180 neus
456 5141 649 5192 meus,
695 5124 971 5196 pependit
1016 5125 1076 5181 in
1123 5124 1301 5198 ligno,
1363 5130 1419 5180 et
1470 5125 1675 5180 occisit
1732 5130 1919 5180 morte

267 5213 508 5279 crudeli,
544 5211 716 5284 quasi
747 5211 1019 5284 cleptem.
1054 5213 1216 5270 Unde
1247 5215 1402 5270 idem
1445 5213 1921 5286 archiepiscopus

267 5300 400 5356 talis
429 5301 784 5374 suffragator
816 5303 1040 5358 exstitit
1085 5307 1148 5359 ut
1177 5303 1354 5359 etiam
1394 5303 1708 5375 sacrilegos
1729 5308 1787 5358 et
1815 5303 1920 5358 ho-

272 5389 516 5446 micidas
545 5389 679 5445 illos
709 5389 768 5445 in
801 5408 909 5447 sua
941 5407 1003 5447 se
1037 5392 1334 5448 mittentes
1357 5397 1642 5464 potestate
1674 5392 1920 5465 patroci-

276 5478 447 5549 navit,
481 5479 953 5553 suﬁ'ragatorque
983 5498 1186 5537 eorum
1219 5481 1442 5540 exstitit
1470 5487 1527 5540 et
1555 5481 1614 5540 in
1646 5497 1711 5541 eo
1744 5479 1922 5540 ullam

278 5583 390 5627 non
421 5567 582 5626 valui
610 5567 868 5625 invenire
890 5569 1208 5641 justitiam.

599 5696 860 5765 Paraet.
907 5697 1167 5771 CXLIII.

2020 4591 2218 4646 ﬁdem.
2252 4590 2466 4646 Deinde
2490 4592 2699 4660 conjux
2723 4608 2850 4645 mea
2868 4590 3070 4644 videns
3092 4605 3224 4644 eum
3249 4589 3474 4660 rogavit
3493 4591 3660 4648 resti-

2017 4684 2178 4735 tuere
2193 4696 2433 4751 corpora
2454 4683 2676 4749 sancta,
2692 4686 2749 4733 et
2763 4679 2915 4732 idem
2930 4677 3052 4743 ipse
3067 4678 3135 4732 ad
3155 4676 3474 4736 Ecclesium
3492 4698 3660 4737 suam

2019 4769 2229 4829 redire.
2246 4769 2647 4838 directumque
2661 4777 2924 4821 uestrum
2939 4783 3118 4838 supra
3129 4767 3364 4823 modum
3379 4771 3662 4843 accipere,

2023 4873 2212 4928 neque
2237 4857 2438 4911 audire
2463 4855 2669 4920 voluit;
2698 4856 2800 4910 sed
2817 4859 3059 4911 testatus
3075 4861 3164 4911 est
3179 4857 3229 4912 ei
3249 4856 3668 4916 Altitonantem

2024 4949 2234 5003 ducere
2266 4946 2393 5018 ipsa
2424 4949 2625 4999 sancta
2659 4961 2900 5015 corpora
2933 4945 2988 4998 in
3021 4945 3211 5002 aliena
3238 4948 3446 5019 patria,
3479 4955 3537 5006 et
3574 4967 3669 5005 us-

2027 5053 2140 5107 que
2172 5037 2228 5090 in
2262 5040 2543 5089 ezternuni
2575 5032 2743 5086 nobis
2776 5050 2889 5087 non
2919 5049 3047 5087 esse
3085 5037 3500 5106 recuperanda.
3535 5038 3668 5100 Quae

2028 5125 2296 5189 audiens,
2331 5128 2614 5187 metuens,
2651 5137 2720 5175 ne
2752 5122 2968 5189 subito,
2989 5122 3390 5193 sicutjuratus
3420 5128 3529 5190 est,
3563 5124 3672 5178 hoc

2030 5215 2242 5268 faceret
2292 5213 2386 5266 me
2416 5211 2655 5265 absente
2687 5213 2741 5263 et
2773 5210 3095 5280 ignorante,
3130 5211 3236 5263 fuit
3266 5210 3338 5263 ad
3369 5210 3672 5281 praefatam

2028 5299 2178 5356 villae
2211 5298 2536 5365 ecclesiam,
2570 5314 2682 5352 non
2725 5297 2916 5351 adhuc
2945 5302 3366 5364 consecratam,
3415 5302 3472 5352 et
3502 5296 3677 5352 traxit

2032 5389 2239 5446 exinde
2269 5405 2512 5459 corpora
2544 5391 2766 5454 sancta,
2800 5385 3171 5456 restituitque
3200 5390 3257 5440 et
3284 5386 3549 5442 condidit
3578 5386 3681 5442 ho-

2032 5476 2273 5534 noriﬁce
2301 5476 2361 5532 in
2391 5477 2590 5533 sedem
2625 5492 2814 5532 suam.
2857 5472 3074 5530 Deinde
3105 5474 3316 5545 conjux
3356 5491 3507 5543 mea,
3541 5492 3680 5548 pro—

2036 5569 2220 5627 strata
2238 5581 2433 5623 coram
2449 5582 2534 5637 eo,
2552 5582 2726 5624 suum
2743 5561 3056 5641 postulavit
3077 5563 3195 5622 acci
3204 5579 3336 5635 pere
3360 5563 3679 5642 directum;

3287 5690 3361 5768 2'1
