4080 6176
209 283 331 343 845

930 287 1086 348 0Πο
1130 288 1455 351 FOSSAT.
1503 291 1961 355 MONACHUS.
1994 325 2074 341 -—
2104 294 2425 360 ΝΟΤΙΤΙΑ
2469 300 2912 367 HISTORICA.

3502 308 3619 373 846

160 443 177 463 ο
206 432 427 472 nenses
450 416 1098 493 monachos.lntegrum
1131 438 1277 493 opus
1302 424 1859 495 percurrimus,m.l-
1892 432 1941 493 Α
1975 428 2386 485 .liedz'alancnsis
2442 438 2765 490 monasterii
2805 436 2972 493 abbas
3012 445 3291 510 perpetua:
3338 440 3619 511 felicitatis

200 504 432 577 libique
463 522 527 561 se
558 510 765 562 auctor
793 509 987 580 prodit
1016 510 1210 580 aliquo
1242 511 1478 576 indicio,
1512 513 1623 567 nisi
1676 515 1863 584 capite

202 595 295 659 14,
358 594 459 649 ubi
509 595 817 666 inquirens
854 599 1114 667 quomodo
1134 601 1460 670 peragenda:
1504 604 1617 656 sint
1661 605 1863 671 vigilia:

199 686 262 737 in
292 683 580 738 natalitizs
620 693 951 753 sanctorum,
1001 687 1332 759 exemplum
1382 690 1548 744 oll'ert
1598 690 1861 746 Ecclesiae

200 770 689 836 Mediolanensis,
734 774 833 828 ubi
883 791 1110 844 corpora
1166 782 1456 831 servantur
1502 783 1556 832 et
1607 780 1863 834 coluntur

198 862 383 915 sancti
420 860 698 917 Ambrosii
740 871 791 917 et
837 867 1154 919 sanctorum
1212 864 1459 921 Gervasii
1502 875 1555 922 et
1594 869 1855 925 Protasii.

200 948 270 1004 Et
299 950 499 1021 capite
527 952 591 1004 61
623 949 872 1022 loquens
920 954 993 1007 de
1035 953 1341 1009 monachis
1393 956 1738 1026 peregrinis,
1795 974 1859 1011 ac

203 1037 543 1109 exemplum
576 1039 872 1096 adducens
895 1042 1279 1097 formatarum
1305 1044 1859 1116 cpistolarum,quas

204 1127 462 1183 scribere
492 1128 706 1183 debent
732 1130 971 1185 abbates
990 1131 1429 1202 episcopis,haec
1452 1133 1625 1187 verba
1643 1133 1817 1187 habet
1841 1151 1853 1188 :

204 1216 525 1273 Venerabili
573 1216 1026 1274 Christicolarum
1073 1222 1188 1275 vita
1235 1220 1500 1287 decorata,
1552 1223 1679 1291 plus
1726 1224 1858 1277 arto

206 1321 370 1377 quam
396 1309 567 1363 terra?
593 1308 793 1373 vicino,
823 1307 1021 1363 domno
1050 1308 1135 1363 ill.
1168 1310 1401 1379 praesuli
1433 1310 1742 1365 venerando
1771 1310 1853 1366 ill.

1974 518 2210 587 οὐραιῖιά
2238 524 2397 589 atque
2425 522 2795 591 angelicorum
2823 529 3052 597 synaxis
3088 530 3379 584 consortia.
3409 529 3621 586 Praeter

1971 607 2269 678 exemplar
2298 608 2631 664 chartarum
2659 612 2835 683 hujus
2856 614 3269 671 Commentarii
3292 617 3620 675 Theuzonis

1972 696 2126 765 quod
2159 698 2443 751 asservari
2478 698 2535 753 in
2568 700 2803 755 abbatia
2834 702 3166 758 Florentina
3212 705 3323 760 sub
3355 722 3518 761 num.
3548 708 3622 763 58

1972 783 2183 838 asserit
2215 784 2610 851 Mabillonius,
2645 789 2917 861 quodque
2948 791 3156 847 saeculo
3186 810 3279 847 xvx
3330 794 3440 849 fuit
3485 812 3618 851 con-

1971 870 2708 942 scriptum,nitidissimum
2736 877 2983 933 alterum
3007 880 3302 952 exemplar
3331 885 3618 939 membra-

1968 960 2519 1030 naceum,saeculum
2552 981 2650 1018 xxv
2677 965 2762 1019 vel
2789 983 2860 1020 xv
2889 973 3455 1032 exaratum,servant
3485 988 3615 1027 mo-

1968 1048 2135 1102 nachi
2164 1049 2348 1103 nostri
2372 1050 2565 1105 Sancti
2590 1052 2818 1107 Mathiaa
2840 1054 2910 1109 de
2923 1054 3284 1125 Muriano,ex
3305 1074 3416 1126 quo
3437 1058 3614 1113 etiam

1967 1134 2274 1205 epistolam
2337 1135 2545 1206 ipisius
2595 1141 3082 1210 nuncupatoriam
3132 1142 3203 1197 ad
3260 1142 3613 1211 Odelricam,

1967 1238 2095 1293 quae
2128 1224 2359 1294 praefixa
2376 1228 2465 1279 est
2489 1226 2916 1283 Commentario
2933 1245 3035 1284 seu
3058 1230 3253 1300 potius
3282 1231 3610 1288 collectioni

1967 1325 2036 1365 ex
2065 1311 2238 1367 dictis
2268 1313 2719 1383 preecedentium
2754 1315 3011 1381 Patrum,
3044 1318 3275 1374 damus.

207 1463 3616 1495 mw

1595 1578 2225 1667 PROLOGUS

595 1764 1301 1854 EXPOSITlONlS
1343 1765 1763 1855 REGULZE
1819 1767 1904 1854 S.
1949 1767 2037 1854 P.
2084 1767 2177 1855 N.
2223 1767 2751 1859 BENEDICTI
2794 1772 3222 1862 ABBATIS

1384 1943 1662 2025 Scriptus
1692 1963 1728 2005 a
1758 1946 2091 2006 TBEUZONE
2121 1940 2423 2006 monacho.

328 2104 553 2177 (Annali
588 2103 858 2169 Camald.,
889 2107 1032 2158 tom.
1067 2102 1135 2168 II,
1167 2103 1430 2174 Append.
1466 2120 1520 2174 p.
1557 2104 1678 2169 156,
1698 2104 2237 2247 ῧὲηίέῗξὶέιςὲἐεῗουιί
2267 2122 2370 2160 xm
2404 2108 2741 2163 monasterii
2766 2109 2825 2163 S.
2861 2108 3092 2165 Mathiae
3117 2110 3189 2166 de
3221 2112 3488 2169 Muriano

1013 2459 1238 2505 INCIPIT
1282 2459 1592 2505 EXPOSITIO
1638 2459 1880 2506 HBGULE
1922 2462 2105 2507 BEATI
2149 2462 2470 2508 BENEDICTI
2510 2464 2792 2510 ABBATIS.

194 2610 356 2664 Vere
416 2605 745 2662 dilectionis
799 2604 1176 2677 praerogativa
1230 2604 1572 2660 circumfluo
1632 2605 1846 2661 domno
1876 2608 1925 2673 B
1956 2606 2254 2679 ingratus;
2290 2609 2391 2664 sed
2427 2609 2583 2681 quia,
2617 2614 2682 2663 ut
2710 2609 2789 2663 ait
2818 2610 3024 2665 beatus
3056 2609 3392 2683 Gregorius,
3422 2613 3602 2685 degu-

193 2698 491 2754 Ooualco
520 2692 833 2751 venerabili
866 2693 1393 2765 episcopo,Tbeuzo
1422 2697 1686 2765 peccator
1717 2711 1844 2766 per-

194 2792 384 2860 petuae
413 2783 709 2840 felicitatis
747 2782 1011 2849 obsonia,
1045 2799 1111 2838 ac
1140 2786 1434 2854 perpetuae
1476 2782 1848 2839 indeﬁcentia

195 2873 495 2931 ﬁdelitatis
526 2871 945 2929 emolumenta.
1347 2866 1354 2875 ’

263 2964 637 3035 Quanquam,
668 2961 750 3017 mi
771 2960 1098 3017 venerande
1132 2959 1298 3015 Pater
1327 2960 1481 3015 beati
1512 2961 1702 3015 Patris
1739 2960 1843 3014 Be-

193 3053 410 3109 nedicti
442 3050 675 3124 Regula:
706 3051 863 3105 dicta
892 3049 951 3104 in
983 3048 1280 3122 plerisque
1309 3049 1617 3104 videantur
1646 3052 1844 3119 aperta

194 3159 327 3199 esse
345 3146 404 3198 et
429 3139 913 3207 dilucida,tamen
934 3136 994 3193 in
1018 3138 1371 3210 quibusdam
1397 3138 1594 3193 minus
1620 3138 1841 3193 studio-

194 3232 301 3299 sis,
334 3236 412 3298 et,
444 3234 509 3285 ut
539 3230 618 3285 ita
659 3228 874 3297 dicam,
925 3228 1141 3283 imitari
1191 3232 1248 3282 et
1285 3226 1432 3282 scire
1483 3226 1840 3291 nolentibus,

192 3338 315 3377 non
348 3318 511 3375 facile
540 3322 682 3374 sunt
708 3317 989 3390 patentia,
1036 3316 1359 3373 secundum
1401 3315 1555 3386 quod
1603 3314 1841 3370 illorum

192 3411 605 3466 demonstrant
643 3406 951 3479 opera.Qui
983 3405 1032 3461 si
1064 3405 1152 3460 vel
1182 3404 1387 3460 leviter
1406 3404 1719 3459 accedendi
1739 3422 1841 3476 po-

194 3497 486 3554 stularent
514 3496 841 3562 introitum,
875 3494 1181 3550 confestim
1213 3492 1324 3549 sibi
1355 3493 1545 3565 quoad
1569 3493 1845 3550 interiora

194 3591 500 3659 penetrare
524 3589 785 3658 possent,
810 3584 1027 3641 ostium
1061 3582 1388 3640 invenirent
1417 3583 1841 3655 apertum.Cla~

196 3676 282 3732 vis
311 3676 469 3732 enim
499 3675 765 3746 ejusdem
789 3673 924 3729 ostii
946 3672 1220 3729 continue
1243 3672 1456 3728 ibidem
1484 3673 1840 3744 dependens,

198 3781 312 3821 non
344 3782 406 3821 se
438 3763 790 3820 subduceret
809 3779 843 3818 a
863 3778 1041 3817 manu
1062 3760 1310 3816 libenter
1330 3760 1555 3832 operire
1579 3759 1839 3816 volentis.

198 3853 321 3917 Quo
350 3854 401 3910 si
432 3853 568 3926 quis
596 3851 776 3909 semel
797 3852 1048 3907 intrasse
1069 3850 1245 3905 fuerit
1264 3848 1751 3923 dignus,ulterius
1772 3851 1844 3905 de

1956 2700 2108 2751 stare
2149 2696 2422 2752 nolumus
2473 2696 2842 2753 dulcedinem
2898 2697 3058 2753 intus
3097 2698 3265 2754 nobis
3313 2704 3600 2771 paratam,

1950 2778 2226 2840 amamus
2260 2785 2397 2841 l'oris
2428 2785 2627 2840 miseri
2680 2785 2893 2840 famem
2943 2789 3244 2842 nostram:
3295 2791 3599 2861 propterea

1952 2888 2059 2944 ego
2088 2890 2156 2927 ex
2182 2873 2352 2929 dictis
2382 2873 2833 2945 praecedentium
2878 2873 3115 2929 Patrum
3167 2864 3277 2931 hoc
3325 2876 3595 2934 strictum

1952 2960 2319 3033 breviterque
2350 2960 2661 3033 perstrinxi
2692 2961 3068 3033 opusculum,
3108 2981 3223 3019 non
3273 2965 3508 3036 penitus
3563 2985 3597 3023 a

1954 3065 2046 3103 me
2076 3050 2321 3116 editum,
2354 3051 2453 3105 sed
2486 3067 2554 3105 ex
2584 3049 2787 3105 alienis
2831 3049 3131 3108 laboribus
3183 3058 3473 3125 carptum,
3525 3073 3596 3111 ne

1954 3137 2099 3193 forte
2137 3138 2248 3193 sibi
2281 3139 2412 3210 quis
2433 3139 2567 3194 velit
2586 3139 3020 3195 excusationem
3043 3141 3326 3197 asciscere
3348 3142 3593 3213 malum,

1953 3227 2179 3281 nudum
2213 3226 2442 3299 Regulae
2474 3243 2589 3282 non
2614 3233 2809 3300 posset
2830 3246 3063 3300 carpere
3086 3232 3597 3305 textum.Denique

1953 3315 2225 3371 eumdem
2272 3320 2518 3383 textum,
2569 3316 2964 3388 particulatim
3012 3335 3117 3390 per
3163 3336 3421 3391 congrua
3469 3320 3598 3378 loca

1953 3403 2228 3471 divisum,
2261 3405 2560 3471 ordinans,
2592 3405 2873 3478 virgulas,
2898 3423 3011 3477 quo
3043 3406 3272 3463 facilius
3294 3409 3594 3482 ‘quidquid

1952 3510 2020 3548 ex
2054 3509 2120 3548 eo
2177 3494 2453 3565 queeritur
2492 3493 2736 3549 inveniri
2799 3495 3002 3567 possit,
3053 3497 3391 3568 prmnotavi.
3439 3499 3599 3555 Hanc

1952 3581 2134 3654 igitur
2181 3581 2578 3639 collectionem
2625 3587 2826 3639 vestrm
2872 3585 3206 3656 paternitati
3255 3588 3597 3644 examinan-

1953 3671 2087 3726 dam
2122 3670 2326 3725 offerre
2356 3671 2573 3739 curavi,
2607 3676 2691 3742 ut,
2725 3672 2775 3727 si
2808 3674 2952 3728 forte
2992 3675 3061 3728 ad
3096 3674 3439 3730 aemulorum
3473 3693 3597 3731 ma-

1953 3777 2066 3816 nus
2096 3758 2290 3815 delata
2320 3759 2513 3827 fuerit,
2537 3777 2649 3815 non
2691 3760 2769 3815 ibi
2823 3760 3147 3831 quidquam
3181 3763 3334 3832 quod
3387 3763 3598 3819 canina

1952 3849 2124 3903 dente
2154 3848 2481 3915 corrodant,
2515 3848 2617 3902 sed
2647 3848 2842 3919 potius
2872 3848 2943 3903 ad
2976 3864 3075 3903 eos
3108 3848 3181 3903 ab
3212 3848 3438 3906 infelice
3468 3868 3595 3923 per-

198 3922 646 4014 caducisatque
672 3941 919 3998 terrenis
959 3938 1346 3996 incommodis
1405 3956 1519 3995 non
1579 3938 1848 3994 existeret
1876 3922 1919 3989 C
1952 3937 2169 3993 tinacia
2198 3940 2506 4001 removeat,
2540 3935 2791 4007 reperire
2821 3940 3056 4006 queant.
3088 3936 3309 3994 Valete.

195 4104 3603 4135 ἡ

1553 4223 1717 4269 ANNO
1760 4222 1974 4270 DOIINI
2016 4222 2136 4268 MLV
2146 4221 2239 4267 Ιίῐ.

1103 4352 1839 4649 ΜΟΝΑΟΗΗὲ
1868 4351 2707 4707 FOQSSATENSIS

1412 4886 1810 4961 NOTITIA
1862 4884 2395 4959 HISTORICA.

825 5041 1081 5107 (Fanum.
1112 5038 1447 5094 Bibliotheca
1475 5038 1671 5094 media
1701 5042 1749 5092 at
1782 5036 1992 5106 inﬁmae
2022 5038 2356 5104 Latinitatis,
2390 5039 2531 5090 tom.
2566 5035 2659 5101 IV,
2692 5052 2823 5108 pag.
2860 5038 2988 5110 158)

271 5291 419 5361 Odo,
462 5292 788 5349 monachus
826 5287 1175 5356 FoSsatenszs,
1226 5289 1465 5361 scripsit
1510 5305 1663 5344 anno
1712 5289 1852 5344 4058
1884 5295 1927 5357 D
1956 5287 2161 5343 Jacobi
2193 5287 2269 5342 du
2303 5285 2495 5351 Breul,
2522 5286 2877 5343 Benedictini
2900 5288 3311 5360 supplemento
3333 5285 3609 5358 Antiqui-

200 5381 399 5437 Vitam
431 5381 623 5437 damni
648 5381 956 5437 Burchardi
985 5379 1220 5435 comitis
1252 5377 1709 5442 Melodunensis,
1755 5377 1853 5450 qui
1965 5380 2152 5431 tatum
2186 5374 2625 5441 Parisiensium,
2660 5375 2840 5444 Paris,
2882 5378 2904 5432 i
2917 5378 2976 5432 61
2992 5379 3041 5444 4,
3074 5378 3126 5443 4,
3186 5382 3242 5432 et
3274 5376 3333 5430 in
3371 5374 3610 5431 Andreas

199 5471 359 5544 apud
400 5470 709 5544 Hugonem
738 5471 1019 5543 Capetum
1046 5473 1103 5524 et
1132 5468 1449 5523 Robertum
1490 5469 1619 5539 ejus
1668 5467 1853 5522 ﬁlium
1965 5466 2043 5519 du
2073 5464 2320 5531 Chesue,
2354 5468 2394 5517 t.
2432 5463 2501 5517 IV
2533 5464 2895 5537 Scriptorum
2929 5466 2999 5521 de
3030 5467 3204 5520 rebus
3234 5465 3610 5532 Francorum,

195 5560 522 5638 gratiosus,
554 5560 712 5618 diem
743 5559 889 5618 obiit
914 5561 979 5615 A.
1014 5558 1175 5616 1012.
1206 5555 1409 5614 Exstat
1438 5556 1497 5614 in
1528 5555 1704 5615 Brolii
1736 5556 1855 5615 sive
1964 5573 2022 5631 p.
2056 5554 2182 5624 115,
2216 5555 2275 5613 et
2300 5550 2888 5625 Gallioe,Sebastiano
2928 5552 3610 5630 Roulliardointerpretzs
