  <div class='ocr_page' id='page_1' title='image "/cluster/home/n/w/nwhite01/storage/ocr_20150623/143/hvd.32044054760038/431.png"; bbox 0 0 4086 6168; ppageno 0'>
   <div class='ocr_carea' id='block_1_1' title="bbox 445 340 561 401">
    <p class='ocr_par' dir='ltr' id='par_1_1' title="bbox 445 340 561 401">
     <span class='ocr_line' id='line_1_1' title="bbox 445 340 561 401; baseline -0.009 0"><span class='ocrx_word' id='word_1_1' title='bbox 445 340 561 401; x_wconf 76' lang='grc'><strong>84⁷7</strong></span> 
     </span>
    </p>
   </div>
   <div class='ocr_carea' id='block_1_2' title="bbox 1507 325 2785 395">
    <p class='ocr_par' dir='ltr' id='par_1_2' title="bbox 1507 325 2785 395">
     <span class='ocr_line' id='line_1_2' title="bbox 1507 325 2785 395; baseline -0.005 0"><span class='ocrx_word' id='word_1_2' title='bbox 1507 331 1795 395; x_wconf 86' lang='lat' dir='ltr'><strong>ODONIS</strong></span> <span class='ocrx_word' id='word_1_3' title='bbox 1840 325 2360 393; x_wconf 83' lang='lat' dir='ltr'><strong>FOSSATENSIS</strong></span> <span class='ocrx_word' id='word_1_4' title='bbox 2407 325 2785 390; x_wconf 80' lang='lat' dir='ltr'><strong>MONACHI.</strong></span> 
     </span>
    </p>
   </div>
   <div class='ocr_carea' id='block_1_3' title="bbox 3725 325 3828 388">
    <p class='ocr_par' dir='ltr' id='par_1_3' title="bbox 3725 325 3828 388">
     <span class='ocr_line' id='line_1_3' title="bbox 3725 325 3828 388; baseline 0 0"><span class='ocrx_word' id='word_1_5' title='bbox 3725 325 3828 388; x_wconf 71' lang='lat'><strong>848</strong></span> 
     </span>
    </p>
   </div>
   <div class='ocr_carea' id='block_1_4' title="bbox 449 456 3830 543">
    <p class='ocr_par' dir='ltr' id='par_1_4' title="bbox 449 456 3830 543">
     <span class='ocr_line' id='line_1_4' title="bbox 449 456 3830 543; baseline -0.003 -16"><span class='ocrx_word' id='word_1_6' title='bbox 449 473 509 527; x_wconf 90' lang='lat' dir='ltr'><strong>in</strong></span> <span class='ocrx_word' id='word_1_7' title='bbox 539 473 668 543; x_wconf 83' lang='lat' dir='ltr'><strong>ejus</strong></span> <span class='ocrx_word' id='word_1_8' title='bbox 696 471 951 528; x_wconf 77' lang='lat' dir='ltr'><strong>Historia</strong></span> <span class='ocrx_word' id='word_1_9' title='bbox 977 468 1237 527; x_wconf 80' lang='lat' dir='ltr'><strong>Civitatis</strong></span> <span class='ocrx_word' id='word_1_10' title='bbox 1257 465 1708 524; x_wconf 86' lang='lat' dir='ltr'><strong>Meloduneusis.</strong></span> <span class='ocrx_word' id='word_1_11' title='bbox 1732 463 2082 531; x_wconf 66' lang='lat' dir='ltr'><strong>Paris-£628,</strong></span> <span class='ocrx_word' id='word_1_12' title='bbox 2114 463 2169 530; x_wconf 81' lang='grc' dir='ltr'><strong>Α</strong></span> <span class='ocrx_word' id='word_1_13' title='bbox 2198 461 2459 518; x_wconf 90' lang='lat' dir='ltr'><strong>Odonem</strong></span> <span class='ocrx_word' id='word_1_14' title='bbox 2488 461 2799 534; x_wconf 77' lang='lat' dir='ltr'><strong>prodierat,</strong></span> <span class='ocrx_word' id='word_1_15' title='bbox 2829 459 2976 517; x_wconf 82' lang='lat' dir='ltr'><strong>forte</strong></span> <span class='ocrx_word' id='word_1_16' title='bbox 3005 462 3203 516; x_wconf 87' lang='lat' dir='ltr'><strong>tamen</strong></span> <span class='ocrx_word' id='word_1_17' title='bbox 3235 458 3309 515; x_wconf 88' lang='lat' dir='ltr'><strong>ab</strong></span> <span class='ocrx_word' id='word_1_18' title='bbox 3351 457 3461 516; x_wconf 88' lang='lat' dir='ltr'><strong>hoc</strong></span> <span class='ocrx_word' id='word_1_19' title='bbox 3489 457 3617 532; x_wconf 87' lang='lat' dir='ltr'><strong>ipso</strong></span> <span class='ocrx_word' id='word_1_20' title='bbox 3648 456 3830 517; x_wconf 87' lang='lat' dir='ltr'><strong>Odone</strong></span> 
     </span>
    </p>
   </div>
   <div class='ocr_carea' id='block_1_5' title="bbox 449 552 2093 632">
    <p class='ocr_par' dir='ltr' id='par_1_5' title="bbox 449 552 2093 632">
     <span class='ocr_line' id='line_1_5' title="bbox 449 552 2093 632; baseline -0.005 -16"><span class='ocrx_word' id='word_1_21' title='bbox 449 561 502 616; x_wconf 82' lang='grc'><strong>4.</strong></span> <span class='ocrx_word' id='word_1_22' title='bbox 535 561 557 584; x_wconf 82' lang='grc'><strong>¹</strong></span> <span class='ocrx_word' id='word_1_23' title='bbox 587 560 708 616; x_wconf 89' lang='lat' dir='ltr'><strong>Sub</strong></span> <span class='ocrx_word' id='word_1_24' title='bbox 737 560 917 631; x_wconf 85' lang='lat' dir='ltr'><strong>hujus</strong></span> <span class='ocrx_word' id='word_1_25' title='bbox 947 558 1248 632; x_wconf 84' lang='lat' dir='ltr'><strong>scriptoris</strong></span> <span class='ocrx_word' id='word_1_26' title='bbox 1277 556 1513 613; x_wconf 86' lang='lat' dir='ltr'><strong>nomine</strong></span> <span class='ocrx_word' id='word_1_27' title='bbox 1544 554 1796 627; x_wconf 86' lang='lat' dir='ltr'><strong>legimus</strong></span> <span class='ocrx_word' id='word_1_28' title='bbox 1834 552 2093 608; x_wconf 88' lang='lat' dir='ltr'><strong>indicata</strong></span> 
     </span>
    </p>
   </div>
   <div class='ocr_carea' id='block_1_6' title="bbox 445 642 2094 721">
    <p class='ocr_par' dir='ltr' id='par_1_6' title="bbox 445 642 2094 721">
     <span class='ocr_line' id='line_1_6' title="bbox 445 642 2094 721; baseline -0.005 -16"><span class='ocrx_word' id='word_1_29' title='bbox 445 649 601 721; x_wconf 88' lang='lat' dir='ltr'><strong>apud</strong></span> <span class='ocrx_word' id='word_1_30' title='bbox 632 649 1004 705; x_wconf 81' lang='lat' dir='ltr'><strong>Montlaucon</strong></span> <span class='ocrx_word' id='word_1_31' title='bbox 1035 646 1529 705; x_wconf 87' lang='lat' dir='ltr'><strong>Bibliothecarum</strong></span> <span class='ocrx_word' id='word_1_32' title='bbox 1563 659 1694 716; x_wconf 86' lang='lat' dir='ltr'><strong>pag.</strong></span> <span class='ocrx_word' id='word_1_33' title='bbox 1730 642 1887 710; x_wconf 85' lang='grc'><strong>1278,</strong></span> <span class='ocrx_word' id='word_1_34' title='bbox 1913 643 2094 698; x_wconf 82' lang='lat' dir='ltr'><strong>Vitam</strong></span> 
     </span>
    </p>
   </div>
   <div class='ocr_carea' id='block_1_7' title="bbox 443 730 2092 809">
    <p class='ocr_par' dir='ltr' id='par_1_7' title="bbox 443 730 2092 809">
     <span class='ocr_line' id='line_1_7' title="bbox 443 730 2092 809; baseline -0.004 -17"><span class='ocrx_word' id='word_1_35' title='bbox 443 737 499 793; x_wconf 84' lang='lat' dir='ltr'><strong>S.</strong></span> <span class='ocrx_word' id='word_1_36' title='bbox 531 737 710 794; x_wconf 77' lang='lat' dir='ltr'><strong>Mauri</strong></span> <span class='ocrx_word' id='word_1_37' title='bbox 738 741 922 795; x_wconf 86' lang='lat' dir='ltr'><strong>metro</strong></span> <span class='ocrx_word' id='word_1_38' title='bbox 951 741 1008 793; x_wconf 90' lang='lat' dir='ltr'><strong>et</strong></span> <span class='ocrx_word' id='word_1_39' title='bbox 1037 753 1211 809; x_wconf 84' lang='lat' dir='ltr'><strong>prosa</strong></span> <span class='ocrx_word' id='word_1_40' title='bbox 1244 734 1546 806; x_wconf 82' lang='lat' dir='ltr'><strong>scriptam,</strong></span> <span class='ocrx_word' id='word_1_41' title='bbox 1578 747 1757 803; x_wconf 86' lang='lat' dir='ltr'><strong>quam</strong></span> <span class='ocrx_word' id='word_1_42' title='bbox 1791 730 1848 785; x_wconf 91' lang='lat' dir='ltr'><strong>in</strong></span> <span class='ocrx_word' id='word_1_43' title='bbox 1896 730 2092 785; x_wconf 89' lang='lat' dir='ltr'><strong>nescio</strong></span> 
     </span>
    </p>
   </div>
   <div class='ocr_carea' id='block_1_8' title="bbox 443 819 2094 900">
    <p class='ocr_par' dir='ltr' id='par_1_8' title="bbox 443 819 2094 900">
     <span class='ocr_line' id='line_1_8' title="bbox 443 819 2094 900; baseline -0.005 -18"><span class='ocrx_word' id='word_1_44' title='bbox 443 843 562 898; x_wconf 87' lang='lat' dir='ltr'><strong>qua</strong></span> <span class='ocrx_word' id='word_1_45' title='bbox 575 827 595 900; x_wconf 90' lang='lat'><strong>(</strong></span> <span class='ocrx_word' id='word_1_46' title='bbox 602 843 790 900; x_wconf 90' lang='lat' dir='ltr'><strong>neque</strong></span> <span class='ocrx_word' id='word_1_47' title='bbox 809 828 967 883; x_wconf 90' lang='lat' dir='ltr'><strong>enim</strong></span> <span class='ocrx_word' id='word_1_48' title='bbox 988 826 1229 897; x_wconf 80' lang='lat' dir='ltr'><strong>indicat)</strong></span> <span class='ocrx_word' id='word_1_49' title='bbox 1252 823 1472 880; x_wconf 85' lang='lat' dir='ltr'><strong>Gallica</strong></span> <span class='ocrx_word' id='word_1_50' title='bbox 1487 819 1844 877; x_wconf 80' lang='lat' dir='ltr'><strong>Bibliotheca</strong></span> <span class='ocrx_word' id='word_1_51' title='bbox 1866 823 2094 876; x_wconf 75' lang='lat' dir='ltr'><strong>exstare</strong></span> 
     </span>
    </p>
   </div>
   <div class='ocr_carea' id='block_1_9' title="bbox 445 907 2091 989">
    <p class='ocr_par' dir='ltr' id='par_1_9' title="bbox 445 907 2091 989">
     <span class='ocr_line' id='line_1_9' title="bbox 445 907 2091 989; baseline -0.005 -18"><span class='ocrx_word' id='word_1_52' title='bbox 445 916 605 973; x_wconf 82' lang='lat' dir='ltr'><strong>dicit.</strong></span> <span class='ocrx_word' id='word_1_53' title='bbox 641 916 963 989; x_wconf 82' lang='lat' dir='ltr'><strong>Scriptores</strong></span> <span class='ocrx_word' id='word_1_54' title='bbox 992 914 1259 971; x_wconf 75' lang='lat' dir='ltr'><strong>Historiae</strong></span> <span class='ocrx_word' id='word_1_55' title='bbox 1289 910 1582 970; x_wconf 71' lang='lat' dir='ltr'><strong>litterariae</strong></span> <span class='ocrx_word' id='word_1_56' title='bbox 1616 907 1763 965; x_wconf 91' lang='lat' dir='ltr'><strong>Gall.</strong></span> <span class='ocrx_word' id='word_1_57' title='bbox 1798 912 1940 965; x_wconf 90' lang='lat' dir='ltr'><strong>tom.</strong></span> <span class='ocrx_word' id='word_1_58' title='bbox 1967 907 2091 974; x_wconf 87' lang='lat' dir='ltr'><strong>VII,</strong></span> 
     </span>
    </p>
   </div>
   <div class='ocr_carea' id='block_1_10' title="bbox 447 997 2096 1078">
    <p class='ocr_par' dir='ltr' id='par_1_10' title="bbox 447 997 2096 1078">
     <span class='ocr_line' id='line_1_10' title="bbox 447 997 2096 1078; baseline -0.005 -19"><span class='ocrx_word' id='word_1_59' title='bbox 447 1019 580 1078; x_wconf 86' lang='lat' dir='ltr'><strong>pag.</strong></span> <span class='ocrx_word' id='word_1_60' title='bbox 639 1005 763 1073; x_wconf 82' lang='grc'>494,</span> <span class='ocrx_word' id='word_1_61' title='bbox 818 1007 1058 1061; x_wconf 89' lang='lat' dir='ltr'><strong>censent</strong></span> <span class='ocrx_word' id='word_1_62' title='bbox 1102 1002 1296 1058; x_wconf 86' lang='lat' dir='ltr'><strong>Vitam</strong></span> <span class='ocrx_word' id='word_1_63' title='bbox 1347 1000 1508 1056; x_wconf 85' lang='lat' dir='ltr'><strong>illam</strong></span> <span class='ocrx_word' id='word_1_64' title='bbox 1569 999 1627 1055; x_wconf 91' lang='lat' dir='ltr'><strong>S.</strong></span> <span class='ocrx_word' id='word_1_65' title='bbox 1684 997 1870 1053; x_wconf 90' lang='lat' dir='ltr'><strong>Mauri</strong></span> <span class='ocrx_word' id='word_1_66' title='bbox 1922 1011 2096 1068; x_wconf 90' lang='lat' dir='ltr'><strong>prosa</strong></span> 
     </span>
    </p>
   </div>
   <div class='ocr_carea' id='block_1_11' title="bbox 444 1085 2094 1166">
    <p class='ocr_par' dir='ltr' id='par_1_11' title="bbox 444 1085 2094 1166">
     <span class='ocr_line' id='line_1_11' title="bbox 444 1085 2094 1166; baseline -0.007 -17"><span class='ocrx_word' id='word_1_67' title='bbox 444 1093 723 1166; x_wconf 86' lang='lat' dir='ltr'><strong>scriptam</strong></span> <span class='ocrx_word' id='word_1_68' title='bbox 756 1093 929 1150; x_wconf 85' lang='lat' dir='ltr'><strong>aliam</strong></span> <span class='ocrx_word' id='word_1_69' title='bbox 963 1110 1077 1148; x_wconf 91' lang='lat' dir='ltr'><strong>non</strong></span> <span class='ocrx_word' id='word_1_70' title='bbox 1109 1108 1236 1148; x_wconf 89' lang='lat' dir='ltr'><strong>esse</strong></span> <span class='ocrx_word' id='word_1_71' title='bbox 1268 1091 1339 1146; x_wconf 87' lang='lat' dir='ltr'><strong>ab</strong></span> <span class='ocrx_word' id='word_1_72' title='bbox 1370 1107 1438 1145; x_wconf 91' lang='lat' dir='ltr'><strong>ea</strong></span> <span class='ocrx_word' id='word_1_73' title='bbox 1467 1105 1594 1160; x_wconf 69' lang='lat' dir='ltr'><strong>qua:</strong></span> <span class='ocrx_word' id='word_1_74' title='bbox 1618 1088 1745 1159; x_wconf 84' lang='lat' dir='ltr'><strong>jam</strong></span> <span class='ocrx_word' id='word_1_75' title='bbox 1787 1085 1926 1141; x_wconf 90' lang='lat' dir='ltr'><strong>olim</strong></span> <span class='ocrx_word' id='word_1_76' title='bbox 1959 1089 2094 1139; x_wconf 86' lang='lat' dir='ltr'><strong>ante</strong></span> 
     </span>
    </p>
   </div>
   <div class='ocr_carea' id='block_1_12' title="bbox 2200 545 3833 620">
    <p class='ocr_par' dir='ltr' id='par_1_12' title="bbox 2200 545 3833 620">
     <span class='ocr_line' id='line_1_12' title="bbox 2200 545 3833 620; baseline -0.001 -14"><span class='ocrx_word' id='word_1_77' title='bbox 2200 550 2838 608; x_wconf 78' lang='lat' dir='ltr'><strong>recensitam.Alterum</strong></span> <span class='ocrx_word' id='word_1_78' title='bbox 2857 566 2992 605; x_wconf 89' lang='lat' dir='ltr'><strong>vero</strong></span> <span class='ocrx_word' id='word_1_79' title='bbox 3015 553 3199 605; x_wconf 87' lang='lat' dir='ltr'><strong>metro</strong></span> <span class='ocrx_word' id='word_1_80' title='bbox 3226 545 3511 620; x_wconf 88' lang='lat' dir='ltr'><strong>scriptum</strong></span> <span class='ocrx_word' id='word_1_81' title='bbox 3534 546 3833 605; x_wconf 84' lang='lat' dir='ltr'><strong>facilehuic</strong></span> 
     </span>
    </p>
   </div>
   <div class='ocr_carea' id='block_1_13' title="bbox 2202 636 3837 712">
    <p class='ocr_par' dir='ltr' id='par_1_13' title="bbox 2202 636 3837 712">
     <span class='ocr_line' id='line_1_13' title="bbox 2202 636 3837 712; baseline 0 -17"><span class='ocrx_word' id='word_1_82' title='bbox 2202 641 2313 712; x_wconf 89' lang='lat' dir='ltr'><strong>ipsi</strong></span> <span class='ocrx_word' id='word_1_83' title='bbox 2346 639 2532 695; x_wconf 91' lang='lat' dir='ltr'><strong>Odoni</strong></span> <span class='ocrx_word' id='word_1_84' title='bbox 2562 638 2740 695; x_wconf 88' lang='lat' dir='ltr'><strong>tribui</strong></span> <span class='ocrx_word' id='word_1_85' title='bbox 2769 654 2942 711; x_wconf 89' lang='lat' dir='ltr'><strong>posse</strong></span> <span class='ocrx_word' id='word_1_86' title='bbox 2973 640 3232 694; x_wconf 86' lang='lat' dir='ltr'><strong>censent.</strong></span> <span class='ocrx_word' id='word_1_87' title='bbox 3254 637 3492 694; x_wconf 83' lang='lat' dir='ltr'><strong>Monent</strong></span> <span class='ocrx_word' id='word_1_88' title='bbox 3520 636 3761 711; x_wconf 83' lang='lat' dir='ltr'><strong>Insuper</strong></span> <span class='ocrx_word' id='word_1_89' title='bbox 3778 646 3837 695; x_wconf 79' lang='lat' dir='ltr'><strong>ex</strong></span> 
     </span>
    </p>
   </div>
   <div class='ocr_carea' id='block_1_14' title="bbox 2203 725 3833 796">
    <p class='ocr_par' dir='ltr' id='par_1_14' title="bbox 2203 725 3833 796">
     <span class='ocr_line' id='line_1_14' title="bbox 2203 725 3833 796; baseline -0.001 -12"><span class='ocrx_word' id='word_1_90' title='bbox 2203 728 2540 785; x_wconf 83' lang='lat' dir='ltr'><strong>Mubillonio</strong></span> <span class='ocrx_word' id='word_1_91' title='bbox 2572 728 2633 784; x_wconf 90' lang='lat' dir='ltr'><strong>in</strong></span> <span class='ocrx_word' id='word_1_92' title='bbox 2668 730 2824 784; x_wconf 70' lang='lat' dir='ltr'><strong>Actis</strong></span> <span class='ocrx_word' id='word_1_93' title='bbox 2856 727 2959 783; x_wconf 89' lang='lat' dir='ltr'><strong>SS.</strong></span> <span class='ocrx_word' id='word_1_94' title='bbox 3006 725 3519 784; x_wconf 68' lang='lat' dir='ltr'><strong>Benedictinorum</strong></span> <span class='ocrx_word' id='word_1_95' title='bbox 3576 731 3724 783; x_wconf 85' lang='lat' dir='ltr'><strong>tom.</strong></span> <span class='ocrx_word' id='word_1_96' title='bbox 3773 727 3833 796; x_wconf 91' lang='lat' dir='ltr'><strong>II,</strong></span> 
     </span>
    </p>
   </div>
   <div class='ocr_carea' id='block_1_15' title="bbox 2204 814 3837 891">
    <p class='ocr_par' dir='ltr' id='par_1_15' title="bbox 2204 814 3837 891">
     <span class='ocr_line' id='line_1_15' title="bbox 2204 814 3837 891; baseline -0.001 -18"><span class='ocrx_word' id='word_1_97' title='bbox 2204 835 2335 891; x_wconf 82' lang='lat' dir='ltr'><strong>pag.</strong></span> <span class='ocrx_word' id='word_1_98' title='bbox 2368 818 2495 886; x_wconf 86' lang='lat'><strong>596,</strong></span> <span class='ocrx_word' id='word_1_99' title='bbox 2525 817 2751 873; x_wconf 88' lang='lat' dir='ltr'><strong>calamo</strong></span> <span class='ocrx_word' id='word_1_100' title='bbox 2782 816 3049 887; x_wconf 85' lang='lat' dir='ltr'><strong>ejusdem</strong></span> <span class='ocrx_word' id='word_1_101' title='bbox 3079 815 3296 872; x_wconf 91' lang='lat' dir='ltr'><strong>Odonis</strong></span> <span class='ocrx_word' id='word_1_102' title='bbox 3342 814 3543 872; x_wconf 88' lang='lat' dir='ltr'><strong>deberi</strong></span> <span class='ocrx_word' id='word_1_103' title='bbox 3590 815 3837 889; x_wconf 80' lang='lat' dir='ltr'><strong>Respon-</strong></span> 
     </span>
    </p>
   </div>
   <div class='ocr_carea' id='block_1_16' title="bbox 2204 904 3833 978">
    <p class='ocr_par' dir='ltr' id='par_1_16' title="bbox 2204 904 3833 978">
     <span class='ocr_line' id='line_1_16' title="bbox 2204 904 3833 978; baseline -0.001 -16"><span class='ocrx_word' id='word_1_104' title='bbox 2204 908 2358 963; x_wconf 84' lang='lat' dir='ltr'><strong>suria</strong></span> <span class='ocrx_word' id='word_1_105' title='bbox 2383 907 2441 962; x_wconf 88' lang='lat' dir='ltr'><strong>in</strong></span> <span class='ocrx_word' id='word_1_106' title='bbox 2472 905 2753 963; x_wconf 88' lang='lat' dir='ltr'><strong>honorem</strong></span> <span class='ocrx_word' id='word_1_107' title='bbox 2785 906 2848 963; x_wconf 90' lang='lat' dir='ltr'><strong>S.</strong></span> <span class='ocrx_word' id='word_1_108' title='bbox 2887 904 3346 978; x_wconf 84' lang='lat' dir='ltr'><strong>Barolini,primi</strong></span> <span class='ocrx_word' id='word_1_109' title='bbox 3379 904 3611 961; x_wconf 88' lang='lat' dir='ltr'><strong>abbatis</strong></span> <span class='ocrx_word' id='word_1_110' title='bbox 3644 904 3833 962; x_wconf 83' lang='lat' dir='ltr'><strong>Fossa-</strong></span> 
     </span>
    </p>
   </div>
   <div class='ocr_carea' id='block_1_17' title="bbox 2202 994 3834 1068">
    <p class='ocr_par' dir='ltr' id='par_1_17' title="bbox 2202 994 3834 1068">
     <span class='ocr_line' id='line_1_17' title="bbox 2202 994 3834 1068; baseline -0.001 -17"><span class='ocrx_word' id='word_1_111' title='bbox 2202 996 2407 1065; x_wconf 88' lang='lat' dir='ltr'><strong>tensis,</strong></span> <span class='ocrx_word' id='word_1_112' title='bbox 2444 1013 2572 1068; x_wconf 71' lang='lat' dir='ltr'><strong>quis</strong></span> <span class='ocrx_word' id='word_1_113' title='bbox 2602 995 2740 1051; x_wconf 90' lang='lat' dir='ltr'><strong>olim</strong></span> <span class='ocrx_word' id='word_1_114' title='bbox 2789 995 2848 1050; x_wconf 93' lang='lat' dir='ltr'><strong>in</strong></span> <span class='ocrx_word' id='word_1_115' title='bbox 2898 994 3092 1051; x_wconf 85' lang='lat' dir='ltr'><strong>ofﬁcio</strong></span> <span class='ocrx_word' id='word_1_116' title='bbox 3151 994 3283 1051; x_wconf 83' lang='lat' dir='ltr'><strong>festi</strong></span> <span class='ocrx_word' id='word_1_117' title='bbox 3338 994 3605 1065; x_wconf 84' lang='lat' dir='ltr'><strong>ejusdem</strong></span> <span class='ocrx_word' id='word_1_118' title='bbox 3664 995 3834 1051; x_wconf 87' lang='lat' dir='ltr'><strong>sancti</strong></span> 
     </span>
    </p>
   </div>
   <div class='ocr_carea' id='block_1_18' title="bbox 2204 1082 3277 1157">
    <p class='ocr_par' dir='ltr' id='par_1_18' title="bbox 2204 1082 3277 1157">
     <span class='ocr_line' id='line_1_18' title="bbox 2204 1082 3277 1157; baseline -0.001 -18"><span class='ocrx_word' id='word_1_119' title='bbox 2204 1085 2358 1157; x_wconf 85' lang='lat' dir='ltr'><strong>apud</strong></span> <span class='ocrx_word' id='word_1_120' title='bbox 2391 1085 2710 1141; x_wconf 75' lang='lat' dir='ltr'><strong>cmnobitas</strong></span> <span class='ocrx_word' id='word_1_121' title='bbox 2741 1082 2873 1140; x_wconf 89' lang='lat' dir='ltr'><strong>illos</strong></span> <span class='ocrx_word' id='word_1_122' title='bbox 2898 1084 3277 1140; x_wconf 88' lang='lat' dir='ltr'><strong>canebantur.</strong></span> 
     </span>
    </p>
   </div>
   <div class='ocr_carea' id='block_1_19' title="bbox 445 1234 3836 1273">
    <p class='ocr_par' dir='ltr' id='par_1_19' title="bbox 445 1234 3836 1273">
     <span class='ocr_line' id='line_1_19' title="bbox 445 1234 3836 1273; baseline -0.003 0"><span class='ocrx_word' id='word_1_123' title='bbox 445 1234 3836 1273; x_wconf 49' lang='grc' dir='ltr'><em>Μ</em></span> 
     </span>
    </p>
   </div>
   <div class='ocr_carea' id='block_1_20' title="bbox 1347 1362 2961 1458">
    <p class='ocr_par' dir='ltr' id='par_1_20' title="bbox 1347 1362 2961 1458">
     <span class='ocr_line' id='line_1_20' title="bbox 1347 1362 2961 1458; baseline -0.003 0"><span class='ocrx_word' id='word_1_124' title='bbox 1347 1366 1635 1458; x_wconf 89' lang='lat' dir='ltr'><strong>VITA</strong></span> <span class='ocrx_word' id='word_1_125' title='bbox 1703 1362 2159 1457; x_wconf 89' lang='lat' dir='ltr'><strong>DOMINI</strong></span> <span class='ocrx_word' id='word_1_126' title='bbox 2230 1362 2961 1457; x_wconf 83' lang='lat' dir='ltr'><strong>BURCHABDI</strong></span> 
     </span>
    </p>
   </div>
   <div class='ocr_carea' id='block_1_21' title="bbox 1735 1566 2563 1624">
    <p class='ocr_par' dir='ltr' id='par_1_21' title="bbox 1735 1566 2563 1624">
     <span class='ocr_line' id='line_1_21' title="bbox 1735 1566 2563 1624; baseline 0 -3"><span class='ocrx_word' id='word_1_127' title='bbox 1735 1567 2211 1624; x_wconf 83' lang='lat' dir='ltr'><strong>VENERABILIS</strong></span> <span class='ocrx_word' id='word_1_128' title='bbox 2250 1566 2563 1622; x_wconf 82' lang='lat' dir='ltr'><strong>COMITIS.</strong></span> 
     </span>
    </p>
   </div>
   <div class='ocr_carea' id='block_1_22' title="bbox 1163 1717 3125 1810">
    <p class='ocr_par' dir='ltr' id='par_1_22' title="bbox 1163 1717 3125 1810">
     <span class='ocr_line' id='line_1_22' title="bbox 1163 1717 3125 1810; baseline -0.002 -21"><span class='ocrx_word' id='word_1_129' title='bbox 1163 1722 1295 1803; x_wconf 85' lang='lat' dir='ltr'><strong>Qui</strong></span> <span class='ocrx_word' id='word_1_130' title='bbox 1328 1721 1448 1789; x_wconf 88' lang='lat' dir='ltr'><strong>sub</strong></span> <span class='ocrx_word' id='word_1_131' title='bbox 1488 1725 1771 1810; x_wconf 81' lang='lat' dir='ltr'><strong>Hugone</strong></span> <span class='ocrx_word' id='word_1_132' title='bbox 1814 1721 2062 1809; x_wconf 80' lang='lat' dir='ltr'><strong>Capeto</strong></span> <span class='ocrx_word' id='word_1_133' title='bbox 2102 1731 2161 1785; x_wconf 87' lang='lat' dir='ltr'><strong>et</strong></span> <span class='ocrx_word' id='word_1_134' title='bbox 2202 1719 2346 1807; x_wconf 83' lang='lat' dir='ltr'><strong>ejus</strong></span> <span class='ocrx_word' id='word_1_135' title='bbox 2384 1717 2525 1790; x_wconf 81' lang='lat' dir='ltr'><strong>ﬁlio.</strong></span> <span class='ocrx_word' id='word_1_136' title='bbox 2554 1717 2843 1787; x_wconf 80' lang='lat' dir='ltr'><strong>Roberto</strong></span> <span class='ocrx_word' id='word_1_137' title='bbox 2867 1718 3125 1808; x_wconf 81' lang='lat' dir='ltr'><strong>ﬂoruit,</strong></span> 
     </span>
    </p>
   </div>
   <div class='ocr_carea' id='block_1_23' title="bbox 1325 1888 2970 1955">
    <p class='ocr_par' dir='ltr' id='par_1_23' title="bbox 1325 1888 2970 1955">
     <span class='ocr_line' id='line_1_23' title="bbox 1325 1888 2970 1955; baseline -0.002 -1"><span class='ocrx_word' id='word_1_138' title='bbox 1325 1892 1689 1955; x_wconf 81' lang='lat' dir='ltr'><strong>AUCTORE</strong></span> <span class='ocrx_word' id='word_1_139' title='bbox 1732 1892 1997 1953; x_wconf 83' lang='lat' dir='ltr'><strong>ODONE</strong></span> <span class='ocrx_word' id='word_1_140' title='bbox 2040 1888 2418 1952; x_wconf 83' lang='lat' dir='ltr'><strong>MONACHO</strong></span> <span class='ocrx_word' id='word_1_141' title='bbox 2463 1890 2970 1951; x_wconf 83' lang='lat' dir='ltr'><strong>FOSSATENSI.</strong></span> 
     </span>
    </p>
   </div>
   <div class='ocr_carea' id='block_1_24' title="bbox 447 2046 3836 2191">
    <p class='ocr_par' dir='ltr' id='par_1_24' title="bbox 447 2046 3836 2191">
     <span class='ocr_line' id='line_1_24' title="bbox 447 2046 3836 2176; baseline -0 -65"><span class='ocrx_word' id='word_1_142' title='bbox 447 2055 640 2131; x_wconf 82' lang='lat' dir='ltr'><strong>(Apud</strong></span> <span class='ocrx_word' id='word_1_143' title='bbox 666 2053 984 2123; x_wconf 88' lang='lat' dir='ltr'><strong>Duchesn.,</strong></span> <span class='ocrx_word' id='word_1_144' title='bbox 1015 2052 1213 2124; x_wconf 83' lang='lat' dir='ltr'><strong>Script.</strong></span> <span class='ocrx_word' id='word_1_145' title='bbox 1247 2052 1368 2107; x_wconf 82' lang='lat' dir='ltr'><strong>Rer.</strong></span> <span class='ocrx_word' id='word_1_146' title='bbox 1401 2052 1619 2115; x_wconf 82' lang='lat' dir='ltr'><strong>Franc.,</strong></span> <span class='ocrx_word' id='word_1_147' title='bbox 1652 2052 1791 2131; x_wconf 80' lang='lat' dir='ltr'><strong>tom.</strong></span> <span class='ocrx_word' id='word_1_148' title='bbox 1828 2049 1919 2130; x_wconf 70' lang='lat' dir='ltr'><strong>IV,</strong></span> <span class='ocrx_word' id='word_1_149' title='bbox 1939 2063 2083 2176; x_wconf 58' lang='grc' dir='ltr'><strong>ἕεις·</strong></span> <span class='ocrx_word' id='word_1_150' title='bbox 2120 2047 2242 2115; x_wconf 80' lang='grc'><strong>115,</strong></span> <span class='ocrx_word' id='word_1_151' title='bbox 2275 2064 2343 2102; x_wconf 77' lang='lat' dir='ltr'><strong>ex</strong></span> <span class='ocrx_word' id='word_1_152' title='bbox 2372 2047 2629 2131; x_wconf 68' lang='lat' dir='ltr'><strong>editione</strong></span> <span class='ocrx_word' id='word_1_153' title='bbox 2659 2046 2861 2129; x_wconf 77' lang='lat' dir='ltr'><strong>Jacobi</strong></span> <span class='ocrx_word' id='word_1_154' title='bbox 2902 2049 3119 2118; x_wconf 80' lang='lat' dir='ltr'><strong>Brodii,</strong></span> <span class='ocrx_word' id='word_1_155' title='bbox 3154 2050 3423 2107; x_wconf 88' lang='lat' dir='ltr'><strong>monachi</strong></span> <span class='ocrx_word' id='word_1_156' title='bbox 3454 2055 3506 2107; x_wconf 87' lang='lat' dir='ltr'><strong>S.</strong></span> <span class='ocrx_word' id='word_1_157' title='bbox 3564 2052 3836 2111; x_wconf 86' lang='lat' dir='ltr'><strong>Germani</strong></span> 
     </span>
     <span class='ocr_line' id='line_1_25' title="bbox 610 2117 2808 2191; baseline -0 -16"><span class='ocrx_word' id='word_1_158' title='bbox 610 2170 613 2175; x_wconf 77' lang='grc'>,</span> <span class='ocrx_word' id='word_1_159' title='bbox 1060 2154 1061 2157; x_wconf 60' lang='grc' dir='ltr'><strong>η</strong></span> <span class='ocrx_word' id='word_1_160' title='bbox 1508 2122 1579 2177; x_wconf 90' lang='lat' dir='ltr'><strong>de</strong></span> <span class='ocrx_word' id='word_1_161' title='bbox 1610 2122 1817 2189; x_wconf 83' lang='lat' dir='ltr'><strong>Pratis,</strong></span> <span class='ocrx_word' id='word_1_162' title='bbox 1852 2136 1905 2174; x_wconf 80' lang='lat' dir='ltr'><strong>in</strong></span> <span class='ocrx_word' id='word_1_163' title='bbox 1984 2117 2337 2191; x_wconf 88' lang='lat' dir='ltr'><strong>upplement.</strong></span> <span class='ocrx_word' id='word_1_164' title='bbox 2372 2121 2565 2190; x_wconf 83' lang='lat' dir='ltr'><strong>Antiq.</strong></span> <span class='ocrx_word' id='word_1_165' title='bbox 2598 2118 2808 2190; x_wconf 80' lang='lat' dir='ltr'><strong>Paris.)</strong></span> 
     </span>
    </p>
   </div>
   <div class='ocr_carea' id='block_1_25' title="bbox 1508 2119 1905 2189">
    <p class='ocr_par' dir='ltr' id='par_1_25' title="bbox 1508 2119 1905 2189">
     <span class='ocr_line' id='line_1_26' title="bbox 1508 2119 1905 2189; baseline -0.008 -12"><span class='ocrx_word' id='word_1_166' title='bbox 1508 2122 1579 2177; x_wconf 89' lang='lat' dir='ltr'><strong>de</strong></span> <span class='ocrx_word' id='word_1_167' title='bbox 1610 2120 1817 2189; x_wconf 88' lang='lat' dir='ltr'><strong>Pratis,</strong></span> <span class='ocrx_word' id='word_1_168' title='bbox 1852 2119 1905 2174; x_wconf 92' lang='lat' dir='ltr'><strong>in</strong></span> 
     </span>
    </p>
   </div>
   <div class='ocr_carea' id='block_1_26' title="bbox 2064 2117 2808 2192">
    <p class='ocr_par' dir='ltr' id='par_1_26' title="bbox 2064 2117 2808 2192">
     <span class='ocr_line' id='line_1_27' title="bbox 2064 2117 2808 2192; baseline 0 -18"><span class='ocrx_word' id='word_1_169' title='bbox 2064 2117 2337 2192; x_wconf 89' lang='lat' dir='ltr'><strong>plement.</strong></span> <span class='ocrx_word' id='word_1_170' title='bbox 2372 2118 2565 2190; x_wconf 90' lang='lat' dir='ltr'><strong>Antiq.</strong></span> <span class='ocrx_word' id='word_1_171' title='bbox 2598 2118 2808 2190; x_wconf 87' lang='lat' dir='ltr'><strong>Paris.)</strong></span> 
     </span>
    </p>
   </div>
   <div class='ocr_carea' id='block_1_27' title="bbox 1605 2411 2713 2505">
    <p class='ocr_par' dir='ltr' id='par_1_27' title="bbox 1605 2411 2713 2505">
     <span class='ocr_line' id='line_1_28' title="bbox 1605 2411 2713 2505; baseline 0.001 -5"><span class='ocrx_word' id='word_1_172' title='bbox 1605 2415 2017 2505; x_wconf 87' lang='lat' dir='ltr'><strong>INCIPIT</strong></span> <span class='ocrx_word' id='word_1_173' title='bbox 2083 2411 2713 2504; x_wconf 79' lang='lat' dir='ltr'><strong>PROLOGUS</strong></span> 
     </span>
    </p>
   </div>
   <div class='ocr_carea' id='block_1_28' title="bbox 523 2592 3843 2669">
    <p class='ocr_par' dir='ltr' id='par_1_28' title="bbox 523 2592 3843 2669">
     <span class='ocr_line' id='line_1_29' title="bbox 523 2592 3843 2669; baseline 0 -13"><span class='ocrx_word' id='word_1_174' title='bbox 523 2600 919 2669; x_wconf 85' lang='lat' dir='ltr'><strong>Religiosorum</strong></span> <span class='ocrx_word' id='word_1_175' title='bbox 975 2599 1128 2667; x_wconf 86' lang='lat' dir='ltr'><strong>gesta</strong></span> <span class='ocrx_word' id='word_1_176' title='bbox 1182 2598 1461 2662; x_wconf 68' lang='lat' dir='ltr'><strong>virorum,</strong></span> <span class='ocrx_word' id='word_1_177' title='bbox 1522 2595 1632 2649; x_wconf 89' lang='lat' dir='ltr'><strong>vita</strong></span> <span class='ocrx_word' id='word_1_178' title='bbox 1691 2594 1796 2648; x_wconf 90' lang='lat' dir='ltr'><strong>Deo</strong></span> <span class='ocrx_word' id='word_1_179' title='bbox 1854 2592 2103 2662; x_wconf 74' lang='lat' dir='ltr'><strong>ﬁdeliter,</strong></span> <span class='ocrx_word' id='word_1_180' title='bbox 2137 2593 2185 2660; x_wconf 84' lang='grc' dir='ltr'><strong>Β</strong></span> <span class='ocrx_word' id='word_1_181' title='bbox 2207 2594 2646 2663; x_wconf 80' lang='lat' dir='ltr'><strong>persecutionem</strong></span> <span class='ocrx_word' id='word_1_182' title='bbox 2673 2593 2986 2664; x_wconf 83' lang='lat' dir='ltr'><strong>patiuntur,</strong></span> <span class='ocrx_word' id='word_1_183' title='bbox 3010 2594 3134 2665; x_wconf 90' lang='lat' dir='ltr'><strong>jam</strong></span> <span class='ocrx_word' id='word_1_184' title='bbox 3160 2594 3299 2651; x_wconf 86' lang='lat' dir='ltr'><strong>dicto</strong></span> <span class='ocrx_word' id='word_1_185' title='bbox 3329 2596 3442 2653; x_wconf 84' lang='lat' dir='ltr'><strong>loco</strong></span> <span class='ocrx_word' id='word_1_186' title='bbox 3472 2597 3542 2653; x_wconf 86' lang='lat' dir='ltr'><strong>ad</strong></span> <span class='ocrx_word' id='word_1_187' title='bbox 3580 2615 3843 2656; x_wconf 79' lang='lat' dir='ltr'><strong>summam</strong></span> 
     </span>
    </p>
   </div>
   <div class='ocr_carea' id='block_1_29' title="bbox 446 2678 2103 2762">
    <p class='ocr_par' dir='ltr' id='par_1_29' title="bbox 446 2678 2103 2762">
     <span class='ocr_line' id='line_1_30' title="bbox 446 2678 2103 2762; baseline -0.006 -17"><span class='ocrx_word' id='word_1_188' title='bbox 446 2687 804 2762; x_wconf 81' lang='lat' dir='ltr'><strong>placentium,</strong></span> <span class='ocrx_word' id='word_1_189' title='bbox 877 2687 1160 2742; x_wconf 52' lang='lat' dir='ltr'><strong>memoria</strong></span> <span class='ocrx_word' id='word_1_190' title='bbox 1214 2678 1430 2741; x_wconf 78' lang='lat' dir='ltr'><strong>tradere</strong></span> <span class='ocrx_word' id='word_1_191' title='bbox 1476 2687 1821 2754; x_wconf 73' lang='lat' dir='ltr'><strong>posterorum</strong></span> <span class='ocrx_word' id='word_1_192' title='bbox 1876 2681 2103 2752; x_wconf 85' lang='lat' dir='ltr'><strong>dignum</strong></span> 
     </span>
    </p>
   </div>
   <div class='ocr_carea' id='block_1_30' title="bbox 450 2770 2100 2850">
    <p class='ocr_par' dir='ltr' id='par_1_30' title="bbox 450 2770 2100 2850">
     <span class='ocr_line' id='line_1_31' title="bbox 450 2770 2100 2850; baseline -0.006 -15"><span class='ocrx_word' id='word_1_193' title='bbox 450 2782 570 2850; x_wconf 77' lang='lat' dir='ltr'><strong>[ore</strong></span> <span class='ocrx_word' id='word_1_194' title='bbox 598 2784 950 2835; x_wconf 75' lang='lat' dir='ltr'><strong>autumamus</strong></span> <span class='ocrx_word' id='word_1_195' title='bbox 981 2784 1138 2847; x_wconf 69' lang='grc' dir='ltr'><em>αιμισ</em></span> <span class='ocrx_word' id='word_1_196' title='bbox 1155 2774 1547 2847; x_wconf 84' lang='lat' dir='ltr'><strong>justissimum.</strong></span> <span class='ocrx_word' id='word_1_197' title='bbox 1580 2770 2100 2828; x_wconf 84' lang='lat' dir='ltr'><strong>Pertranseuntibus</strong></span> 
     </span>
    </p>
   </div>
   <div class='ocr_carea' id='block_1_31' title="bbox 454 2860 2104 2937">
    <p class='ocr_par' dir='ltr' id='par_1_31' title="bbox 454 2860 2104 2937">
     <span class='ocr_line' id='line_1_32' title="bbox 454 2860 2104 2937; baseline -0.006 -13"><span class='ocrx_word' id='word_1_198' title='bbox 454 2869 607 2923; x_wconf 86' lang='lat' dir='ltr'><strong>enim</strong></span> <span class='ocrx_word' id='word_1_199' title='bbox 635 2866 850 2937; x_wconf 78' lang='lat' dir='ltr'><strong>generis</strong></span> <span class='ocrx_word' id='word_1_200' title='bbox 894 2865 1128 2920; x_wconf 84' lang='lat' dir='ltr'><strong>humani</strong></span> <span class='ocrx_word' id='word_1_201' title='bbox 1173 2863 1447 2929; x_wconf 71' lang='lat' dir='ltr'><strong>aetatibus,</strong></span> <span class='ocrx_word' id='word_1_202' title='bbox 1498 2861 1762 2917; x_wconf 77' lang='lat' dir='ltr'><strong>oblivioni</strong></span> <span class='ocrx_word' id='word_1_203' title='bbox 1808 2860 2104 2916; x_wconf 88' lang='lat' dir='ltr'><strong>traduntur</strong></span> 
     </span>
    </p>
   </div>
   <div class='ocr_carea' id='block_1_32' title="bbox 457 2949 2103 3029">
    <p class='ocr_par' dir='ltr' id='par_1_32' title="bbox 457 2949 2103 3029">
     <span class='ocr_line' id='line_1_33' title="bbox 457 2949 2103 3029; baseline -0.005 -17"><span class='ocrx_word' id='word_1_204' title='bbox 457 2972 577 3029; x_wconf 74' lang='lat' dir='ltr'><strong>quae</strong></span> <span class='ocrx_word' id='word_1_205' title='bbox 602 2962 872 3025; x_wconf 88' lang='lat' dir='ltr'><strong>geruntur</strong></span> <span class='ocrx_word' id='word_1_206' title='bbox 899 2971 933 3009; x_wconf 93' lang='lat' dir='ltr'><strong>a</strong></span> <span class='ocrx_word' id='word_1_207' title='bbox 950 2952 1341 3024; x_wconf 78' lang='lat' dir='ltr'><strong>ﬁdelibus,nisi</strong></span> <span class='ocrx_word' id='word_1_208' title='bbox 1359 2954 1499 3023; x_wconf 81' lang='lat' dir='ltr'><strong>forte</strong></span> <span class='ocrx_word' id='word_1_209' title='bbox 1522 2952 1811 3020; x_wconf 89' lang='lat' dir='ltr'><strong>contigerit</strong></span> <span class='ocrx_word' id='word_1_210' title='bbox 1827 2949 2103 3020; x_wconf 85' lang='lat' dir='ltr'><strong>aliquibus</strong></span> 
     </span>
    </p>
   </div>
   <div class='ocr_carea' id='block_1_33' title="bbox 458 3039 2101 3114">
    <p class='ocr_par' dir='ltr' id='par_1_33' title="bbox 458 3039 2101 3114">
     <span class='ocr_line' id='line_1_34' title="bbox 458 3039 2101 3114; baseline -0.004 -14"><span class='ocrx_word' id='word_1_211' title='bbox 458 3045 797 3102; x_wconf 84' lang='lat' dir='ltr'><strong>membranis</strong></span> <span class='ocrx_word' id='word_1_212' title='bbox 858 3044 1096 3099; x_wconf 82' lang='lat' dir='ltr'><strong>inserere</strong></span> <span class='ocrx_word' id='word_1_213' title='bbox 1123 3057 1241 3114; x_wconf 71' lang='lat' dir='ltr'><strong>qua:</strong></span> <span class='ocrx_word' id='word_1_214' title='bbox 1287 3041 1354 3096; x_wconf 89' lang='lat' dir='ltr'><strong>ab</strong></span> <span class='ocrx_word' id='word_1_215' title='bbox 1384 3040 1536 3112; x_wconf 84' lang='lat' dir='ltr'><strong>ipsis,</strong></span> <span class='ocrx_word' id='word_1_216' title='bbox 1581 3039 1713 3095; x_wconf 87' lang='lat' dir='ltr'><strong>dum</strong></span> <span class='ocrx_word' id='word_1_217' title='bbox 1740 3040 1946 3107; x_wconf 60' lang='lat' dir='ltr'><strong>visunt,</strong></span> <span class='ocrx_word' id='word_1_218' title='bbox 1975 3054 2101 3109; x_wconf 89' lang='lat' dir='ltr'><strong>per-</strong></span> 
     </span>
    </p>
   </div>
   <div class='ocr_carea' id='block_1_34' title="bbox 453 3129 2105 3206">
    <p class='ocr_par' dir='ltr' id='par_1_34' title="bbox 453 3129 2105 3206">
     <span class='ocr_line' id='line_1_35' title="bbox 453 3129 2105 3206; baseline -0.005 -16"><span class='ocrx_word' id='word_1_219' title='bbox 453 3141 694 3206; x_wconf 85' lang='lat' dir='ltr'><strong>aguntur</strong></span> <span class='ocrx_word' id='word_1_220' title='bbox 742 3133 1135 3189; x_wconf 81' lang='lat' dir='ltr'><strong>honestissime.</strong></span> <span class='ocrx_word' id='word_1_221' title='bbox 1209 3131 1578 3186; x_wconf 84' lang='lat' dir='ltr'><strong>Commonitus</strong></span> <span class='ocrx_word' id='word_1_222' title='bbox 1635 3130 1819 3200; x_wconf 79' lang='lat' dir='ltr'><strong>itaque</strong></span> <span class='ocrx_word' id='word_1_223' title='bbox 1872 3129 2105 3182; x_wconf 82' lang='lat' dir='ltr'><strong>Patrum</strong></span> 
     </span>
    </p>
   </div>
   <div class='ocr_carea' id='block_1_35' title="bbox 447 3218 2105 3296">
    <p class='ocr_par' dir='ltr' id='par_1_35' title="bbox 447 3218 2105 3296">
     <span class='ocr_line' id='line_1_36' title="bbox 447 3218 2105 3296; baseline -0.005 -16"><span class='ocrx_word' id='word_1_224' title='bbox 447 3225 704 3296; x_wconf 81' lang='lat' dir='ltr'><strong>priorum</strong></span> <span class='ocrx_word' id='word_1_225' title='bbox 732 3222 1018 3293; x_wconf 78' lang='lat' dir='ltr'><strong>exemplis,</strong></span> <span class='ocrx_word' id='word_1_226' title='bbox 1043 3222 1140 3292; x_wconf 88' lang='lat' dir='ltr'><strong>qui</strong></span> <span class='ocrx_word' id='word_1_227' title='bbox 1167 3219 1239 3274; x_wconf 85' lang='lat' dir='ltr'><strong>de</strong></span> <span class='ocrx_word' id='word_1_228' title='bbox 1263 3219 1452 3275; x_wconf 87' lang='lat' dir='ltr'><strong>multis</strong></span> <span class='ocrx_word' id='word_1_229' title='bbox 1489 3220 1581 3273; x_wconf 89' lang='lat' dir='ltr'><strong>sui</strong></span> <span class='ocrx_word' id='word_1_230' title='bbox 1629 3218 1885 3288; x_wconf 87' lang='lat' dir='ltr'><strong>temporis</strong></span> <span class='ocrx_word' id='word_1_231' title='bbox 1939 3218 2105 3289; x_wconf 83' lang='lat' dir='ltr'><strong>gestis</strong></span> 
     </span>
    </p>
   </div>
   <div class='ocr_carea' id='block_1_36' title="bbox 451 3306 2103 3385">
    <p class='ocr_par' dir='ltr' id='par_1_36' title="bbox 451 3306 2103 3385">
     <span class='ocr_line' id='line_1_37' title="bbox 451 3306 2103 3385; baseline -0.004 -17"><span class='ocrx_word' id='word_1_232' title='bbox 451 3315 699 3385; x_wconf 86' lang='lat' dir='ltr'><strong>plurima</strong></span> <span class='ocrx_word' id='word_1_233' title='bbox 728 3311 885 3365; x_wconf 87' lang='lat' dir='ltr'><strong>nobis</strong></span> <span class='ocrx_word' id='word_1_234' title='bbox 908 3309 1201 3379; x_wconf 89' lang='lat' dir='ltr'><strong>reliquere,</strong></span> <span class='ocrx_word' id='word_1_235' title='bbox 1232 3309 1477 3363; x_wconf 73' lang='lat' dir='ltr'><strong>maxime</strong></span> <span class='ocrx_word' id='word_1_236' title='bbox 1522 3307 1661 3362; x_wconf 84' lang='lat' dir='ltr'><strong>beati</strong></span> <span class='ocrx_word' id='word_1_237' title='bbox 1705 3306 1954 3375; x_wconf 89' lang='lat' dir='ltr'><strong>Gregorii</strong></span> <span class='ocrx_word' id='word_1_238' title='bbox 2002 3306 2103 3361; x_wconf 85' lang='lat' dir='ltr'><strong>Ro-</strong></span> 
     </span>
    </p>
   </div>
   <div class='ocr_carea' id='block_1_37' title="bbox 456 3394 2105 3468">
    <p class='ocr_par' dir='ltr' id='par_1_37' title="bbox 456 3394 2105 3468">
     <span class='ocr_line' id='line_1_38' title="bbox 456 3394 2105 3468; baseline -0.003 -13"><span class='ocrx_word' id='word_1_239' title='bbox 456 3416 636 3455; x_wconf 70' lang='lat' dir='ltr'><strong>manae</strong></span> <span class='ocrx_word' id='word_1_240' title='bbox 672 3398 827 3454; x_wconf 84' lang='lat' dir='ltr'><strong>urbis</strong></span> <span class='ocrx_word' id='word_1_241' title='bbox 870 3397 1174 3468; x_wconf 80' lang='lat' dir='ltr'><strong>apostolici,</strong></span> <span class='ocrx_word' id='word_1_242' title='bbox 1226 3397 1323 3466; x_wconf 86' lang='lat' dir='ltr'><strong>qui</strong></span> <span class='ocrx_word' id='word_1_243' title='bbox 1368 3394 1431 3450; x_wconf 84' lang='lat' dir='ltr'><strong>de</strong></span> <span class='ocrx_word' id='word_1_244' title='bbox 1475 3396 1732 3466; x_wconf 86' lang='lat' dir='ltr'><strong>plurimis</strong></span> <span class='ocrx_word' id='word_1_245' title='bbox 1791 3403 2105 3450; x_wconf 87' lang='lat' dir='ltr'><strong>sanctorum</strong></span> 
     </span>
    </p>
   </div>
   <div class='ocr_carea' id='block_1_38' title="bbox 458 3483 2100 3560">
    <p class='ocr_par' dir='ltr' id='par_1_38' title="bbox 458 3483 2100 3560">
     <span class='ocr_line' id='line_1_39' title="bbox 458 3483 2100 3560; baseline -0.002 -17"><span class='ocrx_word' id='word_1_246' title='bbox 458 3490 620 3560; x_wconf 82' lang='lat' dir='ltr'><strong>gestis</strong></span> <span class='ocrx_word' id='word_1_247' title='bbox 652 3491 764 3541; x_wconf 88' lang='lat' dir='ltr'><strong>tam</strong></span> <span class='ocrx_word' id='word_1_248' title='bbox 794 3487 855 3541; x_wconf 90' lang='lat' dir='ltr'><strong>in</strong></span> <span class='ocrx_word' id='word_1_249' title='bbox 887 3485 1110 3553; x_wconf 89' lang='lat' dir='ltr'><strong>Dialogo</strong></span> <span class='ocrx_word' id='word_1_250' title='bbox 1138 3500 1236 3539; x_wconf 90' lang='lat' dir='ltr'><strong>suo</strong></span> <span class='ocrx_word' id='word_1_251' title='bbox 1262 3500 1425 3554; x_wconf 87' lang='lat' dir='ltr'><strong>quam</strong></span> <span class='ocrx_word' id='word_1_252' title='bbox 1456 3486 1515 3537; x_wconf 89' lang='lat' dir='ltr'><strong>in</strong></span> <span class='ocrx_word' id='word_1_253' title='bbox 1552 3484 1819 3538; x_wconf 89' lang='lat' dir='ltr'><strong>llomeliis</strong></span> <span class='ocrx_word' id='word_1_254' title='bbox 1864 3483 2100 3552; x_wconf 82' lang='lat' dir='ltr'><strong>disserit,</strong></span> 
     </span>
    </p>
   </div>
   <div class='ocr_carea' id='block_1_39' title="bbox 457 3572 2105 3647">
    <p class='ocr_par' dir='ltr' id='par_1_39' title="bbox 457 3572 2105 3647">
     <span class='ocr_line' id='line_1_40' title="bbox 457 3572 2105 3647; baseline -0.004 -14"><span class='ocrx_word' id='word_1_255' title='bbox 457 3575 644 3633; x_wconf 83' lang='lat' dir='ltr'><strong>studui</strong></span> <span class='ocrx_word' id='word_1_256' title='bbox 671 3572 861 3647; x_wconf 88' lang='lat' dir='ltr'><strong>aliqua</strong></span> <span class='ocrx_word' id='word_1_257' title='bbox 885 3572 1153 3644; x_wconf 81' lang='lat' dir='ltr'><strong>fratribus</strong></span> <span class='ocrx_word' id='word_1_258' title='bbox 1180 3572 1506 3627; x_wconf 83' lang='lat' dir='ltr'><strong>Fossatensis</strong></span> <span class='ocrx_word' id='word_1_259' title='bbox 1533 3572 1793 3627; x_wconf 71' lang='lat' dir='ltr'><strong>Ecclesia?</strong></span> <span class='ocrx_word' id='word_1_260' title='bbox 1834 3575 2105 3645; x_wconf 87' lang='lat' dir='ltr'><strong>perscrip-</strong></span> 
     </span>
    </p>
   </div>
   <div class='ocr_carea' id='block_1_40' title="bbox 458 3660 2106 3737">
    <p class='ocr_par' dir='ltr' id='par_1_40' title="bbox 458 3660 2106 3737">
     <span class='ocr_line' id='line_1_41' title="bbox 458 3660 2106 3737; baseline -0.002 -15"><span class='ocrx_word' id='word_1_261' title='bbox 458 3667 603 3733; x_wconf 87' lang='lat' dir='ltr'><strong>bere,</strong></span> <span class='ocrx_word' id='word_1_262' title='bbox 636 3664 871 3737; x_wconf 85' lang='lat' dir='ltr'><strong>qualiter</strong></span> <span class='ocrx_word' id='word_1_263' title='bbox 900 3661 1227 3718; x_wconf 88' lang='lat' dir='ltr'><strong>venerabilis</strong></span> <span class='ocrx_word' id='word_1_264' title='bbox 1258 3676 1429 3716; x_wconf 90' lang='lat' dir='ltr'><strong>comes</strong></span> <span class='ocrx_word' id='word_1_265' title='bbox 1470 3660 1836 3729; x_wconf 85' lang='lat' dir='ltr'><strong>Burchardus,</strong></span> <span class='ocrx_word' id='word_1_266' title='bbox 1885 3660 2106 3733; x_wconf 81' lang='lat' dir='ltr'><strong>ejusque</strong></span> 
     </span>
    </p>
   </div>
   <div class='ocr_carea' id='block_1_41' title="bbox 456 3749 2102 3829">
    <p class='ocr_par' dir='ltr' id='par_1_41' title="bbox 456 3749 2102 3829">
     <span class='ocr_line' id='line_1_42' title="bbox 456 3749 2102 3829; baseline -0.004 -18"><span class='ocrx_word' id='word_1_267' title='bbox 456 3756 606 3829; x_wconf 77' lang='lat' dir='ltr'><strong>ﬁlius</strong></span> <span class='ocrx_word' id='word_1_268' title='bbox 634 3754 839 3826; x_wconf 73' lang='lat' dir='ltr'><strong>praesul</strong></span> <span class='ocrx_word' id='word_1_269' title='bbox 867 3753 1077 3809; x_wconf 84' lang='lat' dir='ltr'><strong>scilicet</strong></span> <span class='ocrx_word' id='word_1_270' title='bbox 1104 3749 1466 3823; x_wconf 86' lang='lat' dir='ltr'><strong>Ragenaldus,</strong></span> <span class='ocrx_word' id='word_1_271' title='bbox 1489 3757 1675 3806; x_wconf 89' lang='lat' dir='ltr'><strong>sancto</strong></span> <span class='ocrx_word' id='word_1_272' title='bbox 1716 3749 1931 3821; x_wconf 85' lang='lat' dir='ltr'><strong>Spiritu</strong></span> <span class='ocrx_word' id='word_1_273' title='bbox 1958 3765 2102 3805; x_wconf 91' lang='lat' dir='ltr'><strong>com-</strong></span> 
     </span>
    </p>
   </div>
   <div class='ocr_carea' id='block_1_42' title="bbox 453 3838 2105 3914">
    <p class='ocr_par' dir='ltr' id='par_1_42' title="bbox 453 3838 2105 3914">
     <span class='ocr_line' id='line_1_43' title="bbox 453 3838 2105 3914; baseline -0.006 -10"><span class='ocrx_word' id='word_1_274' title='bbox 453 3854 724 3914; x_wconf 88' lang='lat' dir='ltr'><strong>monente,</strong></span> <span class='ocrx_word' id='word_1_275' title='bbox 754 3842 998 3900; x_wconf 85' lang='lat' dir='ltr'><strong>eumdem</strong></span> <span class='ocrx_word' id='word_1_276' title='bbox 1028 3842 1206 3897; x_wconf 87' lang='lat' dir='ltr'><strong>locum</strong></span> <span class='ocrx_word' id='word_1_277' title='bbox 1235 3838 1531 3895; x_wconf 87' lang='lat' dir='ltr'><strong>honoribus</strong></span> <span class='ocrx_word' id='word_1_278' title='bbox 1577 3855 1641 3893; x_wconf 86' lang='lat' dir='ltr'><strong>ac</strong></span> <span class='ocrx_word' id='word_1_279' title='bbox 1677 3840 2105 3910; x_wconf 84' lang='lat' dir='ltr'><strong>possessionibus</strong></span> 
     </span>
    </p>
   </div>
   <div class='ocr_carea' id='block_1_43' title="bbox 2213 2681 3845 2759">
    <p class='ocr_par' dir='ltr' id='par_1_43' title="bbox 2213 2681 3845 2759">
     <span class='ocr_line' id='line_1_44' title="bbox 2213 2681 3845 2759; baseline 0.008 -25"><span class='ocrx_word' id='word_1_280' title='bbox 2213 2682 2450 2736; x_wconf 72' lang='lat' dir='ltr'><strong>miseria:</strong></span> <span class='ocrx_word' id='word_1_281' title='bbox 2480 2682 2851 2737; x_wconf 52' lang='lat' dir='ltr'><strong>calamitatem</strong></span> <span class='ocrx_word' id='word_1_282' title='bbox 2875 2681 3167 2752; x_wconf 86' lang='lat' dir='ltr'><strong>decidente,</strong></span> <span class='ocrx_word' id='word_1_283' title='bbox 3197 2692 3493 2757; x_wconf 85' lang='lat' dir='ltr'><strong>antequam</strong></span> <span class='ocrx_word' id='word_1_284' title='bbox 3515 2690 3741 2759; x_wconf 80' lang='lat' dir='ltr'><strong>penitus</strong></span> <span class='ocrx_word' id='word_1_285' title='bbox 3781 2690 3845 2746; x_wconf 79' lang='lat' dir='ltr'><strong>ad</strong></span> 
     </span>
    </p>
   </div>
   <div class='ocr_carea' id='block_1_44' title="bbox 2212 2771 3845 2850">
    <p class='ocr_par' dir='ltr' id='par_1_44' title="bbox 2212 2771 3845 2850">
     <span class='ocr_line' id='line_1_45' title="bbox 2212 2771 3845 2850; baseline 0.007 -26"><span class='ocrx_word' id='word_1_286' title='bbox 2212 2771 2326 2824; x_wconf 86' lang='lat' dir='ltr'><strong>ima</strong></span> <span class='ocrx_word' id='word_1_287' title='bbox 2354 2773 2598 2837; x_wconf 84' lang='lat' dir='ltr'><strong>corruat,</strong></span> <span class='ocrx_word' id='word_1_288' title='bbox 2642 2786 2801 2840; x_wconf 92' lang='lat' dir='ltr'><strong>cogor</strong></span> <span class='ocrx_word' id='word_1_289' title='bbox 2846 2772 3095 2827; x_wconf 84' lang='lat' dir='ltr'><strong>nativum</strong></span> <span class='ocrx_word' id='word_1_290' title='bbox 3136 2773 3449 2846; x_wconf 85' lang='lat' dir='ltr'><strong>relinquere</strong></span> <span class='ocrx_word' id='word_1_291' title='bbox 3495 2777 3697 2847; x_wconf 84' lang='lat' dir='ltr'><strong>solum,</strong></span> <span class='ocrx_word' id='word_1_292' title='bbox 3749 2795 3845 2850; x_wconf 87' lang='lat' dir='ltr'><strong>quo</strong></span> 
     </span>
    </p>
   </div>
   <div class='ocr_carea' id='block_1_45' title="bbox 2206 2858 3842 2933">
    <p class='ocr_par' dir='ltr' id='par_1_45' title="bbox 2206 2858 3842 2933">
     <span class='ocr_line' id='line_1_46' title="bbox 2206 2858 3842 2933; baseline 0.005 -20"><span class='ocrx_word' id='word_1_293' title='bbox 2206 2859 2516 2930; x_wconf 79' lang='lat' dir='ltr'><strong>pueriliter,</strong></span> <span class='ocrx_word' id='word_1_294' title='bbox 2549 2868 2609 2914; x_wconf 88' lang='lat' dir='ltr'><strong>ut</strong></span> <span class='ocrx_word' id='word_1_295' title='bbox 2659 2858 2870 2915; x_wconf 81' lang='lat' dir='ltr'><strong>Christo</strong></span> <span class='ocrx_word' id='word_1_296' title='bbox 2914 2861 3180 2931; x_wconf 88' lang='lat' dir='ltr'><strong>placitum</strong></span> <span class='ocrx_word' id='word_1_297' title='bbox 3221 2863 3350 2933; x_wconf 78' lang='lat' dir='ltr'><strong>fuit,</strong></span> <span class='ocrx_word' id='word_1_298' title='bbox 3401 2863 3665 2922; x_wconf 82' lang='lat' dir='ltr'><strong>educatus</strong></span> <span class='ocrx_word' id='word_1_299' title='bbox 3708 2884 3842 2931; x_wconf 74' lang='lat' dir='ltr'><strong>sum,</strong></span> 
     </span>
    </p>
   </div>
   <div class='ocr_carea' id='block_1_46' title="bbox 2210 2948 3849 3025">
    <p class='ocr_par' dir='ltr' id='par_1_46' title="bbox 2210 2948 3849 3025">
     <span class='ocr_line' id='line_1_47' title="bbox 2210 2948 3849 3025; baseline 0.005 -22"><span class='ocrx_word' id='word_1_300' title='bbox 2210 2948 2487 3003; x_wconf 86' lang='lat' dir='ltr'><strong>Pressuris</strong></span> <span class='ocrx_word' id='word_1_301' title='bbox 2515 2948 2783 3019; x_wconf 79' lang='lat' dir='ltr'><strong>siquidem</strong></span> <span class='ocrx_word' id='word_1_302' title='bbox 2802 2949 3062 3020; x_wconf 83' lang='lat' dir='ltr'><strong>plurimis</strong></span> <span class='ocrx_word' id='word_1_303' title='bbox 3089 2951 3420 3018; x_wconf 82' lang='lat' dir='ltr'><strong>stimulatus,</strong></span> <span class='ocrx_word' id='word_1_304' title='bbox 3442 2955 3849 3025; x_wconf 81' lang='lat' dir='ltr'><strong>infestationum</strong></span> 
     </span>
    </p>
   </div>
   <div class='ocr_carea' id='block_1_47' title="bbox 2203 3037 3849 3116">
    <p class='ocr_par' dir='ltr' id='par_1_47' title="bbox 2203 3037 3849 3116">
     <span class='ocr_line' id='line_1_48' title="bbox 2203 3037 3849 3116; baseline 0.005 -25"><span class='ocrx_word' id='word_1_305' title='bbox 2203 3039 2409 3109; x_wconf 86' lang='lat' dir='ltr'><strong>jacutis</strong></span> <span class='ocrx_word' id='word_1_306' title='bbox 2439 3037 2809 3109; x_wconf 73' lang='lat' dir='ltr'><strong>cotaphizatus</strong></span> <span class='ocrx_word' id='word_1_307' title='bbox 2837 3045 2997 3110; x_wconf 89' lang='lat' dir='ltr'><strong>atque</strong></span> <span class='ocrx_word' id='word_1_308' title='bbox 3018 3041 3483 3110; x_wconf 74' lang='lat' dir='ltr'><strong>fugatus,extems</strong></span> <span class='ocrx_word' id='word_1_309' title='bbox 3509 3047 3676 3116; x_wconf 87' lang='lat' dir='ltr'><strong>cupio</strong></span> <span class='ocrx_word' id='word_1_310' title='bbox 3703 3045 3849 3101; x_wconf 86' lang='lat' dir='ltr'><strong>adire</strong></span> 
     </span>
    </p>
   </div>
   <div class='ocr_carea' id='block_1_48' title="bbox 2210 3127 3853 3206">
    <p class='ocr_par' dir='ltr' id='par_1_48' title="bbox 2210 3127 3853 3206">
     <span class='ocr_line' id='line_1_49' title="bbox 2210 3127 3853 3206; baseline 0.005 -25"><span class='ocrx_word' id='word_1_311' title='bbox 2210 3127 2479 3191; x_wconf 87' lang='lat' dir='ltr'><strong>nationes,</strong></span> <span class='ocrx_word' id='word_1_312' title='bbox 2510 3127 2791 3195; x_wconf 89' lang='lat' dir='ltr'><strong>ignorans,</strong></span> <span class='ocrx_word' id='word_1_313' title='bbox 2825 3128 2964 3181; x_wconf 81' lang='lat' dir='ltr'><strong>sicut</strong></span> <span class='ocrx_word' id='word_1_314' title='bbox 2991 3127 3124 3184; x_wconf 87' lang='lat' dir='ltr'><strong>dicit</strong></span> <span class='ocrx_word' id='word_1_315' title='bbox 3159 3129 3443 3201; x_wconf 80' lang='lat' dir='ltr'><strong>Apostolus</strong></span> <span class='ocrx_word' id='word_1_316' title='bbox 3487 3132 3556 3188; x_wconf 87' lang='lat' dir='ltr'><strong>de</strong></span> <span class='ocrx_word' id='word_1_317' title='bbox 3596 3149 3682 3201; x_wconf 70' lang='lat' dir='ltr'><strong>se,</strong></span> <span class='ocrx_word' id='word_1_318' title='bbox 3730 3134 3853 3206; x_wconf 82' lang='lat' dir='ltr'><strong>quid</strong></span> 
     </span>
    </p>
   </div>
   <div class='ocr_carea' id='block_1_49' title="bbox 2210 3216 3851 3288">
    <p class='ocr_par' dir='ltr' id='par_1_49' title="bbox 2210 3216 3851 3288">
     <span class='ocr_line' id='line_1_50' title="bbox 2210 3216 3851 3288; baseline 0.005 -19"><span class='ocrx_word' id='word_1_319' title='bbox 2210 3216 2352 3270; x_wconf 85' lang='lat' dir='ltr'><strong>mihi</strong></span> <span class='ocrx_word' id='word_1_320' title='bbox 2376 3216 2631 3285; x_wconf 82' lang='lat' dir='ltr'><strong>futurum</strong></span> <span class='ocrx_word' id='word_1_321' title='bbox 2683 3218 2773 3271; x_wconf 87' lang='lat' dir='ltr'><strong>sit.</strong></span> <span class='ocrx_word' id='word_1_322' title='bbox 2829 3217 2955 3281; x_wconf 86' lang='lat' dir='ltr'><strong>Nec,</strong></span> <span class='ocrx_word' id='word_1_323' title='bbox 3011 3217 3108 3273; x_wconf 88' lang='lat' dir='ltr'><strong>hoc</strong></span> <span class='ocrx_word' id='word_1_324' title='bbox 3155 3218 3383 3288; x_wconf 82' lang='lat' dir='ltr'><strong>agendo,</strong></span> <span class='ocrx_word' id='word_1_325' title='bbox 3431 3224 3592 3277; x_wconf 67' lang='lat' dir='ltr'><strong>extra</strong></span> <span class='ocrx_word' id='word_1_326' title='bbox 3636 3224 3851 3280; x_wconf 83' lang='lat' dir='ltr'><strong>Domini</strong></span> 
     </span>
    </p>
   </div>
   <div class='ocr_carea' id='block_1_50' title="bbox 2207 3307 3849 3380">
    <p class='ocr_par' dir='ltr' id='par_1_50' title="bbox 2207 3307 3849 3380">
     <span class='ocr_line' id='line_1_51' title="bbox 2207 3307 3849 3380; baseline 0.005 -21"><span class='ocrx_word' id='word_1_327' title='bbox 2207 3313 2537 3377; x_wconf 73' lang='lat' dir='ltr'><strong>praeceptum</strong></span> <span class='ocrx_word' id='word_1_328' title='bbox 2591 3307 2773 3376; x_wconf 79' lang='lat' dir='ltr'><strong>facere</strong></span> <span class='ocrx_word' id='word_1_329' title='bbox 2822 3307 3162 3379; x_wconf 88' lang='lat' dir='ltr'><strong>pertimesco,</strong></span> <span class='ocrx_word' id='word_1_330' title='bbox 3212 3310 3308 3379; x_wconf 89' lang='lat' dir='ltr'><strong>qui</strong></span> <span class='ocrx_word' id='word_1_331' title='bbox 3359 3326 3485 3365; x_wconf 89' lang='lat' dir='ltr'><strong>suos</strong></span> <span class='ocrx_word' id='word_1_332' title='bbox 3539 3311 3751 3380; x_wconf 77' lang='lat' dir='ltr'><strong>ﬁdeles,</strong></span> <span class='ocrx_word' id='word_1_333' title='bbox 3797 3314 3849 3367; x_wconf 80' lang='lat' dir='ltr'><strong>ut</strong></span> 
     </span>
    </p>
   </div>
   <div class='ocr_carea' id='block_1_51' title="bbox 2212 3395 3853 3468">
    <p class='ocr_par' dir='ltr' id='par_1_51' title="bbox 2212 3395 3853 3468">
     <span class='ocr_line' id='line_1_52' title="bbox 2212 3395 3853 3468; baseline 0.004 -19"><span class='ocrx_word' id='word_1_334' title='bbox 2212 3397 2387 3450; x_wconf 86' lang='lat' dir='ltr'><strong>vitare</strong></span> <span class='ocrx_word' id='word_1_335' title='bbox 2412 3395 2653 3449; x_wconf 73' lang='lat' dir='ltr'><strong>valerent</strong></span> <span class='ocrx_word' id='word_1_336' title='bbox 2679 3395 2888 3451; x_wconf 88' lang='lat' dir='ltr'><strong>rabiem</strong></span> <span class='ocrx_word' id='word_1_337' title='bbox 2909 3398 3367 3468; x_wconf 84' lang='lat' dir='ltr'><strong>persequentium,</strong></span> <span class='ocrx_word' id='word_1_338' title='bbox 3408 3398 3473 3454; x_wconf 86' lang='lat' dir='ltr'><strong>de</strong></span> <span class='ocrx_word' id='word_1_339' title='bbox 3524 3403 3754 3458; x_wconf 85' lang='lat' dir='ltr'><strong>civitate</strong></span> <span class='ocrx_word' id='word_1_340' title='bbox 3796 3403 3853 3458; x_wconf 85' lang='lat' dir='ltr'><strong>in</strong></span> 
     </span>
    </p>
   </div>
   <div class='ocr_carea' id='block_1_52' title="bbox 2213 3484 3854 3561">
    <p class='ocr_par' dir='ltr' id='par_1_52' title="bbox 2213 3484 3854 3561">
     <span class='ocr_line' id='line_1_53' title="bbox 2213 3484 3854 3561; baseline 0.006 -23"><span class='ocrx_word' id='word_1_341' title='bbox 2213 3484 2487 3539; x_wconf 80' lang='lat' dir='ltr'><strong>civitatem</strong></span> <span class='ocrx_word' id='word_1_342' title='bbox 2532 3484 2720 3553; x_wconf 82' lang='lat' dir='ltr'><strong>fugere</strong></span> <span class='ocrx_word' id='word_1_343' title='bbox 2758 3484 2935 3555; x_wconf 85' lang='lat' dir='ltr'><strong>jubet.</strong></span> <span class='ocrx_word' id='word_1_344' title='bbox 2992 3485 3170 3557; x_wconf 84' lang='lat' dir='ltr'><strong>Ipsius</strong></span> <span class='ocrx_word' id='word_1_345' title='bbox 3213 3490 3394 3543; x_wconf 89' lang='lat' dir='ltr'><strong>tamen</strong></span> <span class='ocrx_word' id='word_1_346' title='bbox 3442 3506 3603 3561; x_wconf 86' lang='lat' dir='ltr'><strong>posco</strong></span> <span class='ocrx_word' id='word_1_347' title='bbox 3658 3500 3854 3547; x_wconf 63' lang='lat' dir='ltr'><strong>sancta</strong></span> 
     </span>
    </p>
   </div>
   <div class='ocr_carea' id='block_1_53' title="bbox 2210 3572 3857 3643">
    <p class='ocr_par' dir='ltr' id='par_1_53' title="bbox 2210 3572 3857 3643">
     <span class='ocr_line' id='line_1_54' title="bbox 2210 3572 3857 3643; baseline 0.006 -17"><span class='ocrx_word' id='word_1_348' title='bbox 2210 3572 2605 3629; x_wconf 69' lang='lat' dir='ltr'><strong>misericordia:</strong></span> <span class='ocrx_word' id='word_1_349' title='bbox 2634 3572 3034 3643; x_wconf 67' lang='lat' dir='ltr'><strong>largitatem,,ut</strong></span> <span class='ocrx_word' id='word_1_350' title='bbox 3060 3575 3128 3630; x_wconf 89' lang='lat' dir='ltr'><strong>ab</strong></span> <span class='ocrx_word' id='word_1_351' title='bbox 3147 3575 3385 3632; x_wconf 82' lang='lat' dir='ltr'><strong>hostium</strong></span> <span class='ocrx_word' id='word_1_352' title='bbox 3401 3580 3514 3633; x_wconf 87' lang='lat' dir='ltr'><strong>tam</strong></span> <span class='ocrx_word' id='word_1_353' title='bbox 3542 3579 3857 3636; x_wconf 84' lang='lat' dir='ltr'><strong>visibilium</strong></span> 
     </span>
    </p>
   </div>
   <div class='ocr_carea' id='block_1_54' title="bbox 2214 3662 3860 3741">
    <p class='ocr_par' dir='ltr' id='par_1_54' title="bbox 2214 3662 3860 3741">
     <span class='ocr_line' id='line_1_55' title="bbox 2214 3662 3860 3741; baseline 0.005 -24"><span class='ocrx_word' id='word_1_354' title='bbox 2214 3678 2378 3734; x_wconf 87' lang='lat' dir='ltr'><strong>quam</strong></span> <span class='ocrx_word' id='word_1_355' title='bbox 2422 3662 2727 3717; x_wconf 80' lang='lat' dir='ltr'><strong>visibilium</strong></span> <span class='ocrx_word' id='word_1_356' title='bbox 2782 3664 3006 3719; x_wconf 86' lang='lat' dir='ltr'><strong>incursu</strong></span> <span class='ocrx_word' id='word_1_357' title='bbox 3051 3668 3296 3736; x_wconf 89' lang='lat' dir='ltr'><strong>ereptum</strong></span> <span class='ocrx_word' id='word_1_358' title='bbox 3333 3667 3547 3737; x_wconf 81' lang='lat' dir='ltr'><strong>jugiter</strong></span> <span class='ocrx_word' id='word_1_359' title='bbox 3603 3667 3860 3741; x_wconf 78' lang='lat' dir='ltr'><strong>dignetur</strong></span> 
     </span>
    </p>
   </div>
   <div class='ocr_carea' id='block_1_55' title="bbox 2208 3753 3857 3825">
    <p class='ocr_par' dir='ltr' id='par_1_55' title="bbox 2208 3753 3857 3825">
     <span class='ocr_line' id='line_1_56' title="bbox 2208 3753 3857 3825; baseline 0.005 -20"><span class='ocrx_word' id='word_1_360' title='bbox 2208 3755 2509 3823; x_wconf 84' lang='lat' dir='ltr'><strong>protegere,</strong></span> <span class='ocrx_word' id='word_1_361' title='bbox 2541 3767 2698 3821; x_wconf 87' lang='lat' dir='ltr'><strong>quem</strong></span> <span class='ocrx_word' id='word_1_362' title='bbox 2716 3753 2953 3822; x_wconf 85' lang='lat' dir='ltr'><strong>pretioso</strong></span> <span class='ocrx_word' id='word_1_363' title='bbox 2981 3754 3073 3807; x_wconf 91' lang='lat' dir='ltr'><strong>sui</strong></span> <span class='ocrx_word' id='word_1_364' title='bbox 3097 3756 3275 3810; x_wconf 87' lang='lat' dir='ltr'><strong>sancti</strong></span> <span class='ocrx_word' id='word_1_365' title='bbox 3301 3758 3596 3825; x_wconf 81' lang='lat' dir='ltr'><strong>sanguinis</strong></span> <span class='ocrx_word' id='word_1_366' title='bbox 3637 3757 3857 3815; x_wconf 80' lang='lat' dir='ltr'><strong>redemit</strong></span> 
     </span>
    </p>
   </div>
   <div class='ocr_carea' id='block_1_56' title="bbox 2212 3840 3861 3914">
    <p class='ocr_par' dir='ltr' id='par_1_56' title="bbox 2212 3840 3861 3914">
     <span class='ocr_line' id='line_1_57' title="bbox 2212 3840 3861 3914; baseline 0.005 -19"><span class='ocrx_word' id='word_1_367' title='bbox 2212 3856 2422 3896; x_wconf 88' lang='lat' dir='ltr'><strong>cruore.</strong></span> <span class='ocrx_word' id='word_1_368' title='bbox 2455 3840 2756 3910; x_wconf 81' lang='lat' dir='ltr'><strong>Antequam</strong></span> <span class='ocrx_word' id='word_1_369' title='bbox 2791 3857 2915 3914; x_wconf 90' lang='lat' dir='ltr'><strong>ergo</strong></span> <span class='ocrx_word' id='word_1_370' title='bbox 2963 3844 3179 3899; x_wconf 86' lang='lat' dir='ltr'><strong>itineris</strong></span> <span class='ocrx_word' id='word_1_371' title='bbox 3205 3860 3300 3900; x_wconf 88' lang='lat' dir='ltr'><strong>seu</strong></span> <span class='ocrx_word' id='word_1_372' title='bbox 3334 3848 3666 3903; x_wconf 87' lang='lat' dir='ltr'><strong>mutationis</strong></span> <span class='ocrx_word' id='word_1_373' title='bbox 3712 3863 3861 3904; x_wconf 64' lang='grc' dir='ltr'><strong>ωηο</strong></span> 
     </span>
    </p>
   </div>
   <div class='ocr_carea' id='block_1_57' title="bbox 452 3928 3863 4028">
    <p class='ocr_par' dir='ltr' id='par_1_57' title="bbox 452 3928 3863 4028">
     <span class='ocr_line' id='line_1_58' title="bbox 452 3928 3863 4028; baseline 0 -38"><span class='ocrx_word' id='word_1_374' title='bbox 452 3935 915 3999; x_wconf 84' lang='lat' dir='ltr'><strong>sublimaverunt,</strong></span> <span class='ocrx_word' id='word_1_375' title='bbox 940 3939 1137 4028; x_wconf 57' lang='lat' dir='ltr'><strong>_atque</strong></span> <span class='ocrx_word' id='word_1_376' title='bbox 1184 3928 1561 4028; x_wconf 67' lang='lat' dir='ltr'><strong>postmodum,</strong></span> <span class='ocrx_word' id='word_1_377' title='bbox 1624 3929 2102 4028; x_wconf 75' lang='lat' dir='ltr'><strong>appropinquante</strong></span> <span class='ocrx_word' id='word_1_378' title='bbox 2129 3962 2173 4028; x_wconf 58' lang='grc' dir='ltr'>ϐ</span> <span class='ocrx_word' id='word_1_379' title='bbox 2212 3947 2360 3985; x_wconf 88' lang='lat' dir='ltr'><strong>mam</strong></span> <span class='ocrx_word' id='word_1_380' title='bbox 2415 3929 2673 4028; x_wconf 79' lang='lat' dir='ltr'><strong>laborem,</strong></span> <span class='ocrx_word' id='word_1_381' title='bbox 2730 3930 2832 3987; x_wconf 87' lang='lat' dir='ltr'><strong>hoc</strong></span> <span class='ocrx_word' id='word_1_382' title='bbox 2876 3934 3139 4004; x_wconf 88' lang='lat' dir='ltr'><strong>scriptum</strong></span> <span class='ocrx_word' id='word_1_383' title='bbox 3170 3934 3293 4005; x_wconf 86' lang='lat' dir='ltr'><strong>jam</strong></span> <span class='ocrx_word' id='word_1_384' title='bbox 3335 3934 3496 3991; x_wconf 59' lang='lat' dir='ltr'><strong>dicta</strong></span> <span class='ocrx_word' id='word_1_385' title='bbox 3552 3936 3863 3993; x_wconf 75' lang='lat' dir='ltr'><strong>Fossatensi</strong></span> 
     </span>
    </p>
   </div>
   <div class='ocr_carea' id='block_1_58' title="bbox 454 4018 3861 4095">
    <p class='ocr_par' dir='ltr' id='par_1_58' title="bbox 454 4018 3861 4095">
     <span class='ocr_line' id='line_1_59' title="bbox 454 4018 3861 4095; baseline 0.001 -18"><span class='ocrx_word' id='word_1_386' title='bbox 454 4023 582 4092; x_wconf 79' lang='lat' dir='ltr'><strong>ﬁne,</strong></span> <span class='ocrx_word' id='word_1_387' title='bbox 613 4022 903 4091; x_wconf 88' lang='lat' dir='ltr'><strong>religionis</strong></span> <span class='ocrx_word' id='word_1_388' title='bbox 932 4020 1141 4075; x_wconf 86' lang='lat' dir='ltr'><strong>habitu.</strong></span> <span class='ocrx_word' id='word_1_389' title='bbox 1173 4020 1332 4082; x_wconf 88' lang='lat' dir='ltr'><strong>Nam,</strong></span> <span class='ocrx_word' id='word_1_390' title='bbox 1366 4019 1491 4073; x_wconf 86' lang='lat' dir='ltr'><strong>licet</strong></span> <span class='ocrx_word' id='word_1_391' title='bbox 1521 4019 1693 4073; x_wconf 91' lang='lat' dir='ltr'><strong>multa</strong></span> <span class='ocrx_word' id='word_1_392' title='bbox 1734 4033 1922 4072; x_wconf 74' lang='lat' dir='ltr'><strong>eorum</strong></span> <span class='ocrx_word' id='word_1_393' title='bbox 1970 4018 2100 4073; x_wconf 85' lang='lat' dir='ltr'><strong>bene</strong></span> <span class='ocrx_word' id='word_1_394' title='bbox 2136 4018 2171 4028; x_wconf 86' lang='lat'><strong>&quot;</strong></span> <span class='ocrx_word' id='word_1_395' title='bbox 2209 4020 2470 4076; x_wconf 74' lang='lat' dir='ltr'><strong>Ecclesiae</strong></span> <span class='ocrx_word' id='word_1_396' title='bbox 2519 4018 2710 4074; x_wconf 82' lang='lat' dir='ltr'><strong>studui</strong></span> <span class='ocrx_word' id='word_1_397' title='bbox 2773 4022 3101 4093; x_wconf 87' lang='lat' dir='ltr'><strong>relinquere,</strong></span> <span class='ocrx_word' id='word_1_398' title='bbox 3158 4027 3217 4079; x_wconf 89' lang='lat' dir='ltr'><strong>ut</strong></span> <span class='ocrx_word' id='word_1_399' title='bbox 3279 4026 3500 4095; x_wconf 82' lang='lat' dir='ltr'><strong>fratres,</strong></span> <span class='ocrx_word' id='word_1_400' title='bbox 3564 4027 3861 4083; x_wconf 76' lang='lat' dir='ltr'><strong>devotionis</strong></span> 
     </span>
    </p>
   </div>
   <div class='ocr_carea' id='block_1_59' title="bbox 452 4106 2101 4180">
    <p class='ocr_par' dir='ltr' id='par_1_59' title="bbox 452 4106 2101 4180">
     <span class='ocr_line' id='line_1_60' title="bbox 452 4106 2101 4180; baseline -0.004 -14"><span class='ocrx_word' id='word_1_401' title='bbox 452 4117 603 4180; x_wconf 84' lang='lat' dir='ltr'><strong>gesta</strong></span> <span class='ocrx_word' id='word_1_402' title='bbox 631 4110 734 4165; x_wconf 84' lang='lat' dir='ltr'><strong>hac</strong></span> <span class='ocrx_word' id='word_1_403' title='bbox 757 4111 947 4164; x_wconf 87' lang='lat' dir='ltr'><strong>nostra</strong></span> <span class='ocrx_word' id='word_1_404' title='bbox 975 4116 1142 4164; x_wconf 58' lang='lat' dir='ltr'><strong>aetate</strong></span> <span class='ocrx_word' id='word_1_405' title='bbox 1195 4108 1467 4163; x_wconf 85' lang='lat' dir='ltr'><strong>oblivione</strong></span> <span class='ocrx_word' id='word_1_406' title='bbox 1513 4109 1625 4163; x_wconf 86' lang='lat' dir='ltr'><strong>sint</strong></span> <span class='ocrx_word' id='word_1_407' title='bbox 1675 4106 1873 4173; x_wconf 87' lang='lat' dir='ltr'><strong>deleta,</strong></span> <span class='ocrx_word' id='word_1_408' title='bbox 1922 4123 2101 4178; x_wconf 88' lang='lat' dir='ltr'><strong>pauca</strong></span> 
     </span>
    </p>
   </div>
   <div class='ocr_carea' id='block_1_60' title="bbox 452 4195 2103 4269">
    <p class='ocr_par' dir='ltr' id='par_1_60' title="bbox 452 4195 2103 4269">
     <span class='ocr_line' id='line_1_61' title="bbox 452 4195 2103 4269; baseline -0.002 -14"><span class='ocrx_word' id='word_1_409' title='bbox 452 4202 656 4269; x_wconf 86' lang='lat' dir='ltr'><strong>tamen,</strong></span> <span class='ocrx_word' id='word_1_410' title='bbox 687 4211 814 4269; x_wconf 69' lang='lat' dir='ltr'><strong>quae</strong></span> <span class='ocrx_word' id='word_1_411' title='bbox 844 4195 1021 4251; x_wconf 87' lang='lat' dir='ltr'><strong>adhuc</strong></span> <span class='ocrx_word' id='word_1_412' title='bbox 1047 4197 1283 4267; x_wconf 87' lang='lat' dir='ltr'><strong>perspici</strong></span> <span class='ocrx_word' id='word_1_413' title='bbox 1306 4204 1535 4266; x_wconf 88' lang='lat' dir='ltr'><strong>possunt</strong></span> <span class='ocrx_word' id='word_1_414' title='bbox 1581 4200 1631 4251; x_wconf 88' lang='lat' dir='ltr'><strong>et</strong></span> <span class='ocrx_word' id='word_1_415' title='bbox 1683 4210 1808 4266; x_wconf 59' lang='lat' dir='ltr'><strong>qum</strong></span> <span class='ocrx_word' id='word_1_416' title='bbox 1858 4195 1924 4251; x_wconf 87' lang='lat' dir='ltr'><strong>ab</strong></span> <span class='ocrx_word' id='word_1_417' title='bbox 1969 4200 2103 4252; x_wconf 86' lang='lat' dir='ltr'><strong>ante</strong></span> 
     </span>
    </p>
   </div>
   <div class='ocr_carea' id='block_1_61' title="bbox 451 4284 2100 4359">
    <p class='ocr_par' dir='ltr' id='par_1_61' title="bbox 451 4284 2100 4359">
     <span class='ocr_line' id='line_1_62' title="bbox 451 4284 2100 4359; baseline -0.003 -15"><span class='ocrx_word' id='word_1_418' title='bbox 451 4289 601 4343; x_wconf 86' lang='lat' dir='ltr'><strong>natis</strong></span> <span class='ocrx_word' id='word_1_419' title='bbox 628 4287 895 4359; x_wconf 82' lang='lat' dir='ltr'><strong>comperi,</strong></span> <span class='ocrx_word' id='word_1_420' title='bbox 927 4284 991 4339; x_wconf 88' lang='lat' dir='ltr'><strong>ob</strong></span> <span class='ocrx_word' id='word_1_421' title='bbox 1022 4300 1209 4339; x_wconf 89' lang='lat' dir='ltr'><strong>eorum</strong></span> <span class='ocrx_word' id='word_1_422' title='bbox 1234 4288 1557 4355; x_wconf 88' lang='lat' dir='ltr'><strong>perpetuum</strong></span> <span class='ocrx_word' id='word_1_423' title='bbox 1586 4285 1901 4340; x_wconf 88' lang='lat' dir='ltr'><strong>memoriale</strong></span> <span class='ocrx_word' id='word_1_424' title='bbox 1930 4302 2100 4340; x_wconf 90' lang='lat' dir='ltr'><strong>reme-</strong></span> 
     </span>
    </p>
   </div>
   <div class='ocr_carea' id='block_1_62' title="bbox 448 4375 2102 4446">
    <p class='ocr_par' dir='ltr' id='par_1_62' title="bbox 448 4375 2102 4446">
     <span class='ocr_line' id='line_1_63' title="bbox 448 4375 2102 4446; baseline -0.004 -12"><span class='ocrx_word' id='word_1_425' title='bbox 448 4376 944 4446; x_wconf 85' lang='lat' dir='ltr'><strong>morandum,stylo</strong></span> <span class='ocrx_word' id='word_1_426' title='bbox 972 4388 1293 4445; x_wconf 86' lang='lat' dir='ltr'><strong>percurrere</strong></span> <span class='ocrx_word' id='word_1_427' title='bbox 1320 4389 1578 4445; x_wconf 86' lang='lat' dir='ltr'><strong>aggresus</strong></span> <span class='ocrx_word' id='word_1_428' title='bbox 1606 4375 1816 4429; x_wconf 88' lang='lat' dir='ltr'><strong>sum.At</strong></span> <span class='ocrx_word' id='word_1_429' title='bbox 1844 4376 2102 4444; x_wconf 89' lang='lat' dir='ltr'><strong>quoniam</strong></span> 
     </span>
    </p>
   </div>
   <div class='ocr_carea' id='block_1_63' title="bbox 449 4461 2103 4534">
    <p class='ocr_par' dir='ltr' id='par_1_63' title="bbox 449 4461 2103 4534">
     <span class='ocr_line' id='line_1_64' title="bbox 449 4461 2103 4534; baseline -0.002 -13"><span class='ocrx_word' id='word_1_430' title='bbox 449 4465 746 4523; x_wconf 86' lang='lat' dir='ltr'><strong>secundum</strong></span> <span class='ocrx_word' id='word_1_431' title='bbox 792 4463 1017 4519; x_wconf 90' lang='lat' dir='ltr'><strong>Domini</strong></span> <span class='ocrx_word' id='word_1_432' title='bbox 1061 4461 1289 4530; x_wconf 89' lang='lat' dir='ltr'><strong>dictum,</strong></span> <span class='ocrx_word' id='word_1_433' title='bbox 1334 4461 1647 4517; x_wconf 84' lang='lat' dir='ltr'><strong>abundante</strong></span> <span class='ocrx_word' id='word_1_434' title='bbox 1704 4463 1995 4534; x_wconf 87' lang='lat' dir='ltr'><strong>iniquitate</strong></span> <span class='ocrx_word' id='word_1_435' title='bbox 2051 4467 2103 4517; x_wconf 90' lang='lat' dir='ltr'><strong>et</strong></span> 
     </span>
    </p>
   </div>
   <div class='ocr_carea' id='block_1_64' title="bbox 451 4551 2103 4628">
    <p class='ocr_par' dir='ltr' id='par_1_64' title="bbox 451 4551 2103 4628">
     <span class='ocr_line' id='line_1_65' title="bbox 451 4551 2103 4628; baseline -0.003 -16"><span class='ocrx_word' id='word_1_436' title='bbox 451 4557 830 4628; x_wconf 77' lang='lat' dir='ltr'><strong>refrigescente</strong></span> <span class='ocrx_word' id='word_1_437' title='bbox 862 4552 1153 4622; x_wconf 86' lang='lat' dir='ltr'><strong>charitate,</strong></span> <span class='ocrx_word' id='word_1_438' title='bbox 1186 4566 1368 4607; x_wconf 90' lang='lat' dir='ltr'><strong>omnes</strong></span> <span class='ocrx_word' id='word_1_439' title='bbox 1415 4551 1512 4622; x_wconf 91' lang='lat' dir='ltr'><strong>qui</strong></span> <span class='ocrx_word' id='word_1_440' title='bbox 1538 4552 1632 4621; x_wconf 88' lang='lat' dir='ltr'><strong>pie</strong></span> <span class='ocrx_word' id='word_1_441' title='bbox 1688 4551 1875 4606; x_wconf 85' lang='lat' dir='ltr'><strong>volunt</strong></span> <span class='ocrx_word' id='word_1_442' title='bbox 1923 4553 2103 4607; x_wconf 83' lang='lat' dir='ltr'><strong>vivere</strong></span> 
     </span>
    </p>
   </div>
   <div class='ocr_carea' id='block_1_65' title="bbox 2208 4107 3860 4182">
    <p class='ocr_par' dir='ltr' id='par_1_65' title="bbox 2208 4107 3860 4182">
     <span class='ocr_line' id='line_1_66' title="bbox 2208 4107 3860 4182; baseline 0.006 -19"><span class='ocrx_word' id='word_1_443' title='bbox 2208 4117 2385 4181; x_wconf 74' lang='lat' dir='ltr'><strong>atquae</strong></span> <span class='ocrx_word' id='word_1_444' title='bbox 2413 4117 2615 4165; x_wconf 72' lang='lat' dir='ltr'><strong>sanctae</strong></span> <span class='ocrx_word' id='word_1_445' title='bbox 2645 4107 2951 4166; x_wconf 82' lang='lat' dir='ltr'><strong>dilectionis</strong></span> <span class='ocrx_word' id='word_1_446' title='bbox 2978 4127 3219 4168; x_wconf 89' lang='lat' dir='ltr'><strong>amorem</strong></span> <span class='ocrx_word' id='word_1_447' title='bbox 3246 4115 3393 4168; x_wconf 88' lang='lat' dir='ltr'><strong>circa</strong></span> <span class='ocrx_word' id='word_1_448' title='bbox 3419 4118 3860 4182; x_wconf 72' lang='lat' dir='ltr'><strong>meexhibenles,</strong></span> 
     </span>
    </p>
   </div>
   <div class='ocr_carea' id='block_1_66' title="bbox 2209 4197 3859 4273">
    <p class='ocr_par' dir='ltr' id='par_1_66' title="bbox 2209 4197 3859 4273">
     <span class='ocr_line' id='line_1_67' title="bbox 2209 4197 3859 4273; baseline 0.004 -21"><span class='ocrx_word' id='word_1_449' title='bbox 2209 4197 2341 4254; x_wconf 85' lang='lat' dir='ltr'><strong>dum</strong></span> <span class='ocrx_word' id='word_1_450' title='bbox 2369 4198 2512 4254; x_wconf 90' lang='lat' dir='ltr'><strong>docti</strong></span> <span class='ocrx_word' id='word_1_451' title='bbox 2540 4197 2606 4252; x_wconf 89' lang='lat' dir='ltr'><strong>ab</strong></span> <span class='ocrx_word' id='word_1_452' title='bbox 2624 4197 2841 4255; x_wconf 87' lang='lat' dir='ltr'><strong>indocto</strong></span> <span class='ocrx_word' id='word_1_453' title='bbox 2855 4202 3198 4272; x_wconf 88' lang='lat' dir='ltr'><strong>perceperint</strong></span> <span class='ocrx_word' id='word_1_454' title='bbox 3218 4202 3379 4258; x_wconf 89' lang='lat' dir='ltr'><strong>verba</strong></span> <span class='ocrx_word' id='word_1_455' title='bbox 3398 4203 3569 4273; x_wconf 80' lang='lat' dir='ltr'><strong>huius</strong></span> <span class='ocrx_word' id='word_1_456' title='bbox 3594 4205 3859 4269; x_wconf 80' lang='lat' dir='ltr'><strong>lectionis,</strong></span> 
     </span>
    </p>
   </div>
   <div class='ocr_carea' id='block_1_67' title="bbox 2207 4287 3866 4363">
    <p class='ocr_par' dir='ltr' id='par_1_67' title="bbox 2207 4287 3866 4363">
     <span class='ocr_line' id='line_1_68' title="bbox 2207 4287 3866 4363; baseline 0.003 -21"><span class='ocrx_word' id='word_1_457' title='bbox 2207 4288 2321 4342; x_wconf 82' lang='lat' dir='ltr'><strong>sint</strong></span> <span class='ocrx_word' id='word_1_458' title='bbox 2375 4303 2637 4343; x_wconf 84' lang='lat' dir='ltr'><strong>memores</strong></span> <span class='ocrx_word' id='word_1_459' title='bbox 2693 4287 2893 4344; x_wconf 86' lang='lat' dir='ltr'><strong>Odonis</strong></span> <span class='ocrx_word' id='word_1_460' title='bbox 2944 4293 3267 4360; x_wconf 85' lang='lat' dir='ltr'><strong>peccatoris,</strong></span> <span class='ocrx_word' id='word_1_461' title='bbox 3333 4300 3612 4363; x_wconf 84' lang='lat' dir='ltr'><strong>quatenus</strong></span> <span class='ocrx_word' id='word_1_462' title='bbox 3680 4309 3866 4349; x_wconf 70' lang='lat' dir='ltr'><strong>eorum</strong></span> 
     </span>
    </p>
   </div>
   <div class='ocr_carea' id='block_1_68' title="bbox 2208 4376 3868 4454">
    <p class='ocr_par' dir='ltr' id='par_1_68' title="bbox 2208 4376 3868 4454">
     <span class='ocr_line' id='line_1_69' title="bbox 2208 4376 3868 4454; baseline 0.002 -22"><span class='ocrx_word' id='word_1_463' title='bbox 2208 4377 2413 4432; x_wconf 86' lang='lat' dir='ltr'><strong>sanctis</strong></span> <span class='ocrx_word' id='word_1_464' title='bbox 2440 4376 2688 4447; x_wconf 83' lang='lat' dir='ltr'><strong>precibus</strong></span> <span class='ocrx_word' id='word_1_465' title='bbox 2707 4393 2923 4434; x_wconf 87' lang='lat' dir='ltr'><strong>merear</strong></span> <span class='ocrx_word' id='word_1_466' title='bbox 2945 4383 3066 4451; x_wconf 80' lang='lat' dir='ltr'><strong>post</strong></span> <span class='ocrx_word' id='word_1_467' title='bbox 3096 4389 3324 4437; x_wconf 86' lang='lat' dir='ltr'><strong>mortem</strong></span> <span class='ocrx_word' id='word_1_468' title='bbox 3367 4383 3556 4438; x_wconf 89' lang='lat' dir='ltr'><strong>carnis</strong></span> <span class='ocrx_word' id='word_1_469' title='bbox 3610 4381 3868 4454; x_wconf 81' lang='lat' dir='ltr'><strong>consequi</strong></span> 
     </span>
    </p>
   </div>
   <div class='ocr_carea' id='block_1_69' title="bbox 2215 4465 3262 4537">
    <p class='ocr_par' dir='ltr' id='par_1_69' title="bbox 2215 4465 3262 4537">
     <span class='ocr_line' id='line_1_70' title="bbox 2215 4465 3262 4537; baseline 0.006 -18"><span class='ocrx_word' id='word_1_470' title='bbox 2215 4465 2465 4520; x_wconf 84' lang='lat' dir='ltr'><strong>bravium</strong></span> <span class='ocrx_word' id='word_1_471' title='bbox 2492 4468 2715 4523; x_wconf 57' lang='lat' dir='ltr'><strong>aeterne</strong></span> <span class='ocrx_word' id='word_1_472' title='bbox 2732 4467 3043 4537; x_wconf 81' lang='lat' dir='ltr'><strong>felicitatis.</strong></span> <span class='ocrx_word' id='word_1_473' title='bbox 3072 4469 3262 4526; x_wconf 85' lang='lat' dir='ltr'><strong>Amen.</strong></span> 
     </span>
    </p>
   </div>
   <div class='ocr_carea' id='block_1_70' title="bbox 1842 4692 2475 4741">
    <p class='ocr_par' dir='ltr' id='par_1_70' title="bbox 1842 4692 2475 4741">
     <span class='ocr_line' id='line_1_71' title="bbox 1842 4692 2475 4741; baseline 0.008 -5"><span class='ocrx_word' id='word_1_474' title='bbox 1842 4692 1919 4737; x_wconf 79' lang='lat' dir='ltr'><strong>EX</strong></span> <span class='ocrx_word' id='word_1_475' title='bbox 1928 4692 2119 4739; x_wconf 82' lang='lat' dir='ltr'><strong>PLICIT</strong></span> <span class='ocrx_word' id='word_1_476' title='bbox 2161 4692 2475 4741; x_wconf 75' lang='lat' dir='ltr'><strong>PROLOGUS.</strong></span> 
     </span>
    </p>
   </div>
   <div class='ocr_carea' id='block_1_71' title="bbox 1728 4863 2577 4961">
    <p class='ocr_par' dir='ltr' id='par_1_71' title="bbox 1728 4863 2577 4961">
     <span class='ocr_line' id='line_1_72' title="bbox 1728 4863 2577 4961; baseline 0.005 -7"><span class='ocrx_word' id='word_1_477' title='bbox 1728 4863 2195 4961; x_wconf 85' lang='lat' dir='ltr'><strong>INCIPIT</strong></span> <span class='ocrx_word' id='word_1_478' title='bbox 2266 4866 2577 4960; x_wconf 85' lang='lat' dir='ltr'><strong>VITA.</strong></span> 
     </span>
    </p>
   </div>
   <div class='ocr_carea' id='block_1_72' title="bbox 519 5065 3861 5149">
    <p class='ocr_par' dir='ltr' id='par_1_72' title="bbox 519 5065 3861 5149">
     <span class='ocr_line' id='line_1_73' title="bbox 519 5065 3861 5149; baseline 0.003 -26"><span class='ocrx_word' id='word_1_479' title='bbox 519 5065 776 5141; x_wconf 83' lang='lat' dir='ltr'><strong>lnclytus</strong></span> <span class='ocrx_word' id='word_1_480' title='bbox 822 5067 1219 5132; x_wconf 90' lang='lat' dir='ltr'><strong>Burchardus,</strong></span> <span class='ocrx_word' id='word_1_481' title='bbox 1265 5068 1448 5124; x_wconf 90' lang='lat' dir='ltr'><strong>nobili</strong></span> <span class='ocrx_word' id='word_1_482' title='bbox 1499 5069 1679 5141; x_wconf 87' lang='lat' dir='ltr'><strong>stirpe</strong></span> <span class='ocrx_word' id='word_1_483' title='bbox 1726 5069 2087 5143; x_wconf 85' lang='lat' dir='ltr'><strong>progenitus,</strong></span> <span class='ocrx_word' id='word_1_484' title='bbox 2123 5082 2167 5147; x_wconf 84' lang='lat' dir='ltr'><strong>D</strong></span> <span class='ocrx_word' id='word_1_485' title='bbox 2201 5070 2504 5127; x_wconf 88' lang='lat' dir='ltr'><strong>aulaenim</strong></span> <span class='ocrx_word' id='word_1_486' title='bbox 2526 5071 2763 5145; x_wconf 84' lang='lat' dir='ltr'><strong>gloriosi</strong></span> <span class='ocrx_word' id='word_1_487' title='bbox 2790 5074 3421 5148; x_wconf 81' lang='lat' dir='ltr'><strong>HugonisFrancorum</strong></span> <span class='ocrx_word' id='word_1_488' title='bbox 3444 5075 3606 5149; x_wconf 85' lang='lat' dir='ltr'><strong>regis</strong></span> <span class='ocrx_word' id='word_1_489' title='bbox 3629 5075 3861 5134; x_wconf 80' lang='lat' dir='ltr'><strong>cunctis</strong></span> 
     </span>
    </p>
   </div>
   <div class='ocr_carea' id='block_1_73' title="bbox 444 5157 2093 5231">
    <p class='ocr_par' dir='ltr' id='par_1_73' title="bbox 444 5157 2093 5231">
     <span class='ocr_line' id='line_1_74' title="bbox 444 5157 2093 5231; baseline -0.001 -16"><span class='ocrx_word' id='word_1_490' title='bbox 444 5175 611 5216; x_wconf 85' lang='lat' dir='ltr'><strong>sacro</strong></span> <span class='ocrx_word' id='word_1_491' title='bbox 640 5157 996 5231; x_wconf 84' lang='lat' dir='ltr'><strong>baptismate</strong></span> <span class='ocrx_word' id='word_1_492' title='bbox 1025 5161 1111 5213; x_wconf 90' lang='lat' dir='ltr'><strong>est</strong></span> <span class='ocrx_word' id='word_1_493' title='bbox 1136 5157 1713 5231; x_wconf 79' lang='lat' dir='ltr'><strong>ingeneratus,aique</strong></span> <span class='ocrx_word' id='word_1_494' title='bbox 1741 5159 2013 5214; x_wconf 84' lang='lat' dir='ltr'><strong>nobiliter</strong></span> <span class='ocrx_word' id='word_1_495' title='bbox 2033 5159 2093 5214; x_wconf 86' lang='lat' dir='ltr'><strong>in</strong></span> 
     </span>
    </p>
   </div>
   <div class='ocr_carea' id='block_1_74' title="bbox 2204 5159 3862 5236">
    <p class='ocr_par' dir='ltr' id='par_1_74' title="bbox 2204 5159 3862 5236">
     <span class='ocr_line' id='line_1_75' title="bbox 2204 5159 3862 5236; baseline 0.004 -21"><span class='ocrx_word' id='word_1_496' title='bbox 2204 5164 2322 5216; x_wconf 85' lang='lat' dir='ltr'><strong>tam</strong></span> <span class='ocrx_word' id='word_1_497' title='bbox 2355 5159 2689 5219; x_wconf 71' lang='lat' dir='ltr'><strong>cmlestibus</strong></span> <span class='ocrx_word' id='word_1_498' title='bbox 2719 5180 2895 5236; x_wconf 89' lang='lat' dir='ltr'><strong>quam</strong></span> <span class='ocrx_word' id='word_1_499' title='bbox 2929 5163 3282 5221; x_wconf 89' lang='lat' dir='ltr'><strong>militaribus</strong></span> <span class='ocrx_word' id='word_1_500' title='bbox 3307 5164 3701 5223; x_wconf 83' lang='lat' dir='ltr'><strong>imbuebatur</strong></span> <span class='ocrx_word' id='word_1_501' title='bbox 3748 5166 3862 5221; x_wconf 85' lang='lat' dir='ltr'><strong>ins-</strong></span> 
     </span>
    </p>
   </div>
   <div class='ocr_carea' id='block_1_75' title="bbox 443 5245 3863 5326">
    <p class='ocr_par' dir='ltr' id='par_1_75' title="bbox 443 5245 3863 5326">
     <span class='ocr_line' id='line_1_76' title="bbox 443 5245 3863 5326; baseline 0.001 -22"><span class='ocrx_word' id='word_1_502' title='bbox 443 5247 720 5321; x_wconf 81' lang='lat' dir='ltr'><strong>religione</strong></span> <span class='ocrx_word' id='word_1_503' title='bbox 749 5245 1035 5304; x_wconf 87' lang='lat' dir='ltr'><strong>catholica</strong></span> <span class='ocrx_word' id='word_1_504' title='bbox 1070 5246 1307 5301; x_wconf 84' lang='lat' dir='ltr'><strong>militari</strong></span> <span class='ocrx_word' id='word_1_505' title='bbox 1340 5247 1606 5302; x_wconf 86' lang='lat' dir='ltr'><strong>tirocinio</strong></span> <span class='ocrx_word' id='word_1_506' title='bbox 1638 5249 1896 5303; x_wconf 83' lang='lat' dir='ltr'><strong>edoctus.</strong></span> <span class='ocrx_word' id='word_1_507' title='bbox 1946 5248 2089 5305; x_wconf 84' lang='lat' dir='ltr'><strong>Nam</strong></span> <span class='ocrx_word' id='word_1_508' title='bbox 2200 5248 2412 5305; x_wconf 86' lang='lat' dir='ltr'><strong>titutis.</strong></span> <span class='ocrx_word' id='word_1_509' title='bbox 2446 5249 2597 5305; x_wconf 91' lang='lat' dir='ltr'><strong>Dum</strong></span> <span class='ocrx_word' id='word_1_510' title='bbox 2646 5267 2779 5308; x_wconf 91' lang='lat' dir='ltr'><strong>vero</strong></span> <span class='ocrx_word' id='word_1_511' title='bbox 2837 5251 3239 5310; x_wconf 67' lang='lat' dir='ltr'><strong>adolescentiae</strong></span> <span class='ocrx_word' id='word_1_512' title='bbox 3290 5257 3467 5326; x_wconf 88' lang='lat' dir='ltr'><strong>atque</strong></span> <span class='ocrx_word' id='word_1_513' title='bbox 3514 5252 3863 5325; x_wconf 74' lang='lat' dir='ltr'><strong>juventutis</strong></span> 
     </span>
    </p>
   </div>
   <div class='ocr_carea' id='block_1_76' title="bbox 443 5334 2086 5410">
    <p class='ocr_par' dir='ltr' id='par_1_76' title="bbox 443 5334 2086 5410">
     <span class='ocr_line' id='line_1_77' title="bbox 443 5334 2086 5410; baseline 0.001 -19"><span class='ocrx_word' id='word_1_514' title='bbox 443 5335 705 5409; x_wconf 61' lang='lat' dir='ltr'><strong>pueritiae</strong></span> <span class='ocrx_word' id='word_1_515' title='bbox 736 5339 1000 5409; x_wconf 85' lang='lat' dir='ltr'><strong>tempora</strong></span> <span class='ocrx_word' id='word_1_516' title='bbox 1039 5336 1181 5390; x_wconf 90' lang='lat' dir='ltr'><strong>dum</strong></span> <span class='ocrx_word' id='word_1_517' title='bbox 1231 5334 1602 5408; x_wconf 79' lang='lat' dir='ltr'><strong>transigeret,</strong></span> <span class='ocrx_word' id='word_1_518' title='bbox 1652 5337 1826 5392; x_wconf 74' lang='lat' dir='ltr'><strong>curiae</strong></span> <span class='ocrx_word' id='word_1_519' title='bbox 1884 5336 2086 5410; x_wconf 86' lang='lat' dir='ltr'><strong>regali,</strong></span> 
     </span>
    </p>
   </div>
   <div class='ocr_carea' id='block_1_77' title="bbox 2200 5336 3867 5416">
    <p class='ocr_par' dir='ltr' id='par_1_77' title="bbox 2200 5336 3867 5416">
     <span class='ocr_line' id='line_1_78' title="bbox 2200 5336 3867 5416; baseline 0.003 -24"><span class='ocrx_word' id='word_1_520' title='bbox 2200 5336 2508 5409; x_wconf 89' lang='lat' dir='ltr'><strong>appulitad</strong></span> <span class='ocrx_word' id='word_1_521' title='bbox 2525 5356 2652 5407; x_wconf 90' lang='lat' dir='ltr'><strong>nos,</strong></span> <span class='ocrx_word' id='word_1_522' title='bbox 2686 5338 2919 5396; x_wconf 91' lang='lat' dir='ltr'><strong>Domini</strong></span> <span class='ocrx_word' id='word_1_523' title='bbox 2935 5342 3273 5414; x_wconf 85' lang='lat' dir='ltr'><strong>providente</strong></span> <span class='ocrx_word' id='word_1_524' title='bbox 3286 5341 3499 5416; x_wconf 85' lang='lat' dir='ltr'><strong>gratia,</strong></span> <span class='ocrx_word' id='word_1_525' title='bbox 3511 5341 3867 5415; x_wconf 86' lang='lat' dir='ltr'><strong>quifidelem</strong></span> 
     </span>
    </p>
   </div>
   <div class='ocr_carea' id='block_1_78' title="bbox 444 5424 3874 5504">
    <p class='ocr_par' dir='ltr' id='par_1_78' title="bbox 444 5424 3874 5504">
     <span class='ocr_line' id='line_1_79' title="bbox 444 5424 3874 5504; baseline 0.003 -25"><span class='ocrx_word' id='word_1_526' title='bbox 444 5440 605 5480; x_wconf 87' lang='lat' dir='ltr'><strong>more</strong></span> <span class='ocrx_word' id='word_1_527' title='bbox 636 5425 990 5481; x_wconf 85' lang='lat' dir='ltr'><strong>Francorum</strong></span> <span class='ocrx_word' id='word_1_528' title='bbox 1024 5439 1354 5496; x_wconf 85' lang='lat' dir='ltr'><strong>procerum,</strong></span> <span class='ocrx_word' id='word_1_529' title='bbox 1386 5440 1419 5477; x_wconf 90' lang='lat' dir='ltr'><strong>a</strong></span> <span class='ocrx_word' id='word_1_530' title='bbox 1466 5424 1806 5495; x_wconf 82' lang='lat' dir='ltr'><strong>parentibus</strong></span> <span class='ocrx_word' id='word_1_531' title='bbox 1837 5425 2090 5482; x_wconf 87' lang='lat' dir='ltr'><strong>traditus</strong></span> <span class='ocrx_word' id='word_1_532' title='bbox 2201 5426 2445 5483; x_wconf 91' lang='lat' dir='ltr'><strong>militem</strong></span> <span class='ocrx_word' id='word_1_533' title='bbox 2479 5427 2590 5483; x_wconf 92' lang='lat' dir='ltr'><strong>sibi</strong></span> <span class='ocrx_word' id='word_1_534' title='bbox 2621 5446 2755 5486; x_wconf 90' lang='lat' dir='ltr'><strong>eum</strong></span> <span class='ocrx_word' id='word_1_535' title='bbox 2789 5432 3128 5502; x_wconf 88' lang='lat' dir='ltr'><strong>providebat</strong></span> <span class='ocrx_word' id='word_1_536' title='bbox 3158 5432 3681 5504; x_wconf 78' lang='lat' dir='ltr'><strong>futurum,magno</strong></span> <span class='ocrx_word' id='word_1_537' title='bbox 3703 5430 3874 5488; x_wconf 82' lang='lat' dir='ltr'><strong>dilec-</strong></span> 
     </span>
    </p>
   </div>
   <div class='ocr_carea' id='block_1_79' title="bbox 444 5512 3871 5595">
    <p class='ocr_par' dir='ltr' id='par_1_79' title="bbox 444 5512 3871 5595">
     <span class='ocr_line' id='line_1_80' title="bbox 444 5512 3871 5595; baseline 0.002 -26"><span class='ocrx_word' id='word_1_538' title='bbox 444 5516 553 5569; x_wconf 88' lang='lat' dir='ltr'><strong>est.</strong></span> <span class='ocrx_word' id='word_1_539' title='bbox 598 5513 729 5581; x_wconf 86' lang='lat' dir='ltr'><strong>Qui,</strong></span> <span class='ocrx_word' id='word_1_540' title='bbox 777 5512 1236 5570; x_wconf 81' lang='lat' dir='ltr'><strong>Christianitatis</strong></span> <span class='ocrx_word' id='word_1_541' title='bbox 1288 5512 1561 5582; x_wconf 80' lang='lat' dir='ltr'><strong>operibus</strong></span> <span class='ocrx_word' id='word_1_542' title='bbox 1609 5512 1858 5583; x_wconf 88' lang='lat' dir='ltr'><strong>pollens,</strong></span> <span class='ocrx_word' id='word_1_543' title='bbox 1908 5514 2088 5570; x_wconf 81' lang='lat' dir='ltr'><strong>totius</strong></span> <span class='ocrx_word' id='word_1_544' title='bbox 2197 5514 2774 5593; x_wconf 84' lang='lat' dir='ltr'><strong>tionisamorearege</strong></span> <span class='ocrx_word' id='word_1_545' title='bbox 2801 5519 3587 5595; x_wconf 83' lang='lat' dir='ltr'><strong>amplectitur,intantumut</strong></span> <span class='ocrx_word' id='word_1_546' title='bbox 3620 5523 3871 5577; x_wconf 78' lang='lat' dir='ltr'><strong>cunctos</strong></span> 
     </span>
    </p>
   </div>
   <div class='ocr_carea' id='block_1_80' title="bbox 442 5597 3869 5681">
    <p class='ocr_par' dir='ltr' id='par_1_80' title="bbox 442 5597 3869 5681">
     <span class='ocr_line' id='line_1_81' title="bbox 442 5597 3869 5681; baseline 0.002 -21"><span class='ocrx_word' id='word_1_547' title='bbox 442 5600 764 5681; x_wconf 63' lang='lat' dir='ltr'><strong>prudentie</strong></span> <span class='ocrx_word' id='word_1_548' title='bbox 794 5605 968 5678; x_wconf 88' lang='lat' dir='ltr'><strong>atque</strong></span> <span class='ocrx_word' id='word_1_549' title='bbox 997 5597 1321 5659; x_wconf 83' lang='lat' dir='ltr'><strong>honestatis</strong></span> <span class='ocrx_word' id='word_1_550' title='bbox 1341 5600 1665 5677; x_wconf 84' lang='lat' dir='ltr'><strong>assumpsit</strong></span> <span class='ocrx_word' id='word_1_551' title='bbox 1686 5603 2085 5663; x_wconf 87' lang='lat' dir='ltr'><strong>commoda.ln</strong></span> <span class='ocrx_word' id='word_1_552' title='bbox 2197 5608 2515 5665; x_wconf 82' lang='lat' dir='ltr'><strong>coaetaneos</strong></span> <span class='ocrx_word' id='word_1_553' title='bbox 2546 5608 2959 5671; x_wconf 81' lang='lat' dir='ltr'><strong>transcendere</strong></span> <span class='ocrx_word' id='word_1_554' title='bbox 2996 5610 3311 5675; x_wconf 81' lang='lat' dir='ltr'><strong>videretur.</strong></span> <span class='ocrx_word' id='word_1_555' title='bbox 3330 5609 3668 5671; x_wconf 78' lang='lat' dir='ltr'><strong>Amabatur</strong></span> <span class='ocrx_word' id='word_1_556' title='bbox 3712 5609 3869 5671; x_wconf 85' lang='lat' dir='ltr'><strong>enim</strong></span> 
     </span>
    </p>
   </div>
  </div>
