4086 6168
457 369 572 434 851

1513 360 1798 424 ODONlS
1844 355 2371 420 FOSSATENSIS
2417 352 2795 417 MONACHI.

3733 349 3848 412 852

461 505 1004 571 namadventusque
1026 499 1154 570 ejus
1177 497 1247 554 ad
1271 513 1404 552 eum
1428 512 1664 551 causam
1687 512 1720 550 a
1740 499 1859 549 tam
1879 491 2097 565 longino
2129 491 2184 555 Α
2213 488 2803 560 cipiens,adhortante
2833 503 2966 542 eum
2999 484 3209 542 comite
3238 484 3574 541 Burchardo
3605 486 3853 544 contulit

461 612 580 666 qua
605 591 789 664 patria
814 589 1107 661 inquirere
1138 587 1384 644 studuit.
1429 586 1530 641 Cui
1588 599 1820 639 comes:
1856 604 1882 632 ‹‹
1919 583 2101 637 Labo-

460 699 584 738 rem
615 680 755 735 tanti
793 679 1016 734 itineris
1047 693 1378 739 assumens,
1410 692 1520 728 non
1556 672 1999 727 causalevitatis
2029 672 2098 726 ad

459 775 516 825 te
543 769 772 824 venisse
807 767 1161 822 credendum
1181 771 1287 820 est.
1315 762 1572 835 Supplex
1594 777 1849 832 namque
1873 760 2102 830 requiro

461 864 526 914 ut
556 857 852 930 petitionis
884 873 1021 910 mea
1053 855 1226 910 verba
1257 853 1567 923 suscipias,
1603 867 1671 904 ne
1704 849 1990 920 panitens
2021 849 2104 902 in-

459 948 679 1012 veniar,
727 952 846 1000 tam
895 945 1068 1016 longo
1120 943 1326 997 itinere
1377 941 1671 1011 fatigatus,
1724 943 1843 992 tam
1875 936 2102 1008 longin-

461 1053 639 1108 quam
670 1036 864 1092 adisse
896 1033 1164 1105 patriam.
1193 1033 1401 1086 Locum
1426 1028 1716 1100 siquidem
1742 1025 2106 1081 li‘ossatensis

460 1125 713 1181 ecclesia
746 1141 930 1193 nuper
960 1141 993 1177 a
1037 1123 1251 1177 domno
1300 1120 1541 1189 Ilugone
1588 1121 1940 1170 Francorum
1973 1130 2106 1184 rege

460 1214 886 1270 emendationis
915 1211 1103 1283 gratia
1133 1209 1383 1279 suscepi,
1418 1222 1591 1277 quem
1625 1205 1872 1275 deposco
1915 1208 2104 1258 vestro

460 1303 755 1360 emendari
789 1320 853 1356 ac
885 1301 1187 1355 sublimari
1215 1297 1501 1370 prarsidio,
1526 1300 1814 1366 quatenus
1843 1294 1899 1348 S.
1925 1294 2106 1348 Bene-

459 1393 597 1448 dicti
630 1391 922 1446 institutio
953 1390 1169 1444 ibidem
1204 1388 1469 1457 religiose
1491 1388 1770 1440 servetur.
1796 1382 1919 1436 Non
1943 1382 2099 1437 enim

457 1480 708 1550 alicujus
730 1478 1011 1534 auxilium
1035 1477 1327 1548 requirere
1342 1473 1560 1530 studui.
1585 1471 1695 1526 nisi
1715 1475 1900 1535 tuum,
1925 1487 2102 1542 quem

458 1566 575 1621 Deo
596 1565 821 1637 placere
848 1563 1122 1636 comperi.
1152 1584 1171 1613 ι
1202 1563 1302 1618 Cui
1327 1565 1488 1633 pater
1511 1557 1753 1613 Maiolus
1777 1558 2101 1625 admirans,

457 1654 793 1726 respondit:
829 1677 854 1703 ‹‹
890 1653 1034 1707 Cum
1059 1652 1247 1706 multa
1281 1649 1632 1706 monasteria
1665 1647 1722 1701 in
1770 1651 1960 1700 vestro
1993 1647 2105 1701 ha-

457 1744 706 1798 beantur
732 1759 907 1812 regno
939 1758 1042 1795 cur
1071 1741 1143 1796 ab
1173 1739 1288 1794 illis
1319 1755 1431 1794 non
1465 1735 1726 1806 accipitis
1759 1736 1913 1804 quod
1946 1752 1978 1790 a
2010 1753 2107 1790 no-

457 1831 548 1886 bis
580 1830 879 1902 requiritis
902 1830 929 1884 ?
958 1829 1137 1924 Val-de
1159 1829 1314 1924 enim
1341 1827 1697 1924 laboriosum
1714 1829 1879 1885 nobis
1902 1833 1990 1884 est
2010 1845 2104 1882 ex-
2138 1859 2185 1924 B

454 1923 610 1976 teras
640 1922 814 1990 atque
844 1917 1169 1990 incognitas
1191 1917 1348 1972 adire
1371 1918 1660 1990 regiones,
1680 1923 1994 1990 nostraque
2017 1933 2106 1972 re-

455 2009 740 2082 linquere,
801 2013 857 2063 et
914 2013 1106 2064 vestra
1163 2010 1452 2078 appetere.
1515 2006 1798 2062 Avestris
1829 2024 1964 2078 ergo
1995 2006 2104 2061 hoc

459 2099 659 2171 potius
688 2097 896 2153 vicinis
911 2097 1299 2168 expetendum
1323 2101 1606 2166 estquam
1625 2113 1658 2149 a
1681 2097 1848 2151 nobis
1871 2096 2102 2167 longin-

459 2188 594 2260 quis
625 2192 680 2243 et
707 2187 941 2258 ignotis.
979 2209 1005 2234 υ
1034 2185 1150 2240 Hoc
1182 2200 1378 2240 comes
1410 2185 1673 2251 audiens,
1724 2185 1889 2239 valde
1921 2184 2104 2240 tristis

459 2282 634 2347 atque
664 2279 908 2329 moestus
938 2274 1223 2336 redditur,
1254 2273 1470 2326 timens
1500 2277 1728 2327 tantum
1759 2273 1866 2328 iter
1912 2273 1970 2326 in
2002 2291 2105 2328 va-

461 2381 604 2419 num
635 2362 1046 2432 assumpsisse.
1085 2363 1300 2415 lterum
1321 2376 1457 2430 ergo
1484 2365 1657 2431 atque
1680 2361 1890 2417 iterum
1915 2363 1986 2416 ad
2006 2379 2103 2432 pe-

461 2452 565 2506 des
596 2449 782 2504 sancti
812 2448 917 2503 viri
950 2448 1357 2518 prosternitur,
1383 2464 1626 2517 poscens
1652 2452 1712 2502 ut
1734 2450 1973 2503 affectus
2004 2450 2102 2503 de-

462 2538 661 2595 siderii
694 2538 817 2607 ejus
868 2536 1280 2607 susciperetur.
1331 2536 1580 2591 Sanctus
1629 2537 1826 2607 itaque
1856 2537 2105 2592 Maiolus

463 2627 664 2684 multis
691 2625 1002 2682 venerandi
1035 2624 1264 2680 comitis
1296 2625 1556 2680 devictus
1589 2626 1879 2697 precibus,
1914 2643 2106 2698 accep-

461 2716 656 2788 tisque
706 2714 1149 2787 pcrfcctioribus
1201 2715 1290 2769 sui
1344 2714 1588 2768 coenobii
1643 2715 1941 2782 fratribus,
1970 2732 2104 2770 cum

461 2806 665 2862 eodem
679 2803 888 2860 comite
902 2803 973 2858 ad
990 2801 1344 2857 Parisiacum
1362 2818 1544 2873 usque
1558 2803 1835 2873 pervenit,
1853 2820 2106 2874 cumque

463 2895 533 2950 ad
549 2897 780 2963 portum
792 2891 1001 2947 villula
1015 2907 1191 2960 super
1205 2890 1444 2944 fluvium
1461 2890 1732 2944 Matrona:
1751 2892 2104 2946 monasterio

463 2982 792 3037 Fossatensi
821 2979 1092 3052 proxima
1107 2979 1911 3050 pervenissent,jubetcomes
1933 2980 2106 3035 abba-

461 3075 580 3127 tem
611 3075 1000 3140 cunctamque
1031 3068 1539 3139 congregationem
1572 3067 1683 3122 sibi
1708 3067 1860 3123 ultra
1890 3070 2106 3124 flumen

462 3173 783 3214 occurrere.
809 3157 893 3212 Illi
911 3160 1105 3211 autem
1121 3155 1305 3227 ignari
1329 3156 1677 3221 futurorum,
1699 3155 1998 3227 alacriterj
2011 3174 2105 3212 us-

2209 577 2462 634 ecclesia
2497 576 2831 632 Fossatcnsi
2863 575 3057 630 villam
3091 593 3218 646 qua
3252 575 3467 630 dicitur
3493 576 3850 644 Mansiones,

2211 686 2344 723 cum
2377 666 2659 728 ecclesiis,
2691 670 2748 720 et
2777 683 2909 720 cum
2936 664 3283 720 cunctissibi
3303 665 3852 735 adjacentiis,sitam

2213 757 2270 811 in
2295 755 2582 811 Parisiaco
2600 754 2748 809 inter
2766 754 3097 825 Sequanam
3116 758 3173 808 et
3193 753 3540 821 Matronam,
3564 754 3717 809 sicut
3737 757 3856 826 ipse

2211 862 2337 900 eam
2373 843 2548 915 regali
2572 846 2708 914 jure
2738 843 2956 898 habere
2987 842 3310 897 videbatur.
3344 843 3517 898 Facto
3550 843 3750 914 itaque
3778 849 3857 899 te-

2215 939 2504 989 stamento
2532 936 3034 1004 monogrammate
3052 932 3336 997 firmatur,
3361 937 3417 985 et
3434 931 3492 986 in
3510 948 3576 986 eo
3597 933 3857 1003 sigillum

2215 1021 2426 1094 regalis
2458 1021 2782 1092 majestatis
2814 1038 2846 1075 a
2880 1019 3212 1092 Ragenaldo
3244 1019 3590 1076 cancellario
3623 1022 3744 1076 filio
3777 1039 3861 1076 co-

2216 1111 2398 1175 mitis,
2433 1116 2632 1182 postea
2666 1109 3017 1164 Parisiorum
3054 1107 3320 1180 prasule,
3355 1109 3684 1179 imponitur
3711 1128 3858 1166 anno

2214 1199 2500 1254 incarnati
2533 1198 2702 1254 Verbi
2735 1199 2861 1263 938,
2895 1200 3005 1252 sub
3036 1197 3128 1252 die
3159 1215 3236 1252 xu
3274 1197 3514 1265 Kalend,
3543 1198 3856 1264 Juliarum,

2216 1292 2610 1359 perpetuoque
2643 1287 2698 1340 in
2732 1287 2934 1342 eodem
2968 1287 3320 1341 monasterio
3343 1293 3745 1342 conservatur.
3778 1289 3856 1343 0b

2215 1379 2322 1431 hoc
2354 1376 2526 1431 etiam
2551 1376 2676 1430 dies
2697 1375 2893 1430 obitus
2916 1375 3101 1446 ipsius
3126 1375 3276 1446 regis
3297 1393 3350 1429 ix
3371 1374 3495 1429 Kal.
3516 1376 3856 1432 Novembris

2218 1483 2404 1536 usque
2420 1465 2590 1520 hodie
2605 1464 2662 1518 in
2677 1462 2802 1536 ipso
2821 1464 3170 1520 monasterio
3185 1463 3500 1520 solenniter
3512 1465 3856 1522 celebratur.

2216 1555 2316 1609 His
2351 1553 2526 1626 igitur
2558 1554 2635 1608 ita
2685 1554 2956 1624 peractis,
3007 1557 3246 1608 sanctus
3297 1552 3464 1608 Pater
3509 1553 3759 1611 Maiolus
3789 1557 3856 1610 ad

2217 1644 2450 1714 propria
2483 1641 2706 1714 regredi
2728 1640 3104 1698 accelerabat.
3131 1641 3486 1697 Commitens
3509 1659 3647 1715 ergo
3669 1643 3858 1699 locum

2216 1731 2448 1786 cuidam
2485 1731 2754 1803 religioso
2787 1731 2926 1798 viro,
2977 1729 3212 1784 nomine
3262 1731 3532 1797 Teutoni,
3583 1749 3763 1802 quem
3793 1734 3861 1788 de

2215 1820 2489 1876 Cluniaco
2522 1837 2721 1875 secum
2754 1836 2889 1874 cum
2922 1819 3143 1874 cateris
3175 1819 3516 1888 adduxerat,
3549 1821 3674 1892 ipse
3708 1823 3860 1878 unde

2216 1915 2450 1965 venerat
2481 1925 2746 1964 reversus
2777 1912 2883 1964 est.

2286 2089 2422 2142 Post
2474 2087 2728 2140 multum
2781 2102 2912 2142 vero
2958 2085 3259 2156 temporis,
3312 2086 3453 2141 dum
3496 2092 3732 2142 sanctus
3768 2089 3861 2143 vir

2217 2175 2464 2230 Maiolus
2498 2175 2554 2228 in
2589 2174 2832 2230 Galliam
2867 2174 3071 2230 reverti
3103 2173 3378 2242 differret,
3433 2176 3700 2232 defuncto
3728 2178 3862 2247 jam

2217 2264 2430 2336 inclyte
2463 2280 2596 2336 rege
2628 2264 2890 2335 Hugone,
2924 2281 3058 2318 cum
3094 2264 3199 2335 pia
3247 2265 3539 2320 memoria
3569 2265 3863 2321 Robertus

2216 2370 2315 2409 rex
2344 2352 2500 2408 filius
2530 2354 2659 2422 ejus
2690 2369 2934 2425 regnum
2965 2350 3340 2424 suscepisset,
3365 2352 3607 2409 consilio
3636 2359 3698 2410 et
3732 2355 3866 2410 hor-

2215 2447 2338 2498 tatu
2370 2442 2602 2497 comitis
2633 2441 2823 2496 eidem
2857 2442 3103 2497 Teutoni
3135 2442 3374 2496 domum
3405 2442 3652 2498 abbatia
3677 2444 3865 2500 isdem

2217 2548 2312 2586 rex
2333 2531 2512 2600 dedit,
2535 2547 2788 2601 eumque
2809 2531 3076 2586 abbatem
3099 2531 3368 2586 ordinare
3384 2533 3678 2603 pracepit.
3704 2535 3866 2600 Quod

2216 2637 2349 2674 cum
2383 2621 2454 2674 ad
2513 2636 2685 2675 aures
2743 2619 3215 2675 Cluniacensium
3261 2621 3641 2690 pervenisset,
3703 2621 3867 2676 valde

2214 2709 2412 2764 tristes
2437 2709 2622 2764 effecti
2648 2713 2803 2774 sunt,
2830 2709 2967 2779 quia
2993 2709 3300 2780 cupiebant
3319 2709 3430 2764 sibi
3453 2709 3651 2781 ipsum
3675 2709 3868 2766 locum

2216 2798 2286 2852 ad
2314 2796 2520 2853 cellam
2553 2797 2830 2869 redigere.
2865 2797 3184 2852 Ordinatus
3217 2801 3413 2853 autem
3436 2799 3758 2869 praedictus
3785 2801 3871 2854 vir

2215 2887 2286 2942 ad
2307 2886 2586 2941 honorem
2607 2886 2931 2958 regiminis,
2952 2902 3164 2958 magno
3178 2887 3369 2942 studio
3383 2889 3872 2944 conabaturonus

2217 2979 2554 3046 susceptum
2587 2991 2749 3046 aquo
2779 2973 3085 3046 disponere
3120 2975 3540 3043 moderamine,
3571 2993 3637 3031 ac
3685 2976 3873 3033 eccle-

2218 3065 2365 3119 siam
2385 3063 2494 3118 sibi
2520 3063 2895 3118 commissam
2912 3080 3144 3119 summo
3161 3062 3483 3119 sublimare
3504 3064 3752 3135 honore.
3777 3067 3872 3122 Pa-

2219 3153 2424 3208 riestes
2437 3153 2591 3208 enim
2605 3152 2790 3223 ipsius
2804 3151 2970 3218 aula,
2987 3153 3085 3224 qui
3101 3154 3170 3208 ab
3187 3152 3443 3223 antiquis
3458 3154 3700 3210 fuerant
3713 3172 3874 3211 cons-

463 3246 548 3303 sis
577 3244 806 3302 comitis
838 3222 1435 3314 obediunthumque
1465 3243 1656 3298 cuncti
1689 3244 1926 3298 adunati
1960 3222 2101 3300 f'uis-
2137 3222 2178 3288 C
2221 3242 2414 3308 tructi,
2445 3222 2930 3296 nimiaivetustate
2951 3222 3115 3296 erant
3135 3222 3489 3313 consumpti.
3517 3244 3686 3308 Quod
3718 3245 3872 3299 idem

464 3340 612 3402 sent,
647 3333 919 3406 praecepit
949 3337 1012 3385 ut
1034 3331 1133 3402 qui
1159 3348 1291 3385 cum
1317 3331 1524 3385 abbate
1547 3331 1754 3386 Maiolo
1782 3350 2015 3389 manere
2048 3334 2104 3388 in

464 3422 726 3477 canobio
756 3420 1096 3484 voluissent,
1129 3419 1572 3489 ejusquejussis
1595 3419 1650 3472 in
1676 3421 1948 3477 omnibus
1979 3423 2108 3478 obe-

463 3510 608 3572 dire,
659 3508 903 3562 liberam
934 3507 1216 3561 haberent
1263 3505 1556 3560 licentiam
1608 3511 1948 3563 revertendi.
1996 3513 2103 3575 Qui

460 3614 592 3653 vero
623 3595 862 3663 nollent,
896 3595 1123 3649 abirent
1153 3611 1267 3665 quo
1299 3592 1524 3648 vellent.
1565 3593 1648 3648 llli
1682 3600 1874 3649 autem
1907 3598 2105 3654 tristes

459 3687 776 3742 admodum
825 3685 1030 3752 effecti,
1083 3688 1280 3754 utpote
1326 3683 1484 3736 omni
1544 3683 1798 3737 humano
1839 3685 2101 3741 destituti

456 3775 888 3848 auxilio,magis
909 3773 1209 3846 elegerunt
1229 3773 1350 3826 vias
1371 3772 1562 3826 cordis
1597 3771 1805 3842 proprii
1832 3779 2102 3845 appetere

455 3882 634 3937 quam
667 3882 801 3920 cum
824 3865 1030 3919 abbate
1061 3862 1144 3917 vel
1181 3861 1481 3916 monachis
1512 3861 1621 3915 sibi
1658 3861 1870 3931 ignotis
1902 3864 1970 3917 ad
2007 3882 2099 3919 ec-

455 3954 694 4008 clesiam
730 3953 936 4007 redire.
963 3951 1190 4006 Nemini
1221 3949 1376 4005 enim
1409 3949 1571 4004 licuit
1601 3967 1668 4004 ex
1701 3949 1791 4003 his
1840 3968 1966 4022 qua
1999 3954 2097 4007 ba-

452 4041 671 4095 bebant
719 4057 917 4095 secum
975 4039 1295 4110 quidquam
1346 4039 1588 4103 deferre,
1639 4041 1894 4110 exceptis
1926 4043 2096 4097 indu-

455 4128 668 4182 mentis
699 4127 1118 4198 quibusinduti
1145 4133 1325 4181 erant.
1355 4127 1547 4181 Abbas
1571 4132 1763 4182 autem
1795 4130 2094 4200 Magenar-

451 4215 584 4280 dus,
618 4215 740 4286 qui,
777 4218 840 4268 ut
870 4213 1148 4280 diximus,
1185 4214 1398 4268 nobilis
1423 4217 1847 4285 progenicerat,
1865 4235 1933 4273 ex
1961 4237 2094 4274 san-

451 4302 737 4376 guinitate
765 4302 920 4357 enim
955 4301 1224 4356 Ansoaldi
1264 4302 1459 4356 divitis
1514 4304 1815 4359 Parisiaca
1845 4307 2094 4364 civitatis

448 4392 750 4458 existebat,
782 4391 841 4445 in
874 4391 1133 4445 cmnotio
1167 4389 1350 4444 sancti
1387 4390 1592 4456 Mauri,
1643 4393 1796 4462 quod
1841 4394 2090 4452 Glanna-

447 4479 653 4535 folium
685 4480 1004 4545 dicebatur,
1039 4478 1426 4534 transmissus
1459 4482 1566 4546 est,
1604 4485 1666 4534 ut
1707 4481 1922 4537 ibidem
1956 4501 2088 4554 pas-

2220 3331 2387 3385 Pater
2407 3345 2672 3395 cernens,
2704 3345 2950 3400 eamque
2992 3328 3352 3385 meliorando
3401 3334 3742 3388 restaurare
3773 3349 3871 3387 cu-

2217 3421 2404 3490 piens,
2425 3434 2597 3472 omne
2618 3417 2924 3472 adificium
2949 3417 3106 3473 illius
3124 3417 3422 3474 solotenus
3443 3420 3670 3484 evertit,
3696 3427 3874 3492 atque

2217 3507 2389 3562 aliam
2409 3508 2650 3577 majoris
2671 3505 3144 3578 amplitudiniset
3163 3505 3548 3561 excellentiori
3571 3508 3874 3578 dignitate

2215 3596 2611 3664 conspicuam,
2638 3595 2752 3650 Deo
2775 3595 2884 3650 sibi
2908 3594 3242 3661 auxiliante,
3267 3595 3606 3660 construxit,
3637 3596 3871 3653 Deinde

2213 3683 2509 3755 duosigna
2527 3683 3024 3754 pretiosa,nomen
3074 3701 3250 3739 suum
3295 3685 3393 3740 uni
3440 3686 3867 3756 imponens,ad

2212 3773 2489 3827 honorem
2511 3772 2740 3826 Domini
2760 3773 2944 3827 facere
2958 3773 3198 3844 pracepi
3210 3779 3248 3827 t.
3266 3773 3395 3827 Hac
3430 3774 3628 3845 itaque
3641 3781 3705 3830 et
3719 3775 3869 3830 mul-

2211 3867 2267 3915 ta
2289 3861 2402 3915 alia
2433 3862 2556 3932 ipse
2575 3866 2686 3916 Deo
2732 3861 2945 3932 dignus
2971 3861 3152 3917 abbas
3197 3862 3348 3916 bona
3393 3863 3450 3915 in
3497 3864 3708 3919 eodem
3742 3864 3869 3919 loco

2209 3955 2480 4021 operatus
2527 3954 2616 4005 est
2658 3967 2851 4021 opera.
2912 3949 3271 4004 Venerabilis
3322 3955 3519 4004 autem
3556 3967 3761 4007 comes
3797 3953 3868 4005 de

2208 4038 2395 4094 salute
2453 4056 2570 4093 sua
2627 4037 2832 4092 anima
2882 4036 3047 4092 valde
3105 4037 3412 4106 sollicitus,
3459 4045 3670 4095 sancto
3730 4055 3867 4096 eum

2207 4128 2426 4196 Spiritu
2460 4126 2824 4192 adhortante,
2859 4126 3104 4181 contulit
3151 4125 3372 4182 dilecta
3420 4127 3534 4182 sibi
3573 4128 3867 4196 ecclesia,

2205 4221 2535 4286 sanctaque
2567 4214 2740 4269 matri
2773 4213 3004 4269 Domini
3037 4214 3253 4282 Maria,
3301 4220 3356 4270 et
3405 4216 3697 4286 apostolis
3728 4219 3863 4288 ejus

2203 4305 2368 4359 Petro
2399 4309 2452 4358 et
2476 4303 2672 4370 Paulo,
2709 4320 2932 4358 necnon
2959 4303 3270 4358 venerabili
3299 4304 3499 4359 Mauro
3529 4307 3865 4362 confessori

2204 4409 2293 4447 res
2327 4391 2715 4464 possessionis
2741 4409 2878 4457 sua,
2915 4409 3041 4464 qua
3074 4392 3338 4463 pretiosa
3370 4391 3481 4447 sibi
3524 4409 3657 4449 esse
3701 4395 3866 4451 vide-

2199 4483 2432 4536 bantur.
2490 4480 2786 4536 llelizabet
2817 4497 3051 4552 quoque
3078 4481 3384 4536 eomitissa
3412 4481 3618 4536 sociali
3643 4486 3863 4555 conju-

444 4573 534 4625 tor
563 4569 809 4625 fratrum
841 4567 960 4623 illic
990 4567 1322 4638 degentium
1356 4567 1641 4624 existeret.
1680 4569 1786 4636 Qui
1827 4573 2084 4641 quandiu
2122 4587 2168 4650 D
2197 4569 2291 4642 gio
2323 4569 2646 4640 illijuncta,
2675 4586 2810 4624 cum
2834 4568 3164 4641 Ragenaldo
3187 4586 3293 4624 suo
3314 4568 3575 4640 filiojam
3601 4572 3866 4642 prasule

442 4659 605 4725 vixit,
639 4659 698 4713 in
730 4658 931 4713 eodem
967 4657 1090 4711 loco
1123 4662 1494 4711 conversatus
1516 4661 1622 4710 est.
1646 4657 1766 4720 Quo
1791 4660 2082 4726 defuncto,

443 4747 811 4800 antevultum
842 4746 1099 4801 crucifixi
1126 4745 1352 4800 Domini
1380 4745 1438 4798 in
1462 4745 1706 4802 ecclesia
1727 4765 1938 4820 corpus
1960 4751 2088 4820 ejus

441 4833 735 4903 sepultum
767 4839 873 4889 est.

512 4920 759 4976 Sanctus
791 4921 969 4992 igitur
1017 4921 1285 4987 Maiolus,
1337 4923 1678 4994 sapefatum
1729 4924 1919 4980 locum
1953 4943 2086 4982 cum

440 5007 561 5063 suis
590 5009 922 5080 suscipiens
966 5011 1291 5076 monachis,
1348 5011 1766 5067 dislrictionem
1801 5015 2084 5086 regularis

439 5097 662 5154 ordinis
692 5098 957 5153 districts
990 5098 1294 5153 observare
1329 5100 1520 5170 cmpit,
1559 5107 1619 5154 ut
1665 5103 1902 5158 omnino
1938 5105 2083 5159 nihil

436 5187 979 5258 pratermitteretur
1008 5203 1074 5241 ex
1097 5186 1186 5239 his
1205 5203 1330 5257 qua
1357 5189 1539 5242 sancti
1565 5189 1856 5245 Benedicti
1880 5195 2080 5263 praci-

438 5276 524 5346 pit
555 5276 772 5346 regula.
826 5276 1086 5347 Cumque
1137 5275 1481 5346 regulariter
1531 5279 1690 5332 intus
1739 5287 1793 5333 et
1828 5283 2080 5339 exterius

437 5371 647 5418 cuncta
679 5365 892 5420 ibidem
926 5371 1236 5436 agerentur
1263 5383 1325 5419 ac
1347 5365 1592 5421 sollicite
1619 5370 1834 5436 omnia,
1862 5376 1924 5424 ut
1945 5389 2078 5441 pos-

435 5450 603 5505 sibile
615 5458 758 5516 erat,
782 5455 1089 5508 emendata
1107 5454 1373 5516 fuissent,
1391 5455 1671 5507 accedens
1686 5457 1753 5508 ad
1772 5457 2074 5528 llugonem

432 5543 782 5594 Francorum
810 5559 1024 5613 regem,
1047 5546 1422 5596 exoratusest
1447 5549 1498 5592 ul
1527 5542 1709 5596 vietus
1736 5543 2072 5602 alimoniam

431 5643 728 5682 servorum
765 5629 858 5684 Dei
896 5631 1003 5682 sub
1035 5648 1100 5683 eo
1125 5628 1592 5682 conversantium
1628 5632 2072 5705 multiplicando

429 5716 717 5787 adaugere
750 5716 1106 5788 dignaretur.
1141 5718 1320 5787 Cujus
1342 5732 1540 5787 preces
1562 5732 1660 5774 rex
1682 5718 1923 5793 benigne
1940 5741 2069 5778 sus-

2203 4659 2364 4714 urbis
2395 4658 2597 4713 Parisii
2629 4658 2851 4723 effecto,
2885 4657 3014 4713 talis
3049 4659 3181 4713 facti
3212 4675 3570 4725 asscnsores,
3608 4665 3667 4715 et
3701 4662 3865 4718 desi-

2201 4747 2368 4814 derii,
2401 4746 2493 4801 sui
2529 4745 2836 4817 participes
2867 4745 3234 4800 exstiterunt.
3268 4746 3558 4801 Accedens
3605 4763 3756 4820 ergo
3790 4749 3863 4804 ad

2201 4837 2350 4907 regis
2382 4835 2770 4907 prasentium,
2803 4839 3074 4889 exoratus
3106 4839 3196 4890 est
3226 4839 3290 4889 ut
3318 4834 3497 4905 regali
3545 4851 3718 4892 more
3751 4837 3864 4894 hoc

2198 4929 2252 4978 et
2285 4924 2408 4994 ipse
2438 4926 2738 4990 annueret,
2773 4927 3306 4994 testamentumque
3338 4939 3456 4978 sua
3479 4925 3863 4982 auctoritatis

2189 5013 2423 5080 juberct
2455 5011 2571 5065 fieri
2607 5028 2672 5066 ac
2705 5028 2810 5066 suo
2838 5011 3004 5083 signo
3038 5012 3276 5076 muniri,
3309 5017 3604 5083 quatenus
3637 5030 3749 5085 per
3771 5015 3863 5069 fu:

2198 5108 2325 5155 tura
2359 5109 2619 5171 tempora
2665 5099 2886 5154 eisdem
2945 5100 3122 5156 rebus
3178 5101 3524 5171 praedictum
3556 5100 3865 5158 frueretur

2194 5188 2639 5256 monasterium,
2673 5192 2728 5241 et
2756 5189 2883 5257 ejus
2906 5187 3242 5244 memoriale
3263 5187 3322 5242 in
3349 5189 3686 5243 orationum
3721 5205 3860 5262 pre-

2191 5279 2417 5333 catibus
2449 5291 2680 5348 semper
2734 5275 3064 5332 haberetur.
3127 5278 3402 5334 Hortante
3459 5275 3660 5348 itaque
3695 5279 3858 5350 regis

2189 5366 2558 5420 clementiam
2593 5367 2720 5434 ejus
2745 5367 3023 5438 genitrice
3045 5366 3336 5430 Adelaide,
3361 5370 3418 5420 et
3439 5367 3567 5435 ejus
3591 5368 3856 5439 conjuge

2188 5455 2386 5525 regina
2419 5453 2646 5520 Bertha,
2683 5471 2808 5524 qua
2839 5473 2872 5509 a
2907 5461 3066 5510 tanto
3098 5455 3489 5527 poscebantur
3508 5453 3630 5507 viro
3654 5453 3853 5509 liben-

2186 5543 2411 5597 tissime
2443 5543 2666 5596 annuit.
2691 5544 2859 5598 Dedit
2881 5545 3076 5616 itaque
3103 5544 3450 5615 sapedictus
3474 5558 3668 5597 comes
3689 5542 3855 5597 Bur-

2183 5630 2437 5685 chardus
2467 5629 2718 5685 ecclesia
2780 5633 3108 5688 Fossatcnsi
3164 5632 3269 5688 has
3322 5630 3731 5703 possessiones
3774 5633 3851 5687 de

2184 5721 2356 5778 rebus
2391 5736 2506 5775 sua
2539 5720 2929 5792 proprietatis,
2963 5722 3158 5780 villam
3189 5720 3478 5790 videlicet,
3508 5735 3634 5790 qua
3655 5718 3847 5775 Nobi-
