4090 6176
241 351 368 418 853

1428 358 1611 422 VITA
1658 356 2112 423 nuncuaam
2158 359 2500 427 coums.
2590 326 2601 339 ’

3542 362 3663 428 854

274 489 448 548 iacus
492 487 736 560 dicitur,
786 489 847 550 in
910 490 1246 567 episcopatu
1305 491 1689 551 Parisiacensi
1739 508 1917 566 super
1942 492 1999 560 Α
2024 492 2326 553 tribueret.
2361 495 2459 554 Ille
2486 513 2639 568 vero,
2680 497 2779 573 qui
2830 498 3069 575 optabat
3113 504 3179 559 ut
3222 499 3415 560 cuncti
3445 500 3661 568 milites

241 581 469 637 flumen
491 580 769 638 Matronae
790 582 985 647 sitam,
1018 599 1153 638 cum
1177 584 1548 640 advocatione
1580 587 1635 639 et
1668 582 1901 650 vicaria,

240 685 381 726 cum
400 669 651 728 ecclesia
674 670 931 739 etaltari,
957 676 1016 727 et
1031 689 1165 728 eum
1181 672 1459 728 omnibus
1477 690 1602 745 quae
1621 673 1691 727 ad
1715 672 1903 743 ipsam

235 759 557 831 aspiciunt.
590 761 734 815 Item
758 759 816 813 in
840 761 1044 816 eodem
1082 777 1255 832 pago,
1294 761 1353 816 in
1383 761 1660 816 comitatu
1685 760 1900 816 Corbo-

241 847 450 904 liensis
465 849 665 917 castri,
695 847 754 903 in
785 848 923 904 villa
950 865 1078 921 quae
1107 854 1345 905 vocatur
1374 851 1581 919 Licias,
1627 866 1901 905 mansum

239 935 523 1009 Algardis
550 953 684 992 cum
715 936 993 992 omnibus
1032 938 1102 993 ad
1146 936 1316 993 illum
1350 939 1804 1010 pertinentibus.
1841 939 1900 992 In

239 1025 587 1082 Vastinensi
618 1041 852 1098 quoque
893 1041 1066 1098 pago,
1099 1026 1155 1081 in
1191 1026 1471 1082 comitatu
1520 1027 1903 1094 Nantonensi,

239 1119 420 1187 atque
436 1114 498 1169 in
514 1114 852 1187 episcopatu
870 1115 1224 1171 Senonensis
1239 1116 1423 1182 urbis,
1446 1116 1729 1188 prsidium
1747 1115 1901 1186 juris

240 1204 359 1272 sui,
413 1204 570 1276 quod
622 1206 1002 1275 nuncupatur
1049 1204 1201 1269 Scia,
1256 1220 1390 1259 cum
1445 1205 1817 1259 advocatione
1848 1209 1905 1259 et

238 1293 488 1360 vicaria,
510 1297 684 1365 atque
702 1292 971 1357 ecclesia,
986 1296 1042 1348 et
1064 1309 1195 1347 cum
1219 1294 1447 1347 cunctis
1464 1310 1591 1363 quae
1613 1294 1680 1347 ad
1708 1294 1901 1365 ipsum

242 1382 565 1455 aspiciunt.
601 1382 661 1436 In
694 1380 972 1437 comitatu
1014 1382 1190 1436 etiam
1234 1380 1611 1436 Milidunensi
1646 1381 1901 1449 alodum,

240 1472 343 1544 qui
377 1475 622 1527 vocatur
649 1469 984 1537 Curciacus,
1019 1486 1152 1524 cum
1184 1469 1553 1525 advocatione
1584 1475 1640 1525 et
1668 1470 1901 1537 vicaria,

239 1566 455 1616 etcum
503 1559 783 1614 omnibus
813 1560 884 1613 ad
918 1575 1054 1614 eum
1096 1558 1541 1630 pertinentibus.
1576 1559 1735 1613 Hanc
1766 1575 1903 1631 ergo

240 1666 364 1705 suae
393 1652 612 1704 sanctas
639 1646 970 1702 devotionis
997 1645 1353 1703 voluntatem
1386 1646 1624 1719 plurimi
1657 1647 1902 1701 Franco-

131 1760 155 1781 ι
238 1754 376 1793 rum
399 1736 662 1791 videntes
673 1735 1213 1807 etaudientes,erga
1227 1751 1295 1789 eu
1307 1733 1705 1790 mdemlocum
1724 1736 1902 1807 etipsi

2016 586 2366 642 Francorum
2391 587 2601 643 similia
2625 594 2987 663 peragerent,
3004 589 3247 648 liberam
3288 592 3449 648 dedit
3468 593 3551 649 illi
3573 595 3663 651 fa-

2013 674 2289 731 cultatem
2325 676 2501 732 dandi
2547 678 2831 750 quidquid
2855 680 2982 750 ejus
3002 680 3198 737 animo
3220 679 3500 753 placitum
3525 682 3664 741 fuis-

2015 767 2118 819 set.
2161 764 2415 821 Veniens
2460 766 2657 838 itaque
2688 768 2759 821 ad
2809 767 2919 823 sibi
2966 767 3243 824 dilectum
3294 787 3409 842 pra»
3442 772 3663 828 caeteris

2010 852 2225 917 locum,
2261 871 2394 908 cum
2415 871 2521 909 sua
2542 855 2807 927 conjuge,
2833 872 2960 927 quae
2984 858 3398 914 Ermensendis
3426 860 3661 916 diceba-

2012 945 2125 1007 tur,
2148 943 2400 997 innotuit
2417 943 2686 1015 religioso
2719 944 2915 999 abbati
2940 945 3181 1000 Teutoni
3208 962 3274 1001 ac
3296 947 3519 1003 caeteris
3542 948 3661 1005 fra-

2012 1030 2202 1084 tribus
2227 1032 2315 1086 sui
2339 1032 2527 1086 cordis
2552 1037 2858 1087 secretum.
2879 1033 3244 1106 Qui,gratias
3267 1037 3380 1089 Deo
3400 1040 3659 1107 agentes,

2012 1118 2070 1173 in
2100 1120 2224 1174 suis
2254 1120 2615 1175 orationibus
2654 1122 2959 1193 praedictos
2991 1122 3270 1192 conjuges
3299 1123 3660 1195 suscipiunt,

2013 1209 2214 1280 sicque
2246 1208 2563 1263 familiares
2593 1209 2692 1263 Dei
2724 1226 3019 1264 servorum
3051 1210 3236 1265 effecti
3278 1214 3438 1276 sunt,
3486 1216 3661 1284 atque

2013 1297 2201 1353 locum
2219 1314 2339 1352 suae
2360 1297 2767 1352 tumulationis
2781 1302 2912 1368 post
2924 1297 3334 1354 resolutionem
3349 1316 3659 1372 corporum

2012 1389 2380 1455 acceperunt.
2414 1384 2708 1439 Dederunt
2733 1400 2869 1457 ergo
2898 1384 3115 1439 ibidem
3148 1386 3452 1456 prsidium,
3488 1403 3659 1458 supe-

2013 1473 2135 1528 rius
2169 1473 2534 1527 nominatum
2583 1472 2850 1541 Jureum,
2898 1489 3074 1544 super
3119 1472 3337 1528 ﬂumen
3379 1478 3659 1545 Sequana

2014 1562 2215 1629 situm,
2249 1561 2565 1616 distantem
2598 1579 2631 1616 a
2661 1564 2853 1616 castro
2884 1561 3149 1617 Corboilo
3180 1560 3458 1618 milliario
3488 1565 3545 1618 et
3573 1563 3661 1618 di-

2012 1650 2213 1717 midio,
2246 1649 2551 1705 ecclesiam
2582 1666 2819 1723 quoque
2848 1653 2905 1704 et
2932 1650 3230 1717 vicariam,
3254 1655 3311 1706 et
3330 1651 3659 1708 advocatio-

2015 1755 2171 1804 nem,
2222 1755 2358 1793 cum
2392 1738 2667 1794 omnibus
2713 1740 2780 1793 ad
2825 1755 2955 1789 cum
2993 1739 3439 1809 pertinentibus.
3473 1740 3658 1796 Simili

237 1823 1663 1898 expropriisrebusmultaconferebant.lnterquos
1680 1823 1801 1878 vice
1814 1840 1904 1879 co-
1932 1861 1979 1925 Β
2012 1827 2186 1882 etiam
2210 1828 2382 1882 modo
2405 1828 2776 1881 donationem
2798 1826 3058 1881 fecerunt
3092 1825 3164 1880 de
3188 1825 3326 1881 villa
3337 1827 3458 1895 jam
3482 1827 3657 1896 dicta,

242 1912 1895 1979 mesMillidunensisCastri,nomineJoscelinus,exoratus

238 2009 330 2059 est
349 2007 466 2058 Deo
487 2003 763 2057 devotum
788 2001 1087 2068 comitem,
1107 2004 1171 2055 ut
1191 2000 1243 2056 ei
1284 2000 1609 2069 ecclesiam,
1635 2018 1762 2073 quae
1785 2003 1898 2057 sita

237 2096 328 2148 est
357 2091 423 2145 in
453 2090 581 2145 vico
612 2089 712 2161 qui
764 2090 1051 2145 Nociacus
1097 2090 1289 2145 siccus
1336 2089 1567 2158 dicitur,
1618 2107 1792 2161 quam
1825 2091 1896 2145 de

237 2181 370 2251 ejus
391 2178 678 2234 beneficio
699 2177 1058 2250 possidebat,
1084 2178 1200 2234 Deo
1223 2183 1281 2233 et
1302 2179 1523 2234 sanctis
1544 2179 1672 2250 ejus
1693 2195 1894 2234 conce-

238 2268 379 2323 dere
401 2267 764 2339 dignaretur.
789 2265 994 2321 Comes
1009 2282 1161 2329 vero,
1181 2267 1394 2338 gaudio
1413 2266 1689 2338 repletus,
1711 2266 1897 2321 ethoc

238 2357 442 2429 ipsum
463 2354 671 2410 libenti
695 2354 892 2410 animo
926 2355 1235 2421 concessit,
1272 2354 1398 2425 ipse
1421 2371 1653 2427 quoque
1675 2354 1898 2409 viceco-

240 2462 393 2512 mes,
424 2443 730 2516 cingulum
778 2442 998 2497 militiae
1051 2460 1155 2515 pro
1203 2443 1438 2498 Christo
1485 2444 1807 2515 deponens,
1839 2444 1897 2497 in

242 2534 451 2590 eodem
483 2532 747 2587 camebio
777 2532 1102 2587 monachus
1135 2532 1506 2603 postmodum
1530 2536 1618 2587 est
1638 2532 1897 2597 effectus,

241 2627 420 2695 atque
441 2622 619 2694 digne
641 2621 818 2676 finem
852 2637 969 2676 sua:
1011 2619 1312 2692 complens
1345 2620 1495 2685 vitae,
1520 2620 1735 2676 ibidem
1758 2619 1902 2674 obiit

242 2712 354 2767 sub
385 2710 483 2765 die
511 2726 611 2764 xiv
638 2708 883 2764 Kalend.
915 2708 1228 2780 Aprilium.
1263 2708 1453 2780 Super
1482 2708 1573 2762 his
1603 2723 1739 2779 ergo
1774 2724 1900 2762 om-

242 2801 422 2857 nibus
452 2797 708 2871 inclytus
739 2813 838 2852 rex
867 2796 1154 2852 Robertus
1184 2796 1548 2852 auctoritatis
1584 2814 1701 2852 sua:
1722 2800 1900 2852 testa-

242 2892 514 2945 mentum
543 2886 669 2942 fieri
683 2885 887 2957 jussit,
900 2884 1394 2957 traditionemque
1418 2886 1612 2940 abbati
1633 2885 1898 2950 Teutoni,

242 2994 340 3035 seu
375 2976 626 3047 reliquis
656 2973 984 3039 monachis,
1037 2974 1189 3041 fecit,
1244 2980 1299 3029 et
1348 2975 1596 3045 praefatae
1645 2973 1899 3029 ecclesia:

244 3064 665 3121 muniﬁcentiae
698 3081 815 3119 sua:
846 3067 1135 3135 praecepto
1168 3062 1565 3131 confirmavit;
1614 3079 1717 3133 per
1744 3063 1899 3133 quod

243 3154 519 3227 precept!
532 3153 754 3224 jubens
771 3156 852 3217 ut,
878 3167 1066 3223 usque
1088 3152 1147 3206 in
1173 3152 1347 3206 finem
1366 3150 1584 3217 saeculi,
1603 3150 1899 3206 coenobitaa

2009 1933 2137 1988 quae
2158 1919 2398 1971 vocatur
2423 1915 2629 1981 Licias,
2651 1914 2709 1968 in
2741 1913 3016 1985 praedicto
3054 1930 3203 1985 pago
3236 1914 3370 1980 sita,
3402 1915 3661 1971 distante

2004 2021 2039 2060 a
2068 2009 2261 2060 castro
2296 2002 2569 2058 milliario
2613 2006 2671 2057 et
2717 2001 3002 2069 dimidio;
3034 2018 3213 2073 quam
3262 2002 3334 2058 de
3377 2003 3659 2060 beneficio

1976 2146 1985 2156 ,
2005 2093 2327 2149 Burchardi
2354 2092 2583 2148 comitis
2607 2095 2666 2146 et
2686 2089 2787 2144 filii
2803 2091 2931 2161 ejus
2942 2090 3162 2145 honore
3178 2090 3497 2163 pontificali
3520 2102 3665 2164 prte'

2006 2181 2254 2238 cluentis
2303 2180 2567 2237 Rainaldi
2619 2179 2914 2233 tenebant.
2961 2177 3219 2241 Quorum
3271 2195 3559 2236 consensu
3603 2184 3661 2237 et

2006 2271 2300 2326 voluntate
2350 2269 2461 2324 hoc
2510 2268 2732 2323 donum
2782 2266 3047 2322 fecerunt
3096 2283 3199 2338 pro
3260 2271 3484 2323 aeternas
3529 2269 3659 2324 vita

2008 2359 2493 2424 remuneratione,
2526 2361 2583 2411 et
2614 2372 2716 2428 pro
2748 2356 3080 2410 animarum
3108 2372 3373 2421 suarum,
3408 2356 3528 2412 sive
3556 2357 3660 2413 Ge-

2006 2448 2179 2517 lonis,
2213 2448 2305 2502 cui
2337 2461 2710 2502 successores
2739 2443 3084 2511 existebant,
3128 2447 3303 2515 atque
3349 2448 3659 2516 parentum

2008 2553 2227 2601 eorum,
2252 2534 2640 2598 absolutione,
2663 2549 2795 2587 cum
2821 2532 3197 2588 advocatione
3223 2536 3279 2586 et
3306 2531 3658 2588 vicariorum

2008 2629 2312 2699 potestate,
2345 2628 2559 2679 etcum
2590 2619 2816 2677 cunctis
2845 2637 2974 2692 quas
3000 2621 3073 2676 ad
3105 2620 3297 2691 ipsam
3342 2620 3656 2692 ascipiunt.

2008 2716 2239 2771 Donum
2271 2729 2407 2785 ergo
2436 2714 2645 2767 harum
2680 2726 2872 2765 rerum
2898 2725 3077 2780 super
3097 2707 3278 2763 altare
3297 2708 3520 2763 Sancte
3542 2709 3659 2764 Ma-

2010 2805 2106 2859 ria:
2138 2802 2453 2873 Sanctique
2486 2800 2634 2853 Petri
2667 2796 2915 2870 apostoli
2969 2800 3294 2868 posuerunt
3322 2800 3523 2852 tenore
3552 2795 3657 2852 tali

2010 2897 2198 2947 utann
2210 2890 2389 2945 uatim
2405 2885 2855 2959 recognitionem
2870 2883 3094 2956 exipsis
3109 2883 3659 2940 haberentdenomi-

2010 2984 2233 3048 natam,
2257 2976 2527 3033 amholus
2555 2991 2687 3029 vero
2711 2975 2781 3028 ab
2808 2973 2916 3028 hac
2938 2971 3066 3027 luce
3086 2972 3501 3043 migrantibus,
3526 2989 3657 3045 per-

2010 3072 2184 3141 petuo
2216 3065 2518 3121 habendas
2549 3062 2931 3134 possiderent.
2966 3060 3102 3115 Post
3143 3059 3267 3115 haec
3297 3059 3472 3117 etiam
3503 3062 3658 3134 regis

2012 3158 2293 3213 adeuntes
2323 3152 2715 3225 praesentiam,
2757 3148 3045 3221 deprecati
3073 3152 3213 3204 sunt
3258 3152 3325 3203 ut
3351 3148 3473 3203 haec
3503 3150 3658 3205 dona

245 3226 409 3298 illius
436 3241 548 3297 loci
581 3240 703 3296 haec
736 3240 934 3295 omnia
963 3244 1225 3296 tenerent
1253 3243 1427 3310 atque
1451 3239 1699 3310 pleniter
1718 3239 1900 3311 possi-
1929 3226 1972 3291 C
2011 3244 2281 3317 praecepti
2314 3242 2404 3297 sui
2428 3240 2769 3295 auctoritate
2789 3238 3087 3293 roboraret
3106 3241 3162 3292 et
3196 3235 3399 3293 annuli
3422 3237 3513 3292 sui
3543 3237 3657 3292 im-

247 3332 479 3401 derent,
530 3328 849 3400 nullusque
893 3345 1010 3396 rex,
1070 3327 1271 3383 nullus
1318 3327 1645 3399 episcopus,
1700 3326 1899 3382 nullus

243 3436 469 3486 comes,
502 3422 606 3473 aut
626 3416 745 3473 ulla
763 3416 1031 3472 mortalis
1044 3420 1303 3488 potestas
1321 3414 1456 3471 illas
1480 3431 1570 3471 res
1592 3416 1900 3487 disponere

238 3513 346 3565 aut
370 3509 433 3563 in
460 3523 572 3562 sua
591 3509 877 3577 potestate
899 3504 1220 3577 quidquam
1241 3504 1452 3559 horum
1475 3505 1781 3559 decernere
1801 3508 1901 3559 aut

240 3597 520 3670 delegare
566 3599 980 3668 praesumeret;
1033 3595 1133 3649 sed
1188 3597 1468 3666 perpetua
1509 3592 1800 3648 soliditate
1839 3594 1899 3647 in

237 3687 514 3759 ipsorum
527 3686 658 3755 jure
677 3684 1083 3749 consisterent,
1098 3683 1445 3754 disponendi
1459 3686 1634 3753 atque
1652 3681 1899 3737 faciendi

236 3775 313 3831 ad
338 3773 663 3830 utilitatem
684 3771 792 3827 loci
817 3771 1105 3843 quidquid
1127 3770 1459 3843 elegissent.
1480 3770 1695 3826 Utvero
1713 3771 1901 3842 ipsius

237 3860 657 3937 preceptionis
679 3863 853 3931 atque
883 3860 1270 3915 roborationis
1291 3859 1543 3914 edictum
1569 3876 1671 3931 per
1691 3864 1901 3913 cuncta

234 3952 341 4008 aevi
381 3956 655 4022 tempora
674 3947 1068 4004 inviolabilem
1090 3947 1377 4003 obtineret
1415 3948 1708 4002 firmitatis
1735 3948 1903 4019 vigo~

236 4057 394 4108 rem,
412 4054 578 4095 more
593 4035 775 4110 regali
790 4053 969 4092 manu
992 4036 1227 4109 propria
1240 4034 1904 4103 confirmavit,etannuli

240 4130 339 4186 sui
356 4127 753 4200 impressione
782 4124 1054 4198 insigniri
1078 4125 1277 4196 jussit.
1298 4125 1460 4191 Quod
1475 4124 1757 4196 Rogerius
1773 4140 1904 4178 can-

240 4216 531 4275 cellarius
552 4215 752 4271 devote
774 4213 1015 4286 peregit,
1040 4213 1140 4284 qui
1156 4216 1376 4285 postea,
1399 4216 1508 4267 Deo
1531 4211 1901 4279 concedente,

238 4308 313 4363 ad
347 4306 644 4361 honorem
676 4303 1050 4375 pontificatus
1080 4301 1139 4356 in
1173 4303 1317 4356 urbe
1355 4300 1688 4356 Belvacensi
1721 4300 1903 4355 subli-

243 4399 455 4451 matus
481 4396 593 4448 est.
616 4396 760 4447 Acta
784 4396 920 4447 sunt
940 4395 1136 4446 autem
1159 4389 1278 4445 hzec
1298 4389 1357 4444 in
1378 4389 1606 4444 civitate
1621 4390 1903 4457 Parisius,

244 4498 414 4539 anno
436 4480 723 4535 incarnati
742 4480 916 4535 Verbi
937 4480 1063 4547 998,
1088 4495 1242 4534 anno
1264 4495 1396 4533 vero
1418 4478 1648 4533 Roberti
1668 4478 1821 4549 regis
1838 4476 1901 4544 Χ,

242 4572 361 4629 sub
397 4569 497 4625 die
524 4586 625 4624 xm
656 4567 779 4624 Kal.
819 4568 1120 4623 Maiarum.

316 4658 462 4716 Fuit
493 4658 671 4712 etiam
700 4657 849 4730 ipsis
878 4656 1086 4712 diebus
1118 4656 1288 4711 miles
1328 4656 1567 4727 quidam
1613 4656 1905 4726 egregius,

242 4745 540 4824 potentiis
570 4750 628 4801 et
656 4746 882 4801 divitiis
913 4744 1110 4800 sazculi
1142 4744 1310 4800 valde
1330 4743 1623 4810 sublimis,
1643 4761 1915 4799 veneran-

242 4840 451 4909 doque
485 4834 682 4890 comiti
710 4832 921 4901 fidelis,
954 4833 1190 4889 nomine
1210 4833 1644 4898 Ermcnfredus,
1672 4832 1918 4887 ﬁdeliter

245 4928 374 4984 Deo
424 4921 791 4995 complacere
853 4922 1214 4978 desiderans.
1279 4923 1382 4976 Hic
1441 4922 1656 4993 itaque,
1712 4938 1917 4992 pavore

248 5012 461 5072 aeterni
488 5010 761 5085 supplicii
783 5011 1125 5084 perterritus
1145 5010 1493 5081 etexemplis
1507 5012 1631 5081 jam
1656 5009 1793 5064 dicti
1810 5008 1915 5063 viri

250 5102 537 5174 religiose
565 5101 889 5164 animatus,
922 5098 1122 5154 retulit
1169 5104 1226 5153 et
1274 5099 1526 5153 multum
1580 5098 1771 5151 locum
1805 5097 1915 5152 sibi

250 5190 652 5249 commissum
683 5188 945 5261 diligere,
977 5204 1043 5242 ac
1073 5189 1143 5241 de
1168 5188 1418 5259 propriis
1442 5186 1912 5259 possessionibus

252 5297 319 5339 se
348 5278 502 5335 velle
530 5279 591 5333 in
622 5295 689 5334 eo
717 5277 941 5349 largiri.
995 5280 1342 5347 Deprecatus
1388 5281 1477 5331 est
1523 5277 1722 5347 itaque
1752 5292 1911 5338 eum,

254 5373 562 5445 quatenus
590 5366 811 5435 villam,
846 5382 1022 5439 quam
1059 5366 1131 5420 de
1173 5365 1301 5435 ejus
1354 5364 1629 5420 beneficio
1660 5363 1911 5429 tenebat,

257 5475 395 5533 quae
436 5456 632 5512 Licias
672 5456 864 5528 (Lices)
897 5453 1245 5528 appellatur,
1286 5453 1538 5509 ecclesia:
1586 5451 1916 5509 l-‘ossatensi

257 5550 453 5614 daret,
483 5545 569 5600 ita
591 5549 655 5600 ut
673 5546 850 5601 etiam
870 5543 1153 5618 prmdium
1178 5560 1296 5599 εηω
1328 5542 1735 5615 possessionis,
1762 5541 1915 5612 quod

260 5638 471 5695 Jurem
522 5635 702 5707 (lury)
759 5633 993 5702 dicitur,
1051 5636 1371 5704 spontanee
1417 5632 1709 5689 voluntate
1740 5630 1919 5686 simul

2010 3332 2311 3405 pressione
2333 3330 2563 3385 munire
2585 3329 2943 3401 dignaretur.
2970 3326 3099 3397 Ipse
3128 3342 3361 3397 quoque
3382 3342 3500 3381 sum
3529 3341 3654 3381 ma-

2008 3422 2113 3476 tris
2134 3418 2449 3477 Adelaidis.
2470 3413 3021 3486 nxorisqucBerthm
3043 3412 3543 3485 suggestionibus,
3570 3411 3655 3469 uti

2007 3513 2280 3582 precatus
2311 3508 2517 3572 fuerat,
2551 3504 2789 3577 peregit.
2840 3501 3178 3574 Conscripto
3226 3501 3424 3575 itaque
3472 3505 3653 3559 testa-

2009 3603 2226 3664 mento,
2258 3614 2323 3651 ac
2346 3596 2845 3667 monogrammate
2866 3591 3020 3664 regis
3041 3607 3219 3647 manu
3239 3591 3409 3659 facto,
3433 3591 3651 3647 France

2009 3693 2150 3743 tunc
2200 3684 2603 3749 cancellarius,
2659 3686 2861 3754 postea
2906 3696 3038 3735 vero
3077 3678 3385 3751 episcopus
3445 3678 3654 3733 Parisii

2011 3778 2221 3841 factus,
2244 3773 2561 3844 imaginem
2586 3770 2733 3841 regit
2753 3766 3058 3838 imposuit.
3085 3767 3325 3821 Factum
3346 3769 3437 3820 est
3455 3769 3649 3820 autem

2010 3865 2045 3919 h
2056 3881 2121 3919 oc
2145 3864 2204 3917 in
2220 3860 2492 3934 prmdicla
2507 3859 2648 3913 urbe
2661 3872 2812 3911 anno
2825 3853 3246 3909 incarnationis
3260 3852 3473 3908 Christi
3490 3852 3649 3917 1000,

2012 3951 2326 4007 indictione
2349 3964 2447 4013 xu,
2472 3961 2624 4000 anno
2647 3959 2777 3998 vero
2807 3941 2969 4014 regni
3008 3939 3208 4012 inclyti
3244 3940 3398 4013 regis
3421 3939 3657 3995 Roberti

2010 4059 2089 4095 x11
2122 4036 2383 4094 feliciter.

2085 4127 2186 4181 His
2208 4125 2290 4179 ita
2312 4122 2582 4187 narratis,
2607 4119 2677 4174 ad
2699 4122 2963 4173 nostrum
2982 4116 3384 4172 Burchardum
3408 4117 3663 4173 reflecta-

2014 4220 2111 4270 tur
2140 4213 2346 4285 stylus.
2381 4210 2524 4265 Huic
2555 4223 2690 4279 ergo
2719 4206 3048 4262 venerando
3091 4205 3311 4272 comiti,
3345 4205 3662 4277 instigante

2014 4301 2258 4358 humani
2290 4298 2519 4373 generis
2557 4296 2816 4362 inimico,
2865 4295 3113 4350 infestus
3163 4298 3338 4366 atque
3385 4294 3661 4349 inimicus

2020 4390 2301 4447 existebat
2322 4387 2488 4443 valde
2510 4387 2631 4441 Odo
2652 4401 2869 4449 comes,
2910 4384 3155 4453 ejusque
3174 4380 3346 4436 bonis
3370 4380 3665 4435 invidebat

2017 4480 2265 4544 actibus,
2291 4476 2427 4549 quia
2445 4474 2611 4529 illum
2635 4473 2693 4528 in
2725 4472 2859 4527 aula
2879 4471 3031 4543 regis
3053 4470 3165 4525 sibi
3191 4468 3469 4540 praaponi,
3489 4470 3663 4537 atque

1940 4589 1985 4653 D
2016 4567 2310 4633 honorari,
2336 4568 2393 4621 et
2412 4564 2575 4635 diligi
2600 4581 2632 4617 a
2652 4561 2881 4616 cunctis
2903 4556 3315 4629 conspiciebat.
3357 4554 3583 4653 Quande
3602 4570 3664 4609 re

2018 4658 2116 4714 sed
2127 4656 2353 4711 uctione
2367 4653 2616 4724 quadam
2632 4655 2805 4720 atque
2817 4645 3128 4701 traditione
3140 4644 3408 4698 Castrum
3424 4640 3661 4697 Milidu-

2026 4762 2167 4801 num
2200 4744 2247 4799 ei
2284 4744 2511 4797 furatus
2537 4743 2643 4794 est.
2669 4736 2829 4801 Quod
2852 4750 2984 4788 eum
3004 4732 3322 4798 didicisset,
3349 4729 3667 4786 auxiliante

2025 4834 2135 4889 sibi
2173 4848 2322 4903 rege,
2358 4830 2681 4884 coadunato
2732 4825 3083 4878 Francorum
3132 4819 3410 4886 exercitu,
3462 4818 3669 4876 multis

2026 4920 2290 4977 millibus
2309 4916 2559 4973 militum
2580 4908 3527 4981 circumvallavit.Cernensitaque
3548 4907 3669 4964 Odo

2032 5029 2140 5065 non
2176 5026 2236 5063 se
2278 5022 2447 5080 posse
2496 5001 2710 5057 ibidem
2761 4998 3023 5071 quietum
3072 5012 3327 5064 manere,
3380 5013 3485 5051 nec
3515 4997 3670 5051 idem

2026 5104 2283 5154 castrum
2322 5093 2551 5167 proprio
2583 5089 2830 5144 retinere
2875 5087 3154 5154 dominio,
3202 5084 3351 5141 clam
3381 5100 3514 5139 cum
3548 5084 3673 5138 suis

2022 5189 2224 5243 abiens
2275 5183 2440 5255 fugit.
2490 5177 2862 5235 llurchardus
2917 5194 3049 5231 vero
3100 5177 3493 5245 introgressus
3540 5187 3673 5242 pro-

2024 5275 2213 5348 prium
2243 5271 2455 5342 rem-pit
2477 5271 2757 5324 castrum.
2785 5265 3074 5320 Galterius
3109 5278 3265 5328 vero,
3293 5259 3464 5329 cujus
3496 5257 3673 5313 tradi-

2024 5345 2181 5418 tione
2205 5363 2313 5416 hoc
2343 5364 2569 5414 tantum
2595 5356 2761 5410 nefas
2795 5354 3193 5423 perpetratum
3233 5350 3325 5403 est
3354 5345 3416 5400 in
3457 5350 3674 5415 monte,

2026 5451 2315 5523 quieidem
2333 5444 2827 5518 przeeminet.cum
2841 5436 3423 5509 suaconjugelaqueo
3435 5452 3681 5507 suspen-

2028 5557 2130 5596 sus
2152 5543 2257 5591 est.
2284 5537 2409 5591 Alio
2433 5549 2666 5605 quoque
2687 5526 3215 5602 tempore,inimico
3231 5525 3393 5598 pacis
3413 5523 3680 5595 lucisque

2030 5626 2360 5685 adversario
2394 5624 2759 5687 adhortante,
2803 5619 2862 5673 hi
2912 5619 3028 5673 duo
3078 5615 3325 5672 comites
3370 5613 3431 5668 in
3472 5614 3676 5668 eodem
