4086 6168
397 323 520 394 835

1461 325 1744 391 ODONIS
1790 322 2312 388 FOSSATENSIS
2359 323 2736 389 MONACHI.

3675 320 3790 383 856

397 479 547 540 pago
568 458 942 520 Milidunensi
963 459 1338 518 denominatc
1361 459 1470 516 sibi
1493 459 1616 516 loco
1640 458 1859 514 bellum
1887 458 2036 512 inter
2065 459 2119 527 Α
2148 457 2417 514 abbatem
2449 459 2801 530 suscepisse,
2846 473 2949 514 nec
2976 453 3187 516 debere
3241 471 3376 514 eum
3424 453 3628 528 recipi,
3657 455 3792 528 quia

401 567 461 607 se
491 552 891 608 condixerunt.
935 551 1198 622 Cumque
1245 550 1459 604 ibidem
1511 547 1902 613 advenissent,
1931 563 2036 618 pu-

397 641 710 713 gnaqueab
730 641 995 712 utrisque
1014 640 1274 712 partibus
1292 639 1570 694 acerrime
1594 639 2036 709 praepararetur,

397 728 707 800 praedictus
739 728 904 783 miles
937 728 1369 794 Ermenfredus,
1396 726 1578 781 solius
1603 731 1737 780 tunc
1760 725 1914 796 regis
1936 729 2036 778 do-

396 818 577 872 minio
598 819 890 882 subditus,
916 819 1040 874 suis
1081 817 1351 872 manibus
1376 834 1438 871 ac
1471 817 1597 886 ejus
1636 815 1905 887 potestati
1928 813 2036 866 hu-

396 906 612 961 militer
639 924 699 962 se
731 907 1025 961 submisit.
1077 910 1200 960 Non
1250 906 1404 960 enim
1456 923 1584 960 mos
1625 908 1767 969 erat,
1815 919 1920 958 nec
1950 905 2040 958 est

397 995 651 1060 Francis,
678 995 734 1049 in
758 993 928 1061 bello,
956 995 1149 1066 aliquo
1173 995 1342 1050 modo
1366 994 1604 1048 introire
1640 994 1861 1063 absque
1895 1009 2037 1063 prae-

399 1083 586 1138 sentia
616 1087 715 1138 aut
745 1085 918 1154 jussu
971 1083 1188 1156 proprii
1237 1083 1504 1139 senioris.
1556 1081 1872 1136 Humiliato
1902 1095 2038 1150 ergo

397 1171 729 1227 Burchardo
760 1173 922 1228 valde
957 1173 1013 1227 in
1037 1177 1350 1244 conspectu
1388 1172 1504 1238 Dei,
1530 1174 1818 1241 quatenus
1840 1172 2040 1223 contra

395 1260 623 1315 hostem
643 1263 959 1333 superbum
973 1262 1270 1326 ,cervicem
1289 1259 1545 1332 corporis
1559 1263 1614 1313 et
1627 1257 1822 1313 cordis
1854 1257 2040 1328 rigide

397 1349 736 1422 erigentem,
760 1349 996 1405 victoria
1013 1349 1120 1403 sibi
1150 1350 1406 1414 daretur,
1431 1349 1483 1402 in
1509 1363 1781 1420 campum
1805 1345 2037 1411 villula),

396 1441 488 1496 cui
512 1456 720 1494 nomen
754 1438 1059 1494 Orceiacus
1092 1438 1307 1509 (Orsay)
1340 1441 1449 1504 est,
1497 1435 1674 1492 simul
1726 1433 2038 1508 pugnaturi

395 1527 765 1583 conveniunt.
799 1527 917 1581 Illis
951 1527 1144 1598 itaque
1177 1527 1236 1580 in
1277 1527 1400 1581 acie
1446 1524 1902 1591 decertantibus,
1936 1521 2038 1576 Dei

387 1613 612 1685 judicio
633 1612 920 1669 exercitus
931 1614 1148 1670 Odonis
1168 1613 1318 1668 intra
1333 1630 1451 1667 sem
1461 1613 1648 1684 etipsu
1660 1629 1713 1666 m
1727 1611 2037 1675 dimicans,

399 1720 614 1776 magna
641 1703 793 1758 caade
814 1703 1222 1774 prosternitur.
1255 1702 1628 1757 Burchardus
1650 1718 1802 1766 vero,
1837 1700 1896 1754 in
1928 1699 2037 1754 Do-

398 1791 558 1846 mino
607 1789 956 1846 fiducialiter
1004 1791 1324 1855 confidens,
1377 1807 1551 1862 super
1597 1790 1797 1844 hostes
1845 1787 2035 1854 irruit,

398 1879 722 1951 multisque
752 1879 1015 1935 millibus
1046 1879 1387 1946 interfectis,
1419 1877 1762 1933 victoriailli
1797 1878 1866 1932 dc
1899 1874 2040 1932 cmlo

396 1968 694 2025 tribuitur.
728 1969 944 2024 Videns
975 1986 1209 2042 quoque
1238 1969 1357 2024 Odo
1388 1967 1644 2022 multum
1676 1983 1850 2022 suum
1882 1981 2039 2020 exer-

399 2057 582 2114 citum
596 2057 803 2126 minui,
827 2057 1125 2130 valdeque,
1143 2056 1398 2113 occisum
1420 2073 1522 2128 per
1536 2055 1723 2126 campi
1740 2053 2041 2127 planitiem

393 2152 608 2222 jacere,
634 2165 737 2205 nec
762 2147 859 2202 illa
879 2147 970 2204 die
998 2147 1230 2219 penitus
1255 2162 1424 2217 posse
1461 2144 1732 2199 victorem
1776 2143 2043 2208 existere,

401 2255 610 2312 pavore
621 2233 1478 2304 validotremefactusvaldeque
1490 2232 1728 2286 effectus
1740 2247 1843 2285 con
1855 2231 2042 2294 fusus,

401 2329 648 2384 timebat
667 2325 909 2380 minime
932 2323 1064 2377 inde
1086 2323 1348 2390 evadere,
1377 2321 1475 2376 sed
1493 2320 1739 2376 latenter
1759 2319 2041 2374 auxilium

399 2417 552 2488 fugae
581 2413 868 2468 citissime
900 2411 1082 2482 petiit.
1119 2411 1211 2464 Sic
1244 2411 1440 2480 itaque
1467 2409 1580 2464 Deo
1610 2409 1797 2464 fidelis
1827 2425 2042 2474 comes,

400 2503 584 2559 victor
631 2500 906 2564 existens,
956 2499 1206 2553 laudans
1256 2515 1388 2552 cum
1439 2497 1562 2552 suis
1609 2496 1943 2563 Dominum,
1972 2496 2042 2551 ad

401 2590 637 2665 prepria
665 2606 796 2644 cum
825 2588 1036 2661 gaudio
1065 2586 1386 2642 revertitur.

475 2679 801 2752 Religiosus
834 2677 1084 2747 denique
1116 2675 1297 2730 abbas
1321 2674 1807 2745 Teuto,jejuniis,
1841 2677 1898 2728 et
1928 2689 2050 2727 ora-

402 2769 686 2834 tionibus,
718 2764 1173 2838 vigiliarumque
1224 2763 1766 2835 pernoctationibus
1815 2761 2050 2816 assidue

401 2858 685 2921 intentus,
716 2855 830 2910 Deo
862 2870 1092 2926 semper
1121 2851 1346 2924 placere
1382 2851 1628 2906 fideliter
1657 2850 2047 2916 desiderabat,

408 2963 538 3002 cum
569 2961 704 3017 ergo
742 2943 800 2998 in
831 2943 955 2998 loco
992 2941 1100 2997 sibi
1125 2940 1440 2996 commisso
1464 2941 1732 3004 arduam,
1759 2942 1820 2993 ut
1851 2938 2052 3010 cupie-

407 3036 530 3104 bat,
559 3035 759 3098 vitam,
791 3033 863 3088 ob
897 3030 1203 3104 pastoralis
1241 3028 1520 3085 custodize
1547 3044 1769 3093 curam,
1811 3027 2052 3082 minime

408 3139 636 3181 servare
667 3125 882 3194 posset,
923 3119 1228 3176 Remensis
1261 3117 1422 3172 urbis
1447 3133 1662 3189 pagum
1687 3117 1757 3171 ad
1783 3115 2050 3170 habitan-

2145 546 2475 601 animarum
2504 565 2703 602 curam
2744 547 2976 621 penitus
3025 547 3363 618 reliquerat.
3416 545 3576 601 Cum-
3595 551 3786 602 autem

2141 634 2251 707 ipsi
2279 635 2376 692 Dei
2403 652 2564 690 servo
2589 636 2696 692 hoc
2720 637 3049 692 nuntiatum
3099 635 3322 706 fuisset,
3348 634 3512 691 valde
3534 639 3780 692 mmstus

2144 724 2413 789 efficitur,
2451 725 2724 796 ignorans
2769 725 2910 798 quid
2968 741 3139 798 agere
3182 729 3283 779 aut
3331 741 3447 797 quo
3480 741 3542 780 se
3572 730 3788 781 vertere

2145 813 2400 867 deberet.
2435 814 2693 868 Tandem
2727 814 3049 870 meditatus
3082 814 3137 868 in
3172 815 3343 869 corde
3392 830 3520 881 suo,
3562 814 3788 869 confor-

2147 905 2307 956 tante
2329 900 2495 956 illum
2519 903 2788 969 Domino,
2816 904 3235 976 quisperantes
3255 903 3310 956 in
3335 919 3397 957 se
3417 919 3529 958 non
3554 903 3787 969 deserit,

2147 989 2383 1046 salubre
2407 992 2719 1046 concilium
2745 993 2976 1065 reperit.
3005 993 3148 1047 Nam
3187 997 3421 1064 repente
3462 992 3532 1046 ad
3556 991 3790 1048 Clunia-

2148 1095 2279 1134 cum
2306 1080 2394 1134 sui
2422 1081 2667 1135 ccenobii
2696 1080 2887 1136 locum
2916 1081 3108 1137 rediit.
3127 1081 3328 1152 ibique
3346 1082 3494 1137 duos
3527 1082 3786 1150 abbates,

2148 1167 2242 1238 qui
2270 1173 2400 1240 post
2421 1167 2613 1240 ipsum
2645 1170 2700 1224 in
2726 1170 2837 1225 sibi
2865 1169 3179 1225 commisso
3205 1169 3328 1224 loco
3352 1169 3608 1226 ordinati
3632 1176 3790 1240 sunt,

2148 1257 2486 1328 supervixit,
2511 1259 2762 1330 atquein
2787 1263 2987 1314 sancta
3008 1257 3466 1328 conversatione,
3509 1265 3572 1314 ut
3611 1276 3791 1332 ccepeo

2150 1350 2256 1412 rat,
2291 1347 2630 1418 permansit.
2663 1347 2840 1402 Nemo
2871 1347 3028 1402 enim
3061 1347 3294 1402 illorum
3327 1348 3425 1402 diu
3468 1347 3657 1404 vivere
3687 1365 3790 1420 po-

2147 1433 2280 1500 tuit,
2313 1435 2469 1505 quia,
2504 1435 2735 1489 Domini
2786 1436 3130 1507 disponente
3167 1435 3412 1506 judicio,
3449 1440 3792 1507 potestatem

2148 1521 2451 1594 regiminis
2503 1523 2736 1578 nonnisi
2779 1523 3038 1596 quinque
3062 1524 3232 1580 annis
3254 1529 3588 1581 tenuerunt.
3631 1529 3792 1581 Com-

2149 1609 2517 1683 pletofigitur
2542 1612 2814 1681 termino,
2857 1613 2955 1685 qui
2989 1613 3268 1685 praeteriri
3312 1630 3427 1668 non
3453 1617 3662 1686 potest,
3694 1615 3797 1669 ibi-

2147 1699 2281 1754 dem
2307 1699 2550 1755 feliciter
2575 1701 2719 1756 obiit
2750 1701 2862 1756 sub
2893 1702 2986 1756 die
3028 1702 3194 1756 ldum
3237 1701 3691 1774 Septembrium.
3718 1704 3795 1759 Ad

2149 1788 2318 1858 cujus
2349 1787 2710 1860 sepulcrum,
2745 1794 2807 1844 ut
2840 1790 3051 1846 referre
3102 1789 3458 1856 audivimus,
3509 1791 3676 1846 multi
3707 1791 3793 1846 in-

2149 1874 2301 1932 firmi
2336 1881 2536 1948 postea
2568 1878 2878 1933 sanitatem
2913 1883 3272 1950 receperunt.

2220 1964 2321 2020 His
2352 1982 2486 2037 ergo
2514 1966 2575 2021 in
2608 1967 2883 2034 narratis,
2917 1967 2987 2022 ad
3021 1984 3088 2023 ea
3114 1985 3240 2039 quas
3289 1967 3504 2025 omissa
3530 1972 3667 2024 sunt
3697 1984 3785 2024 re-

2151 2051 2413 2108 ﬂectatur
2464 2054 2673 2127 stylus.
2736 2055 2946 2112 Audito
2990 2056 3188 2128 itaque
3252 2073 3350 2112 rex
3397 2057 3544 2128 quod
3594 2057 3786 2112 taliter

2149 2145 2313 2213 pater
2335 2147 2516 2198 Teuto
2542 2143 2734 2199 locum
2769 2145 3093 2216 fratresque
3144 2144 3496 2216 reliquisset,
3542 2150 3788 2200 tractare

2150 2228 2394 2285 sollicite
2423 2247 2556 2286 cum
2586 2233 3016 2289 venerabilibus
3037 2234 3195 2301 viris,
3220 2233 3555 2290 Burchardo
3577 2232 3796 2289 scilicet

2151 2323 2324 2389 atque
2375 2320 2654 2375 Itainaldo
2703 2323 2969 2392 praesule,
3019 2323 3210 2394 coepit,
3257 2323 3549 2394 quomodo
3589 2339 3657 2378 ex
3688 2322 3796 2378 Do-

2155 2407 2296 2461 mini
2321 2407 2614 2464 voluntate
2640 2409 2833 2482 ipsum
2859 2410 3051 2466 locum
3093 2411 3359 2467 ordinare
3396 2416 3653 2483 possent.
3688 2412 3795 2476 Qui

2154 2495 2348 2550 solerti
2365 2497 3329 2563 industriacommoniti,tiliumHai
3342 2500 3532 2555 monis
3545 2500 3800 2565 comitis,

2155 2583 2394 2639 fratrem
2430 2586 2618 2658 ipsius
2648 2587 2928 2658 episcopi,
2962 2588 3200 2643 nomine
3245 2588 3672 2653 Theobaldum,
3706 2589 3804 2660 qui

2147 2672 2273 2742 jam
2307 2673 2568 2727 coenobio
2599 2675 3023 2731 Cormaricensi
3075 2681 3338 2748 praeerat,
3389 2677 3460 2731 ad
3511 2693 3574 2732 se
3605 2678 3806 2731 venire

2155 2761 2518 2832 przecipiunt.
2554 2763 2653 2818 Cui
2691 2781 2790 2818 rex
2820 2765 3040 2820 donum
3073 2765 3316 2820 abbatize
3339 2765 3518 2832 dedit,
3549 2781 3809 2836 eumque

2157 2854 2380 2921 patrem
2404 2852 2824 2908 monachorum
2858 2854 2978 2908 fore
3007 2855 3333 2920 constituit,
3358 2855 3497 2926 quia
3519 2859 3576 2910 et
3591 2854 3715 2926 ipse
3738 2871 3804 2910 ex

2157 2936 2642 2995 Cluniacensibus
2701 2947 2846 3007 erat,
2915 2947 3089 3014 atque
3145 2942 3330 2998 sancti
3382 2943 3565 3014 patris
3613 2942 3802 2998 Maioli

2157 3026 2522 3083 institutione
2547 3030 2791 3085 edoctus
2816 3031 3020 3086 fuerat.
3063 3030 3377 3086 Nobilitate
3409 3035 3609 3087 autem
3632 3031 3806 3103 hujus

2161 3115 2364 3170 mundi
2399 3115 2674 3172 sublimis
2719 3135 2916 3173 comes
2947 3135 3062 3174 non
3105 3118 3295 3175 solum
3328 3120 3387 3174 in
3434 3119 3561 3175 loco
3591 3121 3661 3175 de
3692 3135 3804 3190 quo

405 3215 548 3270 dum
577 3189 686 3270 sibi
721 3209 910 3282 elegit.
956 3209 1212 3265 Habetur
1262 3206 1554 3278 siquidem
1603 3205 1742 3260 illuc
1783 3205 2048 3277 quredam
2082 3189 2124 3254 C
2161 3219 2354 3259 sermo
2382 3203 2594 3276 agitur,
2627 3222 2824 3261 verum
2857 3207 3032 3261 etiam
3087 3225 3186 3278 per
3235 3206 3420 3263 multa
3450 3189 3806 3270 monasteria

409 3297 906 3375 possessiuncula,
940 3313 1115 3369 quam
1147 3295 1436 3368 gloriosus
1459 3312 1558 3350 rex
1587 3293 1827 3349 Carolus
1848 3293 2052 3347 Calvus

403 3390 660 3446 ecclesia:
692 3386 1042 3450 Fossatensi,
1092 3383 1404 3454 abbatique
1456 3383 1810 3450 Godof‘redo,
1845 3379 2048 3453 refugii

403 3493 582 3533 causa
610 3478 843 3547 propter
862 3477 1328 3525 Normannorum
1353 3469 1838 3541 persecutionem,
1863 3469 2050 3536 dedit,

401 3565 462 3620 in
495 3581 611 3636 qua
625 3561 802 3617 etiam
823 3575 1036 3630 corpus
1053 3558 1237 3612 sancti
1261 3557 1442 3612 Mauri
1471 3557 1673 3612 multis
1700 3557 1868 3612 anuis
1893 3573 2048 3611 reve-

402 3657 595 3709 renter
621 3649 875 3705 traditur
904 3649 1330 3702 conservatum.
1367 3643 1510 3700 llluc
1541 3661 1676 3716 ergo
1699 3645 1825 3716 jam
1859 3643 2050 3700 dictus

403 3742 607 3807 abbas,
639 3739 881 3796 arduam
915 3753 1016 3808 pro
1047 3734 1278 3790 Christo
1301 3749 1582 3805 peragens
1604 3733 1802 3796 vitam,
1834 3733 2049 3788 multo-

403 3834 665 3903 tempore
695 3827 1070 3883 conservatus
1101 3827 1208 3878 est.
1242 3825 1363 3888 Quo
1395 3837 1660 3894 pergens,
1710 3822 2047 3893 ibidemque

406 3932 746 3990 permanere
777 3914 1138 3978 desiderans,
1161 3911 1431 3967 baculum
1452 3927 1598 3965 curae
1624 3910 1929 3982 pastoralis
1948 3926 2051 3980 per

405 4004 732 4060 suiservitii
757 4003 1119 4069 ministrum,
1143 4001 1378 4056 nomine
1399 3999 1720 4066 Valterum,
1737 4017 1906 4072 quem
1925 4000 2048 4071 ipse

405 4092 466 4146 in
497 4091 731 4147 Domini
781 4091 988 4145 timore
1021 4089 1361 4156 nutriverat,
1394 4089 1671 4145 fratribus
1696 4089 2045 4160 transmisit,

404 4180 692 4236 mandans
721 4181 785 4232 ut
813 4177 923 4232 sibi
956 4179 1278 4231 secundum
1311 4177 1522 4231 Christi
1569 4176 1922 4233 voluntatem
1955 4179 2044 4234 di-

399 4283 582 4340 gnum
615 4269 905 4339 pastorem
937 4264 1234 4336 eligerent.
1270 4264 1385 4318 Hoc
1435 4281 1570 4336 ergo
1617 4266 1914 4321 cmnobitae
1943 4284 2044 4322 au-

405 4355 654 4420 dientes,
685 4353 854 4410 valde
897 4352 1090 4408 mirati
1140 4356 1312 4423 atque
1362 4352 1558 4407 tristes
1607 4353 1814 4420 effecti,
1847 4355 2044 4410 comiti

397 4445 688 4518 praecipuo
721 4459 786 4499 ac
817 4444 944 4513 ejus
976 4441 1094 4496 filio
1127 4440 1479 4496 Parisiorum
1506 4441 1735 4511 praesuli
1761 4442 2042 4499 Rainaldo

2162 3291 2321 3363 regni
2369 3293 2722 3349 Francorum
2767 3293 2952 3349 multa
2994 3296 3147 3352 bona
3188 3294 3452 3361 contulit,
3499 3297 3650 3352 inter
3678 3313 3802 3367 qua:

2159 3380 2484 3435 coenobium
2508 3383 2703 3437 Sancti
2732 3383 2878 3438 Petri
2900 3382 3326 3450 Milidunensis,
3350 3385 3506 3456 quod
3527 3385 3806 3457 Siguinus

2160 3467 2904 3540 archiprzesulSenonensis
2932 3471 3219 3527 aedificare
3252 3477 3525 3542 cmperat,
3549 3473 3802 3544 propriis

2159 3557 2507 3612 muneribus
2538 3558 2722 3614 ditare
2761 3559 3004 3615 studuit.
3039 3561 3218 3616 Erant
3264 3566 3458 3616 autem
3489 3566 3540 3615 et
3571 3561 3627 3614 in
3661 3559 3805 3616 aliis

2158 3645 2324 3717 pagis
2356 3646 2608 3718 plurima
2649 3648 2700 3702 ei
2749 3653 2962 3717 castra,
3007 3665 3076 3704 ex
3123 3649 3339 3720 quibus
3391 3649 3795 3705 Vendocinum

2157 3733 2483 3804 (l’enddme),
2552 3735 2902 3791 Lavazinum
2980 3737 3320 3808 (Lavardin),
3389 3744 3447 3793 et
3517 3737 3806 3794 Montem-

2157 3838 2397 3877 aureum
2423 3824 2700 3895 (Montoz'r)
2729 3825 2960 3896 proprio
2997 3827 3280 3882 retinebat
3322 3827 3605 3895 dominio,
3639 3843 3807 3884 exce-

2157 3910 2274 3981 ptis
2305 3911 2458 3978 aliis,
2490 3928 2738 3982 quorum
2766 3913 3004 3968 nomina
3042 3914 3184 3969 mihi
3218 3914 3418 3987 ignota
3437 3915 3718 3984 existunt,
3751 3922 3808 3971 et

2156 4016 2285 4071 quae
2309 3999 2476 4054 multi
2522 4001 2738 4056 milites
2791 4002 3054 4057 beneficii
3085 4007 3144 4058 et
3175 4002 3472 4059 fidelitatis
3502 4005 3693 4075 gratia
3731 4005 3802 4060 ab

2155 4088 2283 4160 ipso
2317 4089 2712 4160 possidebant.
2745 4090 2957 4145 Statuit
2984 4091 3237 4164 denique
3270 4092 3566 4148 decretum
3596 4097 3660 4148 ut
3682 4094 3806 4165 qui-

2154 4193 2382 4247 cunque
2417 4177 2673 4232 fidelium
2707 4195 2951 4234 suorum
2982 4196 3050 4235 ex
3081 4181 3206 4236 suis
3237 4180 3446 4236 castris
3485 4181 3660 4236 vellet
3697 4181 3802 4237 ali-

2155 4281 2329 4335 quam
2350 4270 2574 4336 partem
2588 4271 2870 4322 terrarum
2887 4266 3143 4323 ecclesias
3169 4269 3501 4324 Fossatensi
3520 4269 3801 4337 tribuere,

2153 4351 2394 4408 liberam
2426 4353 2664 4409 haberet
2694 4353 2987 4410 licentiam
3019 4357 3218 4424 dandi,
3271 4357 3495 4428 absque
3529 4358 3804 4429 jussione

2152 4458 2392 4496 suorum
2441 4459 2868 4511 successorum,
2917 4445 3200 4517 quidquid
3260 4445 3456 4500 animo
3506 4445 3802 4503 libuisset.

395 4532 661 4606 protinus
683 4531 1448 4590 studuerunt.innotescere.
1475 4528 1764 4584 Illiautem
1789 4531 1909 4586 hare
1925 4549 2044 4587 om-
2072 4549 2119 4613 [δ
2151 4531 2314 4594 Quod
2349 4548 2381 4585 a
2411 4531 2767 4602 quibusdam
2802 4538 3116 4597 servatum,
3168 4539 3370 4606 postea
3412 4534 3598 4590 multa
3632 4537 3804 4592 nobis

395 4622 494 4677 nia
525 4623 676 4696 regis
706 4621 946 4677 auribus
981 4620 1397 4702 innotueruut.
1449 4617 1812 4674 Venerabilis
1842 4626 2033 4674 autem

398 4713 564 4781 pater
590 4714 788 4774 Teuto,
821 4708 877 4763 in
904 4710 1028 4779 jam
1063 4707 1214 4762 dicta
1247 4705 1380 4760 villa
1405 4705 1606 4760 multis
1648 4707 1856 4762 diebus
1879 4724 2037 4761 rom-

398 4801 683 4864 moratus,
700 4797 1021 4867 injejuniis
1058 4801 1116 4851 et
1135 4795 1516 4862 orationibus,
1543 4795 1791 4866 atquein
1813 4798 2038 4852 cunctis

397 4883 684 4939 bonorum
703 4901 944 4956 Operum
959 4883 1434 4948 exhibitionibus,
1450 4884 1799 4955 inquantum
1814 4884 2036 4941 homini

398 4969 630 5025 mortali
661 4970 936 5043 possibile
962 4971 1088 5037 fuit,
1123 4971 1236 5026 Deo
1259 4970 1370 5026 sibi
1389 4988 1556 5042 opem
1583 4971 1820 5039 ferente,
1846 4972 2039 5030 solita-

396 5059 544 5114 riam
566 5059 788 5132 peregit
809 5058 1005 5114 vitam.
1032 5059 1408 5114 Postmodum
1432 5077 1562 5114 vero
1579 5061 1821 5132 cupiens
1843 5061 2034 5118 locum

390 5148 502 5204 sibi
526 5148 930 5215 commissum,
947 5149 1269 5218 fratresque
1283 5164 1429 5218 quos
1445 5147 1753 5219 reliquerat
1771 5150 2032 5217 revisere,

391 5253 580 5308 usque
627 5239 698 5293 ad
747 5237 1130 5308 Novigentum
1205 5236 1808 5308 (Nogent-snr-Jfarnc)
1861 5256 2034 5311 prope

390 5327 812 5382 monasterium
838 5325 1119 5398 pervenit.
1144 5323 1361 5378 Ibidem
1387 5341 1523 5396 ergo
1539 5325 1721 5396 figens
1737 5343 2030 5398 gressum,

387 5414 627 5468 mandat
658 5415 936 5471 fratribus
967 5432 1027 5469 se
1075 5413 1301 5480 adesse,
1344 5415 1517 5482 atque
1548 5414 1617 5467 ad
1669 5429 1766 5467 eos
1798 5431 1858 5471 se
1889 5417 2030 5471 velle

382 5500 595 5554 venire.
630 5503 790 5566 Quod
840 5501 1004 5557 multi
1051 5502 1373 5565 audientes,
1416 5499 1564 5554 hanc
1591 5501 1717 5570 ejus
1755 5501 2025 5559 desiderii

385 5587 746 5645 devotionem
794 5590 1238 5662 prohibuerunt,
1287 5589 1545 5643 dicentes
1597 5605 1702 5643 suo
1751 5589 1872 5646 loco
1897 5593 2022 5662 jam

2150 4617 2344 4691 largiti
2377 4625 2533 4674 sunt.
2568 4621 2815 4676 Dederat
2845 4626 3037 4676 autem
3067 4622 3300 4680 cuidam
3325 4641 3431 4678 suo
3464 4627 3802 4697 praposito,

2148 4707 2380 4761 nomine
2411 4708 2650 4774 Badoni,
2681 4725 2746 4763 ac
2775 4709 3006 4764 duobus
3029 4711 3215 4782 ipsius
3237 4710 3593 4781 heeredibus,
3616 4714 3802 4784 quod-

2147 4795 2282 4849 dam
2308 4796 2651 4851 beneficium
2677 4797 2870 4852 taliter
2893 4801 2977 4864 ut,
3000 4799 3208 4855 diebus
3225 4816 3344 4856 suae
3374 4799 3520 4868 vitae,
3548 4816 3798 4858 censum

2146 4883 2333 4954 ipsius
2365 4885 2714 4940 monasterio
2749 4885 3163 4957 persolverent,
3215 4888 3272 4943 id
3314 4893 3401 4944 est
3431 4905 3586 4944 Lxxu
3621 4907 3797 4946 num-

2146 4989 2305 5033 mos;
2342 4972 2456 5028 illis
2487 4990 2617 5027 vero
2651 4973 2721 5027 ab
2753 4973 2860 5027 hac
2890 4973 3017 5030 luce
3046 4975 3415 5044 substractis,
3452 4976 3642 5049 ipsam
3677 4983 3795 5034 ter-

2146 5077 2266 5115 ram
2299 5065 2574 5133 perpetuo
2597 5061 2891 5117 cmnobitaa
2914 5064 3300 5135 possiderent.
3342 5065 3613 5136 Sed,jam
3638 5067 3796 5124 dicto

2148 5153 2266 5205 viro
2299 5152 2568 5215 abeunte,
2602 5150 2758 5206 filius
2798 5151 3008 5224 ipsius,
3055 5153 3350 5210 Alraunus
3399 5154 3658 5226 nomine,
3693 5158 3793 5229 qui

2143 5240 2371 5311 primus
2400 5239 2582 5295 haeres
2613 5240 2936 5309 exstiterat,
2961 5242 3250 5315 cujusque
3271 5258 3480 5300 nomen
3507 5243 3566 5298 in
3589 5244 3794 5302 charta

2141 5329 2572 5396 continebatur,
2593 5329 2874 5385 accedens
2895 5331 2965 5385 ad
2989 5332 3270 5401 Odonem,
3289 5332 3390 5404 qui
3411 5333 3788 5404 postmodum

2139 5415 2264 5470 loco
2316 5416 2546 5488 praefuit
2591 5421 2822 5488 accepto
2867 5420 3072 5490 pretio,
3119 5437 3296 5492 super
3342 5420 3526 5476 altare
3573 5425 3785 5478 sancta

2139 5503 2329 5558 Mariae
2351 5505 2615 5560 eamdem
2638 5507 2833 5576 posuit
2854 5506 3202 5576 chartulam,
3224 5513 3398 5580 atque
3428 5514 3640 5566 cuncta
3662 5528 3785 5582 qua:

2138 5593 2197 5648 in
2231 5609 2298 5647 ea
2328 5591 2619 5664 descripta
2651 5599 2815 5650 erant
2847 5595 3043 5653 abbati
3074 5613 3138 5653 ac
3171 5597 3474 5654 monachis
3521 5598 3782 5655 tradidit.
