4086 6168
225 355 335 421 857

1377 349 1560 421 Vl’i‘A
1612 356 2064 422 BURCHABDI
2110 343 2456 420 COMITIS.

3504 369 3624 434 858

224 491 368 546 Sunt
394 491 590 547 autem
621 488 762 566 ipsa:
794 507 885 548 res
924 505 1039 548 non
1084 506 1329 566 magna,
1383 493 1484 549 sed
1534 493 1853 548 admodum
1886 496 1941 560 Α
1968 506 2169 548 vocem
2218 493 2366 548 servi
2412 492 2514 549 Dei
2565 497 2622 550 et
2668 491 2938 565 precibus
2983 499 3169 552 sancti
3219 501 3310 554 sui
3351 510 3621 561 exoratus

224 597 425 653 parm,
470 579 594 634 sita:
625 579 684 635 in
732 580 1114 636 Parisiacensi
1163 598 1308 654 pago
1342 599 1455 638 non
1497 580 1667 652 longe
1699 599 1730 636 a
1772 597 1862 635 ca-

221 668 383 724 stello
413 668 699 735 Corboilo,
723 671 822 725 sed
858 670 914 725 iu
937 671 1181 727 circuitu
1215 672 1478 743 ejusdem
1510 670 1706 726 castri.
1746 670 1862 725 IIoc

221 762 304 814 est
336 758 393 812 in
423 757 562 812 villa
587 774 714 830 qua
747 763 982 815 vocatur
1015 760 1224 829 Licias,
1263 759 1523 816 villulam
1559 778 1685 832 quae
1717 757 1861 814 diei-

219 851 312 902 tur
340 848 768 920 Burguunaria,
793 867 858 904 eo
887 851 1040 920 quod
1069 850 1146 906 ibi
1171 851 1612 924 Burgundiones
1639 849 1863 905 habita-

218 941 440 1004 verunt,
491 936 842 993 ubibabetur
886 939 1031 994 silva
1070 956 1204 995 cum
1258 947 1408 996 terra
1457 939 1684 995 arabili.
1721 941 1860 993 Item

217 1042 395 1098 prope
440 1032 700 1082 castrum
751 1028 1116 1097 farinarium,
1167 1030 1321 1101 quod
1373 1034 1608 1084 vocatur
1639 1027 1856 1095 Tolvia,

215 1131 349 1170 cum
397 1115 640 1171 dimidio
685 1116 964 1187 aripeuno
1005 1123 1191 1186 terrai,
1237 1120 1305 1174 ad
1347 1118 1777 1185 mdiﬁcaudum,
1813 1117 1862 1172 si

214 1203 389 1261 fuerit
418 1223 584 1277 opus.
625 1207 684 1262 In
719 1206 844 1278 ipso
884 1224 1116 1278 quoque
1146 1207 1270 1263 loco
1312 1207 1744 1280 aliquantulum
1792 1208 1862 1262 de

211 1298 369 1350 terra
408 1294 604 1350 Sancti
657 1294 961 1366 Stephani.
1004 1295 1220 1352 Caetera
1277 1313 1408 1352 vero
1458 1300 1618 1363 sunt,
1668 1296 1724 1351 id
1775 1299 1862 1350 est

210 1390 420 1440 contra
449 1384 756 1439 castellum
800 1384 986 1439 sancti
1031 1385 1324 1457 Exuperii,
1355 1389 1411 1441 et
1453 1386 1508 1440 in
1547 1385 1770 1456 juniori
1804 1391 1862 1440 et

210 1474 270 1529 in
294 1474 472 1530 veteri
495 1473 780 1539 Corboilo,
809 1479 865 1528 et
895 1474 952 1528 in
976 1475 1191 1539 Ateias,
1225 1480 1280 1530 et
1310 1475 1368 1529 in
1397 1474 1650 1542 Sosiaco,
1685 1479 1862 1546 atque

207 1563 269 1619 in
301 1563 539 1620 Sintrio.
572 1564 707 1628 Quae
739 1563 839 1634 qui
880 1568 1090 1618 cuncta
1120 1580 1356 1620 noscere
1387 1565 1567 1636 cupit,
1603 1565 1661 1618 in
1693 1563 1858 1619 char-

205 1658 362 1723 tula,
393 1655 511 1710 sive
554 1653 613 1708 in
647 1656 994 1709 testamento
1026 1653 1256 1708 Roberti
1297 1654 1471 1726 regis,
1519 1655 1673 1725 quod
1707 1671 1860 1710 anno

206 1743 498 1798 incarnati
531 1741 702 1798 Verbi
745 1743 901 1809 1028,
935 1757 1087 1796 anno
1119 1758 1250 1797 vero
1283 1742 1441 1814 regni
1477 1742 1566 1798 sui
1606 1760 1707 1809 xxi,
1742 1743 1858 1798 fac-

206 1836 340 1886 tum
370 1836 480 1900 est,
513 1836 710 1903 aperte
740 1830 992 1902 reperire
1024 1829 1254 1885 valebit.

282 1922 364 1976 Eo
417 1920 598 1992 igitur
621 1925 900 1990 tempore,
926 1919 1065 1974 dum
1091 1921 1444 1974 Francorum
1487 1936 1733 1992 regnum
1766 1937 1864 1992 op-

208 2010 358 2065 tima
387 2025 529 2082 pace
557 2026 592 2066 a
621 2009 872 2065 Roberto
904 2007 1155 2080 glorioso
1189 2025 1320 2080 rege
1350 2011 1776 2080 gubernaretur
1806 2014 1862 2064 et

214 2097 474 2154 Ecclesia
493 2097 592 2153 Dei
617 2097 778 2170 pacis
796 2097 1103 2152 concordia
1125 2097 1461 2167 repleretur,
1488 2097 1682 2152 subito
1706 2097 1861 2152 idem

221 2203 463 2258 regnum
497 2185 755 2257 maligna
776 2185 1158 2239 conturbatur
1178 2185 1548 2240 aetversitate.
1575 2185 1736 2240 Unde
1768 2201 1860 2239 ac-

145 2312 150 2317 ~
223 2275 360 2330 cidit
389 2280 453 2330 ut
495 2275 736 2348 quidam
783 2273 962 2343 hujus
1009 2272 1226 2338 szeculi,
1277 2279 1516 2328 ventosa
1563 2272 1862 2328 nobilitate

222 2365 518 2436 praedives,
549 2363 830 2419 Arnulfus
852 2362 1160 2428 vocitatus,
1182 2363 1495 2417 comitatus
1518 2362 1706 2418 oflieio
1727 2362 1864 2418 insi-

224 2453 438 2526 gnitus,
467 2455 670 2509 contra
689 2453 969 2506 domuum
1000 2451 1317 2506 Robertum
1340 2451 1686 2522 insurgeret,
1721 2467 1861 2506 cun-

222 2547 312 2597 cta
339 2560 462 2614 quae
482 2543 611 2613 ejus
638 2540 841 2595 ditioui
861 2540 1125 2610 subjecta
1147 2539 1265 2594 fore
1285 2540 1632 2595 videbantur
1662 2541 1862 2595 incen-

219 2630 314 2685 dio
343 2633 762 2696 concremaret,
784 2631 841 2683 et
871 2646 938 2683 ea
969 2627 1123 2682 mala
1146 2645 1272 2699 quae
1304 2625 1516 2682 inferre
1549 2631 1774 2699 poterat
1803 2627 1863 2682 in

220 2719 486 2774 monibus
507 2719 830 2773 adhiberet.
848 2717 970 2781 Qua
992 2715 1286 2771 discordia
1307 2715 1650 2787 praevalente
1667 2719 1722 2770 et
1743 2715 1865 2770 dia-

220 2807 330 2862 boli
380 2808 601 2863 szevitia
635 2810 947 2879 prmeunte,
981 2805 1308 2860 coenobium
1342 2805 1532 2860 sancti
1584 2803 1862 2860 Walarici

219 2896 375 2962 adiit,
409 2896 677 2952 incendio
710 2900 921 2950 cuncta
949 2912 1074 2968 quae
1108 2893 1296 2965 potuit
1324 2895 1736 2960 concremavit,
1768 2897 1860 2947 at-

215 3002 325 3057 que
352 2985 548 3058 ipsum
591 3002 801 3057 corpus
847 2982 1197 3039 confessoris
1227 2981 1703 3054 Christijproprio
1755 2983 1858 3036 do-

213 3074 370 3130 mino
416 3073 698 3131 subdidit.
746 3073 870 3136 Qua
901 3073 971 3127 de
1004 3088 1063 3126 re
1114 3070 1351 3126 tristitia
1393 3087 1604 3142 magna
1653 3069 1856 3141 repleti

210 3162 498 3229 monachi,
532 3167 692 3218 tanto
725 3165 988 3216 carentes
1017 3164 1284 3232 patrono,
1329 3159 1500 3214 celeri
1532 3175 1736 3231 gressu
1772 3176 1857 3213 re-

1893 1865 1940 1930 Β

1969 581 2275 650 Dominus,
2309 581 2503 638 subito
2535 600 2865 654 aequoreum
2917 603 3076 642 mare
3115 587 3196 643 ita
3244 587 3493 646 divisum
3536 600 3624 650 est

1971 675 2036 726 ut
2066 669 2249 741 bajuli
2300 671 2483 726 sancti
2528 674 2807 744 corporis,
2840 679 2897 730 et
2929 681 3174 732 cunctus
3207 679 3461 751 populus
3497 681 3620 738 lau-

1970 760 2637 816 dandoetbenedicendo
2655 762 2970 819 Dominum
2995 765 3198 835 Deum,
3222 785 3357 824 cum
3390 787 3624 826 summa

1969 847 2162 903 laudis
2189 849 2510 916 devotione,
2547 850 2689 906 illud
2707 870 3037 923 aequoreum
3068 857 3246 911 maris
3270 860 3618 929 periculum,

1971 937 2141 992 siccis
2163 937 2438 1010 vestigiis,
2463 939 2682 1012 absque
2706 941 2822 997 ullo
2851 943 3028 998 maris
3052 946 3329 1015 periculo,
3356 954 3618 1020 pertran-

1971 1026 2130 1081 siret.
2167 1027 2244 1082 Ex
2277 1044 2392 1098 quo
2424 1028 2574 1084 facto
2607 1028 2750 1084 illud
2798 1031 3081 1088 Dominus
3115 1034 3384 1091 reiterarc
3419 1039 3619 1108 digna-

1970 1117 2066 1169 tus
2089 1121 2177 1170 est
2201 1116 2547 1172 miraculum
2570 1119 2722 1188 quod
2746 1120 3086 1193 perMoysen
3111 1123 3395 1180 famulum
3420 1144 3617 1196 suum,

1970 1204 2330 1276 fugientibus
2365 1205 2498 1259 filiis
2534 1207 2730 1272 Israel,
2761 1225 2861 1279 per
2896 1211 3152 1266 modium
3200 1231 3358 1269 mare
3391 1216 3615 1286 operari

1971 1292 2245 1364 dignatus
2276 1299 2381 1350 est.
2417 1293 2562 1349 Illud
2605 1313 2839 1368 quoque
2885 1299 3213 1355 cmnobium
3252 1302 3452 1359 multis
3485 1322 3597 1375 pra:

1971 1382 2201 1437 diorum
2248 1401 2490 1438 suorum
2551 1386 3028 1455 possessionibus
3092 1389 3340 1444 ditatum
3385 1393 3621 1450 reddere

1971 1472 2234 1543 cupiens,
2269 1472 2454 1528 multa
2487 1473 2838 1530 intrinsecus
2868 1482 2923 1531 et
2947 1478 3307 1533 extrinsecus
3340 1481 3410 1535 ob
3441 1498 3614 1535 suum

1971 1564 2315 1632 perpetuum
2383 1562 2718 1618 memoriale
2765 1563 3064 1636 largiendo
3127 1567 3393 1624 contulit.
3458 1569 3619 1625 Unde

1970 1648 2144 1704 etiam
2186 1650 2402 1706 ibidem
2448 1651 2572 1707 dies
2614 1653 2997 1710 anniversarii
3049 1655 3235 1727 ipsius
3285 1657 3625 1716 solemuiter

1971 1738 2315 1806 celebratur,
2343 1747 2622 1811 tanquam
2647 1743 3091 1812 siprzeseusillic
3110 1747 3340 1802 adesset
3357 1764 3622 1821 corpore.

1971 1828 2078 1894 Qui
2126 1829 2299 1883 etiam
2333 1830 2599 1885 testando
2631 1832 2997 1902 proﬁtentur,
3033 1833 3081 1888 si
3115 1835 3393 1906 possibile
3445 1843 3619 1905 esset,

1973 1920 2037 1972 ut
2065 1917 2218 1988 apud
2268 1916 2398 1972 illos
2446 1935 2656 1989 corpus
2697 1918 2856 1974 illius
2908 1921 3238 1987 haberetur,
3292 1926 3444 1996 quod
3494 1927 3618 1982 ﬁeri

1973 2023 2089 2061 nou
2114 2006 2280 2075 valet,
2303 2006 2440 2078 quia
2468 2007 2576 2062 hoc
2608 2007 2890 2064 voluntati
2923 2009 3022 2064 Dei
3070 2009 3296 2081 placere
3334 2030 3446 2069 non
3480 2031 3621 2070 con-

1974 2094 2241 2163 fidimus;
2293 2100 2488 2150 tamcu
2536 2095 2694 2151 illius
2748 2099 3143 2154 venerandum
3187 2117 3399 2173 corpus
3447 2121 3622 2176 penes

1973 2183 2158 2238 sancti
2192 2183 2459 2240 Walarici
2491 2201 2704 2256 corpus
2739 2192 3067 2256 poneretur,
3104 2194 3395 2260 quatenus
3445 2210 3618 2264 quem

1971 2271 2257 2328 honorare
2289 2273 2516 2328 studuit
2544 2273 2601 2328 iu
2635 2279 2785 2329 terra
2816 2292 2948 2330 cum
2983 2276 3108 2348 ipso
3142 2294 3373 2350 quoque
3403 2297 3435 2336 a
3467 2281 3620 2336 chri-

1974 2367 2061 2416 sto
2109 2358 2586 2416 honorificaretur
2633 2363 2690 2416 in
2741 2361 2883 2416 coelo
2933 2367 2989 2417 et
3039 2363 3096 2418 in
3143 2369 3316 2420 terra.
3352 2367 3483 2434 Sed,
3529 2367 3622 2423 his

1973 2449 2228 2517 omissis,
2254 2450 2325 2505 ad
2361 2456 2626 2505 nostrum
2661 2451 3063 2506 Burehardum
3089 2454 3457 2512 reflectamus
3489 2458 3622 2512 arti-

1974 2538 2194 2604 culum,
2251 2556 2316 2594 ac
2349 2538 2596 2610 qualiter
2626 2541 2696 2594 ad
2728 2557 2961 2595 sacrum
2994 2542 3256 2598 ordinem
3291 2546 3619 2612 accesserit,

1972 2635 2028 2683 et
2077 2628 2147 2682 ad
2189 2627 2486 2684 Christum
2521 2629 2894 2700 postmodum
2928 2631 3274 2701 pervenerit,
3308 2632 3623 2688 auxiliante

1973 2716 2241 2785 Domino,
2278 2721 2534 2772 vertatur
2563 2717 2768 2788 stylus,
2803 2724 2857 2772 et
2888 2719 3115 2773 cunctis
3147 2719 3255 2774 hoc
3302 2719 3621 2790 ignoranti-

1972 2806 2083 2860 bus
2128 2811 2327 2861 nostra
2370 2805 2630 2862 oratione
2666 2807 3090 2878 manifestaque
3122 2807 3343 2862 ratione
3390 2808 3618 2863 cunctis

1972 2895 2409 2949 demonstretur
2440 2893 2805 2950 mortalibus.

2044 2983 2256 3038 Diebus
2281 2983 2458 3054 igitur
2480 2982 2738 3053 praedicti
2762 2983 3011 3049 abbatis,
3037 2982 3201 3039 miles
3225 2983 3478 3042 invictus
3501 2987 3616 3043 Deo

1969 3070 2212 3125 devotus
2245 3087 2439 3125 comes
2474 3071 2845 3126 Burcbardus
2880 3073 2937 3126 in
2971 3071 3331 3130 infirmitatis
3373 3073 3618 3148 languo-

1971 3175 2092 3212 rem
2125 3155 2358 3214 decidit.
2393 3159 2503 3213 Sed
2537 3159 2814 3230 quoniam
2865 3161 3056 3215 omnis
3088 3161 3244 3216 filius
3277 3162 3376 3234 qui
3409 3164 3614 3236 recipi-

209 3267 338 3323 gem
359 3252 709 3307 Francorum
734 3251 969 3316 adeunt,
994 3253 1296 3321 poscentes
1322 3253 1386 3302 ut
1407 3248 1492 3303 eis
1515 3264 1853 3302 succurrere
1887 3231 1928 3298 C
1967 3250 2064 3300 tur
2089 3264 2122 3300 a
2152 3247 2266 3302 Deo
2301 3247 2770 3314 misericorditer,
2797 3248 3142 3321 flagellatur,
3163 3251 3502 3307 desiderans
3531 3252 3618 3307 iu-

210 3338 568 3411 dignaretur.
619 3337 725 3405 Qui
764 3338 849 3393 eis
893 3337 1262 3409 praesentiam
1295 3337 1384 3390 sui
1429 3336 1700 3391 exhibere
1742 3353 1856 3390 non

208 3427 432 3496 valens,
465 3428 740 3482 domuum
765 3427 1136 3482 Buchardum
1169 3426 1458 3480 exorando
1489 3425 1854 3497 deprecatur,

216 3522 280 3570 ut
309 3515 391 3570 eis
421 3533 527 3571 sua
564 3515 686 3572 vice
716 3519 1172 3582 succurreret,et
1202 3513 1286 3568 eis
1316 3530 1529 3585 corpus
1559 3517 1853 3580 sanctum,

216 3620 327 3675 quo
356 3604 584 3675 valeret,
613 3605 914 3676 juvamine
949 3603 1186 3658 reddere
1205 3602 1436 3657 faceret.
1475 3601 1852 3656 Veneraudus

217 3708 342 3747 vero
385 3693 756 3749 Burohardus
787 3709 982 3748 comes
1035 3690 1173 3746 illuc
1233 3690 1569 3757 adveniens,
1632 3691 1701 3745 de
1751 3687 1854 3745 Dei

219 3781 398 3852 gratia
463 3783 636 3839 corde
693 3781 1012 3845 confidens,
1090 3779 1362 3834 comitem
1435 3777 1855 3833 Flandrensem

218 3868 366 3936 adiit,
398 3871 558 3942 regia
587 3871 803 3940 profert
841 3868 1033 3934 verba,
1067 3873 1125 3923 et
1157 3884 1291 3921 eum
1324 3867 1616 3921 exorando
1648 3868 1856 3939 depre-

215 3964 389 4027 catur,
424 3963 716 4031 quatenus
761 3957 1113 4021 confessoris
1152 3955 1366 4011 Christi
1402 3957 1685 4022 membra,
1729 3972 1855 4026 quae

209 4045 413 4119 iniqua
458 4046 776 4118 cupiditate
823 4043 1160 4110 sustulerat,
1213 4042 1508 4099 voluntate
1548 4047 1604 4098 et
1635 4043 1858 4098 miseri-

206 4137 402 4192 cordia
443 4135 544 4192 Dei
577 4139 890 4207 prazeuute,
933 4133 1055 4190 solo
1088 4133 1423 4188 restitueret
1452 4132 1704 4204 proprio.
1749 4131 1857 4194 Qui

199 4228 328 4296 ejus
363 4223 639 4297 precibus
670 4239 979 4278 assensum
1009 4221 1295 4294 praebens,
1328 4237 1529 4292 pacem
1560 4220 1692 4274 fecit
1720 4235 1855 4275 cum

196 4331 332 4387 rege
358 4319 422 4369 et
461 4313 720 4378 Francis,
753 4316 810 4365 et
841 4311 995 4383 quod
1028 4327 1061 4365 a
1093 4313 1251 4365 tanto
1300 4307 1511 4364 comite
1552 4309 1856 4379 petebatur

190 4402 470 4458 celeriter
527 4399 899 4472 adimpletur.
971 4401 1234 4470 Cumque
1299 4397 1598 4452 venissent
1637 4397 1706 4451 ad
1753 4396 1858 4450 ilu-

188 4492 354 4547 vium
389 4491 495 4562 qui
531 4490 775 4545 Summa
814 4488 1049 4557 dicitur,
1083 4493 1139 4543 et
1168 4487 1302 4542 inde
1333 4486 1581 4542 transire
1617 4485 1851 4555 vellent,

191 4587 438 4653 repente
492 4595 652 4634 mare
701 4582 948 4634 cernunt
989 4577 1331 4643 iuundasse,
1374 4581 1428 4630 ct
1467 4576 1618 4630 viam
1650 4579 1850 4630 sancto
1886 4592 1930 4655 ι)
1962 4575 2293 4632 consolator
2360 4575 2734 4644 miserorum,
2811 4575 3144 4630 sublevator

193 4670 455 4742 corpori,
489 4668 808 4739 comitique
857 4666 1212 4732 Burchardo,
1246 4672 1301 4720 et
1331 4665 1554 4719 caeteris
1585 4664 1683 4736 qui
1716 4681 1851 4719 cum

194 4775 262 4814 eo
290 4763 482 4828 erant,
518 4758 824 4830 denegare.
857 4756 1019 4811 Tunc
1051 4771 1267 4822 comes,
1301 4754 1399 4826 qui
1438 4753 1674 4824 bajulus
1728 4771 1858 4808 san-

199 4849 272 4903 cti
304 4846 574 4920 corporis"
604 4851 746 4913 erat,
780 4845 1004 4900 cunctis
1034 4843 1408 4900 audientibus
1431 4846 1488 4898 et
1516 4843 1700 4899 Deum
1740 4849 1856 4899 tota

204 4941 398 4993 mente
431 4932 1027 5008 ignorantibus,dixit
1059 4949 1072 4986 :
1110 4955 1137 4982 «
1171 4931 1415 4988 Domine
1433 4932 1574 4988 Jesu
1605 4931 1852 5000 Christe,

205 5024 253 5080 si
275 5023 682 5081 misericordia
711 5021 1026 5079 voluntatis
1055 5025 1168 5076 tua
1191 5021 1386 5077 existit
1415 5025 1480 5075 ut
1509 5038 1720 5094 corpus
1750 5020 1854 5076 hu-

201 5114 296 5183 jus
324 5113 516 5169 sancti
563 5111 647 5166 tui
696 5111 931 5184 preprio
962 5111 1305 5165 restituatur
1334 5110 1616 5180 ccenobio,
1643 5110 1854 5180 jubeas

209 5203 370 5258 nobis
391 5202 504 5257 hoc
536 5201 756 5256 ﬂumen
789 5199 968 5254 maris
1000 5198 1309 5254 clementia
1335 5203 1443 5253 tuae
1467 5199 1744 5254 bonitatis
1776 5199 1856 5252 di-

208 5290 414 5355 videre,
445 5295 503 5344 et
531 5289 688 5344 viam
720 5289 901 5360 hujus
945 5287 1175 5343 itineris
1206 5287 1519 5343 clementia
1557 5293 1658 5342 tua
1687 5288 1855 5343 nobis

214 5381 457 5446 pandere
497 5396 614 5434 non
656 5378 1027 5450 dedignetur,
1059 5381 1350 5449 quatenus
1380 5376 1500 5432 haec
1532 5375 1720 5448 plebs,
1755 5381 1855 5432 tuo

216 5467 423 5524 nomini
455 5467 740 5535 serviens,
763 5468 835 5522 ad
861 5466 1097 5523 laudem
1119 5466 1316 5538 gloriae
1349 5470 1458 5521 tuae
1491 5472 1548 5522 et
1577 5465 1649 5521 ad
1673 5465 1854 5521 hono-

224 5571 325 5610 rem
352 5557 535 5627 hujus
566 5556 752 5612 sancti
785 5557 869 5612 tui
901 5548 1073 5612 corde
1103 5556 1305 5611 devoto
1337 5571 1583 5610 munera
1615 5553 1857 5610 laudum

225 5642 338 5700 leta
351 5645 546 5702 cordis
558 5645 949 5702 exsultatione
967 5644 1290 5717 persolvere
1313 5642 1519 5700 valeat.
1549 5666 1577 5691 »
1601 5644 1686 5698 Ad
1710 5643 1858 5699 hanc

1972 3335 2150 3388 veniri
2181 3335 2426 3407 vigilans
2458 3335 2664 3390 animae
2695 3354 2838 3406 suae,
2871 3345 3069 3393 custos
3103 3339 3343 3411 pervigil
3377 3341 3621 3398 existere

1967 3423 2254 3495 cupiebat.
2291 3424 2560 3480 Protinus
2591 3425 2746 3480 enim
2779 3425 2990 3481 militia
3019 3426 3312 3482 saecularis
3366 3433 3621 3484 contem-

1967 3511 2149 3579 nitur,
2198 3511 2559 3568 mouachalis
2601 3512 2718 3567 vita
2748 3513 3062 3584 appetitur,
3106 3514 3332 3570 cmlcste
3369 3532 3618 3588 regnum

1966 3603 2084 3655 toto
2117 3600 2330 3654 mentis
2361 3599 2576 3654 intuitu
2608 3600 3059 3672 concupiscitur.
3108 3603 3452 3660 Formidans
3483 3622 3619 3678 ergo

1968 3688 2171 3743 mortis
2224 3687 2550 3760 periculum
2600 3689 2844 3745 minime
2887 3707 3058 3761 posse
3089 3692 3349 3757 evadere,
3382 3698 3616 3763 accepto

1967 3794 2108 3834 auro
2149 3781 2205 3833 et
2245 3782 2507 3850 argento,
2541 3778 2849 3849 palliisque
2882 3785 2937 3832 et
2969 3778 3166 3832 multis
3200 3780 3617 3834 monasteriali-

1966 3867 2078 3921 bus
2111 3867 2490 3931 oruamentis,
2524 3867 2582 3920 in
2607 3870 2939 3921 constructo
2968 3874 3021 3921 et
3044 3866 3324 3922 a2diﬁcato
3349 3885 3381 3921 a
3404 3885 3464 3923 se
3489 3868 3614 3925 loco

1969 3954 2334 4010 monacbiala
2363 3953 2978 4023 indumentacrequirit
3022 3959 3077 4008 et
3116 3955 3345 4026 accipit.
3380 3956 3468 4011 Fit
3499 3960 3617 4012 luc-

1968 4047 2061 4098 tus
2103 4044 2308 4114 ingens
2358 4041 2428 4096 ab
2469 4041 2744 4096 omnibus
2795 4042 3146 4098 Francorum
3190 4044 3550 4114 proceribus,
3585 4064 3619 4102 a

1967 4130 2292 4196 monachis,
2322 4147 2354 4185 a
2384 4129 2631 4199 clericis,
2677 4148 2710 4185 a
2741 4131 2952 4198 viduis,
2987 4149 3020 4186 a
3051 4133 3277 4188 cunctis
3309 4134 3618 4192 ordinibus

1966 4220 2273 4290 utriusque
2303 4236 2474 4274 sexus
2501 4225 2557 4273 et
2587 4219 2797 4288 aetatis,
2830 4237 2894 4275 eo
2927 4222 3082 4291 quod
3117 4221 3379 4293 ipsorum
3420 4228 3616 4295 patro-

1967 4325 2078 4363 nus
2110 4325 2206 4363 eos
2228 4309 2517 4363 desereret
2548 4325 2696 4379 quos
2729 4309 2946 4363 aifabili
2971 4310 3237 4378 consilio,
3272 4312 3616 4369 dulcissimo

1965 4396 2217 4468 alloquio
2262 4397 2583 4452 confortare
2614 4397 2853 4453 solebat.
2893 4397 3184 4471 Planguut
3215 4400 3409 4454 cuncti
3459 4400 3614 4454 mili-

1963 4490 2073 4555 tes,
2153 4485 2550 4542 lamentantur
2618 4487 2871 4543 universi
2949 4504 3252 4558 pauperes,
3336 4488 3613 4557 quoniam

3228 4575 3575 4630 afflictorum
3599 4618 3612 4641 ,

1965 4671 2308 4721 cunctorum
2371 4664 2624 4720 militum
2669 4681 2805 4735 spes
2847 4670 2903 4718 et
2934 4663 3251 4733 refugium,
3284 4666 3355 4720 ab
3388 4681 3612 4734 eorum,

1965 4754 2417 4809 subtrahebatur
2444 4752 2798 4824 aspectibus,
2833 4756 2889 4805 et
2921 4751 3030 4822 ipsi
3061 4752 3400 4822 praesidium
3433 4754 3614 4810 totius

1965 4861 2083 4898 sua:
2115 4843 2322 4899 salutis
2353 4847 2408 4897 et
2446 4839 2860 4897 consolationis
2900 4840 3270 4897 amittebant.
3304 4844 3376 4898 At
3414 4849 3618 4900 contra

1965 4933 2284 5000 coenobitae,
2318 4929 2533 4986 Christi
2583 4928 2752 4995 servi,
2801 4927 2936 4983 licet
2979 4929 3049 4986 de
3081 4931 3208 5002 ejus
3241 4930 3616 4991 incommodo

1962 5021 2355 5087 tristarentur,
2418 5017 2754 5091 gaudebant
2822 5023 3039 5088 tamen,
3120 5021 3402 5092 quoniam
3493 5027 3616 5078 tam

1963 5110 2233 5182 egregius
2284 5107 2470 5173 miles,
2518 5104 2774 5161 comitali
2825 5106 3042 5163 honore
3103 5109 3479 5181 praifulgeus,
3524 5125 3613 5164 se-

1964 5200 2220 5253 cundum
2269 5197 2497 5252 Domini
2549 5200 2920 5266 prmceptum,
2977 5202 3186 5253 cuncta
3247 5198 3611 5267 relinquebat

1965 5288 2210 5358 ejusque
2249 5288 2461 5358 jugum
2503 5301 2676 5340 suave
2731 5291 2788 5338 et
2819 5302 2970 5339 onus
3003 5286 3126 5341 leve
3178 5289 3370 5340 mente
3411 5285 3614 5340 devota

1966 5376 2341 5447 suscipiebat.
2385 5375 2732 5430 Deferuntur
2777 5373 2973 5444 itaque
3007 5373 3158 5428 inter
3187 5379 3394 5428 caetera
3426 5372 3615 5441 ipsius

1967 5470 2331 5534 ornamenta,
2363 5481 2499 5520 vasa
2531 5463 2784 5535 plurima
2816 5479 2989 5518 aurea
3034 5467 3088 5517 ct
3125 5468 3418 5535 argentea,
3469 5480 3616 5520 area

1967 5559 2022 5609 et
2054 5553 2266 5626 lignea,
2301 5551 2650 5609 candelabra
2673 5568 2904 5624 quoque
2926 5549 3200 5622 pretiosa.
3226 5553 3360 5616 Qua:
3394 5552 3610 5620 omnia,

1966 5648 2031 5698 ut
2064 5643 2310 5715 dignum
2342 5645 2483 5708 erat,
2509 5641 2580 5696 ad
2613 5649 2823 5696 sancta;
2862 5638 3136 5707 ecclesiae,
3169 5656 3270 5696 seu
3301 5641 3486 5698 sancti
3537 5640 3616 5696 al-
