4086 6168
447 342 565 408 859

1058 334 1340 403 ODONIS
1385 333 1865 400 FOSSATENIS
1910 333 2268 400 MONACHI
2312 337 2497 401 Vl'l‘A
2537 336 2994 406 BURCHARDI
3035 337 3223 405 COM.

3719 339 3838 404 860

446 477 587 534 taris
638 473 960 533 ministeria
1003 473 1376 546 deputantur.
1435 472 1592 527 Inter
1633 469 1756 525 haec
1803 485 1939 542 ergo
1972 469 2088 525 duo
2117 469 2173 537 Α
2201 470 2445 528 chorum
2468 474 2719 546 agmine.
2738 474 2974 548 Corpori
3003 443 3418 548 persolvuntur
3438 472 3723 547 obsequia
3754 475 3839 531 fu-

443 584 582 622 vasa
605 565 856 638 pretiosa
883 563 952 618 ad
975 562 1259 635 limpham
1284 560 1641 616 fundendam
1663 559 1781 614 sive
1811 557 2089 631 recipien-

445 658 578 710 dam
611 655 668 708 in
701 653 1017 708 sacerdotis
1053 651 1347 714 manibus,
1382 667 1634 722 quorum
1675 665 1856 704 unum
1893 649 2085 702 mani-

444 744 647 814 pulum
689 759 986 805 vocamus,
1039 758 1104 795 eo
1145 741 1299 812 quod
1341 757 1518 794 manu
1568 737 1810 810 geritur,
1857 737 1913 792 in
1969 754 2084 808 quo

441 831 620 886 etiam
654 831 853 885 littera:
887 831 1175 884 habentur
1205 846 1331 899 quae
1365 828 1614 900 Abagari
1648 827 1801 897 regis
1833 827 1902 880 ad
1948 843 2080 881 san-

440 921 677 992 guinem
712 920 1098 974 minuendum
1131 935 1262 972 eum
1300 918 1478 972 fuisse
1508 920 1818 971 testantur.
1861 915 1921 969 In
1954 915 2080 985 ipso

442 1027 673 1081 quoque
712 1009 838 1080 ipse
883 1024 980 1062 rex
1038 1024 1168 1062 cum
1214 1024 1273 1062 se
1326 1006 1800 1078 phlebotomante
1853 1003 2082 1074 alioque

440 1099 551 1152 sibi
597 1097 901 1163 serviente,
951 1113 1019 1150 ex
1063 1097 1314 1168 pretioso
1348 1111 1607 1167 puroque
1645 1111 1786 1148 auro
1826 1093 2084 1148 cernitur

439 1187 816 1260 imaginatus,
851 1192 1089 1256 tamque
1142 1186 1458 1257 pretiosum
1493 1201 1557 1238 ac
1587 1184 1860 1237 decorum
1889 1199 1990 1235 vas
2021 1181 2078 1235 in

441 1277 548 1331 hac
574 1275 755 1347 patria
786 1275 1027 1328 minime
1057 1273 1268 1328 dicitur
1289 1273 1555 1328 inveniri.
1580 1274 1790 1326 'l‘extus
1815 1271 1988 1325 etiam
2012 1270 2080 1323 li-

440 1366 524 1419 bri
560 1365 740 1419 sancti
770 1363 1084 1435 Evangelii,
1119 1363 1335 1433 optime
1367 1362 1573 1416 litteris
1608 1361 1800 1414 aureis
1833 1359 2083 1414 conscri-

440 1461 592 1524 ptus,
627 1471 769 1507 auro
823 1457 879 1506 et
927 1457 1164 1523 argento
1198 1456 1369 1522 atque
1419 1451 1591 1504 ebore
1621 1448 1807 1503 inciso
1841 1448 2082 1520 pulchre

436 1546 731 1613 operatus,
764 1541 1008 1595 minime
1028 1541 1229 1595 defuit.
1259 1541 1476 1594 Aureus
1498 1554 1731 1610 quoque
1759 1538 1916 1592 ensis
1947 1553 2082 1592 cum

435 1631 667 1702 cingu'o
718 1647 912 1696 aureo,
959 1648 1025 1685 ex
1057 1646 1170 1700 quo
1203 1629 1310 1683 hoc
1345 1644 1624 1698 magnum
1660 1627 2080 1682 monasterium

434 1721 654 1776 dicitur
701 1737 828 1775 esse
870 1720 1213 1790 incceptum,
1256 1734 1288 1772 a
1317 1717 1538 1771 lumbis
1583 1716 1895 1782 resolutus,
1955 1718 2082 1786 ejus

2196 561 2419 629 nebria,
2461 568 2725 620 sanctam
2769 565 2884 620 Deo
2915 565 3396 621 commendantes
3426 563 3709 622 animam.
3749 564 3839 620 Fit

2195 655 2428 721 repente
2459 651 2678 708 clamor
2714 671 2817 725 per
2863 654 3088 720 urbem,
3123 670 3225 724 per
3253 652 3513 719 castella,
3563 653 3724 708 vicos
3788 657 3841 709 et

2195 740 2814 811 plateas.Concurrunt
2831 743 3070 809 milites,
3105 742 3314 797 divites
3335 746 3393 797 et
3416 757 3726 813 pauperes,
3760 757 3842 797 se-

2193 845 2296 884 nes
2325 831 2658 900 etjuvenes,
2680 832 2863 887 viduas
2886 835 2943 886 et
2970 831 3244 904 virgines.
3268 831 3463 886 cuncti
3491 830 3835 903 plangentes

2190 921 2247 972 et
2294 919 2601 989 ejulantes,
2650 919 2854 992 repleti
2897 919 3094 976 dolore
3141 925 3198 975 et
3253 919 3507 976 miseria.
3551 919 3836 992 Impletur

2190 1007 2636 1064 Fossatusluctu
2670 1014 2725 1064 et
2755 1009 2974 1082 gemitu
3005 1009 3314 1079 omnisque
3337 1007 3556 1064 doloris
3583 1007 3838 1080 plenitu-

2190 1097 2343 1164 dine,
2377 1097 2654 1155 amittens
2682 1101 2992 1170 patronum
3023 1102 3081 1153 et
3118 1099 3484 1162 advocatum,
3517 1112 3696 1168 quem
3732 1097 3832 1152 ha-

2190 1187 2326 1242 bere
2355 1187 2568 1241 meruit
2598 1188 2962 1243 defensorem
3003 1190 3059 1242 et
3101 1186 3524 1242 sublevatorem
3567 1185 3837 1242 ﬁdelissi-

2191 1275 2609 1331 mum.Clamat
2623 1293 2684 1331 se
2698 1276 2941 1330 minime
2953 1274 3207 1346 amplius
3224 1277 3414 1329 tamen
3429 1279 3826 1346 reperturum,

2191 1365 2360 1435 cujus
2377 1363 2676 1420 nobilitate
2694 1365 2930 1430 ditetur,
2947 1364 3117 1435 cujus
3139 1362 3478 1418 auxiliotam
3497 1362 3837 1419 ﬁdelissime

2194 1455 2522 1520 muniatur;
2555 1454 2653 1508 sed
2687 1453 2981 1509 morsibus
3003 1455 3197 1524 patere
3222 1451 3638 1524 malignorum,
3673 1452 3831 1506 inva-

2192 1543 2238 1596 si
2247 1559 2354 1597 one
2367 1543 2420 1597 di
2432 1542 2473 1597 ri
2482 1542 2537 1614 pi
2557 1542 2838 1612 hostium,
2853 1545 3027 1612 atque
3043 1545 3386 1596 cunctorum
3399 1541 3836 1597 adversantium

2193 1628 2552 1700 malignitate
2581 1628 2952 1684 circumdari.
2985 1629 3146 1692 Quod
3175 1627 3256 1682 ita
3286 1629 3665 1699 postmodum
3694 1630 3836 1684 acci-

2193 1718 2372 1782 disse,
2421 1717 2646 1772 cunctis
2677 1717 2849 1774 hodie
2878 1735 2980 1790 per
3003 1718 3204 1773 orbem
3243 1717 3591 1789 degentibus
3636 1717 3833 1773 claret.

432 1812 586 1866 dono
617 1809 827 1865 allatus
878 1808 1006 1862 fuit.
1043 1808 1184 1861 Item
1224 1823 1324 1861 vas
1355 1806 1674 1876 pretiosum
1705 1804 1870 1902 valde
1900 1805 2082 1864 ex.la-
2113 1839 2160 1902 Β
2190 1806 2480 1878 Sepelitur
2510 1807 2689 1879 igitur
2713 1811 2831 1862 tam
2851 1806 3063 1863 nobilis
3089 1806 3192 1861 viri
3225 1807 3483 1878 corporis
3514 1807 3682 1879 gleba
3703 1812 3836 1863 ante

431 1899 586 1970 pide,
612 1915 785 1969 quem
806 1896 1075 1953 berillum
1100 1895 1372 1961 dicimus,
1393 1911 1461 1949 ex
1483 1911 1596 1965 quo
1621 1910 1772 1965 aqua
1790 1892 1850 1948 in
1879 1897 2082 1949 sancto

432 1987 608 2041 calice
641 1987 1014 2054 fundebatur,
1059 1984 1371 2055 locumque
1413 1999 1528 2054 quo
1568 1982 1784 2037 milites
1833 1981 2083 2038 exerceri

431 2075 622 2132 solent
651 2075 976 2130 cristallino
1027 2073 1220 2144 lapide
1259 2072 1478 2143 optime
1528 2075 1831 2142 operatum
1882 2087 2081 2127 secum

431 2165 658 2222 detulit.
693 2167 1005 2221 Servorum
1038 2178 1268 2233 quoque
1312 2165 1367 2216 et
1398 2160 1742 2215 ancillarum
1782 2160 2078 2215 inﬁnitum

432 2251 681 2310 contulit
711 2267 1048 2306 numerum.
1093 2249 1239 2313 Quid
1266 2249 1434 2320 plura
1455 2248 1483 2302 ?
1504 2265 1673 2303 nemo
1697 2249 1805 2302 hac
1851 2247 2080 2302 mortali

429 2358 603 2397 carne
634 2340 871 2410 tegitur,
908 2338 1007 2410 qui
1049 2343 1260 2392 cuncta
1292 2339 1421 2408 ejus
1464 2337 1617 2392 dona
1648 2336 1896 2409 pleniter
1936 2353 2080 2391 enu-

432 2443 656 2483 merare
712 2427 919 2481 valeat.
965 2426 1111 2480 Cum
1171 2441 1307 2496 ergo
1363 2431 1486 2480 tam
1542 2424 1830 2497 gloriosus
1887 2441 2081 2480 comes

430 2515 758 2571 innumeris
779 2514 834 2568 in
864 2514 1076 2569 saeculo
1107 2513 1383 2568 claruerit
1413 2512 1753 2576 honoribus,
1787 2511 1931 2566 nulli
1963 2512 2078 2568 ha:-

430 2605 656 2670 redum,
709 2602 854 2658 nulli
915 2603 1264 2667 amicorum,
1322 2600 1468 2656 nulli
1526 2617 1767 2656 suorum
1817 2599 2077 2655 ﬁdelium

427 2699 610 2760 tanta,
658 2693 912 2764 exceptis
951 2690 1183 2757 castris,
1231 2690 1488 2762 reliquit,
1529 2693 1749 2760 quanta
1795 2689 1910 2744 Deo
1941 2705 2076 2743 san-

431 2784 658 2855 ctisque
688 2784 814 2852 ejus
839 2781 896 2836 in
930 2781 1055 2836 loco
1078 2779 1190 2834 sibi
1222 2796 1336 2850 prae
1359 2778 1586 2833 cunctis
1617 2777 1827 2833 dilecto
1850 2794 1953 2850 pro
1985 2794 2076 2832 sa-

429 2872 552 2927 lute
583 2890 700 2926 suae
733 2870 940 2926 anima
975 2868 1240 2925 contulit.

500 2961 676 3013 Sacro
717 2959 894 3029 igitur
923 2957 1218 3013 schemate
1246 2956 1514 3028 religiose
1545 2957 1807 3021 indutus,
1832 2956 1888 3009 in
1905 2955 2078 3010 domo

429 3047 539 3102 sibi
561 3048 733 3117 juxta
756 3047 1061 3102 ecclesiam
1103 3051 1423 3119 praeparata
1457 3045 1728 3118 plurimis
1767 3045 1973 3100 diebus
1994 3045 2080 3098 in-

434 3136 640 3190 ﬁrmus
662 3135 868 3206 jacuit,
895 3136 1270 3207 postmodum
1293 3151 1534 3189 suorum
1559 3150 1855 3189 servorum
1880 3149 2079 3204 preces

2194 1897 2416 1952 vultum
2449 1897 2632 1952 nostri
2658 1895 3062 1966 Redemptoris
3091 1895 3150 1950 in
3177 1895 3371 1961 domo,
3407 1895 3505 1950 ubi
3528 1895 3733 1950 fratres
3758 1896 3828 1950 ad

2190 1985 2548 2040 matutinum
2580 1989 2637 2040 et
2666 1984 2988 2040 serotinum
3029 1982 3446 2039 conveniebant
3475 1982 3820 2054 capitulum.

2189 2074 2551 2129 Studuerunt
2579 2077 2775 2128 autem
2807 2072 3032 2144 antiqui
3063 2075 3260 2145 patres
3301 2072 3426 2142 ejus
3455 2071 3824 2126 mausoleum

2189 2162 2408 2218 talibus
2457 2163 2729 2217 decorare
2773 2161 3098 2227 versiculis,
3148 2178 3262 2233 quo
3311 2162 3440 2232 ejus
3483 2163 3832 2232 perpetuum

2189 2251 2528 2306 memoriale
2559 2250 2684 2306 sine
2709 2251 2822 2305 ﬁne
2854 2254 3116 2305 maneret
3141 2248 3493 2304 inviolabile.

2285 2350 2377 2398 Hic
2406 2349 2487 2397 vir
2514 2361 2740 2410 magnus
2769 2351 2882 2396 erat
2929 2347 3362 2410 quondamrdum
3393 2359 3612 2409 corpore
3643 2346 3803 2402 vixit,

2283 2412 2504 2482 ljogmine
2536 2409 3013 2482 Burchardus,‘p’er
3040 2409 3228 2482 mundi
3255 2410 3476 2482 climata.
3496 2412 3678 2482 notus.

2285 2474 2465 2524 Celsus
2495 2478 2610 2523 erat
2637 2473 2856 2532 meritis,
2887 2470 3040 2521 dictis
3070 2472 3326 2534 factisque
3357 2470 3631 2521 modestus
3663 2487 3675 2519 :

2282 2537 2610 2596 Pauperibus
2639 2536 2839 2598 largus,
2867 2534 3044 2598 viduis
3071 2539 3385 2598 percuncta
3413 2534 3700 2598 benignus.

2282 2599 2448 2659 Ipsius
2477 2611 2544 2647 en
2575 2596 2768 2660 corpus
2798 2597 3004 2646 tumulo
3033 2596 3400 2660 requiescitiin
3430 2596 3550 2652 isto,

2280 2658 2500 2710 Martius
2528 2658 2763 2710 ostendit
2791 2663 2980 2722 quarto
3009 2659 3265 2722 migrasse
3296 2658 3562 2707 Kalendas

2188 2757 2292 2812 Illa
2330 2761 2526 2813 autem
2557 2756 2757 2811 tabula
2776 2753 3027 2826 sepulcri
3049 2754 3235 2826 ipsius
3258 2754 3329 2809 ab
3361 2754 3834 2810 antecessoribus

2187 2845 2403 2901 nostris
2423 2845 2642 2917 optime
2664 2847 2901 2916 operata
2919 2859 2986 2898 ac
3007 2843 3279 2898 decorata
3301 2841 3411 2896 fuit
3429 2858 3607 2914 super
3629 2848 3833 2914 pectus

2187 2935 2314 3005 ejus
2345 2951 2486 2989 crux
2529 2933 2807 2988 deaurata
2851 2949 2984 2986 cum
3015 2931 3222 2986 litteris
3246 2957 3278 2986 α
3307 2935 3364 2984 et
3396 2955 3433 2982 ω
3465 2932 3837 3003 superposita

2187 3024 2296 3078 fuit
2328 3040 2339 3078 :
2375 3027 2431 3078 et
2449 3039 2556 3078 nos
2579 3037 2814 3092 quoque
2838 3019 3097 3092 pueritiae
3117 3024 3325 3074 nostrae
3347 3023 3608 3091 tempore
3640 3019 3829 3075 oculis

2187 3112 2404 3167 nostris
2447 3110 2830 3182 inspeximus.
2865 3112 3000 3174 Quae
3031 3114 3243 3163 cuncta
3281 3111 3414 3179 post
3457 3110 3726 3176 modum,
3770 3115 3834 3164 ut

429 3241 532 3296 pro
546 3242 610 3280 eo
625 3241 856 3296 semper
868 3224 1238 3279 fundentium
1255 3224 1532 3278 dominus
1547 3223 1677 3294 pius
1690 3222 1955 3293 placatus
1967 3237 2075 3276 con

2192 3200 2359 3256 hodie
2391 3203 2568 3272 patet,
2604 3198 2837 3270 penitus
2868 3197 3165 3252 destructa
3197 3195 3473 3252 existunt.

428 3313 717 3368 valescere
747 3313 939 3384 ccepit,
974 3318 1150 3384 atque
1173 3329 1306 3366 cum
1337 3310 1557 3366 caeteris
1588 3311 1745 3365 abire
1775 3311 2072 3364 fratribus.

428 3400 571 3455 Cum
595 3400 790 3471 itaque
822 3400 1056 3454 sanitati
1089 3399 1357 3453 redditus
1394 3399 1634 3453 Domino
1664 3397 1914 3453 ﬁdeliter
1944 3397 2074 3470 pla-

434 3503 562 3542 cere
592 3488 873 3551 studeret,
906 3487 988 3540 illi
1008 3487 1226 3557 jugiter
1257 3485 1476 3557 gratias
1507 3486 1793 3540 referebat
1822 3501 2074 3556 eumque

361 3567 374 3577 ’
434 3573 643 3628 humili
669 3577 859 3629 mente
881 3573 1279 3639 benedicebat,
1299 3573 1438 3643 quia
1469 3590 1586 3628 suae
1620 3578 1835 3629 sanctae
1855 3573 2078 3628 miseri-

433 3663 641 3719 cordiae
666 3661 912 3735 gratiam
946 3661 1026 3716 illi
1060 3661 1321 3716 etiam'in
1351 3661 1457 3715 hoc
1487 3661 1687 3716 ordine
1723 3662 2073 3717 conferebat.

433 3751 742 3807 Servitium
772 3767 1004 3822 quoque
1035 3754 1248 3806 sancta:
1281 3749 1561 3817 Ecclesiae,
1597 3751 1749 3821 quod
1783 3767 1942 3805 more
1968 3767 2075 3805 cae-

434 3842 767 3896 nobitarum
799 3857 831 3894 a
863 3839 1072 3895 saeculo
1104 3839 1361 3894 conversi
1400 3843 1509 3893 [)co
1543 3839 1811 3894 exhibere
1841 3840 2074 3907 debent,

431 3930 557 4000 ipse
594 3929 680 3983 vir
722 3928 1126 3983 nobilissimus
1167 3927 1374 3982 humili
1410 3928 1712 3982 devotione
1743 3928 2075 4000 peragebat.

433 4019 696 4087 Cumque
725 4017 774 4070 ei
807 4035 841 4072 a
867 4018 1146 4072 fratribus
1169 4017 1457 4073 diceretur
1481 4035 1494 4073 :
1518 4018 1587 4074 Ut
1603 4018 1745 4089 quid
1767 4023 1886 4072 tam
1914 4017 2076 4072 nobi-

433 4103 507 4158 lis
536 4103 622 4157 vir
651 4104 914 4159 saaculari
945 4105 1226 4176 dignitate
1252 4106 1581 4177 praecelsus,
1614 4105 1931 4162 senectutis
1953 4107 2080 4176 jam

434 4190 630 4246 labore
679 4193 918 4257 fractus,
955 4209 1014 4248 se
1053 4193 1415 4249 humiliando
1463 4194 1720 4266 affligere
1762 4193 2082 4267 dignatur?

437 4279 532 4336 ille
563 4281 983 4352 respondebat:
1019 4281 1148 4347 «Si,
1181 4281 1391 4353 inquit,
1432 4299 1563 4337 cum
1596 4283 1832 4337 militari
1863 4283 2080 4339 honore

436 4369 793 4426 sublimatus
806 4385 1017 4436 essem,
1034 4375 1231 4441 atque,
1247 4374 1311 4422 ut
1327 4370 1540 4438 dicitis,
1562 4371 1813 4426 militum
1829 4372 2080 4442 stipatus

435 4460 690 4532 agmine,
711 4458 1024 4514 comitatus
1046 4458 1331 4530 dignitate
1350 4458 1661 4532 fulgerem;
1696 4459 1926 4515 mortali
1960 4460 2081 4532 regi

2253 3286 2615 3344 Venerabilis
2647 3301 2879 3358 quoque
2910 3285 3164 3340 Elisabet
3188 3284 3489 3341 comitissa
3517 3302 3665 3340 uxor
3705 3287 3835 3356 ejus

2181 3377 2457 3433 eumdem
2488 3375 2682 3430 locum
2716 3374 3039 3430 secundum
3071 3390 3243 3428 sexus
3274 3373 3365 3428 sui
3397 3378 3674 3429 naturam
3710 3392 3830 3429 ma-

2184 3466 2316 3539 gnis
2348 3464 2690 3519 muneribus
2736 3463 2920 3517 ditare
2958 3461 3204 3530 studuit,
3243 3479 3369 3533 quas
3401 3479 3435 3516 a
3464 3461 3674 3517 seculo
3723 3461 3835 3517 mi-

2184 3571 2361 3627 grans
2390 3553 2608 3607 ibidem
2635 3551 2865 3623 sepulta
2883 3553 3059 3622 jacet.
3093 3551 3274 3620 Cujus
3306 3551 3498 3605 obitus
3527 3550 3650 3604 dies
3701 3551 3833 3622 agi-

2183 3648 2280 3699 tur
2308 3659 2378 3696 xv
2409 3641 2531 3696 Kal.
2571 3640 2935 3696 Februarias.
2980 3639 3159 3710 Cujus
3208 3639 3387 3694 etiam
3437 3637 3833 3710 polyaudrum

2185 3732 2279 3787 his
2305 3731 2608 3785 decoratur
2649 3727 2951 3784 versiculis
2979 3745 2991 3782 :

2281 3833 2382 3876 ﬂos
2411 3826 2609 3890 placuit
2639 3826 2869 3890 Domino
2898 3825 3052 3890 vivos
3073 3827 3397 3890 conjungere
3425 3825 3600 3890 binos,

2343 3887 2730 3952 Et'polyandra
2758 3887 2918 3952 simul
2941 3887 3172 3952 jungere
3205 3889 3277 3935 sic
3306 3887 3490 3952 voluit.

2283 3953 2393 4020 Ho_c
2418 3948 2761 4020 quicunque,
2777 3950 2926 4020 legis,
2943 3948 3204 4020 “persolve
3230 3950 3489 4020 carmina.
3499 3948 3716 4020 psalmi,

2341 4011 2567 4077 Spiritus
2591 4011 2655 4062 ut
2679 4011 2896 4062 valeant
2924 4011 3179 4061 standere
3211 4025 3378 4075 regna
3404 4011 3514 4074 poli

2188 4113 2323 4167 Haec
2366 4111 2437 4166 de
2484 4110 2688 4166 multis
2731 4108 2966 4164 comitis
2999 4108 3181 4180 gestis
3210 4107 3466 4164 sufﬁciat
3506 4124 3840 4165 enarrasse.

2186 4204 2332 4255 Sunt
2352 4199 2602 4270 denique
2629 4198 2940 4252 innumera
2958 4196 3246 4252 bonorum
3267 4197 3396 4267 ejus
3416 4212 3663 4268 operum
3690 4202 3841 4264 acta,

2189 4306 2315 4361 quae
2347 4287 2580 4344 fastidio
2602 4284 2983 4358 compellente
3004 4285 3413 4356 relinquimus,
3446 4285 3585 4356 quia
3617 4287 3696 4341 ad
3730 4285 3847 4341 alia

2189 4377 2443 4450 gerenda
2462 4376 2697 4431 festinat
2717 4374 2972 4430 animus.
2997 4374 3178 4430 Nobis
3199 4390 3354 4446 ergo,
3380 4373 3611 4442 fratres,
3637 4374 3845 4430 solerti

2190 4465 2384 4521 studio
2414 4463 2837 4536 providendum
2856 4465 3028 4518 estut
3048 4462 3219 4518 istius
3246 4461 3352 4516 viri
3376 4466 3849 4535 ceterorumque

432 4547 966 4620 lucernaindigenti
983 4564 1214 4604 cereum
1231 4563 1409 4602 manu
1424 4549 1838 4616 anteterebam,
1862 4553 2080 4620 quanto
2111 4569 2156 4634 D
2189 4554 2624 4609 benefactorum
2665 4550 3087 4622 eleemosynas,
3122 4567 3269 4622 quas
3299 4567 3403 4622 pro
3437 4551 3851 4623 redemptione

435 4637 624 4709 magis
655 4653 813 4692 nunc
835 4635 1149 4692 immortali
1173 4636 1512 4708 Imperatori
1535 4637 1714 4692 debeo
1736 4639 1972 4706 servire,
1995 4642 2079 4692 at-

437 4742 549 4797 que
581 4731 713 4781 ante
743 4726 938 4798 ipsum
972 4724 1319 4781 candelabra
1349 4725 1610 4780 ardentia
1639 4727 1912 4782 manibus
1945 4743 2079 4781 cum

436 4812 789 4869 exhibitione
819 4814 1170 4869 humilitatis
1201 4819 1527 4870 reverenter
1567 4815 1803 4870 ferre?»
1836 4819 1956 4869 Hoc
1998 4814 2082 4868 di-

435 4915 572 4954 cens
593 4904 649 4954 et
671 4917 870 4971 agens,
891 4918 1172 4973 magnum
1198 4903 1267 4958 de
1289 4919 1350 4958 se
1375 4902 1726 4958 humilitatis
1749 4903 2080 4974 exemplum

436 4987 663 5042 cunctis
692 4988 1026 5044 videntibus
1065 4994 1122 5046 et
1151 4990 1528 5046 audientibus
1576 4991 1955 5063 proponebat.
1987 4991 2081 5046 Sic

436 5076 632 5148 itaque
687 5081 800 5131 Deo
849 5078 1127 5148 probatus
1179 5084 1253 5144 et,
1304 5080 1461 5134 velut
1490 5097 1695 5135 aurum
1738 5080 2077 5151 pretiosum,

435 5166 569 5239 igne
601 5166 989 5232 examinatus,
1023 5167 1231 5222 iterum
1263 5169 1564 5241 languoris
1613 5169 1880 5225 molestia
1908 5170 2080 5224 corri-

432 5257 610 5326 pitur,
635 5262 807 5328 atque
839 5257 909 5310 ad
931 5262 1190 5312 extrema
1209 5258 1536 5313 deducitur.
1562 5258 1723 5314 Sacri
1753 5258 1931 5331 igitur
1951 5275 2075 5314 cor-

433 5345 589 5414 poris
611 5352 667 5400 et
690 5346 994 5418 sanguinis
1018 5347 1224 5401 Christi
1249 5349 1616 5419 perceptione
1635 5349 1919 5416 munitus,
1946 5349 2078 5403 bea-

431 5437 556 5486 tum
586 5432 831 5488 Domino
864 5434 1134 5506 spiritum
1162 5435 1412 5490 reddidit
1433 5437 1544 5490 sub
1569 5437 1662 5489 die
1683 5454 1738 5489 IV
1771 5436 2077 5493 Kalendar.

434 5521 794 5576 Martiarum.
841 5526 962 5588 Quo
1013 5526 1306 5589 defuncto,
1339 5525 1618 5579 continuo
1651 5527 1818 5580 adest
1865 5527 2081 5598 praesul

433 5625 566 5665 cum
590 5609 932 5666 clericorum
963 5630 1228 5682 numero,
1254 5613 1436 5668 abbas
1455 5629 1687 5686 quoque
1720 5631 1854 5671 cum
1878 5633 2081 5673 mona-

2189 4641 2502 4698 criminum
2535 4657 2777 4696 suorum
2824 4639 2961 4695 huic
3009 4639 3135 4695 loco
3197 4639 3590 4705 contulerunt,
3652 4640 3852 4695 taliter

2190 4735 2324 4786 ante
2372 4729 2570 4785 oculos
2607 4728 2935 4784 Conditoris
2967 4745 3070 4800 pro
3121 4727 3266 4800 ipsis
3301 4727 3737 4796 deserviamus,
3786 4734 3851 4783 ut

2189 4836 2328 4886 non,
2352 4819 2506 4891 quod
2537 4820 2758 4873 avertat
2777 4816 2932 4872 Deus
2963 4834 2998 4872 a
3023 4816 3215 4887 nobis,
3236 4817 3306 4872 ad
3332 4820 3606 4872 aeternam
3633 4817 3848 4872 confu-

2189 4909 2413 4964 sionem
2445 4905 2806 4979 proveniant.
2841 4905 3158 4961 Sciendum
3190 4909 3278 4962 est
3307 4905 3464 4961 enim
3499 4905 3657 4976 quod
3693 4905 3846 4961 elee-

2189 4995 2449 5070 mosynis
2479 4996 2767 5050 bonorum
2797 4994 3055 5050 virorum
3087 4994 3388 5068 praesentis
3417 4994 3544 5049 vita
3567 5010 3843 5060 cursum,

2188 5085 2301 5140 Deo
2327 5082 2663 5144 auxiliante,
2688 5081 3095 5153 transigimus,
3129 5081 3376 5153 ideoque
3407 5079 3604 5135 animo
3633 5097 3844 5136 recon-

2189 5174 2447 5228 dendum
2493 5171 2648 5243 quod
2680 5169 2962 5226 Dominus
2991 5169 3329 5226 terribiliter
3365 5171 3704 5241 peccatores
3746 5186 3843 5223 ex-

2193 5261 2527 5335 probrando
2577 5276 2680 5332 per
2708 5258 3056 5330 prophetam
3087 5257 3301 5314 clamat
3329 5258 3530 5313 dicens
3559 5273 3576 5312 :
3611 5262 3848 5313 Peccata

2186 5351 2384 5422 populi
2409 5350 2521 5404 mei
2547 5347 2895 5404 comederunt
2921 5347 3061 5418 (035.
3094 5363 3172 5414 IV,
3205 5348 3281 5419 8).

2262 5437 2677 5493 Anniversaria
2705 5435 2880 5491 etiam
2912 5435 3121 5492 horum
3153 5436 3471 5508 conjugum
3499 5433 3849 5492 solemniter

2193 5544 2227 5584 a
2257 5527 2440 5583 servis
2472 5526 2572 5582 Dei
2595 5525 2655 5580 in
2678 5525 2886 5581 diebus
2908 5525 3202 5598 praedictis
3218 5524 3497 5581 celebrari
3519 5524 3760 5591 debent,
3784 5527 3848 5578 ut

2194 5615 2504 5672 animabus
2553 5630 2755 5672 eorum
2796 5613 3057 5685 proﬁciat
3084 5615 3239 5685 quod
3271 5614 3430 5671 hunc
3467 5629 3580 5685 pra
3612 5611 3846 5668 caeteris
