4086 6168
254 358 362 426 861

1008 361 1272 426 DRUGO
1314 362 1647 425 BELLUV.
1696 360 1941 424 EPISC.
1975 393 2054 406 --
2083 359 2402 423 NOTITIA
2449 359 2891 425 HISTORICA.

3533 328 3650 430 e62

254 495 445 552 locum
475 494 825 563 dilexerunt,
848 501 906 552 et
932 514 1040 553 sua
1068 513 1311 569 corpora
1333 495 1552 551 ibidem
1606 493 1892 551 tumulari
1923 508 1979 574 Α
2008 494 2145 550 beth
2174 510 2307 551 vero
2337 495 2621 565 Cruciaci,
2650 513 2752 568 pro
2776 497 3059 554 Rainaldo
3091 498 3336 570 praesule
3360 500 3521 569 Scite,
3546 518 3649 574 pro

253 584 702 653 voluerunt,uta
719 585 948 642 Christo
969 585 1216 642 Domino
1239 586 1299 640 in
1319 584 1626 655 diejudicii
1642 582 1891 639 resusci-

252 674 362 730 tari
392 678 774 729 mererentur.
796 674 990 746 Usque
1020 674 1192 731 hodie
1222 675 1400 743 enim,
1428 675 1482 729 id
1504 680 1593 729 est
1621 689 1810 744 usque
1826 671 1898 726 ad

254 765 599 835 praesentem
647 779 891 829 annum,
923 764 1025 834 qui
1055 768 1143 818 est
1171 763 1462 819 incarnati
1514 762 1686 818 Verbi
1740 762 1898 831 1058,

253 852 391 907 anni
420 867 554 907 vero
581 853 743 923 regni
767 852 920 923 regis
940 853 1294 907 Francorum
1317 852 1545 907 Henrici
1569 868 1768 916 xxvm,
1792 850 1901 904 hoc

254 940 449 1012 ipsum
479 940 684 995 devote
713 941 771 995 in
800 940 909 996 hac
942 945 1238 1012 peractum
1270 945 1359 996 est
1376 940 1638 995 ecclesia.
1663 939 1823 1005 Quod
1847 941 1904 993 et

257 1034 319 1085 ut
345 1030 407 1084 in
428 1032 727 1100 posterum
753 1030 852 1083 ﬁat
873 1028 1176 1085 humiliter
1199 1030 1498 1085 fatendum
1520 1035 1626 1084 est.
1651 1032 1697 1083 A
1719 1033 1903 1082 recto-

254 1117 419 1173 ribus
445 1134 678 1190 quoque
700 1117 808 1173 loci
838 1118 959 1173 sive
981 1118 1314 1174 aministris
1338 1133 1688 1190 magnopere
1704 1132 1904 1189 procu-

255 1205 508 1261 randum
539 1211 627 1261 est
656 1212 741 1272 ut,
775 1205 928 1261 sicut
956 1206 1016 1262 in
1048 1206 1293 1262 ecclesia
1330 1207 1424 1278 agi
1481 1205 1758 1271 diximus,
1816 1203 1900 1258 sic

252 1310 490 1366 quoque
517 1294 753 1350 refectio
785 1311 853 1349 ex
886 1294 1154 1366 pretiosis
1185 1294 1435 1366 dapibus
1493 1300 1550 1349 et
1582 1293 1903 1366 pigmentis

262 1399 366 1455 pro
380 1383 642 1454 ipsorum
666 1383 972 1454 spiritibus
985 1383 1231 1439 solemni
1244 1388 1604 1456 praeparetur
1624 1381 1903 1452 obsequio

257 1471 415 1543 quia,
448 1475 512 1526 ut
540 1471 714 1544 vulgo
736 1472 975 1540 dicitur,
1001 1471 1195 1527 inanis
1219 1472 1446 1527 videtur
1460 1487 1588 1527 esse
1617 1471 1783 1527 labor
1804 1469 1905 1542 qui

256 1560 443 1616 victus
465 1559 807 1615 alimoniam
840 1576 957 1615 non
979 1560 1206 1617 tribuit.
1230 1561 1301 1615 Et
1326 1577 1397 1615 ne
1418 1560 1528 1615 hoc
1550 1576 1764 1615 vanum
1788 1559 1907 1615 cui-

258 1655 547 1720 quamaut
567 1647 1109 1720 ﬂoccipendendum
1132 1648 1657 1715 videatur,abbatis
1684 1647 1904 1704 Giraldi

256 1753 359 1794 seu
390 1737 572 1793 totius
601 1736 1072 1808 congregationis
1095 1738 1285 1793 favore
1314 1736 1902 1793 acvoluntatestatu—

257 1832 384 1881 tum
405 1828 497 1882 est
527 1830 592 1881 ut
603 1842 707 1897 pro
729 1825 941 1881 comite
954 1824 1306 1891 Burchurdo,
1330 1824 1608 1896 quitanta
1620 1825 1901 1880 beneﬁcia

1935 1872 1983 1937 B

2010 587 2253 655 Hngone
2284 600 2417 654 rege
2447 584 2841 653 Mansionum,
2877 604 2981 659 pro
3030 586 3406 643 Ermenfredo
3457 594 3647 645 autem

2009 675 2253 744 ejusque
2284 674 2533 745 conjuge
2564 674 2854 730 Liciarum
2885 679 2942 731 et
2968 676 3149 741 Jurei,
3184 695 3287 749 pro
3346 678 3653 733 abbatibus

2012 764 2189 826 uujus
2221 763 2686 833 congregationis
2718 765 2979 835 provisor
3037 770 3211 838 atque
3252 767 3654 822 thesaurarius

2012 851 2190 919 hujus
2246 850 2358 906 loci
2397 852 2724 922 diligenter,
2767 855 2990 925 absque
3036 855 3229 910 omnis
3287 854 3656 927 negligentia

2013 938 3003 1011 incursu,studerentperficere.Qui
3023 947 3216 998 autem
3234 944 3342 999 hoc
3356 945 3654 999 decretum

2014 1029 2388 1098 postmodum
2421 1029 2719 1099 despicere
2744 1034 2843 1085 aut
2866 1030 3503 1097 destruereconaretur,
3526 1049 3655 1102 per-

2013 1123 2188 1187 petuo
2220 1118 2843 1174 excommunicationis
2862 1119 3231 1175 anathemate
3251 1121 3653 1175 damnaretur.

2088 1204 2508 1276 Proposueram
2533 1207 2589 1260 in
2626 1209 2906 1277 prooemio
2940 1207 3117 1277 hujus
3148 1208 3352 1279 Operis
3377 1213 3507 1279 post
3537 1207 3657 1262 haec

2014 1294 2086 1348 de
2118 1294 2363 1365 praesule
2394 1295 2679 1350 Rainaldo
2709 1296 2906 1366 aliqua
2926 1297 3231 1361 disserere,
3256 1316 3369 1366 quo
3392 1299 3518 1366 ejus
3546 1314 3658 1352 me-

2016 1382 2258 1437 moriale
2291 1383 2541 1454 posteris
2575 1390 2781 1438 notum
2813 1388 2993 1439 lieret.
3029 1386 3140 1440 Sed
3172 1386 3311 1455 quia
3339 1402 3452 1440 non
3479 1390 3568 1439 est
3595 1385 3654 1439 in

2016 1475 2301 1542 potestate
2333 1472 2591 1528 hominis
2624 1472 2737 1527 vita
2758 1473 2902 1543 ejus,
2928 1473 3132 1528 multis
3159 1473 3547 1529 incommodis
3572 1490 3662 1527 ur-

2015 1559 2306 1631 gentibus,
2334 1576 2427 1615 me
2448 1577 2603 1615 nunc
2626 1560 2734 1615 hoc
2760 1561 3031 1631 perlicere
3054 1562 3296 1617 minime
3312 1560 3663 1625 libet,donec

2015 1653 2223 1719 optatae
2253 1649 2413 1719 pacis
2443 1655 2500 1704 et
2530 1648 2954 1719 tranquilitatis
2978 1654 3212 1720 tempus
3229 1648 3665 1706 adveniat.Gra-

2016 1736 2126 1791 tias
2152 1742 2348 1792 tamen
2380 1745 2439 1793 et
2468 1737 2528 1792 in
2560 1738 2853 1808 prosperis
2907 1743 2964 1792 et
3016 1738 3076 1792 in
3125 1738 3386 1793 adversis
3433 1754 3665 1809 semper

2016 1841 2262 1896 agamus
2283 1825 2424 1880 Jesu
2448 1826 2695 1890 Christo,
2722 1831 3039 1896 sanctoque
3068 1825 3381 1900 Paracleto,
3409 1825 3508 1897 qui
3527 1825 3663 1880 vivit

257 1914 396 1970 huic
426 1912 686 1970 ecclesiae
716 1914 1330 1985 contulit,utquisque
1351 1931 1419 1970 ex
1447 1913 1750 1985 praesentis
1768 1913 1903 1986 styli
1937 1912 1983 1937 ”
2014 1918 2071 1969 et
2102 1919 2407 1985 permanet
2439 1931 2593 1968 unus
2624 1914 2780 1968 Deus
2825 1913 3259 1968 indivisibiliter
3302 1930 3406 1984 per
3454 1916 3666 1969 cuncta

255 2007 499 2060 narratu
522 2019 762 2060 noscere
792 2002 1231 2074 valet,provisor
1259 2003 1560 2069 Nobiliaci,
1586 2019 1689 2074 pro
1713 2001 1905 2057 Elisa-

2015 2000 2246 2058 saecula.
2280 2004 2485 2057 Amen.

1100 2160 1356 2200 EXPLICIT
1404 2161 1529 2199 VITA
1570 2161 1752 2199 DOMNI
1796 2159 2123 2200 BURCHARDI
2163 2160 2536 2199 VENEBABILIS
2576 2161 2826 2200 COMITIS.

1750 2293 3660 2341 ψ

1645 2455 1786 2495 ANNO
1825 2455 2025 2495 DOMINI
2065 2456 2269 2495 MLVIII.

1313 2617 2627 2817 ANSELMUS

1164 2920 1881 3016 CANONICUS

1979 2920 2763 3015 LEODIENSIS.

1762 3104 2148 3116 ῆι..-

1574 3220 2357 3321 ANSBLMI

896 3410 1381 3559 HISTORIA
1470 3406 2207 3556 EPISCOPORUM
2293 3407 3028 3557 LEODIENSIUM.

262 3656 408 3727 (Vide
483 3655 820 3723 Putrologiae
863 3657 992 3709 tom.
1045 3651 1330 3718 CXXXIX,
1390 3653 1450 3727 in
1480 3651 1769 3727 Hsaiceao
1830 3649 2134 3727 Leodz'ensi,
2194 3649 2264 3704 ad
2292 3651 2577 3727 αηη1008,
2614 3650 2926 3727 Ansclmum
2954 3652 3021 3706 ab
3078 3655 3375 3727 ῌιενίῃενο,Δ
3410 3658 3662 3725 quamvis

330 3728 492 3782 annis
511 3722 1230 3800 quinquagintajuniorem,
1259 3726 1480 3795 propter
1507 3725 1716 3778 arctam
1746 3735 1872 3792 qua
1910 3722 2057 3776 inter
2106 3737 2240 3793 opus
2286 3722 2575 3792 utriusque
2629 3726 2810 3777 exstat
2871 3725 3285 3794 connexionem,
3341 3722 3658 3796 dis'jungere

334 3800 629 3854 noluimus.

664 3931 3220 3960 η

1636 4055 1784 4094 ANNO
1821 4054 2021 4095 DOMINI
2060 4057 2259 4095 MLVIII.

1629 4209 2281 4373 DROGO

1046 4466 2091 4561 BELLOVACENSIS
2163 4465 2877 4561 EPISCOPUS.

1466 4752 1863 4826 NOTITIA
1915 4751 2455 4825 HISTORICA.

1172 4929 1375 5002 (Gallia
1403 4929 1729 4999 christiana,
1758 4946 1888 4986 nov.
1919 4929 2083 4985 edit...
2118 4932 2257 4984 tom.
2291 4928 2384 4996 IV,
2418 4944 2551 5001 pag.
2585 4928 2736 4998 708.)

1754 5077 2158 5088 ~.————-——

320 5182 593 5239 Occurrit
647 5181 1089 5254 quamprimum
1148 5179 1337 5251 Drogo
1396 5197 1492 5235 an.
1559 5180 1717 5248 1035,
1766 5196 1903 5252 quo,
1937 5179 1981 5246 Ο
2021 5183 2161 5234 tom.
2205 5178 2249 5232 Ι.
2285 5193 2415 5248 pag.
2444 5178 2534 5244 50,
2563 5194 2657 5232 an.
2691 5177 2922 5235 circiter
2955 5183 3110 5249 1037,
3141 5182 3446 5238 ecclesiam
3485 5181 3662 5239 colle-
3714 5188 3719 5191 ’

251 5271 604 5328 concedente
624 5270 868 5327 Henrico
881 5286 1035 5343 rege,
1062 5269 1326 5324 fundavit
1338 5285 1452 5324 non
1475 5268 1643 5341 longe
1664 5270 1737 5325 ab
1763 5269 1905 5324 urbe

254 5359 682 5418 monasterium
711 5360 768 5416 S.
802 5357 1234 5432 Symphoriani.
1267 5359 1432 5413 Anno
1465 5359 1731 5429 sequenti
1791 5359 1906 5413 duo

251 5450 363 5507 alia
396 5448 759 5506 monasteria
787 5446 1135 5505 instauravit
1160 5463 1172 5501 :
1197 5446 1527 5502 Flaviacum
1563 5464 1793 5521 nempe,
1829 5447 1907 5502 vi-

253 5557 494 5607 rorum;
532 5542 589 5594 et
643 5540 961 5596 oratorium
1016 5536 1333 5609 virginum,
1395 5552 1551 5592 nunc
1611 5537 1669 5592 S.
1743 5536 1905 5592 Pauli

254 5628 499 5687 nomine
549 5627 916 5699 insignitum.
982 5626 1268 5683 Fundavit
1323 5626 1500 5681 etiam
1559 5642 1627 5681 ex
1650 5626 1904 5693 Luvetio,

2014 5267 2231 5339 giatam
2264 5266 2322 5322 S.
2352 5267 2684 5334 Laurentii;
2709 5272 2767 5322 et
2798 5270 3000 5323 eodem
3030 5287 3182 5324 anno
3206 5270 3320 5324 alia
3336 5271 3393 5324 S.
3418 5270 3660 5327 Bartho-

2015 5355 2204 5412 lommi
2256 5354 2561 5428 collegiate
2615 5357 2860 5412 fundata
2903 5362 2992 5412 est
3037 5358 3108 5412 ab
3160 5357 3398 5412 Hailone
3456 5358 3660 5417 milite.

2014 5445 2261 5501 Henrico
2292 5461 2425 5517 rege
2456 5446 2860 5501 fundationem
2915 5446 3322 5502 conﬁrmante.
3380 5446 3663 5504 Praeterea

2015 5535 2142 5605 ejus
2157 5533 2399 5589 consilio
2418 5550 2687 5589 mon-aen.
2708 5565 2731 5589 ι,
2744 5554 2839 5590 uni
2855 5535 3061 5590 abbate
3074 5535 3330 5591 restituti
3349 5541 3487 5591 sunt
3504 5538 3659 5609 apud

2017 5621 2328 5679 Britolium
2351 5627 2407 5679 et
2428 5622 2552 5693 ipse
2584 5623 2744 5680 dedit
2774 5622 3068 5680 canonicis
3099 5623 3224 5680 suis
3278 5625 3551 5681 ecclesias
3590 5626 3661 5681 de
