4086 6168
420 344 538 413 863

1079 337 1477 408 DROGONIS
1518 338 1872 405 EPISCOPI
1917 336 2347 403 BELLOVAC.
2377 368 2459 385 -
2483 335 2873 403 EPISTOLA
2910 335 3017 405 AD
3055 332 3161 402 W.

3699 330 3810 395 86!

418 478 821 548 Haudivillari,
854 478 925 535 de
954 474 1156 534 Exulio
1187 479 1243 533 et
1271 476 1342 533 de
1371 478 1426 531 S.
1452 473 1732 543 Eusebia;
1758 472 2061 531 monachis
2092 474 2141 540 Α
2173 490 2323 545 papa
2349 475 2588 529 vocatus
2616 473 2688 529 ad
2711 470 3023 530 concilium
3045 470 3351 537 Remense,
3382 483 3487 527 nec
3515 466 3807 536 convenit,

416 588 550 629 vero
580 567 899 626 S.Luciani
950 567 1095 624 alias
1154 563 1429 624 ecclesias
1482 580 1617 620 cum
1677 563 1955 620 comitatu
2005 566 2063 618 et

414 660 631 715 vicaria
658 656 928 723 Warlosi,
972 658 1140 728 cujus
1208 653 1285 709 rei
1347 654 1609 709 chartam
1664 652 1847 708 habes
1904 651 2058 723 apud

416 748 723 804 Luvctinm
754 752 895 801 tom.
933 746 1002 817 Il,
1036 761 1167 818 pag.
1200 744 1318 799 l90.
1347 744 1512 798 Anno
1544 741 1681 797 {0'17
1712 740 2064 813 subscripsit

414 837 626 910 placito
660 834 943 891 Henricil
994 833 1148 905 regis
1204 849 1306 904 pro
1365 830 1626 886 coenobio
1688 830 1746 886 S.
1801 829 2061 885 Medardi

414 923 855 980 Sucssionensis
886 923 1166 978 adversus
1199 921 1515 976 Robertum
1539 919 1949 975 Codiaccnccm
1974 921 2064 987 ;et

415 1012 714 1069 donationi
739 1010 1000 1067 Balduini
1022 1008 1350 1066 cancellarii
1372 1009 1428 1064 in
1451 1009 1701 1082 gratiam
1748 1007 2061 1063 monacho-

415 1102 617 1156 rumS.
646 1099 897 1171 Praejecti
918 1098 1590 1171 Quintinopolitanorum
1621 1114 1772 1152 anno
1794 1096 2060 1168 sequenti

414 1189 602 1245 adfuit
629 1188 873 1245 concilio
890 1186 1327 1243 Silvanerlcnsi.
1381 1193 1529 1241 iuno
1556 1185 1691 1241 1040
1711 1204 1744 1241 a
1778 1186 1964 1241 Leone
1992 1186 2062 1241 IX

2170 577 2276 617 nec
2307 561 2468 619 misit
2512 560 2983 629 excusationem;
3045 560 3147 617 sed
3206 560 3267 616 in
3318 556 3601 616 comitatu
3662 556 3810 630 regis

2170 667 2297 708 com
2307 665 2551 723 manens
2579 649 2830 723 perrexit
2846 650 2918 705 ad
2942 649 3159 706 bellum
3184 664 3396 722 ;quaro
3416 646 3810 705 excommuni-

2170 745 2337 796 catus
2366 745 2457 795 est
2484 755 2618 795 cum
2675 738 3110 812 archiepiscopo
3142 737 3488 807 Senonensi,
3537 735 3810 809 episcopo

2167 827 2566 893 Ambianensi,
2599 831 2657 884 et
2681 828 2891 884 abbate
2913 828 2973 884 S.
3006 827 3286 884 Medardi.
3321 826 3433 883 Sed
3465 823 3643 898 paulo
3689 829 3816 896 post

2171 918 2246 973 ab
2288 915 2891 974 excommunicatione
2936 915 3199 973 solutum
3251 914 3625 987 conjicimus,
3684 928 3814 969 nam

2167 1005 2481 1063 Ecclesiam
2506 1022 2673 1063 suam
2703 1006 3029 1079 gubernare
3083 1004 3354 1078 perrexit,
3407 1006 3585 1075 atque
3636 1002 3698 1058 in
3753 1019 3818 1058 ea

2169 1095 2409 1169 paciﬁce
2445 1095 2598 1151 diem
2658 1094 2870 1151 clausit
2913 1098 3258 1151 extremum.
3311 1092 3540 1149 Obiisse
3599 1091 3811 1147 dicitur

2172 1202 2326 1241 anno
2348 1185 2504 1241 1058.

1698 1487 2548 1590 Βισθοπιε

898 1688 1507 1783 EPISTOLA
1575 1688 1737 1779 AD
1809 1686 1946 1777 W.
2023 1684 2902 1780 COEPISCOPUM
2975 1684 3341 1780 SUUM.

1479 1893 1666 1966 (Apud
1698 1890 1891 1949 Baluz.
1920 1891 2156 1964 Capitul.
2181 1894 2322 1947 tom.
2350 1891 2420 1961 II,
2450 1889 2560 1947 col.
2586 1890 2746 1946 1549.

486 2132 772 2189 Consuttus
803 2146 837 2184 a
865 2128 1085 2184 Widone
1111 2128 1377 2198 episcopo,
1399 2129 1460 2181 ut
1490 2125 1721 2198 ridetur,
1748 2124 2143 2181 Sitvanectensi
2170 2124 2303 2198 quid
2330 2123 2605 2198 agendum
2653 2125 2796 2194 foret
2840 2122 2906 2179 de
2949 2121 3285 2198 quibusdam,
3340 2120 3649 2198 hominibus
3677 2139 3805 2198 “qui

412 2202 741 2260 sacerdotem
768 2202 970 2256 acriter
997 2193 1437 2260 verberaverunt,
1468 2196 1747 2266 respondet
1772 2199 1917 2251 inter
1945 2198 2061 2252 alia
2090 2213 2160 2253 ex
2180 2193 2621 2266 Capitularibus,
2642 2193 2692 2250 et
2718 2199 2882 2265 caput
2894 2194 2973 2249 .98
3002 2195 3134 2266 libri
3152 2211 3239 2266 _v1.
3273 2197 3350 2248 De
3406 2193 3810 2251 sacerdotibus

412 2281 471 2332 et
498 2274 689 2330 levitis
719 2275 893 2343 atque
924 2269 1229 2325 monachis
1261 2264 1581 2324 interfectis
1614 2270 1697 2323 vel
1732 2267 2073 2339 debilitatis,
2104 2267 2174 2324 ad
2200 2264 2484 2324 sententia
2510 2281 2630 2324 suae
2656 2264 3029 2338 probationem
3057 2264 3297 2321 adducit.

487 2423 671 2480 Fratri
703 2426 759 2477 et
805 2420 1145 2492 coepiscopo
1204 2420 1341 2489 W.,‘
1388 2423 1447 2473 D.
1508 2417 1886 2473 Belvacorum
1934 2417 2053 2491 cpi-
2084 2421 2132 2485 B
2162 2416 2303 2474 citer
2329 2416 3121 2473 emendentur.Postmodum
3142 2417 3349 2490 exigite
3371 2417 3442 2473 ab
3464 2416 3550 2473 eis
3573 2417 3817 2490 triginta

419 2529 654 2584 scopus.
688 2507 959 2565 salutem.

487 2600 545 2656 Si
579 2616 670 2655 res
701 2598 783 2653 ita
825 2615 886 2654 se
945 2597 1119 2652 habet
1150 2601 1214 2652 ut
1271 2597 1433 2652 vobis
1484 2600 1676 2651 vester
1726 2594 1916 2650 fidelis
1973 2594 2059 2651 ill.

416 2688 693 2753 narravit,
727 2687 856 2743 illos
887 2686 1200 2759 sacrilegos
1232 2703 1345 2741 non
1366 2689 1483 2740 tam
1507 2684 2062 2741 excommunicastis

417 2794 596 2851 quam
642 2775 1177 2833 excommunicatos
1208 2791 1336 2830 esse
1366 2773 1778 2829 denuntiastis.
1807 2773 1952 2829 Nam
2012 2773 2059 2828 si

416 2866 681 2923 humana
736 2865 939 2938 lingua
990 2868 1197 2931 taceat,
1250 2863 1447 2918 divina
1497 2866 1692 2918 tamen
1747 2862 2064 2919 auctoritas

421 2960 555 3029 post
584 2958 879 3027 patratum
913 2952 1199 3025 ﬂagitium
1235 2968 1368 3007 mox
1398 2950 1529 3007 illos
1588 2950 2060 3007 anathematizat.

415 3043 577 3109 Quod
609 3060 676 3099 ex
709 3042 901 3097 verbis
925 3041 1157 3097 Domini
1189 3040 1518 3113 colligimus
1548 3040 1633 3095 sic
1657 3039 1953 3112 loquentis
1990 3040 2060 3095 ad

415 3131 740 3205 discipulos
775 3148 952 3187 suos:
988 3131 1095 3199 Qui
1152 3146 1240 3185 vos
1295 3132 1504 3202 spernit
1529 3146 1619 3183 me
1670 3131 1899 3201 spernit.
1959 3130 2065 3197 Qui

422 3239 515 3279 vos
567 3222 766 3291 tangit,
828 3221 1003 3291 tangit
1052 3219 1327 3290 pupillam
1382 3218 1530 3274 oculi
1570 3221 1697 3273 mei.
1747 3217 1848 3273 lsti
1907 3216 2063 3273 enim

415 3311 681 3367 membra
701 3309 915 3364 Christi
946 3312 1002 3362 et
1030 3306 1315 3379 pupillam
1338 3307 1626 3361 Dominici
1649 3304 1802 3361 oculi
1826 3323 1939 3361 non
1968 3322 2063 3362 so-

416 3398 540 3453 lum
572 3395 1120 3469 tetigerunt,scd,ut
1150 3394 2058 3462 audio,acritcrverberaverunt.

421 3485 583 3541 Unde
604 3488 660 3539 et
681 3484 947 3555 protinus
968 3481 1163 3536 divino
1185 3482 1407 3552 judicio
1422 3482 1833 3537 communione
1855 3482 2062 3555 privati

418 3573 673 3629 fuerunt.
707 3570 814 3626 Ubi
845 3570 915 3625 de
964 3586 1024 3624 re
1078 3568 1335 3640 peritura
1393 3570 1604 3642 agitur,
1663 3571 1866 3626 dandae
1922 3575 2063 3627 sunt

415 3661 656 3718 forsitan
690 3659 749 3715 in
783 3658 1135 3732 quihusdam
1169 3657 1417 3729 negotiis
1453 3658 1658 3713 harum
1689 3659 2058 3715 vacationum

414 3749 742 3806 dilationes.
800 3747 1039 3815 Quando
1071 3750 1264 3802 autem
1298 3746 1407 3801 hoc
1435 3745 1550 3802 tale
1593 3750 1649 3802 et
1697 3751 1816 3801 tam
1867 3749 2055 3803 maxi-

2168 2506 2351 2562 libras
2376 2523 2503 2577 quas
2520 2506 2711 2562 solent
2737 2505 2863 2561 dari
2890 2523 2992 2579 pro
3009 2504 3351 2561 infractione
3377 2506 3508 2561 atrii
3528 2503 3816 2563 ecclesiae.

2168 2594 2351 2651 Multo
2372 2595 2528 2652 enim
2552 2594 2858 2667 pretiosior
2881 2598 2971 2651 est
2995 2593 3096 2650 Dei
3114 2593 3379 2649 minister
3397 2611 3576 2667 quam
3599 2594 3816 2651 atrium

2169 2682 2371 2756 templi
2393 2682 2480 2739 vel
2502 2683 2768 2755 parietes.
2794 2683 3075 2739 Praeterea
3088 2698 3347 2756 congrua
3365 2683 3707 2755 injungatur
3730 2684 3815 2741 eis

2171 2771 2512 2844 pmnitentia
2541 2776 2643 2828 aut
2671 2775 2895 2844 septem
2927 2775 3028 2828 aut
3048 2772 3308 2844 quinque
3332 2789 3647 2839 annorum,
3667 2776 3738 2828 ut
3756 2778 3811 2829 et

2169 2859 2267 2916 isti
2308 2859 2676 2933 corrigantur
2702 2864 2760 2915 et
2789 2859 2976 2916 caeteri
3006 2863 3230 2916 metum
3258 2860 3533 2917 habeant.
3580 2865 3694 2917 Hoc
3725 2866 3818 2918 est

2171 2953 2507 3022 excerptum
2521 2949 2763 3005 desexto
2794 2947 2941 3006 libro
2968 2948 3816 3022 Capituliarium,capitu1098:

2172 3038 2234 3094 Si
2262 3040 2383 3111 quis
2410 3038 2738 3095 sacerdotem
2766 3039 2850 3095 vel
2879 3039 3102 3095 levitam
3131 3043 3227 3094 aut
3253 3039 3582 3095 monachum
3625 3039 3821 3096 debili-

2170 3129 2386 3194 taverit,
2412 3128 2579 3200 juxta
2597 3131 2800 3183 statuta
2826 3128 3080 3199 priorum
3124 3128 3493 3199 capitulorum
3540 3145 3661 3200 quae
3710 3129 3821 3201 tegi

2171 3216 2372 3274 Salices
2397 3221 2525 3273 sunt
2580 3216 2766 3272 addita
2821 3220 3126 3289 componat,
3184 3221 3237 3272 et
3291 3217 3517 3289 insuper
3572 3217 3819 3275 bannum

2168 3312 2435 3372 nostrum,
2466 3304 2523 3361 id
2553 3312 2632 3361 est
2658 3306 2950 3377 sexaginta
2976 3304 3177 3361 solidos
3205 3306 3361 3361 nobis
3407 3307 3713 3377 persolvat,
3767 3316 3817 3361 et

2168 3410 2329 3450 arma
2373 3395 2668 3465 relinquat,
2726 3398 2888 3466 atque
2943 3395 3006 3450 in
3058 3395 3384 3450 monasterio
3438 3394 3629 3451 diebus
3685 3397 3816 3452 vita:

2167 3496 2285 3540 sua!
2333 3483 2434 3538 sub
2489 3482 2667 3538 ardua
2712 3483 3041 3555 pauitantia
3088 3482 3193 3539 Deo
3255 3485 3456 3539 serviat
3537 3500 3812 3556 nusquam

2161 3574 2283 3642 post
2318 3570 2540 3626 modum
2558 3570 2759 3628 arcula
2787 3571 2871 3627 vel
2899 3571 3257 3627 szecularibus
3291 3572 3646 3640 militaturus,
3710 3588 3809 3628 ne-

2169 3673 2273 3730 que
2291 3673 2519 3714 uxorem
2547 3658 2917 3731 copulatum.
3660 3730 3689 3733 μ

2238 3746 2523 3819 Tempore
2548 3730 2819 3803 Ludovici
2852 3748 3027 3821 regis,
3062 3748 3245 3821 patris
3295 3746 3574 3818 Lotharii,
3627 3730 3815 3806 fertur

414 3856 579 3895 mum
610 3837 995 3894 committitur
1024 3834 1417 3909 sacrilegium,
1446 3835 1504 3890 in
1538 3852 1653 3908 quo
1696 3851 1898 3891 verum
1959 3837 2055 3892 Dei
2088 3834 2130 3857 υ
2168 3835 2447 3908 quiddam
2480 3840 2698 3892 actum.
2721 3838 2863 3894 Cum
2896 3837 3135 3910 quidam
3168 3837 3255 3893 ira
3283 3842 3584 3909 permotus
3606 3856 3814 3911 quem-

413 3927 701 3999 templum
719 3944 834 3982 non
851 3928 1253 3981 manufactum
1268 3924 1482 3980 violatu
1493 3924 1745 3992 r,eodem
1760 3931 2058 3982 momento

414 4020 684 4086 operator
713 4013 1232 4085 hujusiniquitatis
1256 4030 1369 4069 non
1392 4017 1620 4069 tantum
1645 4029 1779 4068 reus
1809 4015 2062 4070 efﬁcitur

413 4101 1058 4169 excommunicationis,
1090 4103 1191 4156 sed
1218 4102 1391 4156 etiam
1426 4100 1678 4173 alicujus
1698 4102 1896 4175 magni
1918 4119 2058 4175 sup-

413 4188 572 4261 plicii
603 4190 760 4260 quod
793 4190 978 4261 possit
1016 4194 1075 4244 et
1130 4189 1318 4261 ipsam
1379 4207 1654 4262 superare
1706 4191 2057 4262 gehennam.

416 4278 587 4333 Recte
615 4277 796 4350 igitur
824 4294 922 4333 eos
971 4278 1193 4349 absque
1248 4276 1529 4334 dilatione
1585 4280 2059 4336 excommunica-

415 4366 522 4423 stis
581 4365 683 4439 qui
766 4382 882 4420 non
964 4366 1292 4428 timuerunt
1359 4368 1665 4422 extendere
1722 4383 1935 4424 manus
1999 4367 2057 4423 in

413 4460 648 4511 sanctos
696 4455 818 4511 Dei.
869 4455 1028 4519 Quod
1064 4454 1113 4510 si
1167 4457 1461 4525 quaeratur
1514 4456 1810 4526 quomodo
1868 4456 2059 4528 puniti

412 4543 499 4600 vel
529 4543 745 4615 corripi
774 4544 1043 4607 debeant,
1077 4542 1307 4615 expedit
1351 4543 1435 4598 eis
1489 4548 1555 4597 ut
1585 4543 1739 4598 mola
1805 4544 2063 4601 asinaria

413 4632 635 4705 gravati
666 4634 1081 4704 demerguntur
1107 4631 1164 4685 in
1198 4630 1554 4702 profundum
1580 4632 1779 4702 maris,
1812 4633 1910 4704 qui
1976 4634 2056 4688 fa-

412 4719 592 4775 mulis
622 4721 835 4775 Christi
860 4720 1205 4775 scandalum
1236 4720 1554 4776 inferentes
1584 4720 1922 4776 verberibus
1961 4737 2061 4778 eos

412 4810 471 4860 et
507 4808 880 4863 contumeliis
912 4808 1261 4864 afﬂixerunt.
1296 4809 1473 4881 Leges
1503 4824 1735 4881 quoque
1750 4810 2061 4865 mundanas

413 4893 472 4948 in
502 4894 938 4965 Capitularibus
970 4896 1677 4968 praecipiunthujusmodi
1699 4901 1802 4954 aut
1827 4898 2062 4971 capitali

412 4982 704 5038 sententia
730 4983 947 5055 puniri,
980 4989 1082 5039 aut
1111 4984 1312 5041 exsilio
1342 4986 1657 5057 deportari,
1690 4992 1793 5043 aut
1848 4982 2063 5044 manus

410 5071 841 5127 incontinenter
863 5077 1135 5128 extensae
1165 5073 1418 5145 praecidi,
1452 5078 1554 5129 aut
1578 5075 1858 5147 depositis
1907 5076 2062 5131 mili-

2167 3923 2303 3980 dam
2333 3925 2695 3981 sacerdotem
2725 3925 3090 3997 gravissimis
3110 3926 3379 3982 affectum
3406 3926 3647 3998 injuriis
3668 3932 3729 3983 et
3747 3928 3816 3983 ad

2168 4016 2490 4069 extremum
2520 4011 2711 4086 plagis
2752 4030 2866 4069 non
2913 4012 3146 4070 timeret
3202 4014 3459 4070 lacerare
3516 4014 3818 4088 plurimis,

2167 4106 2414 4173 uterque
2442 4117 2638 4157 coram
2684 4101 2844 4174 regia
2900 4117 3149 4158 censura
3195 4102 3478 4159 reductus
3534 4107 3645 4159 est.
3712 4104 3819 4170 Qui

2170 4189 2485 4263 diligenter
2512 4205 2752 4245 causam
2782 4190 3147 4258 examinans,
3179 4189 3393 4246 Christi
3418 4190 3717 4248 ministris
3759 4196 3822 4246 ut

2169 4277 2401 4334 doceret
2428 4294 2662 4334 omnem
2701 4276 3091 4334 exhibendam
3152 4278 3554 4347 reverentiam,
3611 4296 3823 4336 omnes

2158 4366 2615 4422 ‘circumstantes
2635 4365 2746 4422 sibi
2778 4367 2862 4422 sic
2893 4364 3183 4422 allocutus
3213 4370 3302 4421 est
3328 4383 3342 4421 :
3376 4389 3405 4416 «
3433 4366 3662 4434 Omnis,
3739 4368 3823 4423 in-

2169 4455 2316 4527 quit,
2340 4459 2554 4511 nostrae
2576 4454 2876 4528 religionis
2904 4454 3099 4511 cultus
3130 4470 3234 4526 per
3262 4455 3632 4511 sacerdotum
3685 4458 3818 4513 olli-

2169 4544 2260 4600 cia
2285 4542 2756 4616 percelebratur;
2792 4543 3038 4615 ideoque
3060 4542 3144 4598 eis
3197 4543 3554 4600 omnimodis
3614 4544 3821 4602 cultus

2168 4632 2505 4689 reverentia:
2534 4631 2742 4688 divinae
2764 4632 3087 4699 exhibetur,
3123 4649 3238 4688 non
3265 4649 3465 4688 eorum
3497 4631 3821 4705 aliquando

2167 4721 2281 4777 hoc
2308 4721 2572 4793 exigente
2600 4720 2730 4776 vita:
2778 4719 3008 4785 merito,
3065 4720 3167 4776 sed
3200 4724 3267 4776 ut
3300 4721 3355 4775 in
3408 4720 3495 4777 eis
3549 4720 3825 4779 videatur

2168 4810 2398 4866 anobis
2435 4798 2831 4881 obtemperari
2859 4808 3112 4865 Christo.
3147 4808 3311 4865 Unde
3360 4808 3518 4866 hunc
3570 4810 3675 4882 qui
3738 4812 3823 4867 sic

2167 4897 2625 4970 intemperanter
2679 4896 2955 4954 efferatus
3010 4898 3071 4952 in
3130 4897 3233 4953 Dei
3291 4898 3652 4955 sacerdotem
3732 4904 3824 4957 est

2168 4984 2508 5053 deductum,
2569 5001 2776 5042 censeo
2825 4985 2898 5041 ad
2955 4986 3183 5043 arboris
3241 4986 3507 5058 stipitem
3581 4987 3821 5061 stringi,

2168 5075 2330 5130 omni
2382 5073 2865 5131 vestimentorum
2921 5074 3195 5148 adempto
3242 5074 3558 5132 tutamine.
3599 5099 3621 5125 ι
3668 5076 3820 5133 Cum

409 5161 635 5217 laribus
665 5160 847 5216 armis
880 5161 937 5215 in
972 5161 1347 5227 monasterio,
1381 5163 1492 5217 sub
1525 5168 1804 5235 perpetua
1836 5166 2054 5221 retrudi
2088 5157 2134 5222 D
2163 5163 2363 5235 itaque
2387 5164 2554 5235 juxta
2575 5163 2729 5236 regis
2760 5162 3111 5220 sententiam
3149 5163 3635 5235 comprehensus,
3694 5181 3806 5221 nu-

411 5250 773 5321 pcenitentia.
810 5252 881 5305 At
910 5250 1070 5305 vobis
1100 5266 1204 5321 pro
1229 5254 1490 5323 tempore
1518 5255 1575 5306 et
1605 5253 1867 5308 saeculari
1918 5270 2053 5310 con-

411 5338 722 5393 suetudine
753 5339 956 5395 mitius
985 5338 1094 5393 erit
1124 5339 1439 5412 agendum,
1470 5339 1737 5395 videlicet
1783 5346 1847 5396 ut
1891 5342 2055 5414 prius

409 5424 575 5477 vobis
596 5427 936 5481 emendetur
950 5443 1146 5482 excom
1157 5444 1209 5481 m
1220 5426 1472 5481 unicatio
1499 5444 1512 5493 ;
1535 5426 1747 5483 deinde
1759 5428 2052 5501 capitalia,

413 5513 462 5567 si
494 5512 687 5566 ablata
717 5514 853 5576 sint,
887 5532 1021 5570 cum
1055 5514 1179 5586 lege
1211 5514 1425 5586 triplici
1481 5514 1838 5571 reddandur.
1901 5520 2054 5575 lctus

411 5615 644 5678 quoque
665 5600 880 5674 singuli
913 5608 970 5658 et
992 5604 1304 5675 pensiones
1317 5602 1838 5677 secundumlegem
1861 5606 2055 5681 tripli-

2165 5252 2338 5308 datus
2384 5252 2455 5307 ad
2481 5252 2748 5309 arborem
2777 5251 2919 5309 foris
2949 5250 3158 5309 fuisset
3210 5253 3586 5320 constrictus,
3640 5256 3815 5309 tanta

2161 5339 2382 5397 ibidem
2401 5340 2648 5398 refertur
2676 5344 2914 5413 repente
2942 5339 3248 5399 advenisse
3270 5341 3625 5414 permolesta
3655 5340 3818 5397 mul-

2162 5430 2353 5486 titudo
2384 5445 2724 5486 muscarum
2753 5433 2819 5485 ut
2864 5433 3249 5501 antequam...
3290 5446 3389 5487 rex
3445 5429 3683 5489 fecisset
3726 5448 3819 5487 re-

2165 5517 2434 5593 grediens
2456 5517 2821 5587 milliarium,
2857 5533 3031 5576 omne
3059 5534 3269 5590 corpus
3318 5520 3448 5591 ejus
3477 5524 3816 5577 comestum

2168 5606 2506 5664 referretur.
