4086 6168
368 213 485 274 867

1683 201 2072 266 STEPHANI
2114 201 2165 262 X
2207 201 2457 265 PAPIE.

3657 201 3773 264 868

369 346 540 401 domo
573 343 738 398 ducis
756 340 1161 415 Lotharingiaa,
1183 337 1521 396 Gothelonis
1554 337 1722 391 ducis
1754 336 1930 399 filius,
1962 339 2017 389 et
2048 337 2093 401 Α
2130 333 2359 399 naiibus
2394 336 2669 392 omnibus
2693 353 2827 392 cum
2849 336 3002 393 clero
3034 334 3368 409 populoque
3396 338 3659 389 Romano
3695 334 3764 387 ad

368 432 688 489 Gotbil'redi
723 431 794 486 IV
823 430 1020 503 magni
1043 430 1209 487 ducis
1240 430 1436 492 frater,
1470 426 1626 498 regio
1658 426 2011 480 Francorum

365 538 576 594 genere
606 520 911 587 oriundus,
945 520 1178 574 natione
1208 516 1429 586 Gallus,
1462 514 1804 570 liberalibus
1835 513 2016 568 disci-

368 610 545 681 plinis
574 627 607 664 a
637 625 815 681 puero
838 608 1183 672 instructus,
1211 611 1268 661 et
1287 602 1694 661 ecclesiasticis
1715 601 2013 673 obsequiis

366 699 641 765 traditus,
677 697 865 768 primo
898 698 1053 751 enim
1086 695 1405 751 canonicus
1437 692 1722 764 regularis
1754 692 1811 747 S.
1851 693 2012 745 Lam-

367 787 515 858 perti
561 786 621 841 in
665 785 1039 857 Lotharingia
1101 785 1309 839 factus.
1359 783 1488 836 Mox
1545 799 1579 836 a
1637 781 1806 835 beato
1864 796 2014 850 papa

362 877 547 932 Leone
597 875 643 930 X
672 875 952 929 diaconus
997 872 1331 936 cardinalis,
1385 877 1441 924 et
1470 868 1802 941 apostolicae
1855 869 2013 923 sedis

364 962 746 1019 cancellarius
777 968 1027 1025 creatus,
1070 958 1637 1030 Constantinopolim
1669 956 1896 1028 legatus
1941 957 2011 1011 de

302 1076 310 1083 -
362 1051 541 1107 latere
570 1067 702 1105 cum
741 1052 1055 1105 llumberto
1082 1048 1351 1120 episcopo
1375 1044 1652 1102 cardinali
1680 1045 1847 1100 Silvae
1872 1046 2014 1100 Can-

361 1140 509 1195 didas
537 1138 777 1207 missus,
807 1138 1138 1193 Grmcorum
1163 1152 1388 1193 errores
1420 1134 1757 1189 confutavit.
1792 1133 2011 1188 Deinde

361 1228 420 1283 in
459 1228 665 1284 urbem
714 1244 1003 1294 reversus,
1036 1229 1266 1280 mortuo
1312 1240 1463 1295 papa
1492 1224 1683 1277 Leone
1714 1238 1890 1285 nono,
1937 1221 2008 1276 ad

363 1316 785 1372 monasterium
830 1314 1144 1369 Casinense
1176 1313 1469 1384 profectus
1501 1316 1609 1378 est,
1645 1310 1740 1365 ubi
1774 1315 2009 1381 sumpto

360 1404 561 1475 (quam
594 1420 628 1459 a
650 1419 827 1474 puero
849 1418 1082 1473 semper
1102 1400 1360 1472 amavit),
1384 1399 1683 1470 religionis
1705 1398 1891 1455 sancti
1914 1403 2011 1453 Be-

361 1492 579 1548 nedicti
610 1490 841 1560 habitu,
894 1490 1110 1545 ibidem
1160 1507 1261 1561 per
1290 1488 1528 1560 aliquod
1564 1493 1798 1559 tempus
1830 1487 2008 1542 vitam

359 1581 662 1654 transegit.
697 1580 941 1636 Biennio
962 1596 1095 1634 vero
1126 1580 1199 1634 ab
1221 1582 1349 1648 ejus
1380 1578 1649 1649 ingressu
1671 1577 1763 1631 vix
1784 1581 2006 1642 exacto,

359 1669 693 1727 tricesimus
722 1674 922 1726 sextus
952 1668 1012 1723 in
1036 1668 1267 1723 abbatis
1298 1666 1532 1765 Roberti
1564 1665 2005 1764 demortui,.qui
2040 1701 2087 1765 B

358 1759 526 1816 illum
560 1763 913 1830 susceperat,
938 1757 1151 1822 locum,
1177 1758 1359 1811 abbas
1377 1754 1708 1810 Casinensis
1740 1754 2007 1809 omnium

359 1847 782 1906 monachorum
818 1863 1105 1903 consensu
1145 1845 1507 1918 designatus.
1557 1844 1663 1899 Pro
1703 1860 2006 1899 consecra-

357 1938 515 1994 tione
543 1941 763 2002 autem,
796 1939 860 1991 ut
889 1952 1017 1990 mos
1038 1939 1181 2001 erat,
1205 1934 1277 1990 ad
1311 1934 1640 1988 Romanum
1673 1932 2007 2005 pontificem

358 2026 649 2082 Victorem
681 2025 1028 2089 secundum,
1057 2021 1157 2094 qui
1190 2026 1314 2077 tum
1347 2020 1647 2076 Florentiae
1681 2036 2006 2075 commora-

359 2117 553 2181 batur,
577 2114 836 2180 veniens,
852 2117 980 2168 octo
1002 2111 1304 2167 mouachis
1324 2110 1657 2174 comitatus,
1684 2126 1794 2164 non
1817 2108 2008 2164 solum

360 2204 421 2259 in
463 2204 733 2260 abbatem
764 2201 1141 2258 Casinensem
1173 2204 1261 2254 est
1291 2203 1689 2264 consecratus,
1721 2213 1922 2253 verum
1954 2202 2011 2252 et

358 2293 660 2365 presbyter
719 2288 1033 2345 cardinalis
1080 2288 1141 2343 in
1186 2286 1358 2343 titulo
1393 2285 2008 2359 ,SanctiChrysogoni

361 2381 666 2438 ordinatus
682 2380 842 2434 est.A
855 2394 969 2449 quo
982 2377 1054 2431 ad
1073 2374 1495 2432 monasterium
1514 2375 2010 2431 suumCasinense

364 2484 702 2526 reversurus
725 2466 1052 2534 discedens,
1081 2480 1213 2519 cum
1238 2464 1483 2518 Romam
1506 2464 1781 2531 venisset,
1808 2462 2007 2518 statim

364 2558 557 2614 obitus
578 2572 740 2628 papas
768 2553 1018 2610 Victoris
1048 2552 1289 2608 secundi
1320 2552 1691 2607 renuntiatus
1719 2556 1826 2607 est.

434 2647 553 2702 Hoc
583 2644 787 2700 nuntio
819 2644 1065 2699 Romam
1090 2641 1285 2709 allato,
1321 2641 1565 2697 Romani
1595 2640 1883 2712 extemplo
1915 2657 2008 2696 co-

365 2736 530 2792 mitia
551 2733 920 2805 subrogando
944 2730 1202 2803 pontiﬁci
1228 2729 1579 2798 habuerunt,
1611 2729 1690 2784 ibi
1722 2729 1855 2785 aliis
1886 2728 2010 2784 Hil-

364 2823 755 2889 debrandum,
786 2819 887 2892 qui
918 2835 1052 2875 cum
1092 2818 1322 2874 Victore
1353 2824 1497 2885 erat,
1531 2819 2008 2890 exspectandum,

365 2911 498 2968 aliis
509 2926 737 2966 moram
752 2908 974 2963 nullam
995 2905 1224 2962 comitis
1243 2906 1726 2977 interponendam
1743 2922 1872 2961 esse
1883 2922 2012 2961 cen-

366 2999 653 3055 sentibus.
683 2998 897 3053 Omnes
927 2996 1166 3051 demum
1190 3012 1304 3050 uno
1331 3011 1617 3050 consensu
1651 2995 2007 3050 Fridericum

2120 442 2253 478 eum
2279 425 2729 490 conﬂuentibus,
2765 426 2824 481 in
2853 426 3133 482 Vaticano
3164 440 3379 497 magna
3418 421 3763 478 caaremonia

2121 520 2485 569 consecrant.
2509 515 2687 583 Sedit,
2711 516 3062 587 Imperatore
3076 500 3573 585 Henricoquarto,
3606 527 3770 566 men-

2123 620 2219 659 ses
2247 621 2352 669 vn,
2385 604 2508 660 dies
2528 622 2725 660 xxvm.
3493 656 3501 662 _

2192 697 2362 748 Anno
2400 691 2713 749 Dominices
2760 693 3089 749 Nativitatis
3135 694 3297 758 4057,
3330 691 3424 747 die
3472 708 3536 746 III
3574 690 3771 746 Nonas

2120 781 2388 853 Augusti,
2412 781 2591 837 altero
2612 787 2745 854 post
2764 782 3105 839 electionem
3127 783 3240 847 die,
3263 783 3322 836 in
3343 780 3586 837 basilica
3607 779 3769 835 Prin-

2122 869 2267 939 cipis
2289 870 2710 941 apostolorum,
2740 872 2796 925 in
2821 871 3162 943 episcopum
3185 875 3242 925 et
3262 869 3597 941 pontiﬁcem
3620 885 3774 941 papa

2123 959 2455 1030 Stephanus
2501 959 2547 1013 Χ
2579 960 2771 1015 Romae
2800 966 3173 1015 consecratus
3203 964 3311 1024 est,
3354 975 3472 1014 sua:
3515 973 3762 1013 corona-

2120 1047 2299 1103 tionis
2326 1047 2583 1119 insignia
2607 1049 2866 1120 suscepit
2889 1065 2991 1120 per
3006 1048 3376 1104 Mainardum
3403 1047 3461 1103 S.
3488 1048 3553 1102 Β.
3588 1047 3651 1102 E.
3686 1062 3774 1102 ar—

2120 1136 2552 1192 chidiaconum.

2189 1226 2520 1298 Stephanus
2543 1227 2882 1298 pontiﬁcatu
2908 1226 3077 1294 inito,
3098 1225 3386 1300 extemplo
3407 1225 3671 1299 legatum
3697 1226 3771 1282 ad

2118 1316 2398 1386 Agnetem
2417 1317 2764 1387 Augustam,
2788 1315 3018 1371 Henrici
3049 1317 3242 1388 quarti
3264 1319 3535 1381 matrem,
3568 1313 3766 1370 Hilde-

2119 1405 2413 1460 brandum
2430 1404 2613 1476 misit,
2637 1405 2737 1477 qui
2760 1405 2829 1461 de
2860 1406 3036 1460 rebus
3064 1405 3209 1461 actis
3239 1421 3366 1461 eam
3402 1405 3658 1474 doceret,
3692 1409 3772 1461 at-

2119 1509 2233 1564 que
2261 1493 2397 1548 inde
2427 1493 2499 1549 ad
2531 1493 3022 1565 prosequendam,
3056 1510 3182 1564 quas
3213 1493 3484 1550 instituta
3513 1496 3657 1561 erat,
3689 1509 3775 1550 re-

2117 1582 2527 1637 formationem
2559 1581 2829 1638 Ecclesiae
2862 1598 2922 1638 se
2953 1583 3252 1639 convertit.
3301 1582 3582 1638 Restabat
3607 1582 3767 1638 enim

2117 1669 2327 1743 ingens
2361 1686 2495 1725 cum
2528 1670 2655 1740 ipso
2684 1670 2931 1726 Henrico
2957 1671 3087 1742 ejus
3108 1670 3229 1726 filio
3250 1675 3568 1739 certamen,
3602 1670 3703 1743 qui
3736 1687 3772 1727 a

2120 1758 2509 1813 familiaribus
2541 1759 2912 1831 depravatus,
2942 1758 3216 1816 ecclesias
3247 1776 3360 1815 non
3398 1759 3474 1815 iis
3504 1759 3604 1832 qui
3633 1758 3769 1831 plus

2118 1848 2446 1903 litterarum
2464 1864 2528 1902 ac
2552 1847 2680 1903 vitae
2697 1846 2867 1904 laude
2889 1851 3197 1917 mererent,
3222 1849 3324 1905 sed
3348 1847 3447 1920 qui
3469 1847 3597 1919 plus
3613 1864 3763 1903 mer-

2117 1935 2276 1991 cedis
2323 1951 2389 1990 ac
2438 1937 2695 2007 pecunias
2746 1935 3157 2007 praebuissent,
3207 1940 3410 2007 aperta
3464 1949 3755 1990 sacrorum

2118 2024 2561 2089 nundinatione,
2595 2025 2842 2080 vendere
2872 2024 3228 2081 instituerat.
3276 2024 3529 2088 Quatuor
3573 2021 3759 2095 igitur

2118 2129 2350 2169 menses
2375 2112 2568 2168 Romae
2593 2117 2874 2177 moratus,
2899 2128 3104 2169 omnes
3124 2112 3183 2168 in
3207 2112 3300 2167 his
3318 2110 3772 2184 cogitationibus

2118 2200 2498 2272 consiliisque
2519 2201 2906 2272 consumpsit,
2935 2201 3152 2271 quibus
3168 2205 3224 2258 et
3243 2200 3557 2256 Henricum
3575 2198 3762 2255 Simo-

2117 2289 2297 2345 niacae
2326 2289 2565 2344 haeresis
2593 2288 2936 2345 insimulare
2963 2307 3027 2345 ac
3050 2290 3409 2361 factumejus
3431 2304 3638 2360 aspero
3668 2288 3770 2343 de-

2117 2382 2273 2434 creto
2296 2382 2495 2433 notare
2518 2394 2633 2432 non
2656 2377 2963 2447 dubitavit,
2985 2384 3044 2432 et
3064 2379 3226 2433 novis
3247 2376 3773 2434 constitutionibus

2119 2466 2461 2522 clericorum
2486 2465 2966 2522 incontinentiam
2992 2473 3049 2522 et
3069 2465 3641 2539 consanguineorum
3661 2481 3771 2520 nu-

2119 2555 2272 2627 ptias
2302 2554 2617 2611 interdixit.

2190 2642 2523 2714 Stephanus
2564 2643 2610 2698 X
2648 2644 2939 2715 synodum
2983 2645 3246 2699 Laterani
3291 2644 3666 2717 congregavit
3704 2643 3767 2699 in

2094 2721 2990 2803 -quaEcclesiaMediolanensis,
3010 2750 3136 2805 qua
3153 2733 3444 2805 superbiae
3460 2733 3615 2788 fastu
3638 2736 3773 2789 ante

2119 2822 2400 2875 ducentos
2446 2820 2627 2873 ferme
2672 2838 2855 2876 annos
2888 2838 2921 2875 a
2953 2821 3215 2876 Romana
3253 2838 3313 2876 se
3343 2821 3767 2889 substruerat,

2118 2908 2493 2964 Hildebrandi
2542 2912 2828 2980 praecipue
2856 2926 3050 2980 opera,
3084 2927 3241 2966 nunc
3270 2910 3509 2965 demum
3552 2911 3774 2965 obtem-

2122 3014 2323 3069 perare
2352 2997 2564 3052 iterum
2595 2999 2769 3069 erepit
2809 3004 2873 3052 ut
2903 3014 3035 3053 vere
3065 2999 3329 3053 omnium
3370 2998 3767 3054 Eeclesiarum

364 3088 559 3160 ipsum
573 3083 2012 3155 cardinalem,exTusciaipsapauloantereversum
2045 3064 2087 3129 C
2126 3086 2299 3141 matri
2330 3091 2386 3141 et
2422 3086 2736 3157 magistrae,
2769 3104 2946 3158 quam
2986 3091 3188 3159 postea
3215 3088 3295 3142 ita
3322 3087 3674 3154 observavit,
3705 3091 3773 3143 ut

364 3177 603 3241 adeunt,
647 3190 900 3246 eumque
936 3191 1038 3246 per
1074 3174 1190 3227 vim
1223 3189 1290 3227 ex
1320 3171 1573 3244 hospitio
1612 3173 1908 3240 eductum,
1942 3172 2013 3226 ad

364 3266 667 3322 basilicam
698 3263 891 3319 Sancti
936 3262 1087 3317 Petri
1130 3262 1201 3316 ad
1252 3261 1498 3316 Vincula
1525 3261 1792 3327 trahunt,
1840 3267 2013 3331 atque

365 3354 698 3427 pontiﬁcem
717 3352 932 3408 lectum
954 3350 1314 3422 Stephanum
1344 3351 1578 3405 nomine
1597 3350 1928 3421 appeilant;
1965 3350 2013 3405 is

365 3444 523 3500 enim
551 3442 677 3498 dies
707 3446 830 3497 erat
855 3458 912 3495 1v
940 3439 1136 3495 Nonas
1166 3439 1438 3510 Augusti,
1464 3455 1578 3510 quo
1605 3439 1697 3493 die
1730 3439 2015 3493 memoria

366 3531 553 3588 sancti
602 3528 880 3600 Stephani
937 3527 1230 3599 pontiﬁcis
1268 3531 1325 3582 et
1350 3526 1624 3597 martyris
1655 3527 1726 3580 ab
1760 3525 2013 3581 Ecclesia

366 3619 595 3677 colitur.
613 3615 950 3689 Atqueinde
964 3614 1381 3687 plaudentibus
1403 3614 1678 3669 omnibus
1691 3615 1761 3669 ad
1785 3615 2011 3669 Latera-

368 3728 510 3766 num
541 3709 868 3777 deducunt;
900 3705 1178 3778 postridie
1207 3721 1337 3761 vero
1359 3704 1452 3760 die
1483 3703 1783 3759 Dominico
1815 3704 2003 3758 cardi-

2121 3174 2395 3245 legitimae
2429 3174 2559 3229 ﬁliae
2592 3175 2917 3245 piissimam
2947 3179 3195 3231 matrem
3236 3174 3421 3231 colere
3455 3191 3771 3231 consueve~

2123 3269 2277 3316 runt.

2194 3352 2355 3405 Anno
2386 3349 2696 3406 Dominicaa
2716 3351 3049 3407 Nativitatis
3080 3352 3217 3407 4058
3246 3351 3341 3406 die
3360 3367 3417 3405 IV
3443 3349 3569 3406 Kal.
3600 3351 3771 3423 Apri-

2122 3439 2192 3494 lis
2224 3440 2522 3495 Florentiee
2553 3444 2823 3495 mortuus
2852 3444 2943 3496 est
2971 3457 3121 3512 papa
3140 3439 3471 3513 Stephanus
3500 3440 3565 3506 X,
3596 3441 3772 3509 cujus

2121 3544 2332 3598 corpus
2364 3528 2579 3583 ibidem
2630 3528 2689 3582 in
2741 3527 2985 3585 ecclesia
3032 3527 3348 3585 cathedrali
3380 3529 3438 3583 S.
3473 3528 3773 3599 Reparate

2120 3616 2456 3687 sepulptum
2490 3621 2598 3671 est.

2190 3704 2427 3759 Vaeavit
2456 3705 2623 3760 sedes
2655 3705 2779 3762 dies
2807 3708 2897 3760 28.

1560 4068 2043 4158 NOTITIA
2106 4070 2588 4161 ALTERA.

1509 4246 1705 4318 (Apud
1738 4246 1943 4313 MANSI,
1977 4247 2337 4306 Conciliorom
2365 4252 2505 4305 tom.
2539 4248 2631 4319 Χ.)

1864 4406 2271 4418 ——————

438 4504 788 4579 Stephanus,
807 4508 979 4560 antea
1001 4504 1330 4561 Fridericus
1353 4504 1597 4577 appella!
1614 4522 1696 4559 us.
1724 4522 1787 4557 nx
1814 4507 2020 4560 abbate
2052 4510 2098 4573 D
2128 4506 2401 4562 Candide
2431 4506 2740 4578 episcopus
2763 4511 2819 4562 et
2840 4506 3177 4562 Desiderius
3202 4505 3384 4561 abbas
3409 4502 3781 4560 Cassinensi:

371 4594 705 4651 Cassinensi
736 4598 792 4651 et
813 4593 1108 4650 cardinale
1131 4595 1488 4668 presbytero,
1521 4596 1817 4650 communi
1844 4594 2019 4649 totius

374 4683 510 4738 cleri
537 4699 827 4740 consensu
857 4684 1076 4739 invitus
1099 4684 1286 4739 factus
1308 4688 1397 4739 est
1415 4683 1687 4750 pontifex,
1713 4682 1892 4752 hujus
1918 4700 2019 4737 no-

378 4771 556 4825 minis
587 4788 799 4836 nonus,
851 4789 1004 4827 anno
1044 4771 1253 4826 Christi
1298 4771 1683 4842 redemptoris
1724 4772 1880 4836 1057,
1933 4789 2019 4826 re-

383 4864 598 4930 gnante
621 4858 865 4914 Henrico
896 4860 989 4914 IV.
1028 4860 1253 4914 Habitis
1274 4859 1332 4913 in
1358 4858 1508 4913 Urbe
1556 4858 1829 4930 plurimis
1859 4876 2022 4914 conc-

380 4945 475 5002 liis
496 4950 697 5003 contra
728 4948 1175 5003 concubinatum
1209 4946 1388 5003 aliave
1421 4946 1674 5017 plurima
1702 4947 1840 5003 vilia
1884 4949 2021 5004 cleri

379 5051 575 5092 mores
616 5035 882 5092 Ecclesiae
930 5036 1285 5091 reformavit.
1331 5036 1565 5090 Petrum
1622 5035 1890 5092 Damiani
1947 5040 2020 5094 ab

374 5141 570 5181 eremo
611 5125 975 5181 abstractum
1027 5125 1241 5179 creavit
1288 5124 1628 5195 episc0pum
1662 5126 2017 5182 cardinaleni

286 5284 293 5285 ί
374 5213 810 5271 Ostiensem.Ad
828 5212 1139 5269 Ecclesiam
1160 5212 1857 5285 Constantinopolitanam
1872 5216 2021 5271 schi-

376 5307 561 5359 smate
593 5303 844 5359 divisam
865 5302 1159 5359 catholica:
1184 5307 1239 5357 et
1260 5300 1590 5373 apostolicae
1621 5305 2020 5360 communioni

375 5391 824 5448 consociandam
868 5392 1219 5464 legationem
1266 5389 1428 5445 misit
1457 5390 1517 5443 in
1552 5389 1867 5458 Orientem,
1907 5409 2024 5463 qua

374 5479 771 5554 fungebantur
780 5480 1109 5554 Stephanus
1122 5476 1802 5547 cardinalis,Mainardus
1824 5480 2020 5538 Silve-

2132 4594 2490 4666 designatus.
2524 4594 2669 4650 Dato
2700 4594 2820 4651 illis
2837 4610 3032 4651 rerum
3064 4594 3425 4667 agendarum
3452 4592 3778 4648 commoni-

2131 4682 2299 4749 torio,
2326 4684 2588 4756 praecipit
2603 4688 2669 4738 ut
2683 4682 3124 4755 quamprimum
3149 4687 3387 4754 possent
3408 4681 3660 4736 reditum
3683 4697 3782 4752 pa-

2130 4772 2431 4828 rarent.De
2449 4772 2627 4827 futuri
2646 4771 2936 4844 pontiﬁcis
2953 4770 3230 4827 electione
3248 4771 3547 4826 decretum
3569 4769 3776 4836 edidit,

2130 4860 2284 4930 quod
2332 4861 2443 4915 Leo
2489 4860 2773 4916 Ostiensis
2815 4860 2908 4914 his
2938 4859 3129 4915 verbis
3165 4857 3519 4930 descripsit:
3567 4878 3597 4906 ‹‹
3636 4860 3777 4913 Post

2129 4948 2275 5015 hezc,
2308 4949 2677 5021 congregatis
2700 4949 2853 5003 intra
2872 4948 3175 5004 ecclesiam
3203 4946 3493 5018 episcopis
3524 4949 3583 5001 et
3601 4944 3776 5009 clem,

2131 5038 2462 5110 populoque
2484 5038 2765 5102 Romano,
2790 5037 2900 5092 sub
2931 5037 3198 5092 districta
3212 5035 3391 5091 nimis
3421 5032 3771 5088 inhibitione

2130 5125 2457 5192 constituit,
2492 5131 2555 5180 ut
2583 5124 2653 5192 si,
2687 5129 3000 5197 antequam
3032 5123 3463 5180 Hildebrandus
3496 5122 3770 5177 Romanae

2130 5220 2270 5271 tunc
2283 5214 2550 5270 Eccelsiae
2573 5214 2970 5270 subdiaconus
2990 5214 3062 5270 ab
3081 5212 3473 5285 imperatrice,
3503 5210 3576 5265 ad
3596 5225 3772 5280 quam

2130 5320 2233 5375 pro
2247 5303 2602 5374 quibusdam
2615 5301 2945 5374 reipublicae
2960 5301 3206 5374 negotiis
3217 5297 3518 5357 communi
3529 5296 3772 5353 consilio

2131 5391 2493 5457 mittebatur,
2529 5389 2759 5459 rediret,
2780 5407 2843 5446 se
2864 5391 3012 5446 mori
3030 5390 3411 5462 contingeret,
3431 5385 3631 5441 nullus
3657 5401 3776 5440 om-

2130 5480 2268 5541 nino
2300 5495 2512 5555 papam
2526 5478 2739 5554 eligere
2752 5479 2989 5539 auderet
3009 5497 3023 5550 ;
3048 5480 3151 5538 sed
3171 5493 3361 5555 usque
3373 5476 3446 5535 ad
3464 5473 3629 5534 illius
3651 5473 3776 5535 red-
