4086 6168
500 288 603 348 871

1286 411 1356 465 Il.

501 506 771 579 Stephani
796 504 837 558 X
862 503 1011 579 bulla
1039 517 1138 573 per
1194 514 1361 579 quain
1407 498 1883 579 ccizﬁrntat‘cler'i
1909 497 2144 579 saecula.-

565 567 648 633 7³ιέ
676 567 1083 632 immunitatem
1113 589 1147 628 a
1173 567 1525 626 saecularium
1552 571 1880 641 potestatum
1917 567 2147 641 judicfia

568 658 622 705 et
651 646 928 705 oneribus.

1119 733 1305 802 (Anno
1339 730 1523 800 1058.)

810 824 1163 893 [ΜυιιΑτοειι.
1207 819 1387 891 Antiq.
1425 819 1547 874 Ital.
1579 818 1649 887 V,
1680 816 1834 889 973.]

566 953 888 1007 Summus
919 946 1249 1017 episcopus,
1283 959 1487 999 servus
1519 958 1826 998 servorum
1853 941 1969 1008 Dei,
2003 940 2144 997 dile-

492 1038 774 1096 ctissimis
805 1037 862 1091 in
914 1034 1141 1088 Christo
1195 1032 1331 1086 ﬁliis
1388 1031 1664 1087 omnibus
1720 1030 2139 1097 sacerdotibus,

491 1127 702 1194 levitis,
728 1124 1132 1193 universisque
1163 1121 1347 1176 sacris
1380 1120 1707 1186 ordinibus,
1760 1119 1923 1174 Luca:
1982 1135 2139 1174 com-

492 1215 886 1278 morantibus,
922 1228 1025 1265 seu
1077 1210 1148 1264 de
1205 1208 1480 1263 omnibus
1539 1207 1832 1279 plebibus,
1892 1206 2139 1275 clericis,

488 1304 795 1377 acolythis,
828 1298 1309 1365 subdiaconibus,
1361 1296 1726 1365 diaconibus,
1779 1295 2136 1368 presbyteris

490 1391 847 1449 suburbanis
878 1388 1155 1443 Lucensis
1194 1384 1587 1457 episcopatus,
1621 1389 1679 1441 et
1707 1384 1980 1440 omnibus
2012 1400 2140 1441 suc-

488 1479 822 1536 cessoribus
855 1492 1057 1532 eorum
1088 1475 1144 1528 in
1180 1478 1547 1546 perpetuum.

557 1568 615 1624 Si
648 1583 787 1640 erga
815 1564 1074 1621 ﬁdelium
1103 1562 1386 1618 laicorum
1408 1561 1695 1626 ordinem,
1718 1561 1964 1633 legalem
1993 1578 2136 1618 con-

486 1656 857 1713 suetudinem
874 1658 931 1709 et
960 1654 1188 1707 decreta
1218 1650 1453 1723 pietatis
1485 1667 1715 1707 servare
1738 1650 1908 1707 nobis
1930 1666 2129 1708 conve-

1810 275 2197 337 STEPHAM
2236 276 2295 364 _x
2340 275 2598 339 PAP/E.’

2174 407 2229 474 Α
2260 424 2390 476 nus,
2424 408 2896 478 vocemissarius,
2922 405 3008 464 vel
3040 407 3217 465 etiam
3267 406 3386 464 ulla
3435 421 3685 480 persona
3712 406 3873 467 homi-

2258 513 2402 553 num
2434 497 2648 554 audeat
2677 496 3023 553 interdicere
3051 496 3137 553 vel
3172 496 3538 569 contringere
3570 494 3694 563 hoc,
3739 498 3870 569 quod

2258 601 2292 641 a
2322 585 2489 642 nobis
2523 586 2905 642 constitutum
2938 589 2995 641 et
3024 584 3437 642 conﬁrmatum
3484 587 3592 641 est.
3649 585 3707 639 Si
3760 586 3872 657 quis

2256 678 2452 731 autem
2483 674 2663 748 (quod
2684 692 2799 731 non
2832 674 3151 746 credimus)
3205 673 3514 730 temerario
3564 690 3714 730 ausu
3756 673 3870 731 huic

2256 767 2454 820 nostro
2493 762 2811 836 apostolico
2868 762 3172 835 privilegio
3230 762 3558 819 contrarius
3588 762 3872 832 exstiterit,

2255 851 2401 907 sciat
2428 868 2511 921 se,
2545 852 2658 909 nisi
2690 851 3019 924 resipuerit,
3053 856 3110 907 et
3149 850 3438 907 damnum
3493 852 3648 923 quod
3697 851 3873 908 fecerit

2253 941 2669 1008 emendaverit,
2702 941 3045 998 auctoritate
3073 940 3175 997 Dei
3198 940 3636 1012 omnipotentis,
3659 945 3716 996 et
3735 941 3868 999 beati

2254 1029 2405 1085 Petri
2436 1030 2833 1103 apostolorum
2864 1030 3146 1103 principis
3168 1046 3233 1085 ac
3257 1034 3476 1097 nostra,
3501 1028 3870 1087 anathematis

2251 1118 2482 1175 vinculo
2505 1119 2871 1187 innodatum,
2905 1123 2961 1175 et
2981 1135 3015 1175 a
3044 1135 3221 1191 regno
3255 1118 3350 1174 Dei
3381 1117 3662 1187 alienum,
3716 1124 3870 1192 atque

2249 1223 2317 1262 cu
2328 1224 2384 1263 m
2406 1207 2437 1263 J
2445 1208 2561 1264 uda
2579 1207 2856 1264 traditore
2871 1206 3178 1264 sociatum.
3198 1207 3441 1279 Insuper
3454 1207 3869 1279 compositurus

2249 1296 2464 1352 existat
2492 1297 2617 1352 auri
2650 1296 2854 1369 optimi
2886 1295 3067 1353 libras
3083 1296 3305 1364 decem,
3332 1295 3702 1352 medietatem
3724 1312 3869 1353 sacro

2250 1389 2450 1442 nostro
2474 1385 2712 1458 palatio,
2735 1384 3105 1444 medietatem
3123 1383 3237 1443 illis
3257 1383 3471 1456 quibus
3493 1384 3710 1455 injuria
3727 1384 3872 1445 illata

2251 1474 2440 1529 fuerit.
2475 1474 2579 1540 Qui
2613 1490 2744 1530 vero
2793 1491 2897 1547 pro
2944 1473 3159 1529 intuitu
3218 1476 3414 1530 custos
3460 1477 3519 1529 et
3556 1472 3870 1530 observator

2246 1560 2428 1633 hujus
2461 1563 2644 1620 nostri
2675 1562 2979 1636 apostolici
3008 1562 3277 1634 praecepti
3316 1561 3620 1632 exstiterit,
3650 1561 3868 1619 benedi-

2247 1651 2454 1708 ctionis
2495 1650 2825 1724 apostolicae
2875 1649 3144 1724 gratiam,
3198 1650 3494 1723 vitamque
3548 1654 3870 1707 eternama

486 1747 594 1813 nit,
627 1744 811 1800 multo
839 1741 1093 1812 amplius
1141 1740 1295 1795 circa
1352 1738 1695 1794 clericorum
1755 1739 1972 1811 gradus
2032 1738 2131 1811 qui
2162 1775 2210 1839 B
2251 1740 2497 1797 Domino
2529 1742 2645 1798 Deo
2670 1745 2868 1797 nostro
2902 1739 3178 1813 cousequi
3219 1745 3510 1796 mereatur
3561 1740 3621 1797 In
3676 1739 3871 1805 secula

483 1834 751 1891 Ecclesiae
774 1832 875 1888 Dei
908 1829 1153 1885 ﬁdeliter
1185 1828 1523 1883 ministrant
1579 1832 1637 1883 et
1687 1828 1950 1884 serviunt
2005 1829 2133 1885 visa

483 1922 774 1996 aequitatis
806 1920 1131 1986 observare,
1164 1921 1220 1972 et
1249 1917 1612 1973 observanda
1642 1917 1989 1972 conﬁrmare
2027 1918 2131 1973 de—

482 2016 711 2071 bemus.
740 2012 1103 2081 Quapropter
1132 2008 1203 2062 ob
1239 2006 1629 2062 interventum
1654 2005 2019 2062 dilectissimi
2043 2022 2133 2061 co-

483 2101 740 2176 episcOpi
766 2098 946 2154 nostri
969 2096 1227 2152 Anselmi
1252 2095 1532 2151 Lucensis
1553 2093 2132 2167 episcopi,simulque

482 2189 775 2249 Benedicti
807 2185 1243 2243 Belletrinensis
1273 2184 1617 2256 episc0pi,et
1647 2183 1926 2240 Bonifacii
1958 2182 2130 2239 Alba-

485 2280 685 2337 neusis
715 2275 995 2349 episcopi,
1025 2279 1082 2330 et
1112 2274 1308 2328 domni
1334 2272 1636 2328 Humberti
1661 2272 1882 2327 Sancta:
1911 2271 2130 2327 Ruﬁna

483 2369 641 2423 sedis
671 2364 950 2437 episcopi,
976 2379 1076 2417 nec
1105 2380 1220 2417 non
1240 2361 1389 2417 Petri
1416 2361 1825 2416 Lavicanensis
1848 2360 2129 2433 episcopi,

483 2454 779 2526 simulque
806 2450 1049 2507 Joannis
1082 2450 1420 2506 Portuensis
1451 2449 1735 2521 episcopi,
1763 2465 1867 2504 nec
1901 2466 2014 2504 non
2074 2453 2131 2504 et

483 2544 684 2601 domni
713 2539 1089 2597 Hildebrandi
1123 2542 1337 2594 sanctae
1370 2539 1644 2594 Romana:
1679 2536 1942 2593 Ecclesia:
1983 2538 2127 2592 sub-

482 2631 732 2699 diaconi,
766 2630 1134 2700 aliorumque
1164 2631 1499 2682 nostrorum
1523 2625 1808 2693 ﬁdelium,
1827 2642 1930 2697 per
1951 2625 2128 2698 hujus

482 2727 691 2779 nostra:
721 2717 1127 2792 preceptionis
1161 2716 1434 2788 paginam
1468 2714 1890 2771 constituimus
1908 2718 1965 2769 et
1995 2730 2128 2769 con-

482 2813 810 2875 ﬁrmamus,
869 2806 1018 2862 sicut
1048 2821 1346 2860 sacrorum
1409 2820 1700 2859 canonum
1761 2803 2128 2858 demonstrat

481 2899 877 2963 auctoritas,et
906 2896 1173 2950 humanae
1206 2892 1551 2966 praecipiunt
1581 2886 1918 2964 leges,sicut
1949 2892 2123 2946 etiam

482 2988 598 3044 illis
646 2987 718 3041 ab
763 2986 972 3040 Ottone
1028 2983 1377 3054 imperatore
1432 2984 1718 3054 Augusto,
1769 2985 1826 3035 et
1882 2979 2125 3052 reliquis

482 3074 931 3149 imperatoribus
962 3087 1063 3144 per
1086 3071 1350 3143 praecepti
1376 3070 1648 3143 paginam
1677 3085 2021 3124 concessum
2066 3074 2124 3123 et

478 3136 889 3222 conﬁrmatum
947 3176 1075 3215 esse
1132 3159 1379 3225 videtur,
1442 3162 1506 3213 ut
1565 3158 1840 3229 deinceps
1897 3175 1929 3212 a
1963 3136 2197 3211 nullaC

481 3271 693 3326 magna
718 3266 1011 3324 parvaque
1050 3265 1298 3321 persona
1354 3246 1660 3302 hominum
1723 3247 1792 3300 ad
1826 3245 2125 3301 saecularia

472 3342 695 3415 judicia
723 3357 826 3413 pro
848 3337 1239 3409 qualicunque
1270 3335 1660 3390 controversia
1690 3334 2121 3406 pertrabantur,

478 3431 562 3486 vel
597 3434 730 3484 ante
762 3425 1070 3481 saecularcs
1094 3424 1325 3495 judices
1348 3422 1751 3477 examinentur
1781 3421 1866 3477 vel
1890 3422 2126 3477 distrin-

483 3523 715 3592 gantur,
750 3514 857 3570 nisi
879 3517 1108 3568 tantum
1141 3512 1212 3566 ab
1236 3528 1434 3567 eorum
1462 3509 1725 3582 praesule.
1755 3512 1824 3565 Et
1842 3515 1905 3565 ut
1927 3510 2125 3566 nullus

479 3610 537 3663 in
600 3604 873 3661 domibus
931 3617 1133 3656 eorum
1193 3599 1450 3672 aliquam
1505 3598 1864 3653 invasioncm
1940 3598 2122 3651 (terre

480 3698 712 3764 audeat,
745 3691 828 3747 vel
864 3688 1191 3746 molestiam
1226 3691 1541 3761 praesumat
1565 3686 1792 3753 inferre,
1825 3685 1913 3740 vel
1949 3688 2125 3739 I‘I‘lbli-

477 3793 625 3854 tum,
678 3785 797 3840 sive
851 3780 1167 3848 redditum,
1229 3794 1330 3831 scu
1389 3776 1564 3831 etiam
1603 3774 2123 3848 superimpositum

478 3876 700 3933 eisdem
728 3870 1129 3929 sacerdotibus
1163 3872 1218 3923 et
1248 3865 1472 3921 cunctis
1505 3864 1690 3920 sacris
1731 3864 2055 3932 ordinibus,
2090 3880 2124 3920 a

478 3978 829 4037 quacunque
860 3974 1108 4031 persona
1140 3956 1378 4012 minime
1409 3955 1766 4027 imponatur,
1801 3950 1887 4007 vel
1930 3952 2121 4024 requi-

482 4058 662 4109 ratur.
697 4051 765 4105 Et
795 4064 866 4102 ne
882 4045 1095 4117 aliquis
1110 4042 1795 4099 audeatseintromittere
1818 4039 2126 4113 sinelegali

470 4139 695 4212 judicio
737 4138 806 4192 de
855 4134 1152 4206 aliquibus
1210 4131 1671 4203 supellectilibus
1727 4147 1949 4197 eorum,
2008 4130 2127 4184 sive

478 4228 660 4285 servis
693 4224 1004 4295 utriusque
1039 4238 1232 4287 sexus,
1265 4218 1353 4274 vel
1386 4218 1646 4286 familiis,
1682 4236 1782 4274 seu
1818 4218 1992 4273 etiam
2053 4217 2124 4272 de

410 4301 420 4311 ’
480 4315 775 4373 universis
805 4329 1010 4369 eorum
1070 4308 1317 4375 colonis,
1382 4325 1486 4363 nec
1537 4326 1651 4363 non
1702 4306 2020 4364 mobilibus
2071 4309 2128 4361 et

477 4401 1088 4465 immobilibus,arvis,
1122 4397 1450 4460 cultilibus,
1484 4399 1682 4459 vincis,
1716 4396 1964 4463 olivetis,
2026 4393 2125 4448 sil-

2244 1828 2610 1886 szeculorum.
2641 1832 2845 1886 Amen.

2317 1919 2404 1974 Sri
2412 1923 2581 1990 ptum
2614 1935 2717 1991 per
2748 1934 2957 1975 manus
2984 1917 3247 1992 Gregorii
3284 1917 3494 1975 notarii
3523 1921 3579 1974 et
3629 1917 3867 1974 scrinia-

2240 2006 2314 2061 rii
2348 2011 2559 2063 sancta:
2587 2007 2781 2064 Roma:
2812 2006 3077 2064 Ecclesia
3128 2008 3187 2064 in
3241 2022 3444 2064 mense
3496 2005 3764 2075 octobrio,
3809 2010 3866 2062 et

2239 2096 2573 2153 indictionis
2606 2097 2933 2153 undecima.

2312 2190 2515 2242 Datum
2549 2186 2742 2242 Romae
2773 2201 2876 2258 per
2905 2201 3117 2241 manus
3150 2185 3455 2241 Humberti
3508 2186 3719 2241 sancta
3770 2183 3866 2241 Ec-

2239 2273 2428 2332 clesia
2474 2274 2638 2331 Silvas
2668 2274 2937 2331 Candida:
2996 2273 3273 2346 episcopi,
3332 2278 3390 2330 et
3452 2272 3864 2330 bibiiotbecarii

2237 2365 2451 2417 sanctae
2485 2362 2757 2417 Romana:
2788 2365 2843 2417 et
2864 2360 3190 2432 apostolicae
3213 2362 3400 2431 Sedis,
3432 2377 3585 2417 anno
3645 2360 3865 2433 pontiﬁ-

2238 2455 2403 2507 catus
2433 2450 2633 2505 domni
2661 2449 2940 2523 Stephani
2965 2450 3102 2506 noni
3132 2468 3291 2522 papae
3323 2450 3532 2522 primo,
3564 2467 3638 2506 xv
3669 2450 3861 2507 Kalen-

2237 2540 2341 2596 das
2370 2538 2730 2608 Novembris,
2765 2539 3080 2595 indictione
3111 2540 3443 2595 undecima.

3011 2664 3103 2718 Ill.

2234 2755 2271 2809 Α
2320 2752 2592 2823 Stephano
2652 2754 2685 2803 Υ
2741 2755 3165 2818 rcncessionum,
3223 2753 3570 2824 aliorumque
3631 2753 3866 2809 indulta-

2305 2841 2431 2879 rum
2457 2840 2599 2879 sacrz
2627 2826 2858 2880 εωοεοὺίί
2909 2825 3102 2880 Sancti
3154 2824 3304 2880 Petri
3361 2826 3623 2882 Perusini
3679 2824 3865 2894 conﬁr-

2308 2896 2494 2952 maliu.

2856 2965 3042 3037 (Anno
3073 2965 3258 3037 4057.)

2232 3055 2627 3128 [Οοουεωκεε.
2694 3054 2981 3128 Bultarum
3020 3055 3186 3128 fiam.
3224 3063 3394 3128 poni.
3448 3056 3703 3128 amplis.
3749 3053 3859 3111 Col-

2867 3126 2985 3180 lcet.
3020 3124 3059 3194 1,
3089 3125 3240 3196 396.]

2304 3233 2637 3289 Srarnaaus
2658 3232 2987 3305 episcopus,
3021 3248 3224 3288 servus
3256 3248 3554 3289 servorum
3584 3231 3868 3300 Dei,vene-

2237 3321 2406 3378 rabili
2438 3322 2793 3377 monasterio
2825 3320 2979 3376 beati
3026 3320 3179 3377 Petri
3229 3320 3499 3393 apostoli,
3558 3321 3675 3379 site
3695 3326 3864 3386 extra,

2233 3412 2351 3466 imo
2383 3414 2439 3465 et
2461 3410 2629 3481 juxta
2659 3408 2950 3465 civitatem
2983 3409 3348 3481 Perusinam,
3387 3408 3447 3465 in
3478 3408 3607 3467 loco
3634 3410 3739 3483 qui
3785 3408 3864 3465 di-

2233 3500 2382 3555 citur
2402 3497 2737 3570 Cuprarius,
2770 3502 2826 3553 et
2855 3515 2959 3570 per
2986 3497 3132 3554 illud
3164 3498 3437 3554 Bomzom
3468 3499 3660 3554 abbati
3715 3499 3871 3571 ejus-
3925 3542 3937 3554 .

2235 3606 2346 3661 que
2376 3586 2817 3643 successoribus
2844 3586 3062 3643 ibidem
3086 3588 3247 3659 juste
3276 3591 3332 3643 et
3363 3586 3702 3661 regulariter
3745 3604 3869 3661 pro-

2240 3676 2557 3744 movendis,
2590 3675 2647 3731 in
2679 3679 3038 3749 perpetuam.

2306 3766 2449 3820 Cum
2483 3763 2828 3820 universalis
2860 3758 3062 3820 Sancta
3084 3768 3269 3820 mater
3296 3764 3553 3821 Ecclesia
3602 3782 3711 3838 per
3755 3764 3874 3838 glo—

2236 3855 2420 3911 riosos
2450 3857 2615 3908 terrae
2652 3852 2964 3924 principes,
2993 3853 3227 3908 Petrum
3252 3853 3473 3910 scilicet
3526 3853 3876 3927 piscatorem

2236 3942 2562 4008 hominum,
2587 3959 2652 3997 ac
2680 3940 2924 3997 Paulum
2948 3942 3240 3998 doctorem
3266 3942 3553 4015 gentium,
3574 3960 3696 4016 prae
3718 3945 3874 3997 caate-

2237 4032 2317 4088 ris
2348 4030 2821 4104 c00peratoribus
2837 4030 3087 4088 maxime
3101 4030 3182 4087 sic
3198 4029 3544 4099 coadunata,
3566 4031 3873 4097 instructa,

2237 4119 2414 4177 simul
2445 4124 2501 4177 et
2527 4119 2729 4190 ditata,
2762 4119 3028 4177 convenit
3058 4120 3143 4177 eis
3164 4119 3495 4175 conﬁrmari
3525 4124 3588 4175 et
3638 4117 3875 4176 detineri

2237 4210 2435 4267 omnia
2463 4226 2590 4282 qua:
2634 4224 2752 4264 sua:
2783 4207 3021 4264 ditionis
3052 4224 3116 4264 ac
3145 4207 3447 4280 potestatis
3507 4210 3877 4282 reperiuntur

2238 4296 2531 4373 specialia.
2564 4299 2750 4363 Quare
2797 4298 2868 4354 ad
2918 4297 3099 4370 hujus
3153 4296 3475 4370 supradicti
3536 4295 3877 4354 monasterii

2235 4389 2515 4445 honorem
2534 4402 2765 4458 semper
2777 4386 3003 4459 augend
3015 4402 3443 4457 um,nunquam
3468 4384 3875 4451 minuendum,

477 4497 583 4563 vis,
616 4494 799 4568 pratis
824 4488 1222 4565 pascnalibus,
1248 4503 1347 4541 seu
1379 4486 1670 4540 universis
1692 4483 2126 4537 Iltl'i'(‘(lII.8.thUS
2157 4500 2206 4566 Ι)
2236 4475 2612 4534 concedimus
2642 4475 2750 4530 hoc
2771 4474 3098 4547 apostolicae
3125 4474 3479 4530 defensionis
3507 4475 3876 4549 privilegium

476 4602 705 4652 eorum,
736 4581 856 4637 sive
887 4577 1211 4652 acquisitis,
1248 4592 1351 4630 nec
1383 4592 1496 4629 non
1530 4590 1732 4629 eorum
1792 4572 1979 4641 bonis,
2038 4569 2125 4627 vel

477 4669 895 4747 quidquidillis
911 4669 1071 4739 juste
1084 4672 1139 4721 et
1160 4664 1420 4735 legaliter
1443 4662 1729 4734 pertinere
1751 4660 2120 4733 perspicitur.

479 4762 721 4830 Insuper
749 4755 1125 4811 concedimus
1157 4770 1258 4825 per
1275 4752 1380 4807 hoc
1413 4756 1680 4806 nostrum
1730 4749 2119 4821 apostolicum

479 4845 851 4920 privilegium
884 4843 1161 4897 omnibus
1192 4840 1616 4903 sacerdotibus,
1646 4837 1838 4893 levitis
1869 4837 2123 4892 cunctis-

479 4952 593 5009 que
643 4933 827 4989 sacris
877 4930 1183 4987 ordinibus
1218 4930 1342 4999 jam
1412 4927 1547 4981 dicti
1606 4926 2001 4999 episcopatus,
2063 4930 2127 4980 ut

477 5040 680 5082 eorum
713 5021 1030 5078 advocatus
1061 5034 1176 5072 non
1206 5015 1394 5084 aliter,
1429 5016 1537 5071 nisi
1573 5015 1752 5083 solus,
1795 5017 1947 5087 jurct
2000 5014 2127 5071 sine

480 5113 599 5172 ulla
627 5108 1107 5172 contradictione,
1132 5106 1283 5161 sicut
1306 5105 1362 5160 in
1388 5112 1589 5160 sancta
1623 5105 1884 5159 Romana
1925 5103 2124 5158 Eccle-

475 5206 564 5261 sia
592 5202 806 5275 agitur.
835 5199 902 5254 Et
950 5196 1122 5252 liceat
1170 5194 1253 5249 eis
1308 5194 1635 5250 secundum
1685 5191 2120 5248 ecclesiasticos

476 5292 697 5367 gradus
727 5288 921 5362 quiete
952 5290 1008 5342 et
1038 5283 1275 5357 paciﬁce
1299 5283 1508 5349 vivere,
1542 5284 1600 5338 et
1628 5280 1744 5337 Deo
1775 5280 2010 5350 servire,
2070 5284 2127 5336 et

487 5381 597 5437 sub
628 5379 808 5450 hujus
839 5375 1025 5432 nostri
1060 5372 1341 5446 privilegii
1387 5370 1722 5427 defensione
1779 5368 2121 5425 consistere.

493 5469 577 5525 lta
598 5486 739 5523 sane
787 5468 1064 5537 juvcmus
1118 5467 1183 5517 ut
1230 5460 1428 5515 nullus
1484 5460 1621 5525 dux,
1683 5457 1801 5513 sive
1843 5457 2124 5526 marchio,

477 5572 695 5624 comes,
725 5555 1067 5621 vicccomes,
1092 5544 1943 5630 gastaldus,ourialis,exactor,
1968 5546 2130 5606 deca-

2238 4571 2302 4623 ut
2332 4569 2525 4621 teneat
2553 4564 2707 4636 quod
2740 4563 2935 4630 habet,
2969 4562 3191 4619 scilicet
3219 4562 3396 4618 cellas
3426 4579 3592 4631 suas,
3619 4568 3681 4620 et
3711 4562 3877 4619 eccle-

2233 4656 2372 4724 sias,
2408 4657 2602 4711 curtes
2632 4669 2792 4721 suas,
2827 4668 2892 4709 ac
2914 4651 3135 4724 plebes,
3157 4651 3371 4708 fundos
3401 4650 3606 4721 etiam,
3633 4668 3704 4707 ac
3723 4667 3878 4707 casa-

2229 4743 2337 4812 les,
2374 4739 2854 4817 plebem,scilicet
2881 4738 3508 4807 SanctiConstantii,et
3524 4739 3724 4795 sancti
3771 4738 3877 4794 Ru-

2233 4833 2356 4899 ﬁni,
2389 4826 2455 4888 ac
2485 4830 2681 4887 Sancti
2715 4828 2969 4895 Martini,
3003 4827 3310 4883 ecclesiam
3341 4827 3537 4882 Sancti
3564 4827 3804 4883 Martini
3827 4826 3879 4879 in

2233 4921 2534 4994 Agellione
2564 4935 2700 4974 cum
2732 4917 2856 4973 suis
2891 4916 3284 4989 pertinentiis,
3317 4920 3543 4973 curtem
3568 4916 3644 4972 de
3675 4912 3880 4975 cxsale,

2234 5016 2291 5066 et
2321 5013 2544 5066 curtem
2568 5006 2765 5064 Sancti
2815 5004 3059 5073 Justini,
3108 5008 3330 5061 curtem
3387 5004 3460 5059 de
3512 5003 3883 5071 Petroniano,

2235 5096 2539 5156 ecclesiam
2568 5094 2764 5151 Sancti
2794 5094 3005 5150 Andrae
3037 5094 3108 5149 de
3137 5093 3342 5150 Aliano
3365 5110 3499 5148 cum
3539 5110 3657 5149 sua
3716 5089 3880 5165 perti-

2235 5187 2464 5255 nentia;
2494 5184 2800 5242 ecclesiam
2834 5183 3057 5239 Sancta:
3100 5181 3295 5238 Mariae
3344 5182 3405 5236 in
3454 5180 3787 5253 Pitiniano;
3832 5179 3885 5233 et

2233 5275 2538 5335 ecclesiam
2598 5271 2796 5329 Sancti
2852 5269 3187 5338 Clementis,
3267 5275 3442 5341 atque
3507 5269 3881 5324 medietatem

2236 5364 2432 5423 Sancti
2462 5361 2673 5420 Donati
2700 5361 2761 5417 in
2784 5358 3051 5428 civitella,
3081 5374 3187 5415 nec
3204 5375 3321 5415 non
3347 5360 3409 5414 et
3424 5361 3646 5414 terram
3668 5353 3883 5431 Ugonis

2238 5453 2465 5525 nepotis
2494 5450 2780 5508 Bernonis
2802 5449 2872 5506 de
2898 5447 3282 5520 Montenigro.
3311 5446 3555 5519 Insuper
3572 5445 3886 5501 conﬁrma-

2238 5558 2372 5605 mus
2403 5540 2593 5602 eidem
2622 5537 2977 5602 manasterio
2998 5536 3060 5599 in
3089 5539 3441 5615 perpetuum
3473 5548 3713 5595 massas
3742 5538 3882 5599 tres.
