4086 6168
181 400 296 463 877

1353 414 1761 478 EPlSTOLIE
1804 416 1904 477 ET
1948 416 2158 480 PRIVI
2169 418 2419 482 LEGIA.

3468 433 3590 501 8'18
3602 442 3605 449 '

179 535 523 593 charissima
572 538 679 605 fili,
732 541 1075 615 Landulphe
1136 546 1340 615 abbas,
1393 549 1462 604 ad
1518 549 1826 605 utilitatem
1858 554 1913 621 Α
1946 568 2122 607 unam
2158 553 2213 608 in
2246 553 2456 610 Sancto
2492 556 2841 627 Laurentio,-
2872 561 3020 617 duos
3051 579 3289 621 mansos
3311 565 3370 640 in
3392 567 3605 625 Bibia-'

178 630 361 695 tuam,
387 643 921 703 succcssorumque
948 637 1182 690 tuorum
1208 636 1480 691 commoti
1506 643 1561 692 et
1583 654 1835 693 commo-

176 713 308 782 niti,
362 730 468 788 per
524 716 705 783 huius
754 724 967 776 nostra;
1019 724 1349 795 apostolica:
1398 726 1833 782 constitutionis

176 803 449 876 paginam
481 805 921 878 confirmamus,
957 815 1013 867 et
1041 813 1486 871 corroboramus
1513 815 1830 871 venerabili

174 893 436 949 cmnobio
476 894 671 951 Sancti
724 897 993 972 Prosperi
1047 902 1325 975 episcopi,
1380 908 1446 959 ut
1487 903 1711 975 electio,
1740 905 1827 962 vel

173 981 464 1039 ordinatio
495 985 724 1041 abbatis
753 985 942 1059 ipsius
974 992 1307 1048 monasterii
1340 992 1440 1049 fiat
1471 994 1708 1051 omnino
1742 1010 1829 1051 se-

170 1071 431 1127 cundum
462 1072 724 1146 regulam
757 1077 943 1132 sancti
974 1078 1295 1136 Benedicti.

233 1161 291 1215 2.
325 1159 395 1214 Et
419 1160 559 1233 quia
575 1179 609 1216 a
630 1162 978 1221 beatissima:
1003 1169 1302 1225 memoriae
1341 1165 1586 1228 Henrico
1606 1175 1660 1228 et
1676 1173 1823 1229 Con-

165 1248 308 1303 rado
335 1247 454 1304 tilio
478 1249 847 1322 imperatore,
870 1272 937 1311 ac
961 1257 1262 1315 nonnullis
1279 1260 1409 1316 aliis
1432 1261 1669 1333 regibus
1688 1280 1826 1335 prae—

159 1340 371 1409 cepta;
404 1343 462 1394 et
492 1340 560 1395 ab
602 1340 872 1399 Alberico
918 1347 1207 1417 praedictae
1258 1353 1474 1405 sancta:
1518 1350 1824 1424 chiensis

160 1425 434 1483 Ecclesiae
458 1428 730 1503 episcopo
757 1433 1078 1504 decretum,
1104 1454 1218 1493 non
1261 1437 1451 1495 solum
1474 1440 1544 1496 de
1574 1440 1701 1512 ipsa
1720 1441 1822 1495 ab-

156 1513 365 1571 batum
399 1515 698 1588 electione,
721 1538 923 1578 verum
958 1524 1028 1580 de
1059 1526 1335 1583 omnibus
1362 1528 1537 1584 rebus
1559 1528 1669 1601 ipsi
1695 1546 1818 1585 mo-

158 1604 591 1678 nasteriojuste
611 1610 937 1682 acquisitis,
957 1612 1042 1669 vel
1077 1613 1136 1669 in
1170 1616 1431 1671 futurum
1447 1617 1821 1690 acquirendis

160 1696 465 1765 constant,
489 1699 814 1755 secundum
827 1704 1087 1758 tenorem
1112 1702 1367 1773 illorum,
1382 1709 1438 1762 et
1455 1707 1609 1778 quod
1622 1707 1818 1779 majus

151 1786 262 1849 est,
298 1785 624 1842 secundum
670 1788 933 1845 veritatis
982 1795 1038 1847 et
1076 1792 1323 1863 justitize
1373 1794 1681 1863 rationem,
1714 1813 1819 1869 per

152 1870 334 1943 hujus
365 1877 574 1930 nostra:
621 1878 989 1935 auctoritatis
1044 1881 1410 1955 privilegium
1462 1884 1811 1941 nominatim

155 1962 536 2019 concedimus
557 1967 734 2037 atque
757 1967 1127 2026 decernimus
1149 1970 1260 2044 ipsi
1285 1972 1599 2029 venerabili
1620 1990 1813 2029 emno-

157 2048 250 2104 bio
284 2051 479 2107 Sancti
533 2053 823 2127 Prospcii,
873 2059 1029 2130 quod
1083 2058 1140 2114 in
1192 2061 1376 2117 tutela
1425 2064 1606 2118 sancti
1657 2064 1812 2119 Petri

159 2140 211 2190 et
241 2142 445 2193 nostra
487 2140 868 2213 suscipimus,
923 2145 1167 2202 fundum
1222 2149 1509 2220 praedictae
1555 2149 1810 2207 ecclesiae

162 2225 421 2297 ejusdem
455 2229 649 2285 Sancti
683 2234 951 2300 Prosperi
984 2234 1042 2290 in
1078 2237 1219 2292 urbe
1253 2237 1415 2311 Regii
1438 2239 1641 2307 situm,
1674 2256 1807 2296 cum

167 2316 486 2372 coametorio
508 2317 719 2389 ipsius,
735 2324 791 2376 et
806 2339 1007 2379 novem
1022 2325 1235 2397 jugera
1254 2330 1418 2381 terrae
1434 2344 1567 2383 cum
1590 2329 1810 2401 capella

164 2404 349 2460 Sancti
381 2407 631 2473 Nazarii,
664 2425 840 2481 quam
882 2429 917 2466 a
961 2414 1273 2486 praeposito
1322 2415 1580 2472 ecclesiae
1611 2418 1806 2474 Sancti

165 2496 599 2568 Prosperiintra
619 2502 875 2555 castrum
897 2502 1185 2572 pradictae
1226 2503 1476 2560 civitatis
1507 2505 1681 2562 sitam
1705 2524 1808 2579 per

165 2585 670 2642 commutationem
696 2588 858 2659 juste
890 2589 1126 2661 factam,
1162 2592 1343 2648 abbas
1375 2593 1473 2666 qui
1503 2598 1643 2651 tunc
1664 2601 1807 2653 tem-

164 2671 315 2743 poris
341 2678 463 2731 erat
491 2676 712 2749 accepit
742 2695 756 2743 ;
789 2694 1013 2734 necnon
1044 2682 1101 2735 et
1129 2697 1361 2737 omnem
1395 2682 1555 2739 illam
1587 2688 1802 2740 terram

162 2760 235 2815 de
263 2762 575 2833 Corticella,
609 2781 736 2838 quae
765 2766 839 2821 ab
868 2767 1161 2840 episcopis
1199 2769 1386 2842 ipsius
1417 2770 1525 2827 loci
1559 2772 1617 2827 in
1649 2773 1802 2830 dicto

159 2845 279 2903 loco
299 2853 651 2909 monasterio
671 2854 808 2909 data
820 2859 909 2910 est
929 2873 942 2923 ;
959 2856 1516 2929 insuperduodecim
1540 2878 1799 2931 mansos,

159 2937 481 3008 quisuntin
508 2940 776 2998 Fossolo:
803 2945 1132 3016 quatuorin
1172 2945 1417 3017 Palude;
1458 2955 1711 3021 quatuor
1740 2951 1800 3006 in

157 3029 557 3100 Campaniola;
604 3035 724 3087 tres
753 3031 812 3087 in
845 3032 1205 3108 Quingente;
1262 3053 1443 3092 unum
1490 3038 1587 3110 qui
1621 3043 1709 3094 est
1738 3039 1799 3094 in

156 3113 341 3188 Gurgo
365 3135 378 3185 ;
406 3135 590 3174 unum
615 3120 675 3174 in
710 3120 1085 3181 Fossedunde
1115 3141 1128 3193 ;
1154 3124 1414 3197 quinque
1435 3126 1491 3181 in
1516 3126 1753 3183 Baniolo
1783 3146 1796 3197 ;

155 3208 210 3257 ct
231 3204 505 3276 capellam
528 3207 752 3263 Sancta:
774 3208 1061 3267 Mustiol=e
1086 3229 1218 3269 cum
1243 3214 1368 3270 suis
1391 3214 1797 3286 pertinentiis;

157 3309 332 3348 unum
362 3293 421 3350 in
449 3295 725 3352 Crustulo
747 3299 921 3354 veteri
944 3317 958 3369 ;
984 3318 1168 3357 unum
1193 3301 1250 3359 in
1275 3302 1396 3359 vico
1413 3303 1792 3377 Desbergatu,
1827 3289 1869 3355 (ἶ

158 3397 337 3437 unum
352 3383 405 3438 in
419 3401 633 3459 magno
647 3385 835 3441 Casali
855 3404 868 3441 :
892 3405 1025 3444 cum
1046 3390 1272 3463 capella
1287 3392 1480 3448 Sancti
1497 3393 1796 3466 Sylvestri,

155 3487 291 3525 cum
324 3472 673 3530 dominicatu
716 3475 786 3531 de
824 3478 1025 3533 eadem
1054 3478 1170 3535 vila
1198 3480 1408 3554 Magno
1429 3482 1615 3539 Casali
1639 3503 1651 3552 ;
1678 3489 1797 3540 tres

158 3575 387 3617 mansos
417 3563 473 3617 in
509 3564 707 3639 Regio,
738 3570 797 3622 et
828 3566 1253 3625 dominicatum
1290 3570 1450 3645 Regii
1477 3590 1490 3639 ;
1526 3572 1795 3629 Braidam

160 3647 345 3721 Regis,
373 3657 432 3707 et
460 3669 694 3710 omnem
734 3659 951 3711 terram
984 3658 1245 3729 praedicti
1279 3662 1617 3717 monasterii
1643 3662 1799 3720 circa

159 3740 410 3796 eamdem
435 3741 729 3800 civitatem
761 3744 934 3800 sitam
966 3764 979 3815 ;
1014 3750 1133 3803 tres
1163 3765 1402 3805 mansos
1434 3750 1491 3805 in
1518 3751 1755 3808 Rodano
1782 3770 1795 3820 ;

163 3832 401 3897 quatuor
422 3830 480 3886 in
514 3831 714 3887 Lovari
742 3851 754 3901 ;
782 3851 965 3890 unum
990 3834 1049 3890 in
1076 3836 1278 3905 Banio,
1306 3856 1489 3894 unum
1519 3840 1578 3895 in
1609 3840 1802 3899 casale

162 3913 488 3989 deRodano;
504 3920 692 3976 tresin
711 3922 1046 3980 Marmirolo
1063 3942 1076 3993 ;
1094 3942 1275 3981 unum
1297 3925 1355 3982 in
1370 3926 1800 3997 Aliano;unum

160 4000 215 4057 in
230 4003 464 4063 Bibiano
480 4026 494 4076 ;
512 4026 695 4064 unum
710 4009 766 4065 in
784 4011 984 4080 Piano;
1002 4030 1184 4069 unum
1202 4014 1261 4069 in
1276 4015 1600 4087 Mulazano;
1618 4034 1800 4073 unum

162 4090 213 4145 in
236 4093 436 4153 Planzo
468 4114 482 4165 ;
516 4115 700 4153 unum
734 4098 792 4154 in
830 4105 1018 4157 castro
1068 4101 1345 4173 Oleriani,
1391 4108 1449 4160 et
1477 4109 1697 4161 curtem
1733 4106 1804 4162 de

159 4181 409 4254 Nasseto,
453 4202 588 4242 cum
639 4187 882 4244 Lamma
936 4190 1253 4259 Fraularia,
1307 4196 1365 4249 et
1402 4210 1611 4266 campo
1641 4198 1697 4250 et
1726 4194 1803 4249 ri-

159 4284 274 4327 vam
304 4274 379 4329 de
406 4274 660 4332 Nasseto
705 4294 832 4349 qua)
883 4295 917 4334 a
959 4280 1163 4336 Carolo
1212 4282 1460 4353 pissimo
1505 4299 1636 4356 rege
1676 4284 1803 4355 jam

169 4372 258 4428 per
293 4363 604 4436 scriptum,
634 4366 804 4436 juxta
840 4367 983 4425 fines
1015 4368 1093 4424 ibi
1135 4369 1498 4443 designatos,
1534 4371 1804 4444 chiensi

166 4450 411 4507 ecclesia
463 4453 599 4508 data
648 4471 777 4511 esse
825 4456 1228 4529 dignoscitur;
1262 4463 1319 4514 et
1362 4463 1579 4516 terram
1627 4476 1804 4532 quam

160 4533 309 4594 dedit
330 4540 637 4599 Rolandus
676 4544 835 4600 filius
856 4545 1141 4611 Eriberti;
1172 4548 1229 4603 in
1258 4547 1540 4604 Mutilena
1558 4552 1810 4622 quatuor

1944 640 2115 707 ncllo,
2168 646 2224 697 et
2271 642 2553 716 quidquid
2607 646 2764 703 intra
2811 647 3078 707 Italicum
3142 670 3385 726 regnum
3426 656 3587 727 juste

1939 728 2220 813 possidet,
2252 731 2340 787 vel
2375 732 2423 787 si
2456 749 2569 788 non
2591 735 2874 807 possidet,
2893 739 3053 811 juste
3074 742 3372 813 possidere
3393 744 3584 801 debet.

1939 804 2143 890 Itaque
2173 822 2293 875 tam
2326 837 2413 889 ea,
2447 838 2561 893 pra:
2593 804 2993 896 praediximus,
3027 804 3205 900 quam
3256 847 3383 903 quae
3416 832 3586 890 devo-

1936 905 2114 976 tione,
2191 925 2679 983 quorumcunque
2754 915 3015 972 fidelium
3079 920 3240 989 juste
3297 921 3589 994 acquisita

1938 993 2213 1069 deinceps
2246 998 2501 1068 fuerunt,
2537 1000 2594 1056 in
2628 1008 2995 1075 perpetuum,
3041 1006 3166 1063 sine
3207 1008 3458 1081 alicujus
3486 1011 3581 1066 in-

1936 1084 2302 1155 quietudine,
2334 1090 2399 1142 ut
2437 1090 2744 1161 praefatum
2789 1096 3211 1153 monasterium
3264 1098 3373 1154 sub
3398 1100 3583 1157 tutela

1934 1172 2090 1229 beati
2161 1174 2314 1230 Petri
2366 1178 2784 1250 perpetualiter
2849 1185 3579 1260 suscipimusypossidere
3666 1220 3670 1225 ι

1932 1262 2250 1334 apostolica
2276 1267 2622 1323 auctoritate
2651 1270 2971 1329 sancimus.

2004 1352 2055 1405 3.
2083 1349 2232 1407 illud
2255 1353 2429 1409 etiam
2462 1356 2534 1411 ob
2565 1360 2943 1416 reverentiam
2976 1364 3172 1420 sancti
3203 1365 3575 1437 confessoris,

1933 1440 2338 1513 praecipueque
2399 1445 2650 1513 Domini,
2717 1450 2988 1518 praesenti
3051 1453 3392 1512 auctoritate
3446 1455 3574 1525 tibi,

1929 1526 2309 1586 dilectissime
2341 1532 2444 1598 ﬁli,
2477 1534 2794 1592 Giselberte
2824 1538 2995 1610 abba,
3027 1541 3264 1614 tuisque
3284 1559 3580 1602 successo-

1929 1615 2114 1687 ribus,
2145 1622 2202 1673 et
2222 1620 2438 1690 quibus
2464 1626 2554 1689 tu,
2586 1623 2675 1677 vel
2696 1639 2872 1695 quem
2899 1629 3217 1699 supradicti
3235 1634 3575 1690 monasterii

1929 1705 2136 1761 fratres
2149 1708 2460 1777 jusserint,
2485 1710 2543 1765 in
2575 1713 2918 1769 sacerdotali
2944 1716 3135 1774 ofﬁcio
3173 1721 3403 1790 positis,
3434 1740 3574 1796 apo-

1928 1791 2137 1848 stolico
2181 1795 2483 1868 privilegio
2530 1800 2927 1868 concedimus,
2977 1820 3047 1859 ex
3091 1804 3393 1879 charitate,
3442 1791 3572 1881 q—uaa

1925 1880 2079 1937 Deus
2108 1886 2217 1952 cst,
2248 1883 2460 1940 virtute
2490 1888 2675 1942 sancti
2715 1888 2991 1960 Spiritus,
3043 1896 3388 1953 auctoritate
3417 1880 3572 1954 beati

1924 1969 2076 2025 Petri
2108 1969 2387 2027 caelorum
2420 1972 2689 2047 clavigeri
2735 1978 3177 2051 confirmamus,
3228 1988 3294 2039 ut
3337 1987 3570 2061 populis

1923 2074 2026 2129 per
2044 2059 2531 2133 saeculaundique
2544 2064 2903 2121 sanctissimi
2925 2068 3276 2128 confessoris
3289 2059 3570 2149 suffragia

1921 2148 2239 2218 expetendo
2269 2150 2768 2222 concurrentibus,
2802 2154 2923 2211 sive
2957 2156 3144 2229 ipsius
3180 2164 3372 2234 terrae,
3406 2148 3567 2225 inco-

1921 2232 1996 2291 lis
2026 2236 2098 2291 ad
2120 2238 2387 2294 eamdem
2421 2239 2725 2297 ecclesiam
2749 2245 3249 2319 convenientibus,
3291 2232 3364 2309 ad
3383 2252 3566 2313 hono-

1921 2340 2042 2381 rem
2065 2325 2188 2392 Dei,
2212 2331 2268 2381 et
2310 2328 2636 2384 beatissimi
2676 2331 2942 2404 Prceperi
2983 2337 3337 2397 confessoris
3367 2343 3565 2402 devote

1918 2430 2096 2487 super
2123 2414 2310 2487 ipsius
2340 2432 2537 2474 sacras
2566 2417 2868 2491 reliquias,
2898 2422 3192 2484 solemnes
3213 2432 3269 2484 et
3298 2431 3565 2502 publicas

1918 2504 2133 2560 missas
2163 2503 2475 2574 celebrare,
2505 2510 2563 2562 et
2612 2525 2761 2580 pane
2807 2512 2965 2568 verbi
3010 2514 3112 2570 Dei
3161 2533 3260 2574 eos
3307 2536 3565 2595 congrue

1916 2593 2167 2660 reticere,
2203 2598 2259 2648 et
2289 2596 2502 2666 saepius
2544 2600 2947 2669 praenominati
2990 2602 3212 2660 domini
3256 2611 3314 2664 et
3361 2593 3562 2683 magni

1914 2682 2168 2753 patroni,
2215 2682 2485 2739 videlicet
2535 2686 2860 2743 beatissimi
2911 2690 3177 2764 Prosperi
3226 2682 3487 2767 meritis;
3506 2705 3563 2755 et

1915 2774 2115 2826 nostra
2136 2772 2405 2843 praesenti
2428 2777 2773 2831 auctoritate
2795 2778 3071 2849 roborati,
3098 2797 3299 2838 eorum
3324 2785 3561 2843 devotas

1913 2860 2306 2917 confessiones
2334 2862 2741 2934 suscipientes,
2762 2870 3091 2923 vestrarum
3114 2870 3400 2944 ipsarum,
3425 2875 3563 2932 alia-

1912 2965 2161 3020 rumque
2182 2949 2877 3017 orationum,sermonum
2910 2971 3163 3029 quoque,
3198 2961 3555 3035 vigiliarum,

1902 3038 2265 3108 jejuniorum
2290 3038 2491 3107 etiam,
2513 3044 2571 3095 et
2588 3039 3091 3115 eleemosynarum
3125 3046 3244 3105 illis
3265 3052 3560 3110 submini-

1910 3129 2162 3182 strantes
2179 3125 2515 3198 praesidium
2527 3173 2540 3197 ,
2562 3128 2904 3187 delictorum
2919 3148 3119 3191 eorum
3134 3139 3556 3209 expiandorum

1909 3214 2221 3270 conferatis
2251 3215 2547 3271 solatium.

1977 3304 2029 3358 4.
2064 3303 2439 3375 Praecipimus
2470 3322 2702 3379 quoque
2733 3325 2805 3364 ne
2845 3312 2977 3382 quis
3008 3313 3275 3385 ejusdem
3307 3318 3555 3378 civitatis

1906 3392 2237 3464 episcopus,
2290 3394 2390 3449 sed
2442 3411 2547 3450 nec
2601 3397 2839 3467 quidem
2900 3398 3113 3472 aliquis
3176 3404 3418 3475 primas,
3462 3407 3553 3463 vel

1907 3482 2417 3554 metropolitanus,
2487 3488 2588 3539 aut
2645 3486 2921 3556 quaelibet
2980 3505 3157 3560 parva
3223 3508 3555 3568 magnaque

1907 3569 2297 3626 ecclesiastica
2319 3571 2683 3630 smcularisve
2696 3591 2965 3646 persona,
3003 3579 3328 3652 quidquam
3351 3570 3552 3641 eorum

1908 3677 2035 3733 quae
2068 3676 2247 3731 supra
2293 3662 2617 3717 taxavimus
2665 3670 2990 3735 pervertere
3031 3670 3243 3725 audeat
3290 3673 3392 3726 sed
3447 3690 3551 3728 nec

1909 3749 2168 3820 aliquam
2202 3752 2551 3820 potestatem
2601 3767 2864 3809 exercere
2910 3759 3111 3811 contra
3154 3759 3428 3814 eumdem
3457 3777 3553 3817 ve-

1909 3842 2099 3894 strum
2149 3837 2497 3905 ccenobium,
2551 3856 2740 3910 neque
2801 3843 3005 3912 quavis
3056 3845 3360 3902 occasione
3410 3848 3556 3904 inibi

1911 3927 2127 3983 missas
2202 3926 2512 3991 celebrare.
2593 3932 2694 3983 aut
2758 3928 3187 3988 ordinationem
3271 3934 3555 4009 aliquam,

1912 4014 2178 4089 quamvis
2243 4014 2674 4086 parvissimam,
2741 4017 2867 4073 sine
2922 4019 3217 4079 voluntate
3247 4024 3476 4082 abbatis
3504 4032 3563 4084 et

1912 4106 2157 4159 fratrum
2226 4119 2415 4175 agere,
2483 4107 2586 4158 aut
2644 4108 3304 4169 excommunicationem
3361 4120 3565 4175 contra

1914 4209 2011 4248 eos
2058 4192 2227 4261 ferre,
2276 4191 2363 4247 vel
2432 4190 2665 4264 aliquod
2716 4193 2999 4265 ofﬁcium,
3051 4204 3153 4254 aut
3199 4202 3562 4273 sepulturam

1915 4285 2281 4336 mortuorum
2334 4282 2580 4337 condere
2638 4284 2851 4339 audeat
2917 4287 3017 4358 qui
3064 4306 3180 4345 non
3229 4290 3355 4347 vult
3400 4299 3564 4350 aeter-

1917 4368 2127 4425 naliter
2154 4369 2423 4424 damnari
2460 4376 2519 4425 et
2548 4376 2826 4444 perpetuo
2849 4376 3220 4434 anathemate
3250 4379 3427 4435 feriri.

1986 4460 2042 4513 5.
2076 4459 2238 4525 Quod
2272 4457 2321 4514 si
2366 4459 2560 4531 aliquo
2609 4477 2872 4532 unquam
2922 4467 3182 4537 tempore
3230 4469 3564 4540 apparuerit

1918 4547 2133 4619 aliquis
2153 4546 2253 4619 qui
2276 4552 2476 4604 contra
2494 4547 2615 4605 haec
2636 4550 2792 4617 velit,
2828 4554 3173 4610 auctoritate
3208 4556 3361 4610 beati
3385 4557 3559 4627 Petri,

180 4638 422 4697 mansos,
458 4646 592 4686 cum
623 4632 929 4706 capella,et
956 4637 1274 4708 quamdam
1306 4641 1527 4710 partem
1549 4638 1769 4695 castelli
1796 4659 1809 4709 ;
1841 4657 1888 4723 D
1921 4641 1985 4693 ut
2008 4636 2412 4710 praediximus,
2433 4637 2659 4693 irritum
2685 4639 2970 4696 habeatur
2990 4643 3144 4713 quod
3176 4660 3562 4720 praesumpse-

183 4710 230 4767 in
273 4716 523 4774 Albinea
566 4725 817 4793 quatuor
873 4740 1131 4794 mansos,
1165 4730 1223 4781 et
1261 4726 1541 4799 capellam
1589 4728 1811 4784 Sancta:

173 4801 347 4859 Maria
382 4806 438 4862 in
464 4806 799 4881 Pisignano,
837 4828 972 4868 cum
1000 4811 1219 4869 Oliveto
1241 4814 1351 4869 sibi
1387 4816 1685 4887 adjacente
1711 4835 1723 4873 :
1749 4816 1807 4872 in

164 4885 460 4965 Vergnano
491 4896 640 4952 duos
671 4915 932 4968 mansos,
966 4905 1024 4956 et
1053 4905 1180 4957 octo
1211 4919 1450 4959 mansos
1483 4922 1632 4977 quos
1652 4906 1810 4972 dedit

168 4978 387 5066 {trdicio
416 4982 575 5041 filius
607 4988 843 5043 Attonis
875 4988 979 5043 lilii
1031 4990 1385 5065 Gandulpbi,
1439 4998 1496 5048 et
1525 4994 1807 5066 capellam

166 5063 647 5153 SanctiDamiani
682 5075 737 5130 in
786 5077 1049 5147 Medulaz,
1103 5063 1281 5151 quam
1334 5081 1492 5136 dedit
1522 5063 1808 5153 Ubertus;

169 5152 381 5215 Vineam
432 5178 563 5217 cum
618 5168 842 5237 septem
905 5168 1245 5238 montibus;
1294 5169 1576 5242 capellam
1619 5173 1809 5227 Sancti

168 5239 307 5302 Petri
334 5249 391 5304 in
415 5250 787 5322 Convanello,
806 5272 940 5311 cum
956 5257 1233 5315 omnibus
1255 5258 1379 5314 suis
1401 5259 1808 5330 pertinentiis;

170 5328 232 5383 in
256 5335 522 5409 Spetiano
571 5358 757 5398 unum
812 5362 1131 5415 mansum;
1181 5346 1240 5402 in
1281 5348 1495 5404 Sancto
1547 5348 1813 5406 Floriano

172 5434 379 5496 unum;
414 5446 602 5485 unum
637 5431 696 5487 in
728 5438 931 5490 monte
973 5436 1361 5505 Baranzonis;
1413 5440 1470 5492 et
1516 5439 1811 5508 quandam

173 5516 381 5578 partem
432 5518 493 5575 in
533 5520 758 5593 capella
807 5523 1008 5581 Sancti
1058 5524 1290 5580 Martini
1351 5526 1412 5580 in
1476 5529 1713 5597 Revere,
1759 5531 1817 5583 et

182 5605 374 5685 quator
401 5612 600 5680 partes
632 5609 690 5665 in
738 5613 1016 5685 praedicta
1064 5614 1311 5684 ltevere;
1368 5615 1485 5671 dua
1532 5615 1591 5671 in
1633 5616 1816 5673 eccle-

173 5682 264 5745 Βία
294 5696 513 5757 Sanctae
581 5682 798 5776 Mariae,
848 5719 1028 5762 unam
1092 5703 1152 5761 in
1197 5682 1410 5763 Sancto
1456 5702 1813 5782 Florentino,

1922 4726 1997 4782 rit
2025 4730 2318 4799 appetere,
2353 4742 2541 4798 neque
2570 4744 2603 4781 a
2645 4732 2701 4782 te
2747 4728 2833 4783 vel
2885 4745 2919 4784 a
2960 4730 3079 4787 tuis
3126 4735 3567 4793 successoribus

1920 4814 2244 4873 obcdiatur.

1978 4906 2045 4975 ,6.
2077 4905 2255 4961 Porro
2304 4920 2480 4975 super
2518 4902 2796 4960 electione
2844 4923 2947 4962 seu
2995 4910 3361 4985 ordinatione
3390 4915 3569 4974 abba-

1920 4995 2019 5064 tis,
2041 4994 2194 5065 quod
2222 4993 2473 5048 maxime
2494 4992 2665 5047 saluti
2692 4995 3112 5055 coenobitarum
3139 5005 3433 5077 competit,
3459 5006 3570 5063 hoc

1922 5083 1981 5137 in
2014 5083 2127 5138 tine
2171 5083 2512 5154 repetimus,
2563 5086 2628 5135 ut
2673 5087 2832 5139 tanto
2874 5088 3140 5145 tenacius
3192 5090 3407 5148 haereat
3434 5110 3573 5165 pra:-

1923 5171 2180 5227 sentium
2228 5176 2285 5227 ct
2335 5172 2659 5225 futurorum
2710 5174 3029 5243 mentibus,
3080 5184 3300 5250 quanto
3347 5195 3451 5251 pro
3481 5180 3573 5235 sui

1922 5259 2159 5332 speciali
2193 5259 2278 5315 vel
2313 5258 2600 5332 singulari
2635 5258 2886 5318 utilitate
2925 5264 3245 5322 incultatur
3290 5267 3573 5325 crebrius.

1927 5350 1984 5405 Si
2044 5350 2179 5420 quis
2236 5366 2393 5421 ergo,
2452 5365 2800 5421 quocunque
2856 5351 3110 5425 ingenio,
3158 5371 3261 5427 per
3316 5355 3577 5429 aliquam

1926 5438 2297 5495 venalitatem
2332 5436 2419 5494 vel
2452 5438 2774 5495 humanam
2803 5443 3052 5513 gratiam
3099 5460 3493 5503 successorem
3526 5447 3579 5504 ei

1926 5526 2814 5600 subrogaripraesumpserit,aut
2830 5529 3183 5603 aliterquam
3199 5550 3231 5588 a
3244 5533 3581 5596 beatissimo

1926 5617 2094 5673 Patre
2120 5621 2318 5672 nostro
2341 5616 2652 5674 Benedicto
2675 5619 3059 5676 constitutum
3081 5628 3171 5679 est
3208 5623 3266 5679 in
3305 5624 3583 5686 electione

1926 5705 2015 5768 vel
2045 5704 2410 5766 ordinatione
2443 5706 2672 5771 abbatis
2712 5709 2913 5785 egerit,
2957 5709 3162 5772 electio
3203 5712 3324 5788 illa,
3363 5714 3451 5774 vel
3484 5732 3584 5775 or-
