  <div class='ocr_page' id='page_1' title='image "/cluster/home/n/w/nwhite01/storage/ocr_20150623/143/hvd.32044054760038/447.png"; bbox 0 0 4090 6176; ppageno 0'>
   <div class='ocr_carea' id='block_1_1' title="bbox 517 350 635 415">
    <p class='ocr_par' dir='ltr' id='par_1_1' title="bbox 517 350 635 415">
     <span class='ocr_line' id='line_1_1' title="bbox 517 350 635 415; baseline 0 0"><span class='ocrx_word' id='word_1_1' title='bbox 517 350 635 415; x_wconf 75' lang='lat'><strong>879</strong></span> 
     </span>
    </p>
   </div>
   <div class='ocr_carea' id='block_1_2' title="bbox 1831 341 2615 406">
    <p class='ocr_par' dir='ltr' id='par_1_2' title="bbox 1831 341 2615 406">
     <span class='ocr_line' id='line_1_2' title="bbox 1831 341 2615 406; baseline -0.004 -1"><span class='ocrx_word' id='word_1_2' title='bbox 1831 341 2229 406; x_wconf 85' lang='lat' dir='ltr'><strong>STEPHANI</strong></span> <span class='ocrx_word' id='word_1_3' title='bbox 2271 341 2322 402; x_wconf 88' lang='lat' dir='ltr'><strong>X</strong></span> <span class='ocrx_word' id='word_1_4' title='bbox 2366 341 2615 403; x_wconf 75' lang='grc' dir='ltr'><strong>ΡΑΡιΕ.</strong></span> 
     </span>
    </p>
   </div>
   <div class='ocr_carea' id='block_1_3' title="bbox 3746 343 3843 405">
    <p class='ocr_par' dir='ltr' id='par_1_3' title="bbox 3746 343 3843 405">
     <span class='ocr_line' id='line_1_3' title="bbox 3746 343 3843 405; baseline -0.021 0"><span class='ocrx_word' id='word_1_5' title='bbox 3746 343 3843 405; x_wconf 78' lang='lat'><strong>880</strong></span> 
     </span>
    </p>
   </div>
   <div class='ocr_carea' id='block_1_4' title="bbox 516 470 3836 555">
    <p class='ocr_par' dir='ltr' id='par_1_4' title="bbox 516 470 3836 555">
     <span class='ocr_line' id='line_1_4' title="bbox 516 470 3836 555; baseline -0.003 -14"><span class='ocrx_word' id='word_1_6' title='bbox 516 485 761 555; x_wconf 87' lang='lat' dir='ltr'><strong>dlnatio,</strong></span> <span class='ocrx_word' id='word_1_7' title='bbox 798 483 1143 540; x_wconf 79' lang='lat' dir='ltr'><strong>auctoritate</strong></span> <span class='ocrx_word' id='word_1_8' title='bbox 1179 484 1395 539; x_wconf 82' lang='lat' dir='ltr'><strong>sanctas</strong></span> <span class='ocrx_word' id='word_1_9' title='bbox 1444 479 1717 535; x_wconf 81' lang='lat' dir='ltr'><strong>Romanae</strong></span> <span class='ocrx_word' id='word_1_10' title='bbox 1749 481 1807 533; x_wconf 90' lang='lat' dir='ltr'><strong>et</strong></span> <span class='ocrx_word' id='word_1_11' title='bbox 1838 476 2164 550; x_wconf 74' lang='lat' dir='ltr'><strong>apostolicae</strong></span> <span class='ocrx_word' id='word_1_12' title='bbox 2195 476 2247 542; x_wconf 82' lang='grc' dir='ltr'><strong>Α</strong></span> <span class='ocrx_word' id='word_1_13' title='bbox 2279 493 2430 545; x_wconf 89' lang='lat' dir='ltr'><strong>mus,</strong></span> <span class='ocrx_word' id='word_1_14' title='bbox 2456 478 2669 548; x_wconf 83' lang='lat' dir='ltr'><strong>quibus</strong></span> <span class='ocrx_word' id='word_1_15' title='bbox 2691 492 2802 530; x_wconf 87' lang='lat' dir='ltr'><strong>non</strong></span> <span class='ocrx_word' id='word_1_16' title='bbox 2821 473 3012 530; x_wconf 88' lang='lat' dir='ltr'><strong>solum</strong></span> <span class='ocrx_word' id='word_1_17' title='bbox 3029 470 3228 529; x_wconf 82' lang='lat' dir='ltr'>omnia</span> <span class='ocrx_word' id='word_1_18' title='bbox 3245 471 3581 539; x_wconf 84' lang='lat' dir='ltr'><strong>communia,</strong></span> <span class='ocrx_word' id='word_1_19' title='bbox 3600 474 3686 529; x_wconf 87' lang='lat' dir='ltr'><strong>sed</strong></span> <span class='ocrx_word' id='word_1_20' title='bbox 3706 476 3836 531; x_wconf 86' lang='lat' dir='ltr'><strong>etiam</strong></span> 
     </span>
    </p>
   </div>
   <div class='ocr_carea' id='block_1_5' title="bbox 517 558 2170 637">
    <p class='ocr_par' dir='ltr' id='par_1_5' title="bbox 517 558 2170 637">
     <span class='ocr_line' id='line_1_5' title="bbox 517 558 2170 637; baseline -0.006 -8"><span class='ocrx_word' id='word_1_21' title='bbox 517 575 673 630; x_wconf 84' lang='lat' dir='ltr'><strong>sedis</strong></span> <span class='ocrx_word' id='word_1_22' title='bbox 706 572 1040 630; x_wconf 89' lang='lat' dir='ltr'><strong>omnimode</strong></span> <span class='ocrx_word' id='word_1_23' title='bbox 1074 573 1360 629; x_wconf 80' lang='lat' dir='ltr'><strong>habeatur</strong></span> <span class='ocrx_word' id='word_1_24' title='bbox 1406 568 1594 635; x_wconf 89' lang='lat' dir='ltr'><strong>irrita,</strong></span> <span class='ocrx_word' id='word_1_25' title='bbox 1647 571 1705 623; x_wconf 87' lang='lat' dir='ltr'><strong>et</strong></span> <span class='ocrx_word' id='word_1_26' title='bbox 1742 558 2010 622; x_wconf 79' lang='lat' dir='ltr'><strong>auctores</strong></span> <span class='ocrx_word' id='word_1_27' title='bbox 2042 567 2170 637; x_wconf 83' lang='lat' dir='ltr'><strong>ejus</strong></span> 
     </span>
    </p>
   </div>
   <div class='ocr_carea' id='block_1_6' title="bbox 514 654 2168 731">
    <p class='ocr_par' dir='ltr' id='par_1_6' title="bbox 514 654 2168 731">
     <span class='ocr_line' id='line_1_6' title="bbox 514 654 2168 731; baseline -0.005 -14"><span class='ocrx_word' id='word_1_28' title='bbox 514 661 604 717; x_wconf 86' lang='lat' dir='ltr'><strong>vel</strong></span> <span class='ocrx_word' id='word_1_29' title='bbox 633 661 1004 727; x_wconf 89' lang='lat' dir='ltr'><strong>mediatores,</strong></span> <span class='ocrx_word' id='word_1_30' title='bbox 1035 660 1150 716; x_wconf 90' lang='lat' dir='ltr'><strong>nisi</strong></span> <span class='ocrx_word' id='word_1_31' title='bbox 1186 657 1561 731; x_wconf 88' lang='lat' dir='ltr'><strong>resipuerint,</strong></span> <span class='ocrx_word' id='word_1_32' title='bbox 1603 659 1883 729; x_wconf 90' lang='lat' dir='ltr'><strong>perpetuo</strong></span> <span class='ocrx_word' id='word_1_33' title='bbox 1908 654 2168 710; x_wconf 82' lang='lat' dir='ltr'><strong>damnati</strong></span> 
     </span>
    </p>
   </div>
   <div class='ocr_carea' id='block_1_7' title="bbox 522 746 1434 806">
    <p class='ocr_par' dir='ltr' id='par_1_7' title="bbox 522 746 1434 806">
     <span class='ocr_line' id='line_1_7' title="bbox 522 746 1434 806; baseline -0.005 0"><span class='ocrx_word' id='word_1_34' title='bbox 522 749 642 806; x_wconf 85' lang='lat' dir='ltr'><strong>sint</strong></span> <span class='ocrx_word' id='word_1_35' title='bbox 673 749 1043 806; x_wconf 80' lang='lat' dir='ltr'><strong>anathemate</strong></span> <span class='ocrx_word' id='word_1_36' title='bbox 1073 746 1434 803; x_wconf 89' lang='lat' dir='ltr'><strong>Maranatha.</strong></span> 
     </span>
    </p>
   </div>
   <div class='ocr_carea' id='block_1_8' title="bbox 590 832 2171 907">
    <p class='ocr_par' dir='ltr' id='par_1_8' title="bbox 590 832 2171 907">
     <span class='ocr_line' id='line_1_8' title="bbox 590 832 2171 907; baseline -0.004 -15"><span class='ocrx_word' id='word_1_37' title='bbox 590 839 647 895; x_wconf 90' lang='lat'><strong>7.</strong></span> <span class='ocrx_word' id='word_1_38' title='bbox 679 838 825 894; x_wconf 88' lang='lat' dir='ltr'><strong>Hinc</strong></span> <span class='ocrx_word' id='word_1_39' title='bbox 873 836 1055 907; x_wconf 87' lang='lat' dir='ltr'><strong>hujus</strong></span> <span class='ocrx_word' id='word_1_40' title='bbox 1107 833 1394 907; x_wconf 83' lang='lat' dir='ltr'><strong>privilegii</strong></span> <span class='ocrx_word' id='word_1_41' title='bbox 1462 837 1862 905; x_wconf 85' lang='lat' dir='ltr'><strong>transgressor</strong></span> <span class='ocrx_word' id='word_1_42' title='bbox 1927 832 2171 904; x_wconf 89' lang='lat' dir='ltr'><strong>quicun-</strong></span> 
     </span>
    </p>
   </div>
   <div class='ocr_carea' id='block_1_9' title="bbox 518 920 2171 999">
    <p class='ocr_par' dir='ltr' id='par_1_9' title="bbox 518 920 2171 999">
     <span class='ocr_line' id='line_1_9' title="bbox 518 920 2171 999; baseline -0.004 -16"><span class='ocrx_word' id='word_1_43' title='bbox 518 943 632 999; x_wconf 89' lang='lat' dir='ltr'><strong>que</strong></span> <span class='ocrx_word' id='word_1_44' title='bbox 670 929 889 982; x_wconf 84' lang='lat' dir='ltr'><strong>temere</strong></span> <span class='ocrx_word' id='word_1_45' title='bbox 917 927 1143 981; x_wconf 89' lang='lat' dir='ltr'><strong>tentare</strong></span> <span class='ocrx_word' id='word_1_46' title='bbox 1159 922 1619 996; x_wconf 80' lang='lat' dir='ltr'><strong>praesumpserit,</strong></span> <span class='ocrx_word' id='word_1_47' title='bbox 1645 921 1910 977; x_wconf 86' lang='lat' dir='ltr'><strong>districto</strong></span> <span class='ocrx_word' id='word_1_48' title='bbox 1932 920 2171 976; x_wconf 85' lang='lat' dir='ltr'><strong>anathe-</strong></span> 
     </span>
    </p>
   </div>
   <div class='ocr_carea' id='block_1_10' title="bbox 518 1008 2173 1081">
    <p class='ocr_par' dir='ltr' id='par_1_10' title="bbox 518 1008 2173 1081">
     <span class='ocr_line' id='line_1_10' title="bbox 518 1008 2173 1081; baseline -0.005 -10"><span class='ocrx_word' id='word_1_49' title='bbox 518 1015 676 1071; x_wconf 88' lang='lat' dir='ltr'><strong>mate</strong></span> <span class='ocrx_word' id='word_1_50' title='bbox 697 1029 759 1069; x_wconf 89' lang='lat' dir='ltr'><strong>se</strong></span> <span class='ocrx_word' id='word_1_51' title='bbox 779 1011 1233 1068; x_wconf 88' lang='lat' dir='ltr'><strong>condemnatum</strong></span> <span class='ocrx_word' id='word_1_52' title='bbox 1273 1009 1498 1066; x_wconf 89' lang='lat' dir='ltr'><strong>noverit</strong></span> <span class='ocrx_word' id='word_1_53' title='bbox 1518 1009 1631 1064; x_wconf 85' lang='lat' dir='ltr'>nisi</span> <span class='ocrx_word' id='word_1_54' title='bbox 1655 1009 1801 1064; x_wconf 77' lang='lat' dir='ltr'><strong>forte</strong></span> <span class='ocrx_word' id='word_1_55' title='bbox 1822 1008 2173 1081; x_wconf 84' lang='lat' dir='ltr'><strong>resipiscens</strong></span> 
     </span>
    </p>
   </div>
   <div class='ocr_carea' id='block_1_11' title="bbox 515 1100 1090 1175">
    <p class='ocr_par' dir='ltr' id='par_1_11' title="bbox 515 1100 1090 1175">
     <span class='ocr_line' id='line_1_11' title="bbox 515 1100 1090 1175; baseline -0.007 -17"><span class='ocrx_word' id='word_1_56' title='bbox 515 1101 691 1175; x_wconf 83' lang='lat' dir='ltr'><strong>digne</strong></span> <span class='ocrx_word' id='word_1_57' title='bbox 720 1100 1090 1158; x_wconf 84' lang='lat' dir='ltr'><strong>satisfecerit.</strong></span> 
     </span>
    </p>
   </div>
   <div class='ocr_carea' id='block_1_12' title="bbox 585 1183 2172 1254">
    <p class='ocr_par' dir='ltr' id='par_1_12' title="bbox 585 1183 2172 1254">
     <span class='ocr_line' id='line_1_12' title="bbox 585 1183 2172 1254; baseline -0.006 -8"><span class='ocrx_word' id='word_1_58' title='bbox 585 1192 640 1247; x_wconf 89' lang='lat'><strong>8.</strong></span> <span class='ocrx_word' id='word_1_59' title='bbox 667 1189 776 1254; x_wconf 86' lang='lat' dir='ltr'><strong>Qui</strong></span> <span class='ocrx_word' id='word_1_60' title='bbox 802 1207 935 1246; x_wconf 91' lang='lat' dir='ltr'><strong>vero</strong></span> <span class='ocrx_word' id='word_1_61' title='bbox 958 1190 1201 1245; x_wconf 88' lang='lat' dir='ltr'><strong>devotus</strong></span> <span class='ocrx_word' id='word_1_62' title='bbox 1228 1190 1600 1243; x_wconf 84' lang='lat' dir='ltr'><strong>conservator</strong></span> <span class='ocrx_word' id='word_1_63' title='bbox 1621 1184 1933 1251; x_wconf 75' lang='lat' dir='ltr'><strong>exstiterit,</strong></span> <span class='ocrx_word' id='word_1_64' title='bbox 1957 1183 2172 1240; x_wconf 85' lang='lat' dir='ltr'><strong>divinis</strong></span> 
     </span>
    </p>
   </div>
   <div class='ocr_carea' id='block_1_13' title="bbox 517 1273 2173 1353">
    <p class='ocr_par' dir='ltr' id='par_1_13' title="bbox 517 1273 2173 1353">
     <span class='ocr_line' id='line_1_13' title="bbox 517 1273 2173 1353; baseline -0.005 -17"><span class='ocrx_word' id='word_1_65' title='bbox 517 1278 812 1353; x_wconf 82' lang='lat' dir='ltr'><strong>repleatur</strong></span> <span class='ocrx_word' id='word_1_66' title='bbox 834 1276 1356 1340; x_wconf 87' lang='lat' dir='ltr'><strong>benedictionibus,</strong></span> <span class='ocrx_word' id='word_1_67' title='bbox 1393 1281 1447 1331; x_wconf 86' lang='lat' dir='ltr'><strong>et</strong></span> <span class='ocrx_word' id='word_1_68' title='bbox 1471 1274 1754 1348; x_wconf 86' lang='lat' dir='ltr'><strong>principis</strong></span> <span class='ocrx_word' id='word_1_69' title='bbox 1777 1273 2105 1346; x_wconf 84' lang='lat' dir='ltr'><strong>upostoloru</strong></span> <span class='ocrx_word' id='word_1_70' title='bbox 2117 1291 2173 1328; x_wconf 89' lang='lat' dir='ltr'><strong>m</strong></span> 
     </span>
    </p>
   </div>
   <div class='ocr_carea' id='block_1_14' title="bbox 519 1361 2171 1424">
    <p class='ocr_par' dir='ltr' id='par_1_14' title="bbox 519 1361 2171 1424">
     <span class='ocr_line' id='line_1_14' title="bbox 519 1361 2171 1424; baseline -0.004 -1"><span class='ocrx_word' id='word_1_71' title='bbox 519 1367 865 1424; x_wconf 89' lang='lat' dir='ltr'><strong>auctoritate</strong></span> <span class='ocrx_word' id='word_1_72' title='bbox 895 1366 968 1422; x_wconf 90' lang='lat' dir='ltr'><strong>ab</strong></span> <span class='ocrx_word' id='word_1_73' title='bbox 999 1365 1274 1421; x_wconf 90' lang='lat' dir='ltr'><strong>omnibus</strong></span> <span class='ocrx_word' id='word_1_74' title='bbox 1314 1363 1659 1420; x_wconf 82' lang='lat' dir='ltr'><strong>delictorum</strong></span> <span class='ocrx_word' id='word_1_75' title='bbox 1710 1380 1947 1419; x_wconf 84' lang='lat' dir='ltr'><strong>suorum</strong></span> <span class='ocrx_word' id='word_1_76' title='bbox 1979 1361 2171 1417; x_wconf 87' lang='lat' dir='ltr'><strong>absol-</strong></span> 
     </span>
    </p>
   </div>
   <div class='ocr_carea' id='block_1_15' title="bbox 515 1455 1220 1513">
    <p class='ocr_par' dir='ltr' id='par_1_15' title="bbox 515 1455 1220 1513">
     <span class='ocr_line' id='line_1_15' title="bbox 515 1455 1220 1513; baseline -0.009 0"><span class='ocrx_word' id='word_1_77' title='bbox 515 1460 689 1513; x_wconf 85' lang='lat' dir='ltr'><strong>vatur</strong></span> <span class='ocrx_word' id='word_1_78' title='bbox 718 1455 988 1511; x_wconf 82' lang='lat' dir='ltr'><strong>nexibus.</strong></span> <span class='ocrx_word' id='word_1_79' title='bbox 1017 1456 1220 1509; x_wconf 89' lang='lat' dir='ltr'><strong>Amen.</strong></span> 
     </span>
    </p>
   </div>
   <div class='ocr_carea' id='block_1_16' title="bbox 592 1541 2175 1615">
    <p class='ocr_par' dir='ltr' id='par_1_16' title="bbox 592 1541 2175 1615">
     <span class='ocr_line' id='line_1_16' title="bbox 592 1541 2175 1615; baseline -0.004 -15"><span class='ocrx_word' id='word_1_80' title='bbox 592 1543 887 1615; x_wconf 88' lang='lat' dir='ltr'><strong>Scriptum</strong></span> <span class='ocrx_word' id='word_1_81' title='bbox 938 1559 1039 1615; x_wconf 88' lang='lat' dir='ltr'><strong>per</strong></span> <span class='ocrx_word' id='word_1_82' title='bbox 1106 1559 1317 1597; x_wconf 87' lang='lat' dir='ltr'><strong>manus</strong></span> <span class='ocrx_word' id='word_1_83' title='bbox 1386 1541 1644 1614; x_wconf 83' lang='lat' dir='ltr'><strong>Gregorii</strong></span> <span class='ocrx_word' id='word_1_84' title='bbox 1709 1541 1915 1596; x_wconf 87' lang='lat' dir='ltr'><strong>notarii</strong></span> <span class='ocrx_word' id='word_1_85' title='bbox 1963 1544 2175 1595; x_wconf 69' lang='lat' dir='ltr'><strong>sant-tm</strong></span> 
     </span>
    </p>
   </div>
   <div class='ocr_carea' id='block_1_17' title="bbox 523 1618 2175 1703">
    <p class='ocr_par' dir='ltr' id='par_1_17' title="bbox 523 1618 2175 1703">
     <span class='ocr_line' id='line_1_17' title="bbox 523 1618 2175 1703; baseline -0.004 -14"><span class='ocrx_word' id='word_1_86' title='bbox 523 1634 799 1689; x_wconf 65' lang='lat' dir='ltr'><strong>Romanis</strong></span> <span class='ocrx_word' id='word_1_87' title='bbox 830 1636 889 1686; x_wconf 91' lang='lat' dir='ltr'><strong>et</strong></span> <span class='ocrx_word' id='word_1_88' title='bbox 910 1618 1246 1703; x_wconf 75' lang='lat' dir='ltr'><strong>apostolicae</strong></span> <span class='ocrx_word' id='word_1_89' title='bbox 1278 1629 1455 1699; x_wconf 86' lang='lat' dir='ltr'><strong>sedis,</strong></span> <span class='ocrx_word' id='word_1_90' title='bbox 1488 1630 1546 1685; x_wconf 93' lang='lat' dir='ltr'><strong>in</strong></span> <span class='ocrx_word' id='word_1_91' title='bbox 1588 1647 1786 1685; x_wconf 90' lang='lat' dir='ltr'><strong>mense</strong></span> <span class='ocrx_word' id='word_1_92' title='bbox 1818 1629 2175 1698; x_wconf 78' lang='lat' dir='ltr'><strong>Decembris,</strong></span> 
     </span>
    </p>
   </div>
   <div class='ocr_carea' id='block_1_18' title="bbox 522 1720 950 1777">
    <p class='ocr_par' dir='ltr' id='par_1_18' title="bbox 522 1720 950 1777">
     <span class='ocr_line' id='line_1_18' title="bbox 522 1720 950 1777; baseline -0.005 0"><span class='ocrx_word' id='word_1_93' title='bbox 522 1720 843 1777; x_wconf 88' lang='lat' dir='ltr'><strong>indictione</strong></span> <span class='ocrx_word' id='word_1_94' title='bbox 872 1738 950 1775; x_wconf 70' lang='grc' dir='ltr'><strong>χι.</strong></span> 
     </span>
    </p>
   </div>
   <div class='ocr_carea' id='block_1_19' title="bbox 596 1805 2179 1880">
    <p class='ocr_par' dir='ltr' id='par_1_19' title="bbox 596 1805 2179 1880">
     <span class='ocr_line' id='line_1_19' title="bbox 596 1805 2179 1880; baseline -0.001 -17"><span class='ocrx_word' id='word_1_95' title='bbox 596 1812 809 1864; x_wconf 84' lang='lat' dir='ltr'><strong>Datum</strong></span> <span class='ocrx_word' id='word_1_96' title='bbox 857 1808 917 1863; x_wconf 91' lang='lat' dir='ltr'><strong>in</strong></span> <span class='ocrx_word' id='word_1_97' title='bbox 968 1812 1157 1864; x_wconf 87' lang='lat' dir='ltr'><strong>castro</strong></span> <span class='ocrx_word' id='word_1_98' title='bbox 1204 1809 1415 1864; x_wconf 88' lang='lat' dir='ltr'><strong>Casino</strong></span> <span class='ocrx_word' id='word_1_99' title='bbox 1463 1825 1566 1880; x_wconf 87' lang='lat' dir='ltr'><strong>per</strong></span> <span class='ocrx_word' id='word_1_100' title='bbox 1616 1824 1828 1863; x_wconf 89' lang='lat' dir='ltr'><strong>manus</strong></span> <span class='ocrx_word' id='word_1_101' title='bbox 1874 1805 2179 1862; x_wconf 85' lang='lat' dir='ltr'><strong>IIumberti</strong></span> 
     </span>
    </p>
   </div>
   <div class='ocr_carea' id='block_1_20' title="bbox 527 1895 2181 1969">
    <p class='ocr_par' dir='ltr' id='par_1_20' title="bbox 527 1895 2181 1969">
     <span class='ocr_line' id='line_1_20' title="bbox 527 1895 2181 1969; baseline -0.003 -14"><span class='ocrx_word' id='word_1_102' title='bbox 527 1900 743 1955; x_wconf 61' lang='lat' dir='ltr'><strong>sancta</strong></span> <span class='ocrx_word' id='word_1_103' title='bbox 777 1897 1031 1953; x_wconf 67' lang='lat' dir='ltr'><strong>ecclesiae</strong></span> <span class='ocrx_word' id='word_1_104' title='bbox 1062 1896 1232 1953; x_wconf 66' lang='lat' dir='ltr'><strong>Silvae</strong></span> <span class='ocrx_word' id='word_1_105' title='bbox 1262 1896 1533 1953; x_wconf 67' lang='lat' dir='ltr'><strong>Candida:</strong></span> <span class='ocrx_word' id='word_1_106' title='bbox 1564 1896 1845 1969; x_wconf 90' lang='lat' dir='ltr'><strong>episcopi,</strong></span> <span class='ocrx_word' id='word_1_107' title='bbox 1886 1899 1942 1953; x_wconf 87' lang='lat' dir='ltr'><strong>et</strong></span> <span class='ocrx_word' id='word_1_108' title='bbox 1972 1895 2181 1952; x_wconf 90' lang='lat' dir='ltr'><strong>biblio-</strong></span> 
     </span>
    </p>
   </div>
   <div class='ocr_carea' id='block_1_21' title="bbox 521 1984 1643 2044">
    <p class='ocr_par' dir='ltr' id='par_1_21' title="bbox 521 1984 1643 2044">
     <span class='ocr_line' id='line_1_21' title="bbox 521 1984 1643 2044; baseline -0.004 0"><span class='ocrx_word' id='word_1_109' title='bbox 521 1985 769 2044; x_wconf 90' lang='lat' dir='ltr'><strong>thecarii</strong></span> <span class='ocrx_word' id='word_1_110' title='bbox 802 1990 1018 2041; x_wconf 83' lang='lat' dir='ltr'><strong>sanctae</strong></span> <span class='ocrx_word' id='word_1_111' title='bbox 1050 1986 1325 2042; x_wconf 65' lang='lat' dir='ltr'><strong>Romanis</strong></span> <span class='ocrx_word' id='word_1_112' title='bbox 1354 1984 1643 2041; x_wconf 64' lang='lat' dir='ltr'><strong>Ecclesia).</strong></span> 
     </span>
    </p>
   </div>
   <div class='ocr_carea' id='block_1_22' title="bbox 1290 2093 1414 2147">
    <p class='ocr_par' dir='ltr' id='par_1_22' title="bbox 1290 2093 1414 2147">
     <span class='ocr_line' id='line_1_22' title="bbox 1290 2093 1414 2147; baseline 0 0"><span class='ocrx_word' id='word_1_113' title='bbox 1290 2093 1414 2147; x_wconf 81' lang='lat' dir='ltr'><strong>VII.</strong></span> 
     </span>
    </p>
   </div>
   <div class='ocr_carea' id='block_1_23' title="bbox 522 2180 2180 2257">
    <p class='ocr_par' dir='ltr' id='par_1_23' title="bbox 522 2180 2180 2257">
     <span class='ocr_line' id='line_1_23' title="bbox 522 2180 2180 2257; baseline -0.003 -17"><span class='ocrx_word' id='word_1_114' title='bbox 522 2184 777 2257; x_wconf 74' lang='lat' dir='ltr'><strong>Epistola</strong></span> <span class='ocrx_word' id='word_1_115' title='bbox 820 2181 1088 2254; x_wconf 81' lang='lat' dir='ltr'><strong>Stephani</strong></span> <span class='ocrx_word' id='word_1_116' title='bbox 1145 2184 1187 2235; x_wconf 85' lang='lat' dir='ltr'><strong><em>X</em></strong></span> <span class='ocrx_word' id='word_1_117' title='bbox 1226 2198 1399 2257; x_wconf 11' lang='lat' dir='ltr'><strong>papae,</strong></span> <span class='ocrx_word' id='word_1_118' title='bbox 1432 2180 1512 2257; x_wconf 61' lang='lat' dir='ltr'><strong>(ut</strong></span> <span class='ocrx_word' id='word_1_119' title='bbox 1549 2183 1754 2252; x_wconf 73' lang='lat' dir='ltr'><strong>fratres</strong></span> <span class='ocrx_word' id='word_1_120' title='bbox 1807 2181 2180 2236; x_wconf 81' lang='lat' dir='ltr'><strong>Cluniacensis</strong></span> 
     </span>
    </p>
   </div>
   <div class='ocr_carea' id='block_1_24' title="bbox 1185 2253 1530 2308">
    <p class='ocr_par' dir='ltr' id='par_1_24' title="bbox 1185 2253 1530 2308">
     <span class='ocr_line' id='line_1_24' title="bbox 1185 2253 1530 2308; baseline -0.003 -1"><span class='ocrx_word' id='word_1_121' title='bbox 1185 2253 1530 2308; x_wconf 73' lang='lat' dir='ltr'><strong>monasterii.</strong></span> 
     </span>
    </p>
   </div>
   <div class='ocr_carea' id='block_1_25' title="bbox 1155 2340 1559 2412">
    <p class='ocr_par' dir='ltr' id='par_1_25' title="bbox 1155 2340 1559 2412">
     <span class='ocr_line' id='line_1_25' title="bbox 1155 2340 1559 2412; baseline -0.005 -17"><span class='ocrx_word' id='word_1_122' title='bbox 1155 2341 1342 2411; x_wconf 87' lang='lat' dir='ltr'><strong>(Anno</strong></span> <span class='ocrx_word' id='word_1_123' title='bbox 1382 2340 1559 2412; x_wconf 77' lang='lat'><strong>[058.)</strong></span> 
     </span>
    </p>
   </div>
   <div class='ocr_carea' id='block_1_26' title="bbox 1000 2427 1712 2500">
    <p class='ocr_par' dir='ltr' id='par_1_26' title="bbox 1000 2427 1712 2500">
     <span class='ocr_line' id='line_1_26' title="bbox 1000 2427 1712 2500; baseline 0.001 -17"><span class='ocrx_word' id='word_1_124' title='bbox 1000 2429 1238 2500; x_wconf 80' lang='lat' dir='ltr'><strong>[Bullar.</strong></span> <span class='ocrx_word' id='word_1_125' title='bbox 1286 2427 1539 2483; x_wconf 80' lang='lat' dir='ltr'><strong>Cluniae.</strong></span> <span class='ocrx_word' id='word_1_126' title='bbox 1552 2474 1566 2497; x_wconf 89' lang='lat'><strong>,</strong></span> <span class='ocrx_word' id='word_1_127' title='bbox 1598 2429 1712 2499; x_wconf 70' lang='lat'><strong>45.]</strong></span> 
     </span>
    </p>
   </div>
   <div class='ocr_carea' id='block_1_27' title="bbox 597 2516 2180 2590">
    <p class='ocr_par' dir='ltr' id='par_1_27' title="bbox 597 2516 2180 2590">
     <span class='ocr_line' id='line_1_27' title="bbox 597 2516 2180 2590; baseline -0.001 -16"><span class='ocrx_word' id='word_1_128' title='bbox 597 2518 922 2574; x_wconf 67' lang='lat' dir='ltr'><strong>S&#39;rspnauus</strong></span> <span class='ocrx_word' id='word_1_129' title='bbox 955 2517 1284 2590; x_wconf 90' lang='lat' dir='ltr'><strong>episcopus,</strong></span> <span class='ocrx_word' id='word_1_130' title='bbox 1319 2534 1521 2574; x_wconf 87' lang='lat' dir='ltr'><strong>servus</strong></span> <span class='ocrx_word' id='word_1_131' title='bbox 1552 2534 1851 2573; x_wconf 86' lang='lat' dir='ltr'><strong>servorum</strong></span> <span class='ocrx_word' id='word_1_132' title='bbox 1883 2516 2005 2584; x_wconf 93' lang='lat' dir='ltr'><strong>Dei,</strong></span> <span class='ocrx_word' id='word_1_133' title='bbox 2039 2517 2180 2572; x_wconf 91' lang='lat' dir='ltr'><strong>dile-</strong></span> 
     </span>
    </p>
   </div>
   <div class='ocr_carea' id='block_1_28' title="bbox 525 2604 2182 2662">
    <p class='ocr_par' dir='ltr' id='par_1_28' title="bbox 525 2604 2182 2662">
     <span class='ocr_line' id='line_1_28' title="bbox 525 2604 2182 2662; baseline -0.001 0"><span class='ocrx_word' id='word_1_134' title='bbox 525 2605 807 2662; x_wconf 89' lang='lat' dir='ltr'><strong>ctissimis</strong></span> <span class='ocrx_word' id='word_1_135' title='bbox 838 2604 977 2661; x_wconf 83' lang='lat' dir='ltr'><strong>ﬁliis</strong></span> <span class='ocrx_word' id='word_1_136' title='bbox 1007 2604 1409 2662; x_wconf 88' lang='lat' dir='ltr'><strong>Cluniacensis</strong></span> <span class='ocrx_word' id='word_1_137' title='bbox 1453 2605 1791 2662; x_wconf 85' lang='lat' dir='ltr'><strong>monasterii</strong></span> <span class='ocrx_word' id='word_1_138' title='bbox 1843 2604 2092 2661; x_wconf 86' lang='lat' dir='ltr'><strong>salutem</strong></span> <span class='ocrx_word' id='word_1_139' title='bbox 2126 2609 2182 2661; x_wconf 89' lang='lat' dir='ltr'><strong>et</strong></span> 
     </span>
    </p>
   </div>
   <div class='ocr_carea' id='block_1_29' title="bbox 524 2693 1431 2768">
    <p class='ocr_par' dir='ltr' id='par_1_29' title="bbox 524 2693 1431 2768">
     <span class='ocr_line' id='line_1_29' title="bbox 524 2693 1431 2768; baseline -0.002 -17"><span class='ocrx_word' id='word_1_140' title='bbox 524 2693 911 2768; x_wconf 86' lang='lat' dir='ltr'><strong>apostolicam</strong></span> <span class='ocrx_word' id='word_1_141' title='bbox 941 2693 1431 2750; x_wconf 91' lang='lat' dir='ltr'><strong>benedictionem.</strong></span> 
     </span>
    </p>
   </div>
   <div class='ocr_carea' id='block_1_30' title="bbox 593 2782 2181 2856">
    <p class='ocr_par' dir='ltr' id='par_1_30' title="bbox 593 2782 2181 2856">
     <span class='ocr_line' id='line_1_30' title="bbox 593 2782 2181 2856; baseline -0.001 -17"><span class='ocrx_word' id='word_1_142' title='bbox 593 2782 869 2848; x_wconf 86' lang='lat' dir='ltr'><strong>Quamvis</strong></span> <span class='ocrx_word' id='word_1_143' title='bbox 882 2799 987 2854; x_wconf 89' lang='lat' dir='ltr'><strong>pro</strong></span> <span class='ocrx_word' id='word_1_144' title='bbox 1010 2788 1220 2837; x_wconf 70' lang='lat' dir='ltr'><strong>nostrae</strong></span> <span class='ocrx_word' id='word_1_145' title='bbox 1239 2783 1397 2838; x_wconf 88' lang='lat' dir='ltr'><strong>sedis</strong></span> <span class='ocrx_word' id='word_1_146' title='bbox 1410 2782 1691 2856; x_wconf 85' lang='lat' dir='ltr'><strong>dignitate</strong></span> <span class='ocrx_word' id='word_1_147' title='bbox 1705 2782 1980 2839; x_wconf 91' lang='lat' dir='ltr'><strong>omnibus</strong></span> <span class='ocrx_word' id='word_1_148' title='bbox 1993 2782 2181 2838; x_wconf 87' lang='lat' dir='ltr'><strong>simus</strong></span> 
     </span>
    </p>
   </div>
   <div class='ocr_carea' id='block_1_31' title="bbox 523 2870 2183 2942">
    <p class='ocr_par' dir='ltr' id='par_1_31' title="bbox 523 2870 2183 2942">
     <span class='ocr_line' id='line_1_31' title="bbox 523 2870 2183 2942; baseline -0.001 -15"><span class='ocrx_word' id='word_1_149' title='bbox 523 2871 843 2939; x_wconf 89' lang='lat' dir='ltr'><strong>debitores,</strong></span> <span class='ocrx_word' id='word_1_150' title='bbox 874 2874 1073 2926; x_wconf 91' lang='lat' dir='ltr'><strong>tamen</strong></span> <span class='ocrx_word' id='word_1_151' title='bbox 1105 2870 1417 2942; x_wconf 89' lang='lat' dir='ltr'><strong>specialem</strong></span> <span class='ocrx_word' id='word_1_152' title='bbox 1452 2870 1603 2927; x_wconf 89' lang='lat' dir='ltr'><strong>circa</strong></span> <span class='ocrx_word' id='word_1_153' title='bbox 1624 2889 1726 2926; x_wconf 92' lang='lat' dir='ltr'><strong>vos</strong></span> <span class='ocrx_word' id='word_1_154' title='bbox 1747 2872 2020 2927; x_wconf 72' lang='lat' dir='ltr'><strong>affectum</strong></span> <span class='ocrx_word' id='word_1_155' title='bbox 2051 2870 2183 2926; x_wconf 81' lang='lat' dir='ltr'><strong>cha-</strong></span> 
     </span>
    </p>
   </div>
   <div class='ocr_carea' id='block_1_32' title="bbox 522 2959 2179 3031">
    <p class='ocr_par' dir='ltr' id='par_1_32' title="bbox 522 2959 2179 3031">
     <span class='ocr_line' id='line_1_32' title="bbox 522 2959 2179 3031; baseline -0.001 -15"><span class='ocrx_word' id='word_1_156' title='bbox 522 2960 720 3016; x_wconf 89' lang='lat' dir='ltr'><strong>ritatis</strong></span> <span class='ocrx_word' id='word_1_157' title='bbox 742 2959 1051 3025; x_wconf 88' lang='lat' dir='ltr'><strong>habemus,</strong></span> <span class='ocrx_word' id='word_1_158' title='bbox 1076 2959 1198 3031; x_wconf 89' lang='lat' dir='ltr'><strong>qui,</strong></span> <span class='ocrx_word' id='word_1_159' title='bbox 1228 2960 1338 3016; x_wconf 93' lang='lat' dir='ltr'><strong>sub</strong></span> <span class='ocrx_word' id='word_1_160' title='bbox 1365 2960 1710 3016; x_wconf 88' lang='lat' dir='ltr'><strong>umbraculo</strong></span> <span class='ocrx_word' id='word_1_161' title='bbox 1733 2964 1944 3017; x_wconf 64' lang='lat' dir='ltr'><strong>sanetae</strong></span> <span class='ocrx_word' id='word_1_162' title='bbox 1966 2963 2023 3015; x_wconf 88' lang='lat' dir='ltr'><strong>et</strong></span> <span class='ocrx_word' id='word_1_163' title='bbox 2044 2975 2179 3031; x_wconf 89' lang='lat' dir='ltr'><strong>apo-</strong></span> 
     </span>
    </p>
   </div>
   <div class='ocr_carea' id='block_1_33' title="bbox 523 3046 2183 3123">
    <p class='ocr_par' dir='ltr' id='par_1_33' title="bbox 523 3046 2183 3123">
     <span class='ocr_line' id='line_1_33' title="bbox 523 3046 2183 3123; baseline 0 -19"><span class='ocrx_word' id='word_1_164' title='bbox 523 3046 746 3104; x_wconf 67' lang='lat' dir='ltr'><strong>stolicae</strong></span> <span class='ocrx_word' id='word_1_165' title='bbox 771 3047 930 3105; x_wconf 90' lang='lat' dir='ltr'><strong>sedis</strong></span> <span class='ocrx_word' id='word_1_166' title='bbox 952 3048 1149 3121; x_wconf 88' lang='lat' dir='ltr'><strong>positi,</strong></span> <span class='ocrx_word' id='word_1_167' title='bbox 1183 3050 1340 3105; x_wconf 90' lang='lat' dir='ltr'><strong>unde</strong></span> <span class='ocrx_word' id='word_1_168' title='bbox 1376 3049 1774 3106; x_wconf 89' lang='lat' dir='ltr'><strong>defensionem</strong></span> <span class='ocrx_word' id='word_1_169' title='bbox 1806 3048 2183 3123; x_wconf 87' lang='lat' dir='ltr'><strong>protectionis</strong></span> 
     </span>
    </p>
   </div>
   <div class='ocr_carea' id='block_1_34' title="bbox 516 3135 2179 3210">
    <p class='ocr_par' dir='ltr' id='par_1_34' title="bbox 516 3135 2179 3210">
     <span class='ocr_line' id='line_1_34' title="bbox 516 3135 2179 3210; baseline 0.001 -18"><span class='ocrx_word' id='word_1_170' title='bbox 516 3135 822 3192; x_wconf 88' lang='lat' dir='ltr'><strong>habuistis</strong></span> <span class='ocrx_word' id='word_1_171' title='bbox 869 3136 1133 3194; x_wconf 91' lang='lat' dir='ltr'><strong>solamen</strong></span> <span class='ocrx_word' id='word_1_172' title='bbox 1181 3135 1512 3193; x_wconf 87' lang='lat' dir='ltr'><strong>orationum</strong></span> <span class='ocrx_word' id='word_1_173' title='bbox 1570 3137 1965 3210; x_wconf 91' lang='lat' dir='ltr'><strong>impendistis.</strong></span> <span class='ocrx_word' id='word_1_174' title='bbox 2017 3138 2179 3202; x_wconf 89' lang='lat' dir='ltr'><strong>Quod</strong></span> 
     </span>
    </p>
   </div>
   <div class='ocr_carea' id='block_1_35' title="bbox 2283 562 3842 633">
    <p class='ocr_par' dir='ltr' id='par_1_35' title="bbox 2283 562 3842 633">
     <span class='ocr_line' id='line_1_35' title="bbox 2283 562 3842 633; baseline 0.001 -14"><span class='ocrx_word' id='word_1_175' title='bbox 2283 582 2466 619; x_wconf 92' lang='lat' dir='ltr'><strong>unum</strong></span> <span class='ocrx_word' id='word_1_176' title='bbox 2499 581 2598 620; x_wconf 91' lang='lat' dir='ltr'><strong>cor</strong></span> <span class='ocrx_word' id='word_1_177' title='bbox 2627 567 2715 619; x_wconf 85' lang='lat' dir='ltr'><strong>est</strong></span> <span class='ocrx_word' id='word_1_178' title='bbox 2743 568 2800 619; x_wconf 92' lang='lat' dir='ltr'><strong>et</strong></span> <span class='ocrx_word' id='word_1_179' title='bbox 2828 564 3025 618; x_wconf 88' lang='lat' dir='ltr'><strong>anima</strong></span> <span class='ocrx_word' id='word_1_180' title='bbox 3053 579 3191 618; x_wconf 84' lang='lat' dir='ltr'><strong>una.</strong></span> <span class='ocrx_word' id='word_1_181' title='bbox 3240 562 3301 616; x_wconf 89' lang='lat' dir='ltr'><strong>In</strong></span> <span class='ocrx_word' id='word_1_182' title='bbox 3348 577 3583 633; x_wconf 90' lang='lat' dir='ltr'><strong>quorum</strong></span> <span class='ocrx_word' id='word_1_183' title='bbox 3608 566 3737 618; x_wconf 81' lang='lat' dir='ltr'><strong>sorte</strong></span> <span class='ocrx_word' id='word_1_184' title='bbox 3757 581 3842 620; x_wconf 87' lang='lat' dir='ltr'><strong>non</strong></span> 
     </span>
    </p>
   </div>
   <div class='ocr_carea' id='block_1_36' title="bbox 2282 650 3843 724">
    <p class='ocr_par' dir='ltr' id='par_1_36' title="bbox 2282 650 3843 724">
     <span class='ocr_line' id='line_1_36' title="bbox 2282 650 3843 724; baseline 0.001 -17"><span class='ocrx_word' id='word_1_185' title='bbox 2282 653 2528 709; x_wconf 87' lang='lat' dir='ltr'><strong>inferius</strong></span> <span class='ocrx_word' id='word_1_186' title='bbox 2560 657 2837 708; x_wconf 88' lang='lat' dir='ltr'><strong>censetur</strong></span> <span class='ocrx_word' id='word_1_187' title='bbox 2865 652 3249 709; x_wconf 83' lang='lat' dir='ltr'><strong>Cluniacense</strong></span> <span class='ocrx_word' id='word_1_188' title='bbox 3278 650 3609 720; x_wconf 71' lang='lat' dir='ltr'><strong>coenobium,</strong></span> <span class='ocrx_word' id='word_1_189' title='bbox 3648 653 3774 724; x_wconf 90' lang='lat' dir='ltr'><strong>quod</strong></span> <span class='ocrx_word' id='word_1_190' title='bbox 3793 653 3843 708; x_wconf 81' lang='lat' dir='ltr'><strong>ab</strong></span> 
     </span>
    </p>
   </div>
   <div class='ocr_carea' id='block_1_37' title="bbox 2279 738 3849 814">
    <p class='ocr_par' dir='ltr' id='par_1_37' title="bbox 2279 738 3849 814">
     <span class='ocr_line' id='line_1_37' title="bbox 2279 738 3849 814; baseline 0.001 -18"><span class='ocrx_word' id='word_1_191' title='bbox 2279 741 2407 812; x_wconf 90' lang='lat' dir='ltr'><strong>ipso</strong></span> <span class='ocrx_word' id='word_1_192' title='bbox 2424 759 2542 798; x_wconf 72' lang='lat' dir='ltr'><strong>sua:</strong></span> <span class='ocrx_word' id='word_1_193' title='bbox 2559 741 2919 796; x_wconf 82' lang='lat' dir='ltr'><strong>fundationis</strong></span> <span class='ocrx_word' id='word_1_194' title='bbox 2935 738 3849 814; x_wconf 84' lang='lat' dir='ltr'><strong>primordiohactenusvibratlcnge</strong></span> 
     </span>
    </p>
   </div>
   <div class='ocr_carea' id='block_1_38' title="bbox 2282 826 3847 902">
    <p class='ocr_par' dir='ltr' id='par_1_38' title="bbox 2282 826 3847 902">
     <span class='ocr_line' id='line_1_38' title="bbox 2282 826 3847 902; baseline -0.001 -17"><span class='ocrx_word' id='word_1_195' title='bbox 2282 830 2513 902; x_wconf 87' lang='lat' dir='ltr'><strong>lateque</strong></span> <span class='ocrx_word' id='word_1_196' title='bbox 2545 834 2757 885; x_wconf 82' lang='lat' dir='ltr'><strong>sanetae</strong></span> <span class='ocrx_word' id='word_1_197' title='bbox 2797 828 3255 885; x_wconf 87' lang='lat' dir='ltr'><strong>conversationis</strong></span> <span class='ocrx_word' id='word_1_198' title='bbox 3296 827 3471 898; x_wconf 84' lang='lat' dir='ltr'><strong>jubar</strong></span> <span class='ocrx_word' id='word_1_199' title='bbox 3504 826 3847 895; x_wconf 88' lang='lat' dir='ltr'><strong>clarissimum,</strong></span> 
     </span>
    </p>
   </div>
   <div class='ocr_carea' id='block_1_39' title="bbox 2284 916 3854 975">
    <p class='ocr_par' dir='ltr' id='par_1_39' title="bbox 2284 916 3854 975">
     <span class='ocr_line' id='line_1_39' title="bbox 2284 916 3854 975; baseline -0.001 -2"><span class='ocrx_word' id='word_1_200' title='bbox 2284 921 2425 975; x_wconf 87' lang='lat' dir='ltr'><strong>adeo</strong></span> <span class='ocrx_word' id='word_1_201' title='bbox 2467 923 2530 974; x_wconf 89' lang='lat' dir='ltr'><strong>ut</strong></span> <span class='ocrx_word' id='word_1_202' title='bbox 2576 918 2838 974; x_wconf 88' lang='lat' dir='ltr'><strong>faciendo</strong></span> <span class='ocrx_word' id='word_1_203' title='bbox 2890 922 2947 973; x_wconf 91' lang='lat' dir='ltr'><strong>et</strong></span> <span class='ocrx_word' id='word_1_204' title='bbox 2995 917 3261 973; x_wconf 90' lang='lat' dir='ltr'><strong>ducendo</strong></span> <span class='ocrx_word' id='word_1_205' title='bbox 3310 916 3583 971; x_wconf 83' lang='lat' dir='ltr'><strong>exstiterit</strong></span> <span class='ocrx_word' id='word_1_206' title='bbox 3624 920 3674 972; x_wconf 89' lang='lat' dir='ltr'><strong>et</strong></span> <span class='ocrx_word' id='word_1_207' title='bbox 3696 917 3854 972; x_wconf 76' lang='lat' dir='ltr'><strong>existat</strong></span> 
     </span>
    </p>
   </div>
   <div class='ocr_carea' id='block_1_40' title="bbox 2283 1003 3853 1076">
    <p class='ocr_par' dir='ltr' id='par_1_40' title="bbox 2283 1003 3853 1076">
     <span class='ocr_line' id='line_1_40' title="bbox 2283 1003 3853 1076; baseline -0.003 -13"><span class='ocrx_word' id='word_1_208' title='bbox 2283 1007 2618 1076; x_wconf 88' lang='lat' dir='ltr'><strong>Gallicanis,</strong></span> <span class='ocrx_word' id='word_1_209' title='bbox 2660 1005 3045 1074; x_wconf 88' lang='lat' dir='ltr'><strong>Germanicis,</strong></span> <span class='ocrx_word' id='word_1_210' title='bbox 3098 1003 3335 1071; x_wconf 85' lang='lat' dir='ltr'><strong>Italicis,</strong></span> <span class='ocrx_word' id='word_1_211' title='bbox 3385 1008 3441 1059; x_wconf 91' lang='lat' dir='ltr'><strong>et</strong></span> <span class='ocrx_word' id='word_1_212' title='bbox 3486 1003 3642 1076; x_wconf 87' lang='lat' dir='ltr'><strong>plane</strong></span> <span class='ocrx_word' id='word_1_213' title='bbox 3681 1006 3853 1060; x_wconf 86' lang='lat' dir='ltr'><strong>cunctis</strong></span> 
     </span>
    </p>
   </div>
   <div class='ocr_carea' id='block_1_41' title="bbox 2286 1092 3859 1167">
    <p class='ocr_par' dir='ltr' id='par_1_41' title="bbox 2286 1092 3859 1167">
     <span class='ocr_line' id='line_1_41' title="bbox 2286 1092 3859 1167; baseline 0 -17"><span class='ocrx_word' id='word_1_214' title='bbox 2286 1096 2500 1151; x_wconf 70' lang='lat' dir='ltr'><strong>Latina:</strong></span> <span class='ocrx_word' id='word_1_215' title='bbox 2534 1095 2745 1167; x_wconf 64' lang='lat' dir='ltr'><strong>lingua:</strong></span> <span class='ocrx_word' id='word_1_216' title='bbox 2778 1094 3153 1151; x_wconf 86' lang='lat' dir='ltr'><strong>monasteriis</strong></span> <span class='ocrx_word' id='word_1_217' title='bbox 3186 1094 3374 1149; x_wconf 80' lang='lat' dir='ltr'><strong>forma</strong></span> <span class='ocrx_word' id='word_1_218' title='bbox 3404 1092 3703 1149; x_wconf 69' lang='lat' dir='ltr'><strong>sanctitatis</strong></span> <span class='ocrx_word' id='word_1_219' title='bbox 3727 1097 3859 1165; x_wconf 81' lang='lat' dir='ltr'><strong>atque</strong></span> 
     </span>
    </p>
   </div>
   <div class='ocr_carea' id='block_1_42' title="bbox 2285 1181 3859 1256">
    <p class='ocr_par' dir='ltr' id='par_1_42' title="bbox 2285 1181 3859 1256">
     <span class='ocr_line' id='line_1_42' title="bbox 2285 1181 3859 1256; baseline -0.001 -18"><span class='ocrx_word' id='word_1_220' title='bbox 2285 1183 3049 1256; x_wconf 84' lang='lat' dir='ltr'><strong>speculum.Tamlaudabili</strong></span> <span class='ocrx_word' id='word_1_221' title='bbox 3063 1200 3198 1256; x_wconf 88' lang='lat' dir='ltr'><strong>ergo</strong></span> <span class='ocrx_word' id='word_1_222' title='bbox 3212 1182 3537 1237; x_wconf 64' lang='lat' dir='ltr'><strong>monasticm</strong></span> <span class='ocrx_word' id='word_1_223' title='bbox 3547 1181 3859 1255; x_wconf 76' lang='lat' dir='ltr'><strong>phiIOSOphia</strong></span> 
     </span>
    </p>
   </div>
   <div class='ocr_carea' id='block_1_43' title="bbox 2284 1270 3859 1347">
    <p class='ocr_par' dir='ltr' id='par_1_43' title="bbox 2284 1270 3859 1347">
     <span class='ocr_line' id='line_1_43' title="bbox 2284 1270 3859 1347; baseline -0.002 -18"><span class='ocrx_word' id='word_1_224' title='bbox 2284 1274 2609 1347; x_wconf 78' lang='lat' dir='ltr'><strong>gymnasio,</strong></span> <span class='ocrx_word' id='word_1_225' title='bbox 2660 1278 2900 1345; x_wconf 91' lang='lat' dir='ltr'><strong>tamque</strong></span> <span class='ocrx_word' id='word_1_226' title='bbox 2933 1272 3211 1327; x_wconf 68' lang='lat' dir='ltr'><strong>ordinatae</strong></span> <span class='ocrx_word' id='word_1_227' title='bbox 3259 1270 3402 1326; x_wconf 90' lang='lat' dir='ltr'><strong>aciei</strong></span> <span class='ocrx_word' id='word_1_228' title='bbox 3450 1274 3740 1326; x_wconf 88' lang='lat' dir='ltr'><strong>castrorum</strong></span> <span class='ocrx_word' id='word_1_229' title='bbox 3774 1288 3859 1326; x_wconf 75' lang='lat' dir='ltr'><strong>co:-</strong></span> 
     </span>
    </p>
   </div>
   <div class='ocr_carea' id='block_1_44' title="bbox 2284 1359 3860 1435">
    <p class='ocr_par' dir='ltr' id='par_1_44' title="bbox 2284 1359 3860 1435">
     <span class='ocr_line' id='line_1_44' title="bbox 2284 1359 3860 1435; baseline -0.004 -15"><span class='ocrx_word' id='word_1_230' title='bbox 2284 1363 2543 1431; x_wconf 90' lang='lat' dir='ltr'><strong>lestium,</strong></span> <span class='ocrx_word' id='word_1_231' title='bbox 2595 1366 2661 1418; x_wconf 90' lang='lat' dir='ltr'><strong>ut</strong></span> <span class='ocrx_word' id='word_1_232' title='bbox 2705 1362 2949 1435; x_wconf 85' lang='lat' dir='ltr'><strong>dignum</strong></span> <span class='ocrx_word' id='word_1_233' title='bbox 3003 1365 3113 1426; x_wconf 88' lang='lat' dir='ltr'><strong>est,</strong></span> <span class='ocrx_word' id='word_1_234' title='bbox 3162 1360 3300 1416; x_wconf 88' lang='lat' dir='ltr'><strong>totis</strong></span> <span class='ocrx_word' id='word_1_235' title='bbox 3349 1359 3659 1432; x_wconf 73' lang='lat' dir='ltr'><strong>praecordiis</strong></span> <span class='ocrx_word' id='word_1_236' title='bbox 3696 1359 3860 1427; x_wconf 81' lang='lat' dir='ltr'><strong>devoti,</strong></span> 
     </span>
    </p>
   </div>
   <div class='ocr_carea' id='block_1_45' title="bbox 2294 1446 3864 1522">
    <p class='ocr_par' dir='ltr' id='par_1_45' title="bbox 2294 1446 3864 1522">
     <span class='ocr_line' id='line_1_45' title="bbox 2294 1446 3864 1522; baseline -0.003 -16"><span class='ocrx_word' id='word_1_237' title='bbox 2294 1452 2620 1506; x_wconf 87' lang='lat' dir='ltr'><strong>secundum</strong></span> <span class='ocrx_word' id='word_1_238' title='bbox 2658 1449 3071 1522; x_wconf 83' lang='lat' dir='ltr'><strong>postulationis</strong></span> <span class='ocrx_word' id='word_1_239' title='bbox 3118 1453 3227 1502; x_wconf 62' lang='lat' dir='ltr'><strong>tua:</strong></span> <span class='ocrx_word' id='word_1_240' title='bbox 3278 1452 3553 1515; x_wconf 89' lang='lat' dir='ltr'><strong>tenorem,</strong></span> <span class='ocrx_word' id='word_1_241' title='bbox 3584 1446 3864 1502; x_wconf 73' lang='lat' dir='ltr'><strong>charissima</strong></span> 
     </span>
    </p>
   </div>
   <div class='ocr_carea' id='block_1_46' title="bbox 2286 1535 3869 1611">
    <p class='ocr_par' dir='ltr' id='par_1_46' title="bbox 2286 1535 3869 1611">
     <span class='ocr_line' id='line_1_46' title="bbox 2286 1535 3869 1611; baseline -0.003 -17"><span class='ocrx_word' id='word_1_242' title='bbox 2286 1539 2395 1608; x_wconf 78' lang='lat' dir='ltr'><strong>fili,</strong></span> <span class='ocrx_word' id='word_1_243' title='bbox 2430 1545 2486 1595; x_wconf 90' lang='lat' dir='ltr'><strong>et</strong></span> <span class='ocrx_word' id='word_1_244' title='bbox 2517 1540 2667 1594; x_wconf 83' lang='lat' dir='ltr'><strong>abba</strong></span> <span class='ocrx_word' id='word_1_245' title='bbox 2694 1540 2883 1611; x_wconf 85' lang='lat' dir='ltr'><strong>Hugo,</strong></span> <span class='ocrx_word' id='word_1_246' title='bbox 2917 1538 3263 1594; x_wconf 85' lang='lat' dir='ltr'><strong>auctoritate</strong></span> <span class='ocrx_word' id='word_1_247' title='bbox 3289 1540 3609 1591; x_wconf 89' lang='lat' dir='ltr'><strong>sanctorum</strong></span> <span class='ocrx_word' id='word_1_248' title='bbox 3639 1535 3869 1607; x_wconf 87' lang='lat' dir='ltr'><strong>apostolo-</strong></span> 
     </span>
    </p>
   </div>
   <div class='ocr_carea' id='block_1_47' title="bbox 2286 1625 3865 1699">
    <p class='ocr_par' dir='ltr' id='par_1_47' title="bbox 2286 1625 3865 1699">
     <span class='ocr_line' id='line_1_47' title="bbox 2286 1625 3865 1699; baseline -0.003 -16"><span class='ocrx_word' id='word_1_249' title='bbox 2286 1647 2416 1683; x_wconf 89' lang='lat' dir='ltr'><strong>rum</strong></span> <span class='ocrx_word' id='word_1_250' title='bbox 2450 1628 2598 1683; x_wconf 84' lang='lat' dir='ltr'><strong>Pctri</strong></span> <span class='ocrx_word' id='word_1_251' title='bbox 2625 1632 2683 1683; x_wconf 89' lang='lat' dir='ltr'><strong>et</strong></span> <span class='ocrx_word' id='word_1_252' title='bbox 2729 1627 2915 1695; x_wconf 87' lang='lat' dir='ltr'><strong>Pauli,</strong></span> <span class='ocrx_word' id='word_1_253' title='bbox 2970 1643 3219 1699; x_wconf 90' lang='lat' dir='ltr'><strong>quorum</strong></span> <span class='ocrx_word' id='word_1_254' title='bbox 3268 1625 3578 1697; x_wconf 88' lang='lat' dir='ltr'><strong>patrocinio</strong></span> <span class='ocrx_word' id='word_1_255' title='bbox 3619 1625 3865 1697; x_wconf 68' lang='lat' dir='ltr'><strong>praefatum</strong></span> 
     </span>
    </p>
   </div>
   <div class='ocr_carea' id='block_1_48' title="bbox 2288 1712 3867 1786">
    <p class='ocr_par' dir='ltr' id='par_1_48' title="bbox 2288 1712 3867 1786">
     <span class='ocr_line' id='line_1_48' title="bbox 2288 1712 3867 1786; baseline -0.005 -11"><span class='ocrx_word' id='word_1_256' title='bbox 2288 1718 2673 1775; x_wconf 79' lang='lat' dir='ltr'><strong>Cluniacense</strong></span> <span class='ocrx_word' id='word_1_257' title='bbox 2708 1716 3038 1772; x_wconf 65' lang='lat' dir='ltr'><strong>coenobium</strong></span> <span class='ocrx_word' id='word_1_258' title='bbox 3071 1714 3360 1779; x_wconf 85' lang='lat' dir='ltr'><strong>innititur,</strong></span> <span class='ocrx_word' id='word_1_259' title='bbox 3393 1730 3491 1786; x_wconf 90' lang='lat' dir='ltr'><strong>per</strong></span> <span class='ocrx_word' id='word_1_260' title='bbox 3516 1712 3674 1785; x_wconf 87' lang='lat' dir='ltr'><strong>hujus</strong></span> <span class='ocrx_word' id='word_1_261' title='bbox 3698 1716 3867 1768; x_wconf 72' lang='lat' dir='ltr'><strong>nostra</strong></span> 
     </span>
    </p>
   </div>
   <div class='ocr_carea' id='block_1_49' title="bbox 2288 1803 3869 1878">
    <p class='ocr_par' dir='ltr' id='par_1_49' title="bbox 2288 1803 3869 1878">
     <span class='ocr_line' id='line_1_49' title="bbox 2288 1803 3869 1878; baseline -0.004 -16"><span class='ocrx_word' id='word_1_262' title='bbox 2288 1806 2594 1863; x_wconf 81' lang='lat' dir='ltr'><strong>decretalis</strong></span> <span class='ocrx_word' id='word_1_263' title='bbox 2617 1805 2842 1878; x_wconf 76' lang='lat' dir='ltr'><strong>pagina:</strong></span> <span class='ocrx_word' id='word_1_264' title='bbox 2864 1803 3197 1861; x_wconf 86' lang='lat' dir='ltr'><strong>inviolabile</strong></span> <span class='ocrx_word' id='word_1_265' title='bbox 3228 1803 3430 1870; x_wconf 89' lang='lat' dir='ltr'><strong>robur,</strong></span> <span class='ocrx_word' id='word_1_266' title='bbox 3450 1806 3730 1858; x_wconf 86' lang='lat' dir='ltr'><strong>statuentes</strong></span> <span class='ocrx_word' id='word_1_267' title='bbox 3758 1818 3869 1856; x_wconf 88' lang='lat' dir='ltr'><strong>con-</strong></span> 
     </span>
    </p>
   </div>
   <div class='ocr_carea' id='block_1_50' title="bbox 2291 1892 3872 1962">
    <p class='ocr_par' dir='ltr' id='par_1_50' title="bbox 2291 1892 3872 1962">
     <span class='ocr_line' id='line_1_50' title="bbox 2291 1892 3872 1962; baseline -0.005 -10"><span class='ocrx_word' id='word_1_268' title='bbox 2291 1898 2599 1952; x_wconf 81' lang='lat' dir='ltr'><strong>ﬁrmamus</strong></span> <span class='ocrx_word' id='word_1_269' title='bbox 2642 1894 2745 1949; x_wconf 89' lang='lat' dir='ltr'><strong>tibi</strong></span> <span class='ocrx_word' id='word_1_270' title='bbox 2796 1893 3175 1949; x_wconf 87' lang='lat' dir='ltr'><strong>Cluniacense</strong></span> <span class='ocrx_word' id='word_1_271' title='bbox 3219 1892 3555 1959; x_wconf 65' lang='lat' dir='ltr'><strong>coenobium,</strong></span> <span class='ocrx_word' id='word_1_272' title='bbox 3615 1895 3664 1946; x_wconf 86' lang='lat' dir='ltr'><strong>et</strong></span> <span class='ocrx_word' id='word_1_273' title='bbox 3698 1907 3789 1962; x_wconf 90' lang='lat' dir='ltr'><strong>per</strong></span> <span class='ocrx_word' id='word_1_274' title='bbox 3824 1893 3872 1944; x_wconf 83' lang='lat' dir='ltr'><strong>te</strong></span> 
     </span>
    </p>
   </div>
   <div class='ocr_carea' id='block_1_51' title="bbox 2291 1978 3867 2052">
    <p class='ocr_par' dir='ltr' id='par_1_51' title="bbox 2291 1978 3867 2052">
     <span class='ocr_line' id='line_1_51' title="bbox 2291 1978 3867 2052; baseline -0.007 -10"><span class='ocrx_word' id='word_1_275' title='bbox 2291 1985 2517 2042; x_wconf 88' lang='lat' dir='ltr'><strong>cunctis</strong></span> <span class='ocrx_word' id='word_1_276' title='bbox 2542 1984 2679 2051; x_wconf 88' lang='lat' dir='ltr'><strong>tuis,</strong></span> <span class='ocrx_word' id='word_1_277' title='bbox 2711 1983 2864 2039; x_wconf 87' lang='lat' dir='ltr'><strong>sicut</strong></span> <span class='ocrx_word' id='word_1_278' title='bbox 2892 1983 3114 2038; x_wconf 87' lang='lat' dir='ltr'><strong>dictum</strong></span> <span class='ocrx_word' id='word_1_279' title='bbox 3136 1986 3245 2052; x_wconf 90' lang='lat' dir='ltr'><strong>est,</strong></span> <span class='ocrx_word' id='word_1_280' title='bbox 3269 1979 3668 2036; x_wconf 83' lang='lat' dir='ltr'><strong>successoribus</strong></span> <span class='ocrx_word' id='word_1_281' title='bbox 3684 1978 3736 2032; x_wconf 91' lang='lat' dir='ltr'><strong>in</strong></span> <span class='ocrx_word' id='word_1_282' title='bbox 3756 1993 3867 2050; x_wconf 86' lang='lat' dir='ltr'><strong>per-</strong></span> 
     </span>
    </p>
   </div>
   <div class='ocr_carea' id='block_1_52' title="bbox 2292 2065 3874 2148">
    <p class='ocr_par' dir='ltr' id='par_1_52' title="bbox 2292 2065 3874 2148">
     <span class='ocr_line' id='line_1_52' title="bbox 2292 2065 3874 2148; baseline -0.007 -18"><span class='ocrx_word' id='word_1_283' title='bbox 2292 2079 2557 2148; x_wconf 91' lang='lat' dir='ltr'><strong>petuum,</strong></span> <span class='ocrx_word' id='word_1_284' title='bbox 2590 2076 2799 2127; x_wconf 85' lang='lat' dir='ltr'><strong>cuncta</strong></span> <span class='ocrx_word' id='word_1_285' title='bbox 2828 2071 2955 2127; x_wconf 90' lang='lat' dir='ltr'><strong>loca</strong></span> <span class='ocrx_word' id='word_1_286' title='bbox 2984 2074 3041 2125; x_wconf 87' lang='lat' dir='ltr'><strong>et</strong></span> <span class='ocrx_word' id='word_1_287' title='bbox 3063 2068 3541 2141; x_wconf 85' lang='lat' dir='ltr'><strong>monasteriaipsi</strong></span> <span class='ocrx_word' id='word_1_288' title='bbox 3555 2065 3874 2124; x_wconf 82' lang='lat' dir='ltr'><strong>Cluniacensi</strong></span> 
     </span>
    </p>
   </div>
   <div class='ocr_carea' id='block_1_53' title="bbox 2291 2153 3873 2233">
    <p class='ocr_par' dir='ltr' id='par_1_53' title="bbox 2291 2153 3873 2233">
     <span class='ocr_line' id='line_1_53' title="bbox 2291 2153 3873 2233; baseline -0.008 -15"><span class='ocrx_word' id='word_1_289' title='bbox 2291 2162 2645 2218; x_wconf 81' lang='lat' dir='ltr'><strong>monasterio</strong></span> <span class='ocrx_word' id='word_1_290' title='bbox 2687 2162 2821 2233; x_wconf 88' lang='lat' dir='ltr'><strong>jurc</strong></span> <span class='ocrx_word' id='word_1_291' title='bbox 2886 2159 3257 2232; x_wconf 88' lang='lat' dir='ltr'><strong>pertinentia,</strong></span> <span class='ocrx_word' id='word_1_292' title='bbox 3327 2175 3457 2231; x_wconf 72' lang='lat' dir='ltr'><strong>quas</strong></span> <span class='ocrx_word' id='word_1_293' title='bbox 3502 2156 3657 2212; x_wconf 88' lang='lat' dir='ltr'><strong>etiam</strong></span> <span class='ocrx_word' id='word_1_294' title='bbox 3698 2173 3728 2209; x_wconf 89' lang='lat' dir='ltr'><strong>a</strong></span> <span class='ocrx_word' id='word_1_295' title='bbox 3768 2153 3873 2225; x_wconf 89' lang='lat' dir='ltr'><strong>qui-</strong></span> 
     </span>
    </p>
   </div>
   <div class='ocr_carea' id='block_1_54' title="bbox 2290 2242 3875 2323">
    <p class='ocr_par' dir='ltr' id='par_1_54' title="bbox 2290 2242 3875 2323">
     <span class='ocr_line' id='line_1_54' title="bbox 2290 2242 3875 2323; baseline -0.008 -16"><span class='ocrx_word' id='word_1_296' title='bbox 2290 2254 2636 2323; x_wconf 88' lang='lat' dir='ltr'><strong>buscunque</strong></span> <span class='ocrx_word' id='word_1_297' title='bbox 2651 2249 2922 2304; x_wconf 80' lang='lat' dir='ltr'><strong>fidelibus</strong></span> <span class='ocrx_word' id='word_1_298' title='bbox 2936 2248 3168 2317; x_wconf 80' lang='lat' dir='ltr'><strong>Christi,</strong></span> <span class='ocrx_word' id='word_1_299' title='bbox 3185 2248 3448 2319; x_wconf 87' lang='lat' dir='ltr'><strong>regibus,</strong></span> <span class='ocrx_word' id='word_1_300' title='bbox 3462 2242 3875 2318; x_wconf 79' lang='lat' dir='ltr'><strong>episcopis,duci-</strong></span> 
     </span>
    </p>
   </div>
   <div class='ocr_carea' id='block_1_55' title="bbox 2291 2328 3875 2411">
    <p class='ocr_par' dir='ltr' id='par_1_55' title="bbox 2291 2328 3875 2411">
     <span class='ocr_line' id='line_1_55' title="bbox 2291 2328 3875 2411; baseline -0.008 -14"><span class='ocrx_word' id='word_1_301' title='bbox 2291 2342 2423 2409; x_wconf 92' lang='lat' dir='ltr'><strong>bus,</strong></span> <span class='ocrx_word' id='word_1_302' title='bbox 2449 2358 2548 2396; x_wconf 91' lang='lat' dir='ltr'><strong>seu</strong></span> <span class='ocrx_word' id='word_1_303' title='bbox 2573 2337 2939 2411; x_wconf 88' lang='lat' dir='ltr'><strong>principibus</strong></span> <span class='ocrx_word' id='word_1_304' title='bbox 2963 2338 3149 2392; x_wconf 89' lang='lat' dir='ltr'><strong>cidem</strong></span> <span class='ocrx_word' id='word_1_305' title='bbox 3180 2336 3306 2392; x_wconf 91' lang='lat' dir='ltr'><strong>loco</strong></span> <span class='ocrx_word' id='word_1_306' title='bbox 3338 2340 3483 2392; x_wconf 87' lang='lat' dir='ltr'><strong>sunt</strong></span> <span class='ocrx_word' id='word_1_307' title='bbox 3510 2350 3782 2401; x_wconf 86' lang='lat' dir='ltr'><strong>concessa;</strong></span> <span class='ocrx_word' id='word_1_308' title='bbox 3805 2328 3875 2385; x_wconf 85' lang='lat' dir='ltr'><strong>vel</strong></span> 
     </span>
    </p>
   </div>
   <div class='ocr_carea' id='block_1_56' title="bbox 2291 2422 3876 2497">
    <p class='ocr_par' dir='ltr' id='par_1_56' title="bbox 2291 2422 3876 2497">
     <span class='ocr_line' id='line_1_56' title="bbox 2291 2422 3876 2497; baseline -0.008 -12"><span class='ocrx_word' id='word_1_309' title='bbox 2291 2431 2364 2486; x_wconf 86' lang='lat' dir='ltr'><strong>ab</strong></span> <span class='ocrx_word' id='word_1_310' title='bbox 2377 2428 2850 2485; x_wconf 87' lang='lat' dir='ltr'><strong>antecessoribus</strong></span> <span class='ocrx_word' id='word_1_311' title='bbox 2872 2427 2994 2482; x_wconf 88' lang='lat' dir='ltr'><strong>tuis</strong></span> <span class='ocrx_word' id='word_1_312' title='bbox 3018 2426 3328 2481; x_wconf 87' lang='lat' dir='ltr'><strong>abbatibus</strong></span> <span class='ocrx_word' id='word_1_313' title='bbox 3351 2423 3647 2497; x_wconf 85' lang='lat' dir='ltr'><strong>acquisita,</strong></span> <span class='ocrx_word' id='word_1_314' title='bbox 3665 2422 3876 2477; x_wconf 85' lang='lat' dir='ltr'><strong>Bernone</strong></span> 
     </span>
    </p>
   </div>
   <div class='ocr_carea' id='block_1_57' title="bbox 2289 2507 3877 2589">
    <p class='ocr_par' dir='ltr' id='par_1_57' title="bbox 2289 2507 3877 2589">
     <span class='ocr_line' id='line_1_57' title="bbox 2289 2507 3877 2589; baseline -0.007 -17"><span class='ocrx_word' id='word_1_315' title='bbox 2289 2518 2577 2585; x_wconf 85' lang='lat' dir='ltr'><strong>videlicet,</strong></span> <span class='ocrx_word' id='word_1_316' title='bbox 2603 2518 2821 2585; x_wconf 84' lang='lat' dir='ltr'><strong>Odone,</strong></span> <span class='ocrx_word' id='word_1_317' title='bbox 2858 2516 3167 2589; x_wconf 76' lang='lat' dir='ltr'><strong>Eymardo,</strong></span> <span class='ocrx_word' id='word_1_318' title='bbox 3199 2519 3256 2571; x_wconf 87' lang='lat' dir='ltr'><strong>et</strong></span> <span class='ocrx_word' id='word_1_319' title='bbox 3296 2515 3483 2570; x_wconf 65' lang='lat' dir='ltr'><strong>beate</strong></span> <span class='ocrx_word' id='word_1_320' title='bbox 3526 2507 3877 2568; x_wconf 82' lang='lat' dir='ltr'><strong>recordationis</strong></span> 
     </span>
    </p>
   </div>
   <div class='ocr_carea' id='block_1_58' title="bbox 2289 2596 3877 2671">
    <p class='ocr_par' dir='ltr' id='par_1_58' title="bbox 2289 2596 3877 2671">
     <span class='ocr_line' id='line_1_58' title="bbox 2289 2596 3877 2671; baseline -0.007 -10"><span class='ocrx_word' id='word_1_321' title='bbox 2289 2607 2496 2663; x_wconf 83' lang='lat' dir='ltr'><strong>Maiolo</strong></span> <span class='ocrx_word' id='word_1_322' title='bbox 2525 2611 2581 2662; x_wconf 87' lang='lat' dir='ltr'><strong>et</strong></span> <span class='ocrx_word' id='word_1_323' title='bbox 2611 2610 2815 2662; x_wconf 90' lang='lat' dir='ltr'><strong>sancto</strong></span> <span class='ocrx_word' id='word_1_324' title='bbox 2845 2604 3108 2671; x_wconf 89' lang='lat' dir='ltr'><strong>Odilone,</strong></span> <span class='ocrx_word' id='word_1_325' title='bbox 3140 2609 3259 2659; x_wconf 87' lang='lat' dir='ltr'><strong>tam</strong></span> <span class='ocrx_word' id='word_1_326' title='bbox 3309 2604 3369 2658; x_wconf 91' lang='lat' dir='ltr'><strong>in</strong></span> <span class='ocrx_word' id='word_1_327' title='bbox 3428 2603 3592 2659; x_wconf 87' lang='lat' dir='ltr'><strong>rebus</strong></span> <span class='ocrx_word' id='word_1_328' title='bbox 3620 2596 3877 2656; x_wconf 89' lang='lat' dir='ltr'><strong>mobilibus</strong></span> 
     </span>
    </p>
   </div>
   <div class='ocr_carea' id='block_1_59' title="bbox 2292 2687 3880 2768">
    <p class='ocr_par' dir='ltr' id='par_1_59' title="bbox 2292 2687 3880 2768">
     <span class='ocr_line' id='line_1_59' title="bbox 2292 2687 3880 2768; baseline -0.009 -17"><span class='ocrx_word' id='word_1_329' title='bbox 2292 2713 2469 2768; x_wconf 89' lang='lat' dir='ltr'><strong>quam</strong></span> <span class='ocrx_word' id='word_1_330' title='bbox 2501 2695 2677 2751; x_wconf 90' lang='lat' dir='ltr'><strong>etiam</strong></span> <span class='ocrx_word' id='word_1_331' title='bbox 2698 2695 2755 2749; x_wconf 92' lang='lat' dir='ltr'><strong>in</strong></span> <span class='ocrx_word' id='word_1_332' title='bbox 2780 2692 3186 2749; x_wconf 90' lang='lat' dir='ltr'><strong>immobilibus</strong></span> <span class='ocrx_word' id='word_1_333' title='bbox 3204 2708 3458 2763; x_wconf 85' lang='lat' dir='ltr'><strong>seseque</strong></span> <span class='ocrx_word' id='word_1_334' title='bbox 3477 2687 3817 2756; x_wconf 85' lang='lat' dir='ltr'><strong>moventibus,</strong></span> <span class='ocrx_word' id='word_1_335' title='bbox 3830 2688 3880 2739; x_wconf 86' lang='lat' dir='ltr'><strong>ut</strong></span> 
     </span>
    </p>
   </div>
   <div class='ocr_carea' id='block_1_60' title="bbox 2291 2772 3879 2855">
    <p class='ocr_par' dir='ltr' id='par_1_60' title="bbox 2291 2772 3879 2855">
     <span class='ocr_line' id='line_1_60' title="bbox 2291 2772 3879 2855; baseline -0.009 -14"><span class='ocrx_word' id='word_1_336' title='bbox 2291 2785 2513 2855; x_wconf 85' lang='lat' dir='ltr'><strong>absque</strong></span> <span class='ocrx_word' id='word_1_337' title='bbox 2534 2783 2712 2837; x_wconf 87' lang='lat' dir='ltr'><strong>ullius</strong></span> <span class='ocrx_word' id='word_1_338' title='bbox 2737 2781 3199 2838; x_wconf 89' lang='lat' dir='ltr'><strong>contradictione</strong></span> <span class='ocrx_word' id='word_1_339' title='bbox 3221 2798 3436 2837; x_wconf 75' lang='lat' dir='ltr'><strong>secure</strong></span> <span class='ocrx_word' id='word_1_340' title='bbox 3456 2784 3511 2836; x_wconf 90' lang='lat' dir='ltr'><strong>et</strong></span> <span class='ocrx_word' id='word_1_341' title='bbox 3527 2777 3738 2853; x_wconf 78' lang='lat' dir='ltr'><strong>pacifica</strong></span> <span class='ocrx_word' id='word_1_342' title='bbox 3754 2772 3879 2847; x_wconf 86' lang='lat' dir='ltr'><strong>quie-</strong></span> 
     </span>
    </p>
   </div>
   <div class='ocr_carea' id='block_1_61' title="bbox 2289 2860 3880 2942">
    <p class='ocr_par' dir='ltr' id='par_1_61' title="bbox 2289 2860 3880 2942">
     <span class='ocr_line' id='line_1_61' title="bbox 2289 2860 3880 2942; baseline -0.009 -14"><span class='ocrx_word' id='word_1_343' title='bbox 2289 2876 2385 2928; x_wconf 88' lang='lat' dir='ltr'><strong>tus</strong></span> <span class='ocrx_word' id='word_1_344' title='bbox 2417 2873 2626 2928; x_wconf 87' lang='lat' dir='ltr'><strong>debeas</strong></span> <span class='ocrx_word' id='word_1_345' title='bbox 2658 2889 2725 2926; x_wconf 87' lang='lat' dir='ltr'><strong>ea</strong></span> <span class='ocrx_word' id='word_1_346' title='bbox 2752 2870 3069 2942; x_wconf 88' lang='lat' dir='ltr'><strong>possidere.</strong></span> <span class='ocrx_word' id='word_1_347' title='bbox 3104 2870 3186 2925; x_wconf 89' lang='lat' dir='ltr'><strong>Ex</strong></span> <span class='ocrx_word' id='word_1_348' title='bbox 3214 2869 3441 2942; x_wconf 87' lang='lat' dir='ltr'><strong>quibus</strong></span> <span class='ocrx_word' id='word_1_349' title='bbox 3486 2868 3576 2923; x_wconf 87' lang='lat' dir='ltr'><strong>hic</strong></span> <span class='ocrx_word' id='word_1_350' title='bbox 3614 2860 3880 2922; x_wconf 82' lang='lat' dir='ltr'><strong>nominatio</strong></span> 
     </span>
    </p>
   </div>
   <div class='ocr_carea' id='block_1_62' title="bbox 2290 2959 2903 3031">
    <p class='ocr_par' dir='ltr' id='par_1_62' title="bbox 2290 2959 2903 3031">
     <span class='ocr_line' id='line_1_62' title="bbox 2290 2959 2903 3031; baseline -0.005 -16"><span class='ocrx_word' id='word_1_351' title='bbox 2290 2961 2405 3017; x_wconf 89' lang='lat' dir='ltr'><strong>ista</strong></span> <span class='ocrx_word' id='word_1_352' title='bbox 2443 2959 2867 3031; x_wconf 90' lang='lat' dir='ltr'><strong>descripsimus</strong></span> <span class='ocrx_word' id='word_1_353' title='bbox 2891 2975 2903 3012; x_wconf 89' lang='lat'><strong>:</strong></span> 
     </span>
    </p>
   </div>
   <div class='ocr_carea' id='block_1_63' title="bbox 2365 3039 3883 3121">
    <p class='ocr_par' dir='ltr' id='par_1_63' title="bbox 2365 3039 3883 3121">
     <span class='ocr_line' id='line_1_63' title="bbox 2365 3039 3883 3121; baseline -0.009 -16"><span class='ocrx_word' id='word_1_354' title='bbox 2365 3048 2660 3121; x_wconf 91' lang='lat' dir='ltr'><strong>Imprimis</strong></span> <span class='ocrx_word' id='word_1_355' title='bbox 2674 3048 2867 3120; x_wconf 90' lang='lat' dir='ltr'><strong>ipsum</strong></span> <span class='ocrx_word' id='word_1_356' title='bbox 2883 3047 2982 3102; x_wconf 80' lang='lat' dir='ltr'><strong>Clu</strong></span> <span class='ocrx_word' id='word_1_357' title='bbox 2994 3047 3262 3103; x_wconf 88' lang='lat' dir='ltr'><strong>uiacense</strong></span> <span class='ocrx_word' id='word_1_358' title='bbox 3275 3046 3609 3104; x_wconf 75' lang='lat' dir='ltr'><strong>cmnobium</strong></span> <span class='ocrx_word' id='word_1_359' title='bbox 3624 3039 3883 3117; x_wconf 86' lang='lat' dir='ltr'><strong>apotentis-</strong></span> 
     </span>
    </p>
   </div>
   <div class='ocr_carea' id='block_1_64' title="bbox 2292 3126 3882 3211">
    <p class='ocr_par' dir='ltr' id='par_1_64' title="bbox 2292 3126 3882 3211">
     <span class='ocr_line' id='line_1_64' title="bbox 2292 3126 3882 3211; baseline -0.009 -17"><span class='ocrx_word' id='word_1_360' title='bbox 2292 3138 2441 3194; x_wconf 90' lang='lat' dir='ltr'><strong>simo</strong></span> <span class='ocrx_word' id='word_1_361' title='bbox 2464 3138 2761 3209; x_wconf 89' lang='lat' dir='ltr'><strong>quondam</strong></span> <span class='ocrx_word' id='word_1_362' title='bbox 2791 3138 2937 3191; x_wconf 87' lang='lat' dir='ltr'><strong>duce</strong></span> <span class='ocrx_word' id='word_1_363' title='bbox 2957 3135 3251 3192; x_wconf 85' lang='lat' dir='ltr'><strong>Willelmo</strong></span> <span class='ocrx_word' id='word_1_364' title='bbox 3275 3135 3332 3191; x_wconf 91' lang='lat' dir='ltr'><strong>in</strong></span> <span class='ocrx_word' id='word_1_365' title='bbox 3356 3154 3516 3211; x_wconf 78' lang='lat' dir='ltr'><strong>pago</strong></span> <span class='ocrx_word' id='word_1_366' title='bbox 3537 3126 3882 3190; x_wconf 85' lang='lat' dir='ltr'><strong>Matisconensi</strong></span> 
     </span>
    </p>
   </div>
   <div class='ocr_carea' id='block_1_65' title="bbox 520 3213 3883 3298">
    <p class='ocr_par' dir='ltr' id='par_1_65' title="bbox 520 3213 3883 3298">
     <span class='ocr_line' id='line_1_65' title="bbox 520 3213 3883 3298; baseline -0.002 -18"><span class='ocrx_word' id='word_1_367' title='bbox 520 3240 760 3298; x_wconf 89' lang='lat' dir='ltr'><strong>semper</strong></span> <span class='ocrx_word' id='word_1_368' title='bbox 788 3227 977 3282; x_wconf 77' lang='lat' dir='ltr'><strong>facere</strong></span> <span class='ocrx_word' id='word_1_369' title='bbox 997 3226 1246 3291; x_wconf 89' lang='lat' dir='ltr'><strong>debetis,</strong></span> <span class='ocrx_word' id='word_1_370' title='bbox 1271 3231 1564 3298; x_wconf 85' lang='lat' dir='ltr'><strong>quatenus</strong></span> <span class='ocrx_word' id='word_1_371' title='bbox 1589 3227 1698 3283; x_wconf 92' lang='lat' dir='ltr'><strong>sub</strong></span> <span class='ocrx_word' id='word_1_372' title='bbox 1730 3245 1796 3283; x_wconf 90' lang='lat' dir='ltr'><strong>ea</strong></span> <span class='ocrx_word' id='word_1_373' title='bbox 1830 3228 2105 3284; x_wconf 78' lang='lat' dir='ltr'><strong>crescetis</strong></span> <span class='ocrx_word' id='word_1_374' title='bbox 2125 3232 2182 3283; x_wconf 90' lang='lat' dir='ltr'><strong>et</strong></span> <span class='ocrx_word' id='word_1_375' title='bbox 2211 3213 2253 3279; x_wconf 63' lang='grc' dir='ltr'><strong>(Ι</strong></span> <span class='ocrx_word' id='word_1_376' title='bbox 2293 3227 2623 3292; x_wconf 79' lang='lat' dir='ltr'><strong>fundatum,</strong></span> <span class='ocrx_word' id='word_1_377' title='bbox 2644 3242 2777 3281; x_wconf 92' lang='lat' dir='ltr'><strong>cum</strong></span> <span class='ocrx_word' id='word_1_378' title='bbox 2810 3225 3087 3281; x_wconf 90' lang='lat' dir='ltr'><strong>omnibus</strong></span> <span class='ocrx_word' id='word_1_379' title='bbox 3105 3226 3281 3281; x_wconf 89' lang='lat' dir='ltr'><strong>rebus</strong></span> <span class='ocrx_word' id='word_1_380' title='bbox 3313 3226 3374 3280; x_wconf 89' lang='lat' dir='ltr'><strong>in</strong></span> <span class='ocrx_word' id='word_1_381' title='bbox 3409 3225 3643 3282; x_wconf 90' lang='lat' dir='ltr'><strong>circuitu</strong></span> <span class='ocrx_word' id='word_1_382' title='bbox 3674 3220 3827 3294; x_wconf 85' lang='lat' dir='ltr'><strong>ipsius</strong></span> <span class='ocrx_word' id='word_1_383' title='bbox 3842 3220 3883 3271; x_wconf 80' lang='lat' dir='ltr'><strong>et</strong></span> 
     </span>
    </p>
   </div>
   <div class='ocr_carea' id='block_1_66' title="bbox 523 3313 2186 3372">
    <p class='ocr_par' dir='ltr' id='par_1_66' title="bbox 523 3313 2186 3372">
     <span class='ocr_line' id='line_1_66' title="bbox 523 3313 2186 3372; baseline 0.002 -5"><span class='ocrx_word' id='word_1_384' title='bbox 523 3313 782 3369; x_wconf 79' lang='lat' dir='ltr'><strong>fructum</strong></span> <span class='ocrx_word' id='word_1_385' title='bbox 828 3314 1107 3369; x_wconf 88' lang='lat' dir='ltr'><strong>reddatis.</strong></span> <span class='ocrx_word' id='word_1_386' title='bbox 1160 3314 1437 3370; x_wconf 90' lang='lat' dir='ltr'><strong>Nostrum</strong></span> <span class='ocrx_word' id='word_1_387' title='bbox 1489 3320 1682 3371; x_wconf 88' lang='lat' dir='ltr'><strong>autem</strong></span> <span class='ocrx_word' id='word_1_388' title='bbox 1740 3316 2186 3372; x_wconf 88' lang='lat' dir='ltr'><strong>dilectissimum</strong></span> 
     </span>
    </p>
   </div>
   <div class='ocr_carea' id='block_1_67' title="bbox 524 3399 2187 3477">
    <p class='ocr_par' dir='ltr' id='par_1_67' title="bbox 524 3399 2187 3477">
     <span class='ocr_line' id='line_1_67' title="bbox 524 3399 2187 3477; baseline 0.004 -23"><span class='ocrx_word' id='word_1_389' title='bbox 524 3399 719 3455; x_wconf 83' lang='lat' dir='ltr'><strong>ﬁlium</strong></span> <span class='ocrx_word' id='word_1_390' title='bbox 742 3400 1087 3473; x_wconf 84' lang='lat' dir='ltr'><strong>charitative</strong></span> <span class='ocrx_word' id='word_1_391' title='bbox 1108 3401 1414 3457; x_wconf 91' lang='lat' dir='ltr'><strong>nobiscum</strong></span> <span class='ocrx_word' id='word_1_392' title='bbox 1441 3420 1629 3475; x_wconf 89' lang='lat' dir='ltr'><strong>usque</strong></span> <span class='ocrx_word' id='word_1_393' title='bbox 1646 3405 1715 3459; x_wconf 89' lang='lat' dir='ltr'><strong>ad</strong></span> <span class='ocrx_word' id='word_1_394' title='bbox 1740 3405 2028 3477; x_wconf 84' lang='lat' dir='ltr'><strong>synodum</strong></span> <span class='ocrx_word' id='word_1_395' title='bbox 2052 3406 2187 3461; x_wconf 88' lang='lat' dir='ltr'><strong>reti-</strong></span> 
     </span>
    </p>
   </div>
   <div class='ocr_carea' id='block_1_68' title="bbox 531 3486 2186 3563">
    <p class='ocr_par' dir='ltr' id='par_1_68' title="bbox 531 3486 2186 3563">
     <span class='ocr_line' id='line_1_68' title="bbox 531 3486 2186 3563; baseline 0.004 -21"><span class='ocrx_word' id='word_1_396' title='bbox 531 3486 793 3543; x_wconf 90' lang='lat' dir='ltr'><strong>nuimus.</strong></span> <span class='ocrx_word' id='word_1_397' title='bbox 818 3488 999 3544; x_wconf 86' lang='lat' dir='ltr'><strong>Vobis</strong></span> <span class='ocrx_word' id='word_1_398' title='bbox 1021 3493 1240 3555; x_wconf 88' lang='lat' dir='ltr'><strong>autem,</strong></span> <span class='ocrx_word' id='word_1_399' title='bbox 1265 3490 1418 3545; x_wconf 89' lang='lat' dir='ltr'><strong>sicut</strong></span> <span class='ocrx_word' id='word_1_400' title='bbox 1440 3490 1734 3563; x_wconf 89' lang='lat' dir='ltr'><strong>imprimis</strong></span> <span class='ocrx_word' id='word_1_401' title='bbox 1758 3493 2186 3561; x_wconf 81' lang='lat' dir='ltr'><strong>benediximus,</strong></span> 
     </span>
    </p>
   </div>
   <div class='ocr_carea' id='block_1_69' title="bbox 529 3575 2186 3653">
    <p class='ocr_par' dir='ltr' id='par_1_69' title="bbox 529 3575 2186 3653">
     <span class='ocr_line' id='line_1_69' title="bbox 529 3575 2186 3653; baseline 0.003 -21"><span class='ocrx_word' id='word_1_402' title='bbox 529 3575 958 3645; x_wconf 89' lang='lat' dir='ltr'><strong>henedicimus,</strong></span> <span class='ocrx_word' id='word_1_403' title='bbox 1004 3581 1063 3633; x_wconf 85' lang='lat' dir='ltr'><strong>et</strong></span> <span class='ocrx_word' id='word_1_404' title='bbox 1112 3577 1371 3633; x_wconf 89' lang='lat' dir='ltr'><strong>viventes</strong></span> <span class='ocrx_word' id='word_1_405' title='bbox 1419 3596 1482 3634; x_wconf 85' lang='lat' dir='ltr'><strong>ac</strong></span> <span class='ocrx_word' id='word_1_406' title='bbox 1548 3579 1853 3636; x_wconf 81' lang='lat' dir='ltr'><strong>defunctos</strong></span> <span class='ocrx_word' id='word_1_407' title='bbox 1909 3597 1976 3635; x_wconf 84' lang='lat' dir='ltr'><strong>ex</strong></span> <span class='ocrx_word' id='word_1_408' title='bbox 2024 3586 2186 3653; x_wconf 89' lang='lat' dir='ltr'><strong>parte</strong></span> 
     </span>
    </p>
   </div>
   <div class='ocr_carea' id='block_1_70' title="bbox 529 3664 2182 3739">
    <p class='ocr_par' dir='ltr' id='par_1_70' title="bbox 529 3664 2182 3739">
     <span class='ocr_line' id='line_1_70' title="bbox 529 3664 2182 3739; baseline 0.002 -18"><span class='ocrx_word' id='word_1_409' title='bbox 529 3664 631 3722; x_wconf 89' lang='lat' dir='ltr'><strong>Dei</strong></span> <span class='ocrx_word' id='word_1_410' title='bbox 678 3669 737 3721; x_wconf 89' lang='lat' dir='ltr'><strong>et</strong></span> <span class='ocrx_word' id='word_1_411' title='bbox 783 3665 936 3721; x_wconf 89' lang='lat' dir='ltr'><strong>beati</strong></span> <span class='ocrx_word' id='word_1_412' title='bbox 1000 3665 1155 3721; x_wconf 90' lang='lat' dir='ltr'><strong>Petri</strong></span> <span class='ocrx_word' id='word_1_413' title='bbox 1202 3665 1485 3739; x_wconf 89' lang='lat' dir='ltr'><strong>principis</strong></span> <span class='ocrx_word' id='word_1_414' title='bbox 1534 3667 1929 3739; x_wconf 79' lang='lat' dir='ltr'><strong>apostolorum</strong></span> <span class='ocrx_word' id='word_1_415' title='bbox 1991 3669 2182 3725; x_wconf 87' lang='lat' dir='ltr'><strong>absol-</strong></span> 
     </span>
    </p>
   </div>
   <div class='ocr_carea' id='block_1_71' title="bbox 525 3771 737 3812">
    <p class='ocr_par' dir='ltr' id='par_1_71' title="bbox 525 3771 737 3812">
     <span class='ocr_line' id='line_1_71' title="bbox 525 3771 737 3812; baseline -0.005 -1"><span class='ocrx_word' id='word_1_416' title='bbox 525 3771 737 3812; x_wconf 78' lang='lat' dir='ltr'><strong>Vlmus.</strong></span> 
     </span>
    </p>
   </div>
   <div class='ocr_carea' id='block_1_72' title="bbox 1274 3862 1424 3919">
    <p class='ocr_par' dir='ltr' id='par_1_72' title="bbox 1274 3862 1424 3919">
     <span class='ocr_line' id='line_1_72' title="bbox 1274 3862 1424 3919; baseline 0.02 -3"><span class='ocrx_word' id='word_1_417' title='bbox 1274 3862 1424 3919; x_wconf 85' lang='lat' dir='ltr'><strong>VIII.</strong></span> 
     </span>
    </p>
   </div>
   <div class='ocr_carea' id='block_1_73' title="bbox 522 3950 2175 4025">
    <p class='ocr_par' dir='ltr' id='par_1_73' title="bbox 522 3950 2175 4025">
     <span class='ocr_line' id='line_1_73' title="bbox 522 3950 2175 4025; baseline 0.005 -22"><span class='ocrx_word' id='word_1_418' title='bbox 522 3950 887 4025; x_wconf 78' lang='lat' dir='ltr'><strong>Privilegium</strong></span> <span class='ocrx_word' id='word_1_419' title='bbox 942 3951 1209 4025; x_wconf 81' lang='lat' dir='ltr'><strong>Stephani</strong></span> <span class='ocrx_word' id='word_1_420' title='bbox 1236 3954 1303 4025; x_wconf 12' lang='lat' dir='ltr'><strong>7X</strong></span> <span class='ocrx_word' id='word_1_421' title='bbox 1343 3967 1507 4025; x_wconf 68' lang='lat' dir='ltr'><strong>papa:</strong></span> <span class='ocrx_word' id='word_1_422' title='bbox 1552 3970 1650 4025; x_wconf 80' lang='lat' dir='ltr'><strong>per</strong></span> <span class='ocrx_word' id='word_1_423' title='bbox 1696 3954 1837 4025; x_wconf 84' lang='lat' dir='ltr'><strong>quod</strong></span> <span class='ocrx_word' id='word_1_424' title='bbox 1881 3956 2175 4025; x_wconf 84' lang='lat' dir='ltr'><strong>conﬁrmat</strong></span> 
     </span>
    </p>
   </div>
   <div class='ocr_carea' id='block_1_74' title="bbox 594 4023 2177 4098">
    <p class='ocr_par' dir='ltr' id='par_1_74' title="bbox 594 4023 2177 4098">
     <span class='ocr_line' id='line_1_74' title="bbox 594 4023 2177 4098; baseline 0.005 -23"><span class='ocrx_word' id='word_1_425' title='bbox 594 4023 799 4098; x_wconf 67' lang='lat' dir='ltr'><strong>omnia</strong></span> <span class='ocrx_word' id='word_1_426' title='bbox 825 4024 1176 4098; x_wconf 51' lang='lat' dir='ltr'><strong>monasteria,</strong></span> <span class='ocrx_word' id='word_1_427' title='bbox 1209 4023 1383 4098; x_wconf 64' lang='lat' dir='ltr'><strong>tona,</strong></span> <span class='ocrx_word' id='word_1_428' title='bbox 1420 4023 1565 4096; x_wconf 67' lang='lat' dir='ltr'><strong>jura</strong></span> <span class='ocrx_word' id='word_1_429' title='bbox 1621 4034 1671 4080; x_wconf 88' lang='lat' dir='ltr'><strong>et</strong></span> <span class='ocrx_word' id='word_1_430' title='bbox 1706 4023 2009 4098; x_wconf 66' lang='lat' dir='ltr'><strong>privilegia</strong></span> <span class='ocrx_word' id='word_1_431' title='bbox 2056 4044 2177 4084; x_wconf 83' lang='lat' dir='ltr'><strong>mo-</strong></span> 
     </span>
    </p>
   </div>
   <div class='ocr_carea' id='block_1_75' title="bbox 590 4092 1710 4153">
    <p class='ocr_par' dir='ltr' id='par_1_75' title="bbox 590 4092 1710 4153">
     <span class='ocr_line' id='line_1_75' title="bbox 590 4092 1710 4153; baseline 0.006 -8"><span class='ocrx_word' id='word_1_432' title='bbox 590 4093 828 4147; x_wconf 71' lang='lat' dir='ltr'><strong>nasterio</strong></span> <span class='ocrx_word' id='word_1_433' title='bbox 861 4092 1218 4149; x_wconf 80' lang='lat' dir='ltr'><strong>Cluniacensi</strong></span> <span class='ocrx_word' id='word_1_434' title='bbox 1245 4098 1409 4150; x_wconf 84' lang='lat' dir='ltr'><strong>antea</strong></span> <span class='ocrx_word' id='word_1_435' title='bbox 1421 4092 1710 4153; x_wconf 62' lang='lat' dir='ltr'><strong>concessa.</strong></span> 
     </span>
    </p>
   </div>
   <div class='ocr_carea' id='block_1_76' title="bbox 1151 4181 1552 4255">
    <p class='ocr_par' dir='ltr' id='par_1_76' title="bbox 1151 4181 1552 4255">
     <span class='ocr_line' id='line_1_76' title="bbox 1151 4181 1552 4255; baseline 0.005 -19"><span class='ocrx_word' id='word_1_436' title='bbox 1151 4181 1338 4252; x_wconf 87' lang='lat' dir='ltr'><strong>(Anno</strong></span> <span class='ocrx_word' id='word_1_437' title='bbox 1369 4183 1552 4255; x_wconf 75' lang='grc'><strong>4058.)</strong></span> 
     </span>
    </p>
   </div>
   <div class='ocr_carea' id='block_1_77' title="bbox 978 4269 1710 4344">
    <p class='ocr_par' dir='ltr' id='par_1_77' title="bbox 978 4269 1710 4344">
     <span class='ocr_line' id='line_1_77' title="bbox 978 4269 1710 4344; baseline 0.007 -21"><span class='ocrx_word' id='word_1_438' title='bbox 978 4269 1240 4340; x_wconf 59' lang='lat' dir='ltr'><strong>[Rullum</strong></span> <span class='ocrx_word' id='word_1_439' title='bbox 1289 4270 1566 4338; x_wconf 61' lang='lat' dir='ltr'><strong>Cluniae,</strong></span> <span class='ocrx_word' id='word_1_440' title='bbox 1599 4274 1710 4344; x_wconf 82' lang='lat' dir='ltr'><strong>-l5.]</strong></span> 
     </span>
    </p>
   </div>
   <div class='ocr_carea' id='block_1_78' title="bbox 585 4376 2169 4453">
    <p class='ocr_par' dir='ltr' id='par_1_78' title="bbox 585 4376 2169 4453">
     <span class='ocr_line' id='line_1_78' title="bbox 585 4376 2169 4453; baseline 0.007 -22"><span class='ocrx_word' id='word_1_441' title='bbox 585 4376 924 4433; x_wconf 67' lang='lat' dir='ltr'><strong>Smne/mus</strong></span> <span class='ocrx_word' id='word_1_442' title='bbox 956 4377 1287 4451; x_wconf 90' lang='lat' dir='ltr'><strong>episcopus,</strong></span> <span class='ocrx_word' id='word_1_443' title='bbox 1320 4395 1523 4436; x_wconf 89' lang='lat' dir='ltr'><strong>servus</strong></span> <span class='ocrx_word' id='word_1_444' title='bbox 1544 4398 1841 4438; x_wconf 90' lang='lat' dir='ltr'><strong>servorum</strong></span> <span class='ocrx_word' id='word_1_445' title='bbox 1863 4384 1984 4453; x_wconf 89' lang='lat' dir='ltr'><strong>Dei,</strong></span> <span class='ocrx_word' id='word_1_446' title='bbox 2010 4402 2169 4442; x_wconf 91' lang='lat' dir='ltr'><strong>reve-</strong></span> 
     </span>
    </p>
   </div>
   <div class='ocr_carea' id='block_1_79' title="bbox 515 4465 2168 4531">
    <p class='ocr_par' dir='ltr' id='par_1_79' title="bbox 515 4465 2168 4531">
     <span class='ocr_line' id='line_1_79' title="bbox 515 4465 2168 4531; baseline 0.006 -10"><span class='ocrx_word' id='word_1_447' title='bbox 515 4465 873 4524; x_wconf 89' lang='lat' dir='ltr'><strong>rendissimo</strong></span> <span class='ocrx_word' id='word_1_448' title='bbox 898 4466 1018 4523; x_wconf 85' lang='lat' dir='ltr'><strong>filio</strong></span> <span class='ocrx_word' id='word_1_449' title='bbox 1041 4466 1267 4523; x_wconf 76' lang='lat' dir='ltr'><strong>Huoom</strong></span> <span class='ocrx_word' id='word_1_450' title='bbox 1294 4468 1490 4524; x_wconf 88' lang='lat' dir='ltr'><strong>abbati</strong></span> <span class='ocrx_word' id='word_1_451' title='bbox 1512 4471 1858 4528; x_wconf 87' lang='lat' dir='ltr'><strong>venerabilis</strong></span> <span class='ocrx_word' id='word_1_452' title='bbox 1881 4481 2168 4531; x_wconf 88' lang='lat' dir='ltr'><strong>monaste-</strong></span> 
     </span>
    </p>
   </div>
   <div class='ocr_carea' id='block_1_80' title="bbox 2298 3303 3878 3389">
    <p class='ocr_par' dir='ltr' id='par_1_80' title="bbox 2298 3303 3878 3389">
     <span class='ocr_line' id='line_1_80' title="bbox 2298 3303 3878 3389; baseline -0.009 -18"><span class='ocrx_word' id='word_1_453' title='bbox 2298 3317 2357 3372; x_wconf 92' lang='lat' dir='ltr'><strong>in</strong></span> <span class='ocrx_word' id='word_1_454' title='bbox 2380 3315 2511 3372; x_wconf 89' lang='lat' dir='ltr'><strong>aliis</strong></span> <span class='ocrx_word' id='word_1_455' title='bbox 2544 3315 2878 3389; x_wconf 87' lang='lat' dir='ltr'><strong>regionibus</strong></span> <span class='ocrx_word' id='word_1_456' title='bbox 2901 3315 3106 3387; x_wconf 82' lang='lat' dir='ltr'><strong>positis</strong></span> <span class='ocrx_word' id='word_1_457' title='bbox 3126 3316 3195 3370; x_wconf 89' lang='lat' dir='ltr'><strong>ad</strong></span> <span class='ocrx_word' id='word_1_458' title='bbox 3231 3314 3578 3387; x_wconf 86' lang='lat' dir='ltr'><strong>ipsumjure</strong></span> <span class='ocrx_word' id='word_1_459' title='bbox 3602 3303 3878 3386; x_wconf 87' lang='lat' dir='ltr'><strong>pertinenti-</strong></span> 
     </span>
    </p>
   </div>
   <div class='ocr_carea' id='block_1_81' title="bbox 2297 3393 3880 3475">
    <p class='ocr_par' dir='ltr' id='par_1_81' title="bbox 2297 3393 3880 3475">
     <span class='ocr_line' id='line_1_81' title="bbox 2297 3393 3880 3475; baseline -0.007 -14"><span class='ocrx_word' id='word_1_460' title='bbox 2297 3406 2443 3475; x_wconf 90' lang='lat' dir='ltr'><strong>bus;</strong></span> <span class='ocrx_word' id='word_1_461' title='bbox 2479 3404 2536 3458; x_wconf 89' lang='lat' dir='ltr'><strong>in</strong></span> <span class='ocrx_word' id='word_1_462' title='bbox 2570 3403 2873 3474; x_wconf 90' lang='lat' dir='ltr'><strong>comitatu,</strong></span> <span class='ocrx_word' id='word_1_463' title='bbox 2900 3402 3168 3459; x_wconf 89' lang='lat' dir='ltr'><strong>videlicet</strong></span> <span class='ocrx_word' id='word_1_464' title='bbox 3198 3402 3630 3471; x_wconf 89' lang='lat' dir='ltr'><strong>Matisconensi,</strong></span> <span class='ocrx_word' id='word_1_465' title='bbox 3651 3398 3822 3456; x_wconf 85' lang='lat' dir='ltr'><strong>cellam</strong></span> <span class='ocrx_word' id='word_1_466' title='bbox 3838 3393 3880 3446; x_wconf 86' lang='lat' dir='ltr'><strong>in</strong></span> 
     </span>
    </p>
   </div>
   <div class='ocr_carea' id='block_1_82' title="bbox 2297 3481 3883 3566">
    <p class='ocr_par' dir='ltr' id='par_1_82' title="bbox 2297 3481 3883 3566">
     <span class='ocr_line' id='line_1_82' title="bbox 2297 3481 3883 3566; baseline -0.009 -18"><span class='ocrx_word' id='word_1_467' title='bbox 2297 3494 2513 3551; x_wconf 91' lang='lat' dir='ltr'><strong>honoro</strong></span> <span class='ocrx_word' id='word_1_468' title='bbox 2535 3492 2719 3549; x_wconf 86' lang='lat' dir='ltr'><strong>sancti</strong></span> <span class='ocrx_word' id='word_1_469' title='bbox 2744 3492 2974 3547; x_wconf 89' lang='lat' dir='ltr'><strong>Martini</strong></span> <span class='ocrx_word' id='word_1_470' title='bbox 3003 3510 3016 3561; x_wconf 91' lang='lat'><strong>;</strong></span> <span class='ocrx_word' id='word_1_471' title='bbox 3041 3492 3352 3548; x_wconf 88' lang='lat' dir='ltr'><strong>ecclesiam</strong></span> <span class='ocrx_word' id='word_1_472' title='bbox 3379 3508 3600 3566; x_wconf 90' lang='lat' dir='ltr'><strong>quoque</strong></span> <span class='ocrx_word' id='word_1_473' title='bbox 3612 3481 3883 3562; x_wconf 84' lang='lat' dir='ltr'><strong>juxtaposi-</strong></span> 
     </span>
    </p>
   </div>
   <div class='ocr_carea' id='block_1_83' title="bbox 2293 3572 3885 3649">
    <p class='ocr_par' dir='ltr' id='par_1_83' title="bbox 2293 3572 3885 3649">
     <span class='ocr_line' id='line_1_83' title="bbox 2293 3572 3885 3649; baseline -0.009 -12"><span class='ocrx_word' id='word_1_474' title='bbox 2293 3588 2414 3638; x_wconf 91' lang='lat' dir='ltr'><strong>tam</strong></span> <span class='ocrx_word' id='word_1_475' title='bbox 2442 3583 2501 3637; x_wconf 93' lang='lat' dir='ltr'><strong>in</strong></span> <span class='ocrx_word' id='word_1_476' title='bbox 2534 3582 2751 3638; x_wconf 91' lang='lat' dir='ltr'><strong>honore</strong></span> <span class='ocrx_word' id='word_1_477' title='bbox 2774 3581 2961 3636; x_wconf 86' lang='lat' dir='ltr'><strong>sancti</strong></span> <span class='ocrx_word' id='word_1_478' title='bbox 2985 3579 3229 3636; x_wconf 85' lang='lat' dir='ltr'><strong>Joannis</strong></span> <span class='ocrx_word' id='word_1_479' title='bbox 3254 3598 3267 3649; x_wconf 92' lang='lat'><strong>;</strong></span> <span class='ocrx_word' id='word_1_480' title='bbox 3289 3581 3469 3637; x_wconf 86' lang='lat' dir='ltr'><strong>villas</strong></span> <span class='ocrx_word' id='word_1_481' title='bbox 3485 3580 3645 3637; x_wconf 86' lang='lat' dir='ltr'><strong>etiam</strong></span> <span class='ocrx_word' id='word_1_482' title='bbox 3666 3572 3885 3633; x_wconf 86' lang='lat' dir='ltr'><strong>Cavinias</strong></span> 
     </span>
    </p>
   </div>
   <div class='ocr_carea' id='block_1_84' title="bbox 2293 3660 3881 3727">
    <p class='ocr_par' dir='ltr' id='par_1_84' title="bbox 2293 3660 3881 3727">
     <span class='ocr_line' id='line_1_84' title="bbox 2293 3660 3881 3727; baseline -0.006 -3"><span class='ocrx_word' id='word_1_483' title='bbox 2293 3688 2426 3726; x_wconf 91' lang='lat' dir='ltr'><strong>cum</strong></span> <span class='ocrx_word' id='word_1_484' title='bbox 2459 3670 2740 3727; x_wconf 84' lang='lat' dir='ltr'><strong>ecclesia:</strong></span> <span class='ocrx_word' id='word_1_485' title='bbox 2775 3670 3188 3726; x_wconf 87' lang='lat' dir='ltr'><strong>Sclestriacum</strong></span> <span class='ocrx_word' id='word_1_486' title='bbox 3228 3669 3434 3727; x_wconf 87' lang='lat' dir='ltr'><strong>villam</strong></span> <span class='ocrx_word' id='word_1_487' title='bbox 3484 3687 3609 3726; x_wconf 90' lang='lat' dir='ltr'><strong>cum</strong></span> <span class='ocrx_word' id='word_1_488' title='bbox 3652 3660 3881 3723; x_wconf 85' lang='lat' dir='ltr'><strong>ecclesia;</strong></span> 
     </span>
    </p>
   </div>
   <div class='ocr_carea' id='block_1_85' title="bbox 2292 3750 3885 3827">
    <p class='ocr_par' dir='ltr' id='par_1_85' title="bbox 2292 3750 3885 3827">
     <span class='ocr_line' id='line_1_85' title="bbox 2292 3750 3885 3827; baseline -0.008 -12"><span class='ocrx_word' id='word_1_489' title='bbox 2292 3760 2614 3817; x_wconf 88' lang='lat' dir='ltr'><strong>Escutiolas</strong></span> <span class='ocrx_word' id='word_1_490' title='bbox 2631 3777 2765 3816; x_wconf 90' lang='lat' dir='ltr'><strong>cum</strong></span> <span class='ocrx_word' id='word_1_491' title='bbox 2789 3758 3033 3816; x_wconf 89' lang='lat' dir='ltr'><strong>ecclesia</strong></span> <span class='ocrx_word' id='word_1_492' title='bbox 3054 3778 3066 3827; x_wconf 90' lang='lat'>;</span> <span class='ocrx_word' id='word_1_493' title='bbox 3093 3759 3493 3817; x_wconf 89' lang='lat' dir='ltr'><strong>Galliniacum</strong></span> <span class='ocrx_word' id='word_1_494' title='bbox 3510 3775 3635 3815; x_wconf 91' lang='lat' dir='ltr'><strong>cum</strong></span> <span class='ocrx_word' id='word_1_495' title='bbox 3655 3750 3885 3815; x_wconf 82' lang='lat' dir='ltr'><strong>ecclesia;</strong></span> 
     </span>
    </p>
   </div>
   <div class='ocr_carea' id='block_1_86' title="bbox 2290 3839 3885 3917">
    <p class='ocr_par' dir='ltr' id='par_1_86' title="bbox 2290 3839 3885 3917">
     <span class='ocr_line' id='line_1_86' title="bbox 2290 3839 3885 3917; baseline -0.009 -11"><span class='ocrx_word' id='word_1_496' title='bbox 2290 3850 2594 3906; x_wconf 84' lang='lat' dir='ltr'><strong>Ruﬁacum</strong></span> <span class='ocrx_word' id='word_1_497' title='bbox 2634 3866 2769 3907; x_wconf 88' lang='lat' dir='ltr'><strong>cum</strong></span> <span class='ocrx_word' id='word_1_498' title='bbox 2820 3849 3100 3917; x_wconf 86' lang='lat' dir='ltr'><strong>ecclesia;</strong></span> <span class='ocrx_word' id='word_1_499' title='bbox 3154 3849 3453 3906; x_wconf 82' lang='lat' dir='ltr'><strong>Massiliae</strong></span> <span class='ocrx_word' id='word_1_500' title='bbox 3505 3864 3631 3904; x_wconf 88' lang='lat' dir='ltr'><strong>cum</strong></span> <span class='ocrx_word' id='word_1_501' title='bbox 3671 3839 3885 3904; x_wconf 82' lang='lat' dir='ltr'><strong>ecclesia,</strong></span> 
     </span>
    </p>
   </div>
   <div class='ocr_carea' id='block_1_87' title="bbox 2286 3926 3888 4010">
    <p class='ocr_par' dir='ltr' id='par_1_87' title="bbox 2286 3926 3888 4010">
     <span class='ocr_line' id='line_1_87' title="bbox 2286 3926 3888 4010; baseline -0.009 -16"><span class='ocrx_word' id='word_1_502' title='bbox 2286 3938 2747 4006; x_wconf 90' lang='lat' dir='ltr'><strong>Clairmannum,</strong></span> <span class='ocrx_word' id='word_1_503' title='bbox 2784 3939 3235 4010; x_wconf 86' lang='lat' dir='ltr'><strong>Barjeseranum</strong></span> <span class='ocrx_word' id='word_1_504' title='bbox 3265 3939 3474 3995; x_wconf 88' lang='lat' dir='ltr'><strong>villam</strong></span> <span class='ocrx_word' id='word_1_505' title='bbox 3500 3956 3515 4007; x_wconf 87' lang='lat'><strong>;</strong></span> <span class='ocrx_word' id='word_1_506' title='bbox 3545 3932 3789 3994; x_wconf 85' lang='lat' dir='ltr'><strong>Curtilias</strong></span> <span class='ocrx_word' id='word_1_507' title='bbox 3803 3926 3888 3983; x_wconf 87' lang='lat' dir='ltr'><strong>vil-</strong></span> 
     </span>
    </p>
   </div>
   <div class='ocr_carea' id='block_1_88' title="bbox 2286 4018 3880 4100">
    <p class='ocr_par' dir='ltr' id='par_1_88' title="bbox 2286 4018 3880 4100">
     <span class='ocr_line' id='line_1_88' title="bbox 2286 4018 3880 4100; baseline -0.004 -18"><span class='ocrx_word' id='word_1_508' title='bbox 2286 4027 2427 4093; x_wconf 85' lang='lat' dir='ltr'><strong>lam,</strong></span> <span class='ocrx_word' id='word_1_509' title='bbox 2458 4027 2929 4093; x_wconf 75' lang='lat' dir='ltr'><strong>Petronniacum,</strong></span> <span class='ocrx_word' id='word_1_510' title='bbox 2950 4028 3330 4100; x_wconf 84' lang='lat' dir='ltr'><strong>Arpajacum,</strong></span> <span class='ocrx_word' id='word_1_511' title='bbox 3357 4025 3779 4087; x_wconf 88' lang='lat' dir='ltr'><strong>Darboniacum,</strong></span> <span class='ocrx_word' id='word_1_512' title='bbox 3800 4018 3880 4072; x_wconf 80' lang='lat' dir='ltr'><strong>Be-</strong></span> 
     </span>
    </p>
   </div>
   <div class='ocr_carea' id='block_1_89' title="bbox 2286 4106 3886 4185">
    <p class='ocr_par' dir='ltr' id='par_1_89' title="bbox 2286 4106 3886 4185">
     <span class='ocr_line' id='line_1_89' title="bbox 2286 4106 3886 4185; baseline -0.006 -13"><span class='ocrx_word' id='word_1_513' title='bbox 2286 4118 2625 4172; x_wconf 88' lang='lat' dir='ltr'><strong>surniacum</strong></span> <span class='ocrx_word' id='word_1_514' title='bbox 2647 4135 2659 4185; x_wconf 91' lang='lat'><strong>;</strong></span> <span class='ocrx_word' id='word_1_515' title='bbox 2684 4115 3000 4172; x_wconf 88' lang='lat' dir='ltr'><strong>Ecclesiam</strong></span> <span class='ocrx_word' id='word_1_516' title='bbox 3031 4116 3255 4172; x_wconf 76' lang='lat' dir='ltr'><strong>Sancta:</strong></span> <span class='ocrx_word' id='word_1_517' title='bbox 3275 4116 3606 4183; x_wconf 70' lang='lat' dir='ltr'><strong>Columbae;</strong></span> <span class='ocrx_word' id='word_1_518' title='bbox 3632 4106 3886 4166; x_wconf 78' lang='lat' dir='ltr'><strong>Vitrexiam</strong></span> 
     </span>
    </p>
   </div>
   <div class='ocr_carea' id='block_1_90' title="bbox 2285 4192 3884 4279">
    <p class='ocr_par' dir='ltr' id='par_1_90' title="bbox 2285 4192 3884 4279">
     <span class='ocr_line' id='line_1_90' title="bbox 2285 4192 3884 4279; baseline -0.01 -18"><span class='ocrx_word' id='word_1_519' title='bbox 2285 4205 2736 4279; x_wconf 86' lang='lat' dir='ltr'><strong>Burguliensem</strong></span> <span class='ocrx_word' id='word_1_520' title='bbox 2770 4204 2989 4275; x_wconf 88' lang='lat' dir='ltr'><strong>villam,</strong></span> <span class='ocrx_word' id='word_1_521' title='bbox 3022 4205 3331 4261; x_wconf 89' lang='lat' dir='ltr'><strong>ecclesiam</strong></span> <span class='ocrx_word' id='word_1_522' title='bbox 3370 4204 3565 4262; x_wconf 86' lang='lat' dir='ltr'><strong>Sancti</strong></span> <span class='ocrx_word' id='word_1_523' title='bbox 3608 4192 3884 4258; x_wconf 87' lang='lat' dir='ltr'><strong>Laurentii;</strong></span> 
     </span>
    </p>
   </div>
   <div class='ocr_carea' id='block_1_91' title="bbox 2281 4283 3888 4364">
    <p class='ocr_par' dir='ltr' id='par_1_91' title="bbox 2281 4283 3888 4364">
     <span class='ocr_line' id='line_1_91' title="bbox 2281 4283 3888 4364; baseline -0.007 -13"><span class='ocrx_word' id='word_1_524' title='bbox 2281 4300 2552 4351; x_wconf 89' lang='lat' dir='ltr'><strong>castrum</strong></span> <span class='ocrx_word' id='word_1_525' title='bbox 2596 4294 2958 4363; x_wconf 89' lang='lat' dir='ltr'><strong>Lurdonum,</strong></span> <span class='ocrx_word' id='word_1_526' title='bbox 2993 4294 3392 4364; x_wconf 89' lang='lat' dir='ltr'><strong>Blanuscum;</strong></span> <span class='ocrx_word' id='word_1_527' title='bbox 3438 4292 3654 4361; x_wconf 88' lang='lat' dir='ltr'><strong>villam,</strong></span> <span class='ocrx_word' id='word_1_528' title='bbox 3698 4283 3888 4344; x_wconf 79' lang='lat' dir='ltr'><strong>nomine</strong></span> 
     </span>
    </p>
   </div>
   <div class='ocr_carea' id='block_1_92' title="bbox 2279 4377 3885 4456">
    <p class='ocr_par' dir='ltr' id='par_1_92' title="bbox 2279 4377 3885 4456">
     <span class='ocr_line' id='line_1_92' title="bbox 2279 4377 3885 4456; baseline -0.01 -17"><span class='ocrx_word' id='word_1_529' title='bbox 2279 4384 2504 4440; x_wconf 87' lang='lat' dir='ltr'><strong>Cottam</strong></span> <span class='ocrx_word' id='word_1_530' title='bbox 2537 4401 2551 4450; x_wconf 90' lang='lat'><strong>;</strong></span> <span class='ocrx_word' id='word_1_531' title='bbox 2589 4382 3010 4439; x_wconf 81' lang='lat' dir='ltr'><strong>monasterium</strong></span> <span class='ocrx_word' id='word_1_532' title='bbox 3043 4383 3220 4439; x_wconf 89' lang='lat' dir='ltr'><strong>etiam</strong></span> <span class='ocrx_word' id='word_1_533' title='bbox 3259 4384 3417 4456; x_wconf 89' lang='lat' dir='ltr'><strong>quod</strong></span> <span class='ocrx_word' id='word_1_534' title='bbox 3469 4385 3697 4438; x_wconf 87' lang='lat' dir='ltr'><strong>vocatur</strong></span> <span class='ocrx_word' id='word_1_535' title='bbox 3720 4377 3885 4432; x_wconf 48' lang='lat' dir='ltr'><strong>Carus.</strong></span> 
     </span>
    </p>
   </div>
   <div class='ocr_carea' id='block_1_93' title="bbox 2279 4460 3887 4544">
    <p class='ocr_par' dir='ltr' id='par_1_93' title="bbox 2279 4460 3887 4544">
     <span class='ocr_line' id='line_1_93' title="bbox 2279 4460 3887 4544; baseline -0.009 -15"><span class='ocrx_word' id='word_1_536' title='bbox 2279 4474 2466 4529; x_wconf 91' lang='lat' dir='ltr'><strong>Locus</strong></span> <span class='ocrx_word' id='word_1_537' title='bbox 2487 4489 2621 4528; x_wconf 92' lang='lat' dir='ltr'><strong>cum</strong></span> <span class='ocrx_word' id='word_1_538' title='bbox 2643 4472 2920 4528; x_wconf 88' lang='lat' dir='ltr'><strong>omnibus</strong></span> <span class='ocrx_word' id='word_1_539' title='bbox 2941 4473 3010 4527; x_wconf 89' lang='lat' dir='ltr'><strong>ad</strong></span> <span class='ocrx_word' id='word_1_540' title='bbox 3036 4488 3099 4527; x_wconf 91' lang='lat' dir='ltr'><strong>se</strong></span> <span class='ocrx_word' id='word_1_541' title='bbox 3120 4466 3787 4544; x_wconf 85' lang='lat' dir='ltr'><strong>pertinentibus;cellam</strong></span> <span class='ocrx_word' id='word_1_542' title='bbox 3807 4460 3887 4516; x_wconf 84' lang='lat' dir='ltr'><strong>Re-</strong></span> 
     </span>
    </p>
   </div>
   <div class='ocr_carea' id='block_1_94' title="bbox 514 4552 3882 4645">
    <p class='ocr_par' dir='ltr' id='par_1_94' title="bbox 514 4552 3882 4645">
     <span class='ocr_line' id='line_1_94' title="bbox 514 4552 3882 4645; baseline -0.002 -33"><span class='ocrx_word' id='word_1_543' title='bbox 514 4554 583 4610; x_wconf 88' lang='lat' dir='ltr'><strong>rii</strong></span> <span class='ocrx_word' id='word_1_544' title='bbox 617 4557 772 4627; x_wconf 92' lang='lat' dir='ltr'><strong>quod</strong></span> <span class='ocrx_word' id='word_1_545' title='bbox 805 4574 838 4612; x_wconf 89' lang='lat' dir='ltr'><strong>a</strong></span> <span class='ocrx_word' id='word_1_546' title='bbox 867 4555 1017 4612; x_wconf 89' lang='lat' dir='ltr'><strong>valle</strong></span> <span class='ocrx_word' id='word_1_547' title='bbox 1045 4556 1326 4613; x_wconf 85' lang='lat' dir='ltr'><strong>Cluniaca</strong></span> <span class='ocrx_word' id='word_1_548' title='bbox 1356 4558 1769 4630; x_wconf 89' lang='lat' dir='ltr'><strong>agnominatur</strong></span> <span class='ocrx_word' id='word_1_549' title='bbox 1798 4561 2161 4633; x_wconf 86' lang='lat' dir='ltr'><strong>Cluniacum,</strong></span> <span class='ocrx_word' id='word_1_550' title='bbox 2194 4582 2242 4645; x_wconf 81' lang='lat' dir='ltr'><strong>D</strong></span> <span class='ocrx_word' id='word_1_551' title='bbox 2273 4563 2548 4635; x_wconf 87' lang='lat' dir='ltr'><strong>gniacum</strong></span> <span class='ocrx_word' id='word_1_552' title='bbox 2578 4578 2712 4617; x_wconf 88' lang='lat' dir='ltr'><strong>cum</strong></span> <span class='ocrx_word' id='word_1_553' title='bbox 2747 4562 3022 4617; x_wconf 89' lang='lat' dir='ltr'><strong>omnibus</strong></span> <span class='ocrx_word' id='word_1_554' title='bbox 3036 4552 3882 4645; x_wconf 67' lang='lat' dir='ltr'><strong>sibipertinentibus;ecclesiam</strong></span> 
     </span>
    </p>
   </div>
   <div class='ocr_carea' id='block_1_95' title="bbox 509 4643 2161 4719">
    <p class='ocr_par' dir='ltr' id='par_1_95' title="bbox 509 4643 2161 4719">
     <span class='ocr_line' id='line_1_95' title="bbox 509 4643 2161 4719; baseline 0.006 -20"><span class='ocrx_word' id='word_1_555' title='bbox 509 4643 571 4700; x_wconf 89' lang='lat' dir='ltr'><strong>in</strong></span> <span class='ocrx_word' id='word_1_556' title='bbox 593 4643 814 4703; x_wconf 89' lang='lat' dir='ltr'><strong>honore</strong></span> <span class='ocrx_word' id='word_1_557' title='bbox 832 4646 1138 4702; x_wconf 90' lang='lat' dir='ltr'><strong>beatorum</strong></span> <span class='ocrx_word' id='word_1_558' title='bbox 1162 4646 1561 4719; x_wconf 90' lang='lat' dir='ltr'><strong>apostolorum</strong></span> <span class='ocrx_word' id='word_1_559' title='bbox 1584 4649 1735 4704; x_wconf 89' lang='lat' dir='ltr'><strong>Petri</strong></span> <span class='ocrx_word' id='word_1_560' title='bbox 1758 4655 1814 4706; x_wconf 91' lang='lat' dir='ltr'><strong>et</strong></span> <span class='ocrx_word' id='word_1_561' title='bbox 1837 4651 1997 4707; x_wconf 90' lang='lat' dir='ltr'><strong>Pauli</strong></span> <span class='ocrx_word' id='word_1_562' title='bbox 2021 4670 2161 4709; x_wconf 89' lang='lat' dir='ltr'><strong>con-</strong></span> 
     </span>
    </p>
   </div>
   <div class='ocr_carea' id='block_1_96' title="bbox 514 4734 2165 4814">
    <p class='ocr_par' dir='ltr' id='par_1_96' title="bbox 514 4734 2165 4814">
     <span class='ocr_line' id='line_1_96' title="bbox 514 4734 2165 4814; baseline 0.005 -25"><span class='ocrx_word' id='word_1_563' title='bbox 514 4739 831 4803; x_wconf 86' lang='lat' dir='ltr'><strong>secratum,</strong></span> <span class='ocrx_word' id='word_1_564' title='bbox 855 4734 913 4789; x_wconf 92' lang='lat' dir='ltr'><strong>in</strong></span> <span class='ocrx_word' id='word_1_565' title='bbox 936 4735 1217 4791; x_wconf 89' lang='lat' dir='ltr'><strong>comitatu</strong></span> <span class='ocrx_word' id='word_1_566' title='bbox 1243 4735 1656 4793; x_wconf 89' lang='lat' dir='ltr'><strong>Matisconensi</strong></span> <span class='ocrx_word' id='word_1_567' title='bbox 1688 4739 1888 4810; x_wconf 90' lang='lat' dir='ltr'><strong>situm,</strong></span> <span class='ocrx_word' id='word_1_568' title='bbox 1914 4746 1969 4796; x_wconf 92' lang='lat' dir='ltr'><strong>et</strong></span> <span class='ocrx_word' id='word_1_569' title='bbox 1989 4759 2092 4814; x_wconf 92' lang='lat' dir='ltr'><strong>per</strong></span> <span class='ocrx_word' id='word_1_570' title='bbox 2110 4747 2165 4798; x_wconf 91' lang='lat' dir='ltr'><strong>to</strong></span> 
     </span>
    </p>
   </div>
   <div class='ocr_carea' id='block_1_97' title="bbox 508 4822 2159 4903">
    <p class='ocr_par' dir='ltr' id='par_1_97' title="bbox 508 4822 2159 4903">
     <span class='ocr_line' id='line_1_97' title="bbox 508 4822 2159 4903; baseline 0.006 -27"><span class='ocrx_word' id='word_1_571' title='bbox 508 4822 736 4878; x_wconf 89' lang='lat' dir='ltr'><strong>cunctis</strong></span> <span class='ocrx_word' id='word_1_572' title='bbox 758 4824 1196 4880; x_wconf 89' lang='lat' dir='ltr'><strong>successoribus</strong></span> <span class='ocrx_word' id='word_1_573' title='bbox 1219 4825 1339 4881; x_wconf 90' lang='lat' dir='ltr'><strong>tuis</strong></span> <span class='ocrx_word' id='word_1_574' title='bbox 1361 4826 1671 4883; x_wconf 87' lang='lat' dir='ltr'><strong>abbatibus</strong></span> <span class='ocrx_word' id='word_1_575' title='bbox 1694 4829 1835 4884; x_wconf 91' lang='lat' dir='ltr'><strong>inibi</strong></span> <span class='ocrx_word' id='word_1_576' title='bbox 1878 4830 2128 4903; x_wconf 83' lang='lat' dir='ltr'><strong>regulari</strong></span> <span class='ocrx_word' id='word_1_577' title='bbox 2138 4865 2159 4873; x_wconf 93' lang='lat'><strong>-</strong></span> 
     </span>
    </p>
   </div>
   <div class='ocr_carea' id='block_1_98' title="bbox 502 4912 1530 4986">
    <p class='ocr_par' dir='ltr' id='par_1_98' title="bbox 502 4912 1530 4986">
     <span class='ocr_line' id='line_1_98' title="bbox 502 4912 1530 4986; baseline 0.005 -21"><span class='ocrx_word' id='word_1_578' title='bbox 502 4912 594 4966; x_wconf 87' lang='lat' dir='ltr'><strong>ter</strong></span> <span class='ocrx_word' id='word_1_579' title='bbox 621 4912 1036 4983; x_wconf 87' lang='lat' dir='ltr'><strong>promovendis</strong></span> <span class='ocrx_word' id='word_1_580' title='bbox 1068 4912 1125 4967; x_wconf 89' lang='lat' dir='ltr'><strong>in</strong></span> <span class='ocrx_word' id='word_1_581' title='bbox 1160 4919 1530 4986; x_wconf 89' lang='lat' dir='ltr'><strong>perpetuum.</strong></span> 
     </span>
    </p>
   </div>
   <div class='ocr_carea' id='block_1_99' title="bbox 573 4999 2160 5076">
    <p class='ocr_par' dir='ltr' id='par_1_99' title="bbox 573 4999 2160 5076">
     <span class='ocr_line' id='line_1_99' title="bbox 573 4999 2160 5076; baseline 0.006 -21"><span class='ocrx_word' id='word_1_582' title='bbox 573 5000 658 5055; x_wconf 91' lang='lat' dir='ltr'><strong>Ad</strong></span> <span class='ocrx_word' id='word_1_583' title='bbox 690 4999 821 5068; x_wconf 93' lang='lat' dir='ltr'><strong>hoc,</strong></span> <span class='ocrx_word' id='word_1_584' title='bbox 846 5000 964 5057; x_wconf 93' lang='lat' dir='ltr'><strong>Deo</strong></span> <span class='ocrx_word' id='word_1_585' title='bbox 987 5006 1243 5070; x_wconf 88' lang='lat' dir='ltr'><strong>auctore,</strong></span> <span class='ocrx_word' id='word_1_586' title='bbox 1274 5004 1329 5057; x_wconf 91' lang='lat' dir='ltr'><strong>in</strong></span> <span class='ocrx_word' id='word_1_587' title='bbox 1358 5004 1593 5076; x_wconf 90' lang='lat' dir='ltr'><strong>specula</strong></span> <span class='ocrx_word' id='word_1_588' title='bbox 1617 5011 1828 5061; x_wconf 76' lang='lat' dir='ltr'><strong>sanctae</strong></span> <span class='ocrx_word' id='word_1_589' title='bbox 1847 5012 1903 5062; x_wconf 85' lang='lat' dir='ltr'><strong>et</strong></span> <span class='ocrx_word' id='word_1_590' title='bbox 1924 5008 2160 5064; x_wconf 87' lang='lat' dir='ltr'><strong>univer-</strong></span> 
     </span>
    </p>
   </div>
   <div class='ocr_carea' id='block_1_100' title="bbox 500 5086 2162 5166">
    <p class='ocr_par' dir='ltr' id='par_1_100' title="bbox 500 5086 2162 5166">
     <span class='ocr_line' id='line_1_100' title="bbox 500 5086 2162 5166; baseline 0.004 -20"><span class='ocrx_word' id='word_1_591' title='bbox 500 5086 914 5146; x_wconf 75' lang='lat' dir='ltr'><strong>salisEcclesiae</strong></span> <span class='ocrx_word' id='word_1_592' title='bbox 930 5090 1343 5147; x_wconf 87' lang='lat' dir='ltr'><strong>eminentiores</strong></span> <span class='ocrx_word' id='word_1_593' title='bbox 1357 5093 1932 5166; x_wconf 85' lang='lat' dir='ltr'><strong>conspeculatoribus</strong></span> <span class='ocrx_word' id='word_1_594' title='bbox 1950 5098 2162 5154; x_wconf 82' lang='lat' dir='ltr'><strong>nostris</strong></span> 
     </span>
    </p>
   </div>
   <div class='ocr_carea' id='block_1_101' title="bbox 499 5178 2159 5253">
    <p class='ocr_par' dir='ltr' id='par_1_101' title="bbox 499 5178 2159 5253">
     <span class='ocr_line' id='line_1_101' title="bbox 499 5178 2159 5253; baseline 0.004 -18"><span class='ocrx_word' id='word_1_595' title='bbox 499 5178 901 5247; x_wconf 89' lang='lat' dir='ltr'><strong>consistimus,</strong></span> <span class='ocrx_word' id='word_1_596' title='bbox 930 5183 997 5235; x_wconf 92' lang='lat' dir='ltr'><strong>ut</strong></span> <span class='ocrx_word' id='word_1_597' title='bbox 1018 5178 1195 5236; x_wconf 86' lang='lat' dir='ltr'><strong>saluti</strong></span> <span class='ocrx_word' id='word_1_598' title='bbox 1221 5184 1275 5235; x_wconf 90' lang='lat' dir='ltr'><strong>et</strong></span> <span class='ocrx_word' id='word_1_599' title='bbox 1298 5182 1486 5253; x_wconf 89' lang='lat' dir='ltr'><strong>quieti</strong></span> <span class='ocrx_word' id='word_1_600' title='bbox 1512 5183 1916 5240; x_wconf 87' lang='lat' dir='ltr'><strong>universorum</strong></span> <span class='ocrx_word' id='word_1_601' title='bbox 1946 5186 2159 5242; x_wconf 90' lang='lat' dir='ltr'><strong>sollici-</strong></span> 
     </span>
    </p>
   </div>
   <div class='ocr_carea' id='block_1_102' title="bbox 498 5267 2158 5346">
    <p class='ocr_par' dir='ltr' id='par_1_102' title="bbox 498 5267 2158 5346">
     <span class='ocr_line' id='line_1_102' title="bbox 498 5267 2158 5346; baseline 0.006 -25"><span class='ocrx_word' id='word_1_602' title='bbox 498 5267 621 5324; x_wconf 86' lang='lat' dir='ltr'><strong>tius</strong></span> <span class='ocrx_word' id='word_1_603' title='bbox 642 5268 1044 5343; x_wconf 87' lang='lat' dir='ltr'><strong>invigilemus.</strong></span> <span class='ocrx_word' id='word_1_604' title='bbox 1071 5268 1230 5333; x_wconf 89' lang='lat' dir='ltr'><strong>Quod</strong></span> <span class='ocrx_word' id='word_1_605' title='bbox 1256 5270 1547 5343; x_wconf 81' lang='lat' dir='ltr'><strong>utique&#39;cx</strong></span> <span class='ocrx_word' id='word_1_606' title='bbox 1570 5272 1803 5343; x_wconf 67' lang='lat' dir='ltr'><strong>speciali</strong></span> <span class='ocrx_word' id='word_1_607' title='bbox 1828 5275 2158 5346; x_wconf 72' lang='lat' dir='ltr'><strong>apostolica:</strong></span> 
     </span>
    </p>
   </div>
   <div class='ocr_carea' id='block_1_103' title="bbox 497 5355 2158 5435">
    <p class='ocr_par' dir='ltr' id='par_1_103' title="bbox 497 5355 2158 5435">
     <span class='ocr_line' id='line_1_103' title="bbox 497 5355 2158 5435; baseline 0.007 -27"><span class='ocrx_word' id='word_1_608' title='bbox 497 5355 656 5412; x_wconf 83' lang='lat' dir='ltr'><strong>sedis</strong></span> <span class='ocrx_word' id='word_1_609' title='bbox 687 5357 990 5431; x_wconf 82' lang='lat' dir='ltr'><strong>privilegio</strong></span> <span class='ocrx_word' id='word_1_610' title='bbox 1031 5358 1247 5431; x_wconf 87' lang='lat' dir='ltr'><strong>adepti,</strong></span> <span class='ocrx_word' id='word_1_611' title='bbox 1300 5360 1345 5413; x_wconf 89' lang='lat' dir='ltr'><strong>si</strong></span> <span class='ocrx_word' id='word_1_612' title='bbox 1399 5360 1674 5415; x_wconf 88' lang='lat' dir='ltr'><strong>omnibus</strong></span> <span class='ocrx_word' id='word_1_613' title='bbox 1721 5362 2158 5435; x_wconf 82' lang='lat' dir='ltr'><strong>int&#39;atigabiliter</strong></span> 
     </span>
    </p>
   </div>
   <div class='ocr_carea' id='block_1_104' title="bbox 497 5443 2154 5523">
    <p class='ocr_par' dir='ltr' id='par_1_104' title="bbox 497 5443 2154 5523">
     <span class='ocr_line' id='line_1_104' title="bbox 497 5443 2154 5523; baseline 0.008 -27"><span class='ocrx_word' id='word_1_614' title='bbox 497 5443 832 5515; x_wconf 89' lang='lat' dir='ltr'><strong>prospicere</strong></span> <span class='ocrx_word' id='word_1_615' title='bbox 880 5446 1188 5515; x_wconf 76' lang='lat' dir='ltr'><strong>debemus,</strong></span> <span class='ocrx_word' id='word_1_616' title='bbox 1243 5447 1426 5503; x_wconf 91' lang='lat' dir='ltr'><strong>multo</strong></span> <span class='ocrx_word' id='word_1_617' title='bbox 1476 5448 1664 5517; x_wconf 76' lang='lat' dir='ltr'><strong>magis</strong></span> <span class='ocrx_word' id='word_1_618' title='bbox 1714 5449 1832 5506; x_wconf 91' lang='lat' dir='ltr'><strong>illis</strong></span> <span class='ocrx_word' id='word_1_619' title='bbox 1864 5469 2011 5523; x_wconf 89' lang='lat' dir='ltr'><strong>quos</strong></span> <span class='ocrx_word' id='word_1_620' title='bbox 2042 5455 2154 5510; x_wconf 91' lang='lat' dir='ltr'><strong>sub</strong></span> 
     </span>
    </p>
   </div>
   <div class='ocr_carea' id='block_1_105' title="bbox 500 5530 2153 5608">
    <p class='ocr_par' dir='ltr' id='par_1_105' title="bbox 500 5530 2153 5608">
     <span class='ocr_line' id='line_1_105' title="bbox 500 5530 2153 5608; baseline 0.009 -24"><span class='ocrx_word' id='word_1_621' title='bbox 500 5530 817 5600; x_wconf 85' lang='lat' dir='ltr'><strong>apostolica</strong></span> <span class='ocrx_word' id='word_1_622' title='bbox 836 5533 1147 5608; x_wconf 87' lang='lat' dir='ltr'><strong>disciplina</strong></span> <span class='ocrx_word' id='word_1_623' title='bbox 1178 5535 1486 5591; x_wconf 88' lang='lat' dir='ltr'><strong>arctiorem</strong></span> <span class='ocrx_word' id='word_1_624' title='bbox 1528 5536 1703 5592; x_wconf 86' lang='lat' dir='ltr'><strong>vitam</strong></span> <span class='ocrx_word' id='word_1_625' title='bbox 1742 5542 2153 5599; x_wconf 89' lang='lat' dir='ltr'><strong>mandatorum</strong></span> 
     </span>
    </p>
   </div>
   <div class='ocr_carea' id='block_1_106' title="bbox 494 5616 2153 5702">
    <p class='ocr_par' dir='ltr' id='par_1_106' title="bbox 494 5616 2153 5702">
     <span class='ocr_line' id='line_1_106' title="bbox 494 5616 2153 5702; baseline 0.006 -23"><span class='ocrx_word' id='word_1_626' title='bbox 494 5616 620 5689; x_wconf 86' lang='lat' dir='ltr'><strong>Dei,</strong></span> <span class='ocrx_word' id='word_1_627' title='bbox 652 5619 723 5677; x_wconf 89' lang='lat' dir='ltr'><strong>ad</strong></span> <span class='ocrx_word' id='word_1_628' title='bbox 750 5619 939 5681; x_wconf 85' lang='lat' dir='ltr'><strong>instar</strong></span> <span class='ocrx_word' id='word_1_629' title='bbox 954 5623 1264 5699; x_wconf 73' lang='lat' dir='ltr'><strong>primitivaa</strong></span> <span class='ocrx_word' id='word_1_630' title='bbox 1309 5622 1601 5697; x_wconf 70' lang='lat' dir='ltr'><strong>Ecclesiae,</strong></span> <span class='ocrx_word' id='word_1_631' title='bbox 1623 5643 1962 5702; x_wconf 88' lang='lat' dir='ltr'><strong>percurrere</strong></span> <span class='ocrx_word' id='word_1_632' title='bbox 1994 5633 2153 5691; x_wconf 85' lang='lat' dir='ltr'><strong>novi-</strong></span> 
     </span>
    </p>
   </div>
   <div class='ocr_carea' id='block_1_107' title="bbox 2272 4638 3888 4724">
    <p class='ocr_par' dir='ltr' id='par_1_107' title="bbox 2272 4638 3888 4724">
     <span class='ocr_line' id='line_1_107' title="bbox 2272 4638 3888 4724; baseline -0.004 -18"><span class='ocrx_word' id='word_1_633' title='bbox 2272 4650 2729 4706; x_wconf 86' lang='lat' dir='ltr'><strong>SanctiVictoris</strong></span> <span class='ocrx_word' id='word_1_634' title='bbox 2743 4668 2877 4706; x_wconf 87' lang='lat' dir='ltr'><strong>cum</strong></span> <span class='ocrx_word' id='word_1_635' title='bbox 2894 4651 3170 4707; x_wconf 89' lang='lat' dir='ltr'><strong>omnibus</strong></span> <span class='ocrx_word' id='word_1_636' title='bbox 3189 4651 3317 4706; x_wconf 90' lang='lat' dir='ltr'><strong>suis</strong></span> <span class='ocrx_word' id='word_1_637' title='bbox 3339 4647 3702 4724; x_wconf 88' lang='lat' dir='ltr'><strong>pertinentiis</strong></span> <span class='ocrx_word' id='word_1_638' title='bbox 3720 4662 3734 4713; x_wconf 85' lang='lat'><strong>;</strong></span> <span class='ocrx_word' id='word_1_639' title='bbox 3750 4638 3888 4699; x_wconf 58' lang='lat' dir='ltr'><strong>eccle&#39;</strong></span> 
     </span>
    </p>
   </div>
   <div class='ocr_carea' id='block_1_108' title="bbox 2276 4730 3887 4812">
    <p class='ocr_par' dir='ltr' id='par_1_108' title="bbox 2276 4730 3887 4812">
     <span class='ocr_line' id='line_1_108' title="bbox 2276 4730 3887 4812; baseline -0.005 -18"><span class='ocrx_word' id='word_1_640' title='bbox 2276 4740 2394 4795; x_wconf 88' lang='lat' dir='ltr'><strong>sias</strong></span> <span class='ocrx_word' id='word_1_641' title='bbox 2415 4738 2589 4795; x_wconf 88' lang='lat' dir='ltr'><strong>etiam</strong></span> <span class='ocrx_word' id='word_1_642' title='bbox 2603 4742 2659 4794; x_wconf 89' lang='lat' dir='ltr'><strong>et</strong></span> <span class='ocrx_word' id='word_1_643' title='bbox 2675 4743 2859 4794; x_wconf 90' lang='lat' dir='ltr'><strong>terras</strong></span> <span class='ocrx_word' id='word_1_644' title='bbox 2882 4756 3008 4811; x_wconf 70' lang='lat' dir='ltr'><strong>quae</strong></span> <span class='ocrx_word' id='word_1_645' title='bbox 3032 4741 3203 4812; x_wconf 84' lang='lat' dir='ltr'><strong>juxta</strong></span> <span class='ocrx_word' id='word_1_646' title='bbox 3228 4739 3395 4796; x_wconf 83' lang='lat' dir='ltr'><strong>illam</strong></span> <span class='ocrx_word' id='word_1_647' title='bbox 3420 4744 3581 4807; x_wconf 87' lang='lat' dir='ltr'><strong>sunt,</strong></span> <span class='ocrx_word' id='word_1_648' title='bbox 3604 4730 3887 4811; x_wconf 80' lang='lat' dir='ltr'><strong>proquibus</strong></span> 
     </span>
    </p>
   </div>
   <div class='ocr_carea' id='block_1_109' title="bbox 2275 4815 3885 4902">
    <p class='ocr_par' dir='ltr' id='par_1_109' title="bbox 2275 4815 3885 4902">
     <span class='ocr_line' id='line_1_109' title="bbox 2275 4815 3885 4902; baseline -0.005 -18"><span class='ocrx_word' id='word_1_649' title='bbox 2275 4830 2413 4884; x_wconf 90' lang='lat' dir='ltr'><strong>data</strong></span> <span class='ocrx_word' id='word_1_650' title='bbox 2436 4832 2522 4884; x_wconf 89' lang='lat' dir='ltr'><strong>est</strong></span> <span class='ocrx_word' id='word_1_651' title='bbox 2544 4829 2840 4900; x_wconf 91' lang='lat' dir='ltr'><strong>quondam</strong></span> <span class='ocrx_word' id='word_1_652' title='bbox 2864 4828 3107 4884; x_wconf 88' lang='lat' dir='ltr'><strong>ecclesia</strong></span> <span class='ocrx_word' id='word_1_653' title='bbox 3138 4829 3333 4884; x_wconf 88' lang='lat' dir='ltr'><strong>Sancti</strong></span> <span class='ocrx_word' id='word_1_654' title='bbox 3365 4824 3690 4902; x_wconf 85' lang='lat' dir='ltr'><strong>Gengulphi</strong></span> <span class='ocrx_word' id='word_1_655' title='bbox 3708 4840 3725 4885; x_wconf 86' lang='lat'><strong>.°</strong></span> <span class='ocrx_word' id='word_1_656' title='bbox 3743 4815 3885 4890; x_wconf 81' lang='lat' dir='ltr'><strong>Equi-</strong></span> 
     </span>
    </p>
   </div>
   <div class='ocr_carea' id='block_1_110' title="bbox 2274 4909 3885 4990">
    <p class='ocr_par' dir='ltr' id='par_1_110' title="bbox 2274 4909 3885 4990">
     <span class='ocr_line' id='line_1_110' title="bbox 2274 4909 3885 4990; baseline -0.006 -19"><span class='ocrx_word' id='word_1_657' title='bbox 2274 4917 2517 4972; x_wconf 88' lang='lat' dir='ltr'><strong>randam</strong></span> <span class='ocrx_word' id='word_1_658' title='bbox 2542 4934 2778 4990; x_wconf 88' lang='lat' dir='ltr'><strong>quoque</strong></span> <span class='ocrx_word' id='word_1_659' title='bbox 2798 4923 3019 4973; x_wconf 87' lang='lat' dir='ltr'><strong>curtem</strong></span> <span class='ocrx_word' id='word_1_660' title='bbox 3045 4934 3179 4973; x_wconf 91' lang='lat' dir='ltr'><strong>cum</strong></span> <span class='ocrx_word' id='word_1_661' title='bbox 3202 4917 3454 4973; x_wconf 91' lang='lat' dir='ltr'><strong>ecclesia</strong></span> <span class='ocrx_word' id='word_1_662' title='bbox 3474 4913 3667 4973; x_wconf 88' lang='lat' dir='ltr'><strong>Sancti</strong></span> <span class='ocrx_word' id='word_1_663' title='bbox 3685 4909 3885 4967; x_wconf 62' lang='lat' dir='ltr'><strong>Andr-ea</strong></span> 
     </span>
    </p>
   </div>
   <div class='ocr_carea' id='block_1_111' title="bbox 2272 5000 3882 5079">
    <p class='ocr_par' dir='ltr' id='par_1_111' title="bbox 2272 5000 3882 5079">
     <span class='ocr_line' id='line_1_111' title="bbox 2272 5000 3882 5079; baseline -0.004 -18"><span class='ocrx_word' id='word_1_664' title='bbox 2272 5004 2540 5079; x_wconf 86' lang='lat' dir='ltr'><strong>apostoli,</strong></span> <span class='ocrx_word' id='word_1_665' title='bbox 2574 5010 2630 5060; x_wconf 83' lang='lat' dir='ltr'><strong>et</strong></span> <span class='ocrx_word' id='word_1_666' title='bbox 2660 5023 2792 5062; x_wconf 92' lang='lat' dir='ltr'><strong>cum</strong></span> <span class='ocrx_word' id='word_1_667' title='bbox 2816 5006 2946 5061; x_wconf 90' lang='lat' dir='ltr'><strong>aliis</strong></span> <span class='ocrx_word' id='word_1_668' title='bbox 2976 5005 3239 5063; x_wconf 88' lang='lat' dir='ltr'><strong>ecclesiis</strong></span> <span class='ocrx_word' id='word_1_669' title='bbox 3269 5011 3325 5063; x_wconf 89' lang='lat' dir='ltr'><strong>et</strong></span> <span class='ocrx_word' id='word_1_670' title='bbox 3348 5007 3629 5063; x_wconf 87' lang='lat' dir='ltr'><strong>omnibus</strong></span> <span class='ocrx_word' id='word_1_671' title='bbox 3662 5000 3775 5058; x_wconf 87' lang='lat' dir='ltr'><strong>suis</strong></span> <span class='ocrx_word' id='word_1_672' title='bbox 3799 5010 3882 5067; x_wconf 74' lang='lat' dir='ltr'><strong>8p—</strong></span> 
     </span>
    </p>
   </div>
   <div class='ocr_carea' id='block_1_112' title="bbox 2278 5096 3883 5168">
    <p class='ocr_par' dir='ltr' id='par_1_112' title="bbox 2278 5096 3883 5168">
     <span class='ocr_line' id='line_1_112' title="bbox 2278 5096 3883 5168; baseline -0.002 -18"><span class='ocrx_word' id='word_1_673' title='bbox 2278 5096 2558 5165; x_wconf 77' lang='lat' dir='ltr'><strong>pcndiciis</strong></span> <span class='ocrx_word' id='word_1_674' title='bbox 2588 5114 2600 5163; x_wconf 92' lang='lat'>;</span> <span class='ocrx_word' id='word_1_675' title='bbox 2634 5113 2838 5151; x_wconf 88' lang='lat' dir='ltr'><strong>omnes</strong></span> <span class='ocrx_word' id='word_1_676' title='bbox 2892 5113 3125 5168; x_wconf 91' lang='lat' dir='ltr'><strong>quoque</strong></span> <span class='ocrx_word' id='word_1_677' title='bbox 3175 5096 3544 5153; x_wconf 85' lang='lat' dir='ltr'><strong>ecclesias-et</strong></span> <span class='ocrx_word' id='word_1_678' title='bbox 3587 5097 3883 5157; x_wconf 72' lang='lat' dir='ltr'><strong>terras,88|1</strong></span> 
     </span>
    </p>
   </div>
   <div class='ocr_carea' id='block_1_113' title="bbox 2271 5178 3882 5258">
    <p class='ocr_par' dir='ltr' id='par_1_113' title="bbox 2271 5178 3882 5258">
     <span class='ocr_line' id='line_1_113' title="bbox 2271 5178 3882 5258; baseline -0.004 -19"><span class='ocrx_word' id='word_1_679' title='bbox 2271 5184 2545 5257; x_wconf 89' lang='lat' dir='ltr'><strong>quicquid</strong></span> <span class='ocrx_word' id='word_1_680' title='bbox 2564 5186 2838 5258; x_wconf 71' lang='lat' dir='ltr'><strong>praelatus</strong></span> <span class='ocrx_word' id='word_1_681' title='bbox 2854 5185 3015 5241; x_wconf 92' lang='lat' dir='ltr'><strong>locus</strong></span> <span class='ocrx_word' id='word_1_682' title='bbox 3038 5186 3214 5241; x_wconf 87' lang='lat' dir='ltr'><strong>habet</strong></span> <span class='ocrx_word' id='word_1_683' title='bbox 3233 5184 3596 5256; x_wconf 87' lang='lat' dir='ltr'><strong>injamdicto</strong></span> <span class='ocrx_word' id='word_1_684' title='bbox 3614 5178 3882 5239; x_wconf 73' lang='lat' dir='ltr'><strong>comitatu;</strong></span> 
     </span>
    </p>
   </div>
   <div class='ocr_carea' id='block_1_114' title="bbox 2269 5264 3883 5343">
    <p class='ocr_par' dir='ltr' id='par_1_114' title="bbox 2269 5264 3883 5343">
     <span class='ocr_line' id='line_1_114' title="bbox 2269 5264 3883 5343; baseline -0.006 -14"><span class='ocrx_word' id='word_1_685' title='bbox 2269 5276 2327 5329; x_wconf 91' lang='lat' dir='ltr'><strong>in</strong></span> <span class='ocrx_word' id='word_1_686' title='bbox 2351 5274 2629 5329; x_wconf 88' lang='lat' dir='ltr'><strong>comitatu</strong></span> <span class='ocrx_word' id='word_1_687' title='bbox 2654 5290 2787 5328; x_wconf 80' lang='lat' dir='ltr'><strong>vero</strong></span> <span class='ocrx_word' id='word_1_688' title='bbox 2809 5273 3177 5330; x_wconf 87' lang='lat' dir='ltr'><strong>Cabilonensi</strong></span> <span class='ocrx_word' id='word_1_689' title='bbox 3203 5295 3217 5343; x_wconf 70' lang='grc' dir='ltr'>ς</span> <span class='ocrx_word' id='word_1_690' title='bbox 3244 5272 3456 5329; x_wconf 90' lang='lat' dir='ltr'><strong>cellam</strong></span> <span class='ocrx_word' id='word_1_691' title='bbox 3479 5275 3551 5330; x_wconf 91' lang='lat' dir='ltr'><strong>de</strong></span> <span class='ocrx_word' id='word_1_692' title='bbox 3572 5264 3883 5326; x_wconf 67' lang='lat' dir='ltr'><strong>Bellomonle</strong></span> 
     </span>
    </p>
   </div>
   <div class='ocr_carea' id='block_1_115' title="bbox 2268 5360 3880 5436">
    <p class='ocr_par' dir='ltr' id='par_1_115' title="bbox 2268 5360 3880 5436">
     <span class='ocr_line' id='line_1_115' title="bbox 2268 5360 3880 5436; baseline -0.004 -18"><span class='ocrx_word' id='word_1_693' title='bbox 2268 5365 2327 5418; x_wconf 92' lang='lat' dir='ltr'><strong>in</strong></span> <span class='ocrx_word' id='word_1_694' title='bbox 2350 5363 2569 5418; x_wconf 86' lang='lat' dir='ltr'><strong>honore</strong></span> <span class='ocrx_word' id='word_1_695' title='bbox 2595 5367 2807 5417; x_wconf 71' lang='lat' dir='ltr'><strong>sancta:</strong></span> <span class='ocrx_word' id='word_1_696' title='bbox 2831 5362 2925 5418; x_wconf 90' lang='lat' dir='ltr'><strong>Dei</strong></span> <span class='ocrx_word' id='word_1_697' title='bbox 2951 5362 3251 5436; x_wconf 87' lang='lat' dir='ltr'><strong>genitricis</strong></span> <span class='ocrx_word' id='word_1_698' title='bbox 3272 5362 3472 5419; x_wconf 71' lang='lat' dir='ltr'><strong>Mariae</strong></span> <span class='ocrx_word' id='word_1_699' title='bbox 3493 5361 3752 5421; x_wconf 85' lang='lat' dir='ltr'><strong>dicatam,</strong></span> <span class='ocrx_word' id='word_1_700' title='bbox 3772 5360 3880 5405; x_wconf 77' lang='lat' dir='ltr'><strong>cum</strong></span> 
     </span>
    </p>
   </div>
   <div class='ocr_carea' id='block_1_116' title="bbox 2267 5437 3882 5524">
    <p class='ocr_par' dir='ltr' id='par_1_116' title="bbox 2267 5437 3882 5524">
     <span class='ocr_line' id='line_1_116' title="bbox 2267 5437 3882 5524; baseline -0.009 -17"><span class='ocrx_word' id='word_1_701' title='bbox 2267 5452 2544 5507; x_wconf 89' lang='lat' dir='ltr'><strong>omnibus</strong></span> <span class='ocrx_word' id='word_1_702' title='bbox 2570 5451 2681 5507; x_wconf 90' lang='lat' dir='ltr'><strong>sibi</strong></span> <span class='ocrx_word' id='word_1_703' title='bbox 2708 5451 3171 5524; x_wconf 88' lang='lat' dir='ltr'><strong>pertinentibus:</strong></span> <span class='ocrx_word' id='word_1_704' title='bbox 3206 5450 3516 5508; x_wconf 88' lang='lat' dir='ltr'><strong>ecclesiam</strong></span> <span class='ocrx_word' id='word_1_705' title='bbox 3566 5459 3781 5522; x_wconf 87' lang='lat' dir='ltr'><strong>quoque</strong></span> <span class='ocrx_word' id='word_1_706' title='bbox 3804 5437 3882 5492; x_wconf 45' lang='lat' dir='ltr'><strong>de.</strong></span> 
     </span>
    </p>
   </div>
   <div class='ocr_carea' id='block_1_117' title="bbox 2266 5534 3880 5614">
    <p class='ocr_par' dir='ltr' id='par_1_117' title="bbox 2266 5534 3880 5614">
     <span class='ocr_line' id='line_1_117' title="bbox 2266 5534 3880 5614; baseline -0.004 -19"><span class='ocrx_word' id='word_1_707' title='bbox 2266 5539 2597 5613; x_wconf 87' lang='lat' dir='ltr'><strong>Campiloco</strong></span> <span class='ocrx_word' id='word_1_708' title='bbox 2628 5558 2761 5596; x_wconf 91' lang='lat' dir='ltr'><strong>cum</strong></span> <span class='ocrx_word' id='word_1_709' title='bbox 2793 5541 3069 5597; x_wconf 90' lang='lat' dir='ltr'><strong>omnibus</strong></span> <span class='ocrx_word' id='word_1_710' title='bbox 3098 5542 3224 5598; x_wconf 89' lang='lat' dir='ltr'><strong>suis</strong></span> <span class='ocrx_word' id='word_1_711' title='bbox 3256 5538 3622 5614; x_wconf 88' lang='lat' dir='ltr'><strong>appendiciis</strong></span> <span class='ocrx_word' id='word_1_712' title='bbox 3647 5554 3661 5605; x_wconf 88' lang='lat'><strong>;</strong></span> <span class='ocrx_word' id='word_1_713' title='bbox 3689 5534 3880 5614; x_wconf 62' lang='lat' dir='ltr'><strong>curmII</strong></span> 
     </span>
    </p>
   </div>
   <div class='ocr_carea' id='block_1_118' title="bbox 2264 5613 3865 5690">
    <p class='ocr_par' dir='ltr' id='par_1_118' title="bbox 2264 5613 3865 5690">
     <span class='ocr_line' id='line_1_118' title="bbox 2264 5613 3865 5690; baseline -0.007 -4"><span class='ocrx_word' id='word_1_714' title='bbox 2264 5630 2440 5688; x_wconf 88' lang='lat' dir='ltr'><strong>etiam</strong></span> <span class='ocrx_word' id='word_1_715' title='bbox 2470 5628 2750 5688; x_wconf 86' lang='lat' dir='ltr'><strong>vocabulo</strong></span> <span class='ocrx_word' id='word_1_716' title='bbox 2781 5629 3074 5689; x_wconf 89' lang='lat' dir='ltr'><strong>Juliacum</strong></span> <span class='ocrx_word' id='word_1_717' title='bbox 3107 5648 3243 5690; x_wconf 87' lang='lat' dir='ltr'><strong>cum</strong></span> <span class='ocrx_word' id='word_1_718' title='bbox 3271 5613 3545 5688; x_wconf 84' lang='lat' dir='ltr'><strong>ecclesiis</strong></span> <span class='ocrx_word' id='word_1_719' title='bbox 3574 5630 3631 5685; x_wconf 85' lang='lat' dir='ltr'><strong>et</strong></span> <span class='ocrx_word' id='word_1_720' title='bbox 3644 5619 3801 5682; x_wconf 85' lang='lat' dir='ltr'><strong>terris</strong></span> <span class='ocrx_word' id='word_1_721' title='bbox 3823 5613 3865 5671; x_wconf 79' lang='lat' dir='ltr'><strong>ei</strong></span> 
     </span>
    </p>
   </div>
  </div>
