4086 6168
480 234 597 300 883

1237 230 1633 295 STEPHANI
1677 229 1726 292 Χ
1770 230 2003 294 ΡΑΡιΕ
2045 227 2451 292 EPISTOLIE
2491 227 2594 293 ET
2635 225 3118 293 PRIVILEGIA.

3759 222 3859 288 88%

482 370 656 428 etiam
698 371 788 426 est
826 367 998 441 juxta
1028 370 1285 424 castrum
1343 368 1497 440 quod
1551 370 1789 421 vocatur
1809 364 2106 433 Domena;
2144 360 2189 430 Α
2230 363 2563 420 cessoribus
2597 360 3862 436 placuerit.Abbatcsquoquedeipsaeongre.

484 461 689 519 cellam
722 459 894 515 etiam
932 475 1057 530 qua:
1092 461 1330 513 vocatur
1358 458 1585 525 Portus,
1609 455 1667 511 in
1696 455 1914 525 honore
1937 455 2123 511 sancti

480 549 759 622 Stephani
790 552 1209 613 consecratam,
1245 547 1303 601 in
1335 547 1670 618 episcOpatu
1723 544 2124 601 Bisuntinensi

481 639 655 695 sitatn
688 656 700 692 :
734 637 791 691 in
825 636 1157 709 episcopatu
1191 635 1470 701 Tullensi,
1504 634 1707 690 cellam
1741 651 1866 705 qua:
1888 637 2126 689 vocatur

482 728 831 798 Ramengas.
892 724 1196 779 Abbatiam
1253 723 1717 791 Viziliaconsem,
1776 722 1874 777 ubi
1926 727 2126 777 sancta

481 815 665 871 Maria
718 812 1047 885 Magdelene
1095 812 1426 884 requiescit,
1477 812 1580 866 tibi
1632 810 2007 881 concedimus
2065 811 2125 865 in

478 904 919 978 possidendum.
1014 901 1422 956 Monasterium
1496 917 1629 956 vero
1700 898 2124 966 Paterniacum,

479 993 666 1049 eidem
692 991 817 1047 loco
849 990 1214 1046 Cluniacensi
1241 1007 1343 1061 per
1374 993 1655 1061 prmcepta
1694 988 1911 1059 regalia
1942 988 2126 1043 tradi-

478 1087 604 1137 tum
637 1098 767 1136 cum
802 1079 1076 1136 omnibus
1106 1097 1233 1151 qua:
1264 1080 1478 1133 habere
1508 1079 1736 1133 videtur
1766 1077 1823 1131 in
1857 1079 2127 1150 Burgun-

477 1171 593 1233 dia,
625 1175 681 1226 et
713 1187 839 1242 quae
862 1169 972 1240 ipsi
998 1168 1350 1223 monasterio
1378 1168 1432 1221 in
1462 1166 1682 1221 Alsatia
1703 1166 1988 1221 dederunt
2015 1166 2123 1220 im-

478 1264 772 1332 peratores
801 1258 1045 1330 Augusti
1076 1258 1352 1322 Ottones;
1388 1255 1809 1310 monasterium
1841 1255 1997 1327 quod
2039 1254 2129 1309 di-

479 1347 631 1402 citur
660 1347 1011 1413 Romanum,
1040 1361 1173 1399 cum
1205 1343 1479 1399 omnibus
1510 1344 1579 1398 ad
1614 1360 1676 1397 se
1698 1343 2127 1415 pertinentibus

469 1435 599 1504 jam
630 1434 784 1488 dicto
813 1432 1178 1488 Cluniacensi
1210 1431 1470 1487 ccenobio
1501 1432 1717 1488 habere
1748 1431 2128 1488 concedimus

480 1522 538 1577 in
571 1524 941 1593 perpetuum.
1770 1594 1777 1601 ο

550 1610 979 1665 Conﬁrmamns
1009 1609 1184 1665 etiam
1215 1613 1271 1665 et
1299 1610 1747 1666 corroboramus
1772 1614 1969 1667 nostra
1989 1629 2128 1684 apo-

480 1699 683 1756 stolica
712 1699 1056 1754 auctoritate
1086 1697 1246 1753 illam
1279 1700 1736 1755 convenientiam
1770 1716 1947 1771 quam
1998 1701 2133 1756 fecit

480 1789 702 1844 Domus
731 1788 895 1860 Hugo
926 1787 1279 1843 Genevensis
1325 1788 1590 1843 Ecclesiae
1636 1788 1964 1861 episcopus,
1997 1789 2129 1845 lau-

480 1875 655 1932 dante
701 1881 759 1931 et
810 1876 1212 1931 consentiente
1259 1875 1567 1947 Rodulpho
1619 1892 1753 1947 rege
1802 1881 1861 1933 et
1889 1877 2130 1934 domina

478 1964 755 2022 Adeleida
810 1964 1198 2037 imperatrice,
1239 1966 1310 2020 de
1368 1965 1616 2020 ecclesia
1644 1966 1839 2021 Sancti
1870 1966 2126 2023 Victoris

478 2055 775 2126 martyris,
806 2070 939 2108 cum
972 2052 1247 2109 omnibus
1277 2054 1348 2107 ad
1372 2071 1432 2108 se
1450 2054 1897 2126 pertinentibus.
1933 2056 2128 2111 Abba-

477 2144 621 2198 tiam
654 2146 846 2199 autem
881 2142 1215 2198 Salscnsem
1246 2143 1625 2198 concedimus
1674 2143 1778 2198 tibi
1822 2160 1952 2199 cum
1984 2161 2125 2200 con-

480 2220 656 2287 sensu
688 2235 904 2286 etcum
939 2230 1172 2285 licentia
1221 2231 1469 2286 senioris
1518 2233 1701 2287 nostri
1750 2233 1979 2288 Henrici
2016 2233 2127 2289 im-

480 2319 763 2390 peratoris
789 2324 822 2371 Α
837 2320 1055 2389 ugnsti,
1079 2318 1232 2373 sicut
1253 2320 1742 2374 antecessorestui
1763 2337 1889 2375 eam
1905 2321 2125 2376 habue-

480 2410 638 2461 runt.
671 2406 742 2459 Et
771 2422 949 2475 supra
977 2406 1131 2461 dicto
1162 2405 1287 2461 loco
1329 2406 1697 2461 Cluniacensi
1749 2412 1950 2463 nostra
1988 2426 2124 2481 apo-

481 2493 689 2549 stolica
712 2494 1051 2549 auctoritate
1076 2493 1197 2547 haec
1215 2495 1411 2548 omnia
1430 2495 1764 2567 supradicta
1781 2496 1905 2552 loca
1923 2502 1981 2553 et
2001 2515 2125 2553 mo-

481 2582 755 2648 nasteria,
771 2598 904 2637 cum
919 2581 1099 2649 cellis,
1115 2582 1397 2650 ecclesiis,
1411 2600 1478 2638 cu
1490 2583 1695 2652 rtibus,
1738 2585 1912 2652 villis,
1952 2585 2124 2642 villu-

478 2672 573 2739 lis,
608 2671 792 2727 servis
821 2675 879 2726 et
898 2670 1147 2737 ancillis,
1172 2670 1354 2740 silvis,
1381 2671 1585 2739 vineis,
1631 2674 1876 2746 campis,
1918 2676 2122 2747 pratis,

477 2759 669 2833 aquis,
683 2776 1089 2832 aquarumque
1103 2760 1445 2816 decursibus
1459 2766 1515 2815 et
1530 2761 1987 2818 omnibusterris
2002 2764 2124 2819 cul-

477 2850 555 2906 tis
566 2853 621 2905 et
634 2848 870 2904 incultis
882 2849 951 2903 ad
968 2848 1332 2920 supradictas
1347 2853 1662 2921 potestates
1672 2851 1818 2921 perti
1831 2851 2121 2922 nantibus,

479 2937 590 3009 ipsi
623 2937 749 2992 loco
779 2937 1168 3002 Cluniacensi,
1201 2937 1425 3010 tibique
1454 2943 1509 2993 et
1539 2940 1656 2994 tuis
1688 2941 2124 2998 successoribus

480 3041 582 3099 per
610 3024 790 3097 hujus
821 3026 1001 3080 nostri
1036 3024 1319 3098 privilegii
1353 3026 1756 3083 auctoritatem
1788 3030 2038 3085 tenenda
2068 3034 2124 3086 et

476 3112 831 3186 possidenda
861 3114 1235 3169 concedimus
1257 3115 1314 3169 in
1339 3119 1705 3187 perpetuum,
1731 3116 1813 3171 ita
1837 3121 1900 3171 ut
1925 3116 2125 3173 nullus

477 3204 616 3269 dux,
648 3219 835 3275 neque
862 3203 1193 3275 episcopus,
1228 3220 1417 3275 neque
1447 3202 1662 3276 aliquis
1692 3205 1983 3279 princeps,
2019 3224 2122 3262 ne-

477 3308 591 3364 que
619 3292 891 3361 quaelibet
921 3308 1133 3365 magna
1163 3309 1455 3365 parvaque
1485 3310 1733 3365 persona
1764 3295 1833 3349 de
1866 3295 2119 3367 praefatis

476 3380 755 3437 omnibus
783 3381 958 3436 rebus
995 3385 1052 3435 et
1081 3380 1324 3436 decimis
1356 3398 1482 3453 quae
1534 3382 1675 3436 inibi
1726 3383 2011 3454 pertinere
2040 3385 2120 3439 vi-

471 3467 706 3534 dentur,
740 3468 952 3523 audeat
980 3467 1310 3534 molestare,
1341 3468 1427 3523 vel
1469 3469 1809 3542 inquietare.
1858 3472 1972 3527 Nec
2003 3490 2119 3529 non

469 3557 580 3612 sub
609 3554 789 3612 divini
805 3555 1015 3627 judicii
1047 3557 1468 3613 contestatione
1500 3562 1555 3613 et
1574 3558 1833 3615 districti
1877 3562 2115 3618 anathe-

469 3646 647 3702 matis
676 3645 1118 3717 interpositione
1145 3649 1471 3701 statuentes
1502 3647 1874 3703 decernimus
1905 3653 1969 3705 ut
1991 3651 2117 3705 nul-

467 3735 561 3792 lus
591 3735 1003 3808 episcoporum
1035 3752 1139 3789 nec
1166 3734 1407 3807 quilibet
1438 3736 1809 3791 sacerdotum
1868 3737 1925 3792 in
1959 3738 2111 3795 idem

460 3824 790 3880 venerabile
819 3824 1169 3895 coenobium,
1206 3842 1308 3897 pro
1340 3823 1537 3897 aliqua
1564 3824 1949 3895 ordinatione,
1995 3828 2115 3884 sive

464 3913 898 3968 consecratione
927 3914 1161 3967 Orator-ii
1194 3912 1281 3968 vel
1314 3912 1608 3981 altarium,
1643 3914 2111 3986 presbyterorum

464 3998 552 4053 vel
583 3999 983 4069 diaconorum,
1010 4002 1443 4074 missarumque
1471 4002 1876 4075 celebratione,
1904 4004 2013 4059 nisi
2039 4007 2111 4062 ab

464 4085 674 4142 abbate
702 4086 890 4157 ipsius
919 4087 1026 4141 loci
1060 4089 1335 4145 invitatus
1385 4092 1579 4156 fuerit,
1631 4092 1824 4147 venire
1884 4098 1983 4147 aut
2021 4094 2108 4149 in-

463 4174 626 4246 gredi
655 4181 1011 4247 praasumat;
1046 4177 1144 4231 sed
1206 4176 1375 4233 liceat
1425 4180 1728 4234 monachis
1776 4180 1963 4253 ipsius
1999 4182 2107 4238 loci

462 4262 865 4335 cujuscunque
896 4263 1278 4320 ordinationis
1308 4268 1555 4338 gradum
1611 4266 1901 4325 voluerint
1928 4272 2108 4327 susci-

459 4367 596 4423 pere
622 4351 977 4425 ubicunque,
1010 4353 1098 4408 vel
1130 4371 1160 4409 a
1192 4370 1539 4427 quocunque
1570 4356 1675 4412 tibi
1709 4358 1944 4432 tuisque
1972 4378 2107 4421 suc-

2233 453 2465 527 gatione
2496 470 2627 509 cum
2660 452 2901 509 consilio
2935 453 3179 510 fratrum
3204 457 3382 509 Deum
3409 451 3755 519 timentium,
3785 468 3857 507 se-

2234 543 2491 598 cundum
2525 542 2790 617 regulam
2822 542 3007 599 sancti
3036 541 3759 609 Benedicti,communiter
3776 541 3860 598 eli-

2234 636 2467 703 gantur,
2502 637 2558 689 et
2587 634 2655 688 ad
2702 632 3162 690 consecrandum
3206 649 3305 689 eos
3351 649 3754 705 quemcunque
3779 650 3860 689 vo-

2234 720 2449 778 luerint
2478 722 2591 796 ipsi
2625 724 2831 780 fratres
2862 723 3203 797 episcopum
3238 723 3542 779 advocent.

2304 851 2420 906 Nec
2452 849 2656 921 quovis
2682 850 2852 905 modo
2878 848 3217 921 quicunque
3235 848 3546 921 episcopus
3567 865 3671 905 seu
3703 849 3866 904 archi-

2236 940 2549 1012 episcopus
2580 939 2773 995 locum
2806 939 3001 1010 ipsum
3031 938 3119 993 vel
3153 938 3472 995 monachos
3503 940 3631 1010 ejus
3663 956 3867 995 excom-

2237 1029 2538 1085 municare
2554 1029 2641 1083 vel
2658 1028 2925 1098 judicare
2945 1028 3176 1093 audeat,
3193 1029 3290 1084 sed
3321 1044 3554 1099 semper
3575 1029 3688 1084 sub
3715 1028 3865 1085 tutela

2236 1122 2295 1174 et
2350 1117 2720 1173 immunitate
2775 1118 3046 1173 Romanis
3104 1118 3261 1172 sedis
3305 1117 3611 1189 soliusque
3642 1119 3863 1173 Romani

2240 1206 2531 1278 pontificis
2550 1206 2778 1274 judicio
2809 1206 3199 1261 consistentes
3229 1205 3620 1277 omnipotenti
3651 1206 3763 1261 Deo
3790 1224 3865 1262 se-

2236 1294 2362 1350 curi
2384 1299 2441 1349 et
2456 1294 2636 1366 quieti
2654 1294 3000 1349 deserviant.
3020 1294 3229 1349 Parata
3265 1294 3439 1349 etiam
3476 1311 3510 1347 a
3539 1311 3864 1367 quocunque

2237 1383 2511 1455 episcopo
2543 1382 2830 1439 voluerint
2862 1383 2922 1438 in
2954 1400 3103 1455 opus
3133 1383 3641 1439 consecrationum
3676 1385 3731 1439 in
3758 1385 3865 1457 ipso

2238 1471 2362 1528 loco
2385 1472 2770 1544 agendarum,
2806 1472 3085 1535 chrisma,
3144 1473 3338 1529 oleum
3391 1478 3686 1542 sanctum,
3717 1479 3867 1547 atque

2238 1561 2432 1617 oleum
2462 1562 2834 1617 inﬁrmorum
2875 1561 3182 1633 accipiant.
3233 1561 3620 1619 Concedimus
3661 1580 3869 1636 quoque

2239 1649 2370 1715 tibi,
2401 1653 2458 1705 et
2486 1650 2597 1722 ipsi
2629 1649 2943 1706 venerabili
2973 1650 3122 1717 loco,
3143 1656 3202 1706 et
3221 1651 3640 1708 confirmamus
3662 1656 3869 1724 aposto-

2163 1730 2208 1794 B
2237 1737 2351 1794 lica
2369 1739 2712 1795 auctoritate
2734 1739 2969 1805 habere,
2995 1740 3488 1812 quandocunque,
3512 1740 3601 1797 vel
3628 1741 3870 1813 quandiu

2236 1827 2404 1883 vobis
2418 1826 2719 1899 placuerit,
2745 1844 3157 1899 percussuram
3176 1829 3392 1900 proprii
3417 1829 3780 1885 numismatis
3791 1828 3868 1885 vel

2238 1922 2503 1983 monetis,
2536 1917 3036 1988 quemadmodum
3092 1916 3414 1989 privilegiis
3467 1917 3865 1972 venerabilium

2238 2007 2733 2078 praedecessorum
2766 2010 3101 2063 nostrorum
3127 2006 3515 2078 comperimus
3541 2008 3701 2062 vobis
3732 2023 3863 2061 con-

2236 2112 2467 2150 cessum
2500 2099 2556 2151 et
2583 2094 2994 2150 confirmatum
3026 2112 3173 2151 esse.
3228 2097 3487 2152 Tandem
3536 2097 3596 2150 in
3625 2096 3739 2151 ﬁne
3775 2112 3869 2167 per

2238 2183 2346 2239 hoc
2366 2188 2574 2239 nostra:
2593 2182 2919 2255 apostolicae
2934 2184 3297 2240 auctoritatis
3311 2184 3677 2256 privilegium
3693 2200 3866 2238 corro-

2237 2271 2515 2328 boramus
2544 2272 2669 2339 tibi,
2695 2272 2927 2345 tuisque
2947 2273 3407 2339 successoribus,
3435 2273 3721 2345 quidquid
3752 2272 3870 2327 hac-

2235 2364 2406 2416 tenus
2437 2361 2804 2433 posscdistis,
2836 2366 2892 2416 et
2921 2361 3280 2433 acquisistis,
3312 2367 3369 2416 et
3388 2361 3663 2434 deinceps
3680 2361 3866 2433 quovis

2235 2450 2406 2505 modo
2436 2449 2698 2519 legaliter
2727 2454 2783 2505 et
2804 2451 2966 2521 juste
2996 2450 3294 2521 acquirere
3336 2450 3599 2522 poteritis
3643 2450 3701 2505 in
3755 2466 3870 2522 per-

2235 2543 2499 2609 petuum.
2533 2538 2591 2594 Si
2625 2539 2759 2610 quis
2788 2544 2984 2594 autem
3043 2556 3189 2595 ausu
3247 2540 3554 2595 temerario
3587 2538 3871 2610 impiaque

2236 2628 2689 2698 praesumptione
2701 2631 2900 2683 contra
2917 2631 3094 2682 Deum
3113 2631 3169 2683 et
3181 2632 3414 2684 sanctos
3426 2629 3555 2699 ejus
3567 2627 3871 2700 apostolos,

2234 2719 2553 2786 contraque
2582 2716 2840 2771 animam
2874 2731 3067 2777 suam.
3098 2715 3208 2771 hoc
3252 2719 3446 2771 nostro
3486 2715 3870 2788 apostolica...

2234 2802 2663 2859 maledictionis
2715 2803 2915 2859 aculeo
2955 2808 3430 2876 transpunctum.
3463 2810 3679 2860 nostrae
3724 2821 3875 2875 apos-

2233 2890 2417 2946 tolicae
2465 2892 3088 2948 excommunicationis
3138 2892 3252 2949 telo
3301 2894 3661 2974 perfossum,
3704 2894 3874 2949 nostri

2233 2980 2407 3034 etiam
2422 2979 2723 3050 apostolici
2738 2980 3128 3036 anathematis
3142 2981 3335 3053 gladio
3349 2983 3873 3039 transverberatum

2155 3091 2197 3157 α
2238 3083 2343 3122 nec
2375 3068 2486 3124 nisi
2505 3085 2623 3157 per
2654 3068 2894 3157 dignam
2925 3068 3381 3124 satistactionem
3415 3068 3593 3125 saluti
3627 3070 3872 3142 pristina:

2236 3156 2648 3226 reparandum.
2700 3156 2808 3219 Qui
2861 3172 2994 3211 vero
3044 3172 3107 3212 se
3136 3157 3209 3212 ab
3236 3157 3342 3212 hoc
3373 3158 3784 3223 observaverit,
3821 3161 3873 3213 et
3936 3208 3941 3213 .

2229 3242 2573 3298 inviolatum
2626 3242 2737 3298 hoc
2794 3248 3061 3299 nostrum
3121 3244 3484 3316 privilegium
3542 3260 3872 3317 permanere

2227 3330 2569 3394 laudaverit,
2599 3331 2694 3386 hic
2742 3332 3224 3398 benedictionem,
3283 3335 3554 3406 gratiam.
3615 3340 3676 3389 et
3704 3349 3866 3389 omne

2228 3420 2447 3475 bonum
2480 3438 2515 3476 a
2546 3419 2892 3477 retributore
2923 3421 3187 3477 omnium
3219 3423 3504 3477 bonorum
3553 3422 3693 3488 Deo,
3726 3421 3868 3478 etin

2226 3508 2439 3565 saeculo
2469 3516 2880 3581 consequatur,
2912 3515 2971 3566 et
3001 3509 3060 3565 in
3092 3512 3309 3566 futuro.

2297 3623 2593 3693 Scriptum
2624 3640 2727 3695 per
2756 3640 2970 3680 manus
2990 3624 3251 3696 Gregorii
3273 3624 3479 3681 notarii
3498 3629 3556 3681 et
3575 3625 3867 3682 scriniarii

2225 3711 2373 3766 sacri
2409 3712 2812 3768 Lateranensis
2843 3711 3062 3784 palatii,
3090 3712 3148 3767 in
3186 3730 3385 3769 mense
3433 3714 3652 3781 Martii,
3686 3715 3867 3771 indic-

2224 3799 2384 3856 tione
2413 3817 2492 3855 x1.

2296 3921 2501 3971 Datum
2551 3916 2746 3971 Romae
2796 3916 2852 3971 in
2902 3917 3114 3989 palatio
3164 3919 3562 3986 Lateranensi,
3616 3921 3866 3977 secundo

2220 4006 2414 4061 Nonas
2432 4004 2643 4069 Martii,
2666 4021 2767 4076 per
2783 4022 2993 4061 manus
3011 4007 3310 4062 Humberti
3321 4050 3333 4076 ,
3350 4013 3566 4063 sanctae
3598 4009 3863 4065 Ecclesiae

2218 4093 2382 4148 Silvae
2415 4092 2685 4147 Candidas
2716 4094 2969 4166 episcopi
2995 4093 3725 4153 etbibliothecariisancte
3760 4099 3864 4154 Ro-

2220 4200 2401 4238 mana:
2434 4186 2488 4237 et
2519 4180 2845 4253 apostolica:
2877 4183 3057 4251 sedis,
3088 4201 3241 4239 anno
3273 4184 3460 4256 primo
3488 4186 3862 4258 pontiﬁcatus

2218 4270 2415 4327 domni
2459 4287 2619 4342 papa:
2679 4270 2957 4342 Stephani
3002 4272 3231 4342 decimi,
3280 4274 3597 4331 indictione
3639 4275 3867 4331 undeci—

2220 4378 2335 4416 ma.
