4086 6168
306 278 425 347 885

964 287 1381 361 GOZECHINI
1428 298 1935 367 SCHOLAS'I‘ICI
1977 301 2361 369 EPISTULA
2411 309 2515 370 AD
2558 304 3068 377 VALCHERUM.

3590 318 3708 418 383

308 441 3709 501 Μ

1597 646 1770 692 CIBGA
1814 648 2027 695 ANNUM
2071 651 2291 698 DOHINI
2331 655 2499 699 κως.

791 767 1848 910 GOZECHINUS
1950 781 3215 924 SCHOLASTICUS.

808 1256 912 1316 DE
956 1256 1402 1320 GOZECHINO
1447 1261 1979 1327 SCHOLASTICO
2023 1267 2124 1327 ΕἸ1
2167 1268 2579 1333 OPUSCULO
2625 1271 3195 1345 SUBSEQUENTI.

1036 1390 1224 1462 (Apud
1259 1360 1799 1451 Galland.bz’blz‘oth.
1829 1399 2005 1466 Patr.,
2036 1401 2181 1453 tom.
2214 1399 2355 1470 XIV,
2390 1401 2635 1475 Proleg.,
2671 1419 2803 1476 pag.
2835 1404 2957 1477 VIII)

1789 1530 2214 1543 —————__—

359 1617 988 1706 Gozechinus,natione
1018 1623 1571 1706 Germanus,Leodii
1604 1625 2176 1706 aliquandolitteras
2208 1631 2406 1706 docuit
2434 1632 2553 1698 ;ubi
2584 1633 2739 1706 inter
2769 1635 3092 1706 discipulos
3121 1636 3330 1693 habuit
3349 1638 3701 1699 Valcherum

284 1691 608 1778 quemdam
627 1691 752 1778 sibi
784 1707 1143 1778 magnopere
1166 1694 1509 1778 οἱπερ]φέξὰ
1536 1691 1724 1778 quem:
1743 1699 1947 1778 scribit
1975 1700 2297 1774 longiorem
2330 1691 2494 1778 illam
2527 1704 2834 1778 epistolam
2864 1691 3061 1778 quam
3085 1691 3705 1778 ciﬁi‘bémuliﬁiliaiil

284 1760 462 1853 lectis
478 1760 1062 1853 Mabill.§.qspicratur
1089 1764 1243 1853 idem
1275 1760 1649 1853 hishillonius
1678 1770 2027 1853 Valcherum
2052 1760 2172 1853 ῐῖὃιιΔ
2188 1790 2314 1853 esse
2338 1773 2518 1853 alium
2547 1760 2828 1853 a_V_alte_r_o
2860 1760 3703 1853 Burgundioneﬁeﬁqu'o-
3782 1816 3787 1823 -

284 1848 503 1920 manus
522 1833 592 1920 ‘in
622 1833 1268 1920 Rbythmﬂuercbatur
1286 1837 1605 1920 Valcherus
1632 1842 1783 1920 quod
1809 1842 2404 1920 immutassctncathed
2414 1861 2535 1920 ram
2560 1850 2616 1899 et
2633 1846 2910 1920 [.eodium
2924 1833 3691 1920 (ἔδεθὼίὸυέὰὲεέιῖιῖἱξξθῖῖ

280 1905 402 1988 cui,
436 1905 539 1988 sed
576 1905 893 1988 praesertim
926 1907 1272 1988 adversariis
1302 1909 1426 1966 suis
1455 1905 1786 1988 respondet,
1823 1912 2150 1988 apologiam
2175 1916 2309 1969 facti
2339 1916 2767 1988 scribens.Post
2797 1934 2972 1988 quam
3005 1919 3180 1974 etiam
3214 1905 3468 1976 excurrit
3482 1905 3700 1980 ad‘de;

280 1973 890 2067 plorandaqproliaius'
920 1977 1076 2067 mala
1099 1981 1189 2060 sui
1220 1982 1521 2067 temporis,
1553 1973 1949 2067 qusi-promer
1973 1973 2317 2067 duepravatos
2349 2003 2541 2067 mores
2573 1992 2630 2042 et
2661 1973 2912 2043 haeresim
2938 1973 3700 2067 potissimumvﬁerejn—garii

281 2047 978 2138 iuncea-fuerantnlllu'd
1009 2050 1261 2131 maxime
1292 2047 2030 2138 ostendere'n‘ititurmosse
2050 2047 2396 2138 quempiam
2427 2058 2692 2138 deserere
2721 2047 3157 2138 eos,.a.q_uibus
3188 2078 3396 2138 parum
3428 2047 3697 2138 velit‘iiwhil

282 2116 559 2191 utilitatis
589 2124 898 2191 exspectet.
931 2122 1238 2177 Hominem
1269 2140 1331 2178 se

278 2193 371 2244 est
399 2189 649 2261 epistola
680 2189 852 2262 paulo
882 2196 1015 2264 post
1046 2198 1294 2249 mortem

1405 2124 1555 2207 rodit
1584 2124 1922 2207 litterarum
1953 2124 2462 2210 non'ineruditum
2492 2146 2596 2256 Ero
2617 2124 2897 2202 temporis
2922 2124 3083 2187 illius
3109 2124 3698 2210 conditione.Scripta

1405 2212 1557 2250 inrici
1588 2203 1958 2256 imperatoris
1987 2202 2042 2254 et
2075 2199 2363 2255 Luitboldi
2398 2217 2493 2256 arc
2543 2200 2818 2256 lenisconi
2850 2204 2951 2256 qui
2981 2202 3124 2256 obiit
3154 2221 3248 2256 an.
3284 2204 3444 2256 4059.

1377 2199 1557 2251 enrici
1588 2199 1958 2268 imperatoris
1987 2202 2042 2254 et
2075 2199 2363 2255 Luitboldi
2398 2217 2493 2256 arc

2543 2200 2818 2274 iepiscopi
2850 2204 2951 2274 qui
2981 2202 3124 2260 obiit
3154 2221 3248 2259 an.
3284 2204 3444 2262 4059.

281 2347 3696 2381 ___________________________

991 2490 1863 2681 GOZECHINI
1967 2494 2989 2656 SCHOLASTICI

1685 2741 2297 2836 EPISTULA

756 2916 851 2971 AD
891 2915 1346 2973 VALGHERUM
1385 2917 1634 2974 ITIDEM
1675 2918 2249 2988 SCHOLASTICUM,
2293 2920 2493 2976 SUUM
2535 2920 2713 2976 OLIM
2753 2920 3208 2978 DISCIPULUM.

1154 3042 1343 3113 (Apud
1379 3041 1646 3098 Galland.
1682 3042 1941 3127 Biblioth.
1974 3044 2125 3099 Patr.
2160 3048 2301 3099 tom.
2336 3044 2480 3113 XIV,
2511 3061 2641 3118 pag.
2674 3046 2822 3118 230.)

286 3193 662 3302 Praemissa
689 3193 1041 3302 apologia,
1091 3191 1280 3302 quod
1312 3193 1550 3302 relicto
1593 3193 2044 3302 Laodicensis
2083 3194 2435 3302 cathedra;
2476 3197 2911 3296 magisterio,
2949 3199 3402 3302 Moguntiam
3452 3221 3689 3273 seces-

380 3290 571 3379 serit,
608 3290 796 3363 mala
834 3290 940 3363 sui
978 3291 1315 3390 temporis
1353 3291 1693 3387 deplorat,
1713 3314 1797 3365 ex
1820 3292 2232 3392 Berengarii
2255 3295 2561 3369 maxime
2580 3290 2909 3394 perversa
2928 3290 3252 3372 doctrina
3273 3303 3678 3371 consecuta.

352 3596 395 3651 Ι.
430 3593 701 3651 Unanimi
730 3612 835 3650 suo
860 3594 1021 3649 fratri
1046 3594 1238 3650 etﬁlio
1258 3594 1583 3664 VALCHERO,
1612 3597 1788 3651 frater
1816 3596 1927 3651 Go-
1957 3596 2010 3662 Α
2041 3595 2219 3651 fluam
2254 3596 2565 3669 mergitum
2585 3601 2641 3652 et
2663 3597 2934 3653 foliorum
2956 3597 3270 3666 luxuriem,
3298 3597 3675 3668 postmodum

283 3700 578 3751 ZDCHINUS,
608 3682 667 3737 in
700 3700 766 3739 eo
796 3683 953 3754 quod
984 3688 1075 3738 est
1096 3699 1243 3752 esse,
1279 3683 1518 3739 feliciter
1553 3701 1770 3741 coesse.
1820 3684 1928 3739 Re-

2039 3685 2111 3740 de
2141 3691 2432 3741 cremento
2481 3691 2536 3741 et
2587 3686 2777 3741 fructu
2809 3687 2935 3756 ejus
2965 3686 3302 3756 gauderem.
3338 3683 3480 3749 Quis
3527 3684 3686 3739 enim

284 3772 548 3830 tractatis
590 3771 1033 3845 multiplicibus,
1068 3789 1193 3843 quae
1227 3772 1367 3827 mihi
1410 3791 1560 3845 smpe
1598 3775 1669 3829 ad
1721 3779 1931 3829 nutum
2041 3772 2266 3844 plantat
2296 3774 2546 3838 vincam,
2579 3777 2635 3828 et
2664 3774 2733 3828 de
2754 3774 2942 3828 fructu
2967 3774 3096 3842 ejus
3127 3786 3245 3826 non
3275 3769 3532 3841 accipit?
3564 3770 3682 3843 Ego

284 3860 624 3923 exhibuisti,
646 3860 1061 3916 benevolentiae
1083 3859 1423 3931 impendiis,
1451 3861 1755 3934 multiplex
1777 3880 1810 3917 a
1841 3878 1933 3917 me
2041 3879 2173 3916 vero
2204 3877 2601 3933 saepenumero
2626 3860 2843 3917 laboris
2876 3860 2991 3914 mei
3040 3858 3272 3915 dulcem
3316 3858 3537 3914 messui
3567 3858 3690 3913 fru-

285 3951 410 4016 tibi,
445 3948 810 4016 charissime,
843 3953 899 4004 et
928 3948 1176 4004 habetur
1202 3954 1261 4004 et
1302 3950 1550 4005 refertur
1578 3950 1794 4022 gratia;
1830 3967 1935 4006 nec

284 4039 478 4096 solum
508 4055 614 4111 pro
645 4035 824 4105 dulci,
847 4038 1113 4108 jucunda
1151 4054 1216 4092 ac
1251 4038 1411 4093 suavi
1442 4044 1702 4094 veterum
1744 4055 1934 4094 recor-

284 4128 544 4195 datione,
578 4127 677 4183 sed
694 4130 749 4181 et
771 4143 875 4197 pro
898 4125 1102 4181 festiva
1124 4126 1255 4181 novi
1278 4127 1540 4182 muneris
1557 4125 1931 4183 exhibitione.

283 4216 498 4272 Misisti
535 4215 691 4270 enim
714 4214 861 4269 mihi
891 4230 1067 4287 quem
1096 4215 1362 4286 petebam
1393 4215 1631 4281 librum,
1671 4215 1939 4271 videlicet

282 4322 465 4378 Opera
523 4303 841 4375 digitorum
890 4307 1147 4369 tuorum,
1189 4302 1247 4357 in
1285 4320 1401 4374 quo
1450 4303 1621 4375 plane
1678 4305 1937 4359 ostendis

284 4392 495 4467 quanti
526 4408 618 4448 me
651 4392 855 4458 facias,
879 4392 1250 4463 quamqueid
1274 4393 1426 4464 quod
1462 4410 1554 4447 me
1584 4392 1729 4448 velle
1759 4392 1935 4462 nosti,

285 4500 406 4539 non
437 4481 499 4537 in
541 4480 815 4536 secundis
843 4479 1084 4536 habeas.
1118 4480 1222 4544 Qui
1257 4480 1457 4553 utique
1488 4480 1635 4536 liber
1662 4482 1743 4536 ita
1771 4483 1938 4536 inno-

283 4577 384 4628 vat
422 4574 636 4627 cuncta
678 4586 805 4642 qua:
855 4569 1001 4625 mihi
1066 4569 1311 4625 antehac
1362 4570 1701 4642 impendisti
1759 4572 1941 4627 chari-

282 4660 431 4717 tatis
481 4657 673 4726 xenia,
720 4675 786 4714 ac
834 4658 884 4713 si
930 4673 997 4713 ea
1053 4675 1254 4714 secum
1312 4660 1599 4731 gregatim
1660 4660 1941 4716 revehens

285 4747 437 4805 mihi
488 4747 661 4803 sistat
699 4747 1030 4818 praesentia.
1084 4746 1250 4802 Hunc
1303 4762 1439 4819 ergo
1490 4747 1588 4802 diu
1648 4765 1682 4803 a
1738 4753 1795 4803 te
1843 4764 1939 4803 ex-

283 4839 621 4910 spectatum
651 4838 718 4889 ut
754 4835 1009 4906 primum
1038 4834 1178 4903 vidi,
1216 4839 1283 4889 ut
1312 4834 1371 4889 in
1406 4836 1681 4891 manibus
1723 4836 1938 4907 accepi,

285 4930 345 4980 et
374 4922 659 4979 articulos
702 4926 856 4988 tuos,
907 4923 1025 4977 imo
1065 4926 1123 4977 te
1169 4922 1365 4993 ipsum
1408 4922 1466 4977 in
1512 4939 1579 4978 eo
1628 4924 1856 4995 agnovi,
1889 4928 1946 4979 et

286 5018 450 5069 totus
475 5013 536 5066 in
568 5028 776 5067 novam
808 5011 895 5066 tui
935 5010 1308 5065 dilectionem
1351 5012 1585 5081 penitus
1629 5013 1837 5077 exarsi,
1880 5029 1946 5067 ac

288 5102 338 5158 si
382 5099 631 5157 antehac
677 5103 981 5172 expertum
1038 5116 1154 5154 non
1197 5098 1554 5154 dilexissem.
1601 5102 1761 5156 Serio
1813 5117 1946 5156 vero

289 5188 626 5261 triumphat
655 5187 910 5253 animus,
944 5187 1095 5259 quod
1129 5186 1305 5243 rudes
1345 5188 1622 5243 articulos
1662 5194 1796 5244 tuos
1845 5189 1947 5244 ali-

287 5277 530 5353 quando
562 5277 690 5349 ipse
719 5292 900 5331 manu
932 5292 1065 5331 mea
1096 5275 1169 5330 ad
1201 5276 1580 5331 scribendum
1613 5278 1944 5342 direxerim,

287 5366 570 5440 quodque
599 5363 749 5421 male
777 5368 1043 5421 tornatos
1070 5363 1287 5436 apices,
1319 5368 1646 5438 oaeteraque
1674 5366 1730 5420 id
1764 5383 1949 5438 genus

289 5473 420 5529 quas
450 5459 658 5510 tenera
678 5456 878 5525 peccat
902 5456 1062 5520 aetas,
1098 5470 1276 5525 super
1306 5455 1551 5510 dorsum
1573 5460 1740 5509 tuum
1773 5456 1948 5510 cude-

289 5546 424 5613 rim,
456 5548 528 5599 ut
559 5542 779 5600 scilicet
803 5543 875 5599 de
906 5541 1222 5600 arbuscula
1258 5547 1458 5599 nostra
1481 5548 1699 5616 putans
1742 5560 1947 5617 super-

2045 3956 2205 4005 ctum
2233 3951 2292 4005 in
2325 3949 2416 4004 his
2451 3950 2666 4021 quibus
2706 3966 2737 4004 a
2766 3965 2859 4004 me
2889 3947 3168 4019 plantatis
3198 3952 3258 4004 et
3294 3945 3498 4021 rigatis
3536 3946 3693 4004 Deus

2044 4040 2205 4094 dedit
2246 4039 2671 4093 incrementum
2720 4054 2731 4092 :
2786 4055 2819 4093 a
2850 4035 3013 4092 nullo
3042 4040 3240 4093 tamen
3273 4052 3477 4093 eorum
3528 4039 3695 4094 tanta

2047 4126 2191 4181 mihi
2236 4126 2462 4181 afﬂuxit
2514 4125 2802 4194 fertilitas,
2848 4126 2990 4198 quin
3022 4140 3255 4197 semper
3283 4128 3401 4182 ate
3429 4124 3695 4183 cumula-

2048 4222 2141 4271 tor
2171 4214 2317 4269 mihi
2359 4200 2613 4269 arrideat
2639 4214 2802 4269 bonae
2834 4213 3018 4287 frugis
3048 4215 3308 4271 ubertas.

2118 4304 2168 4359 ΙΙ
2222 4304 2287 4358 Et
2317 4320 2349 4359 o
2377 4303 2599 4358 utinam
2633 4320 2837 4359 omnes
2867 4303 3177 4377 utriusque
3197 4303 3469 4360 auditorii
3502 4302 3688 4359 nostri

2047 4392 2302 4448 asseclas
2331 4391 2476 4447 tales
2506 4392 2859 4448 enutrissem
2885 4392 2897 4447 Ι
2933 4393 3159 4448 utinam
3180 4392 3268 4448 vel
3292 4396 3485 4448 ‘unum
3515 4390 3693 4447 talem

2048 4481 2368 4538 senectutis
2398 4498 2536 4537 mea:
2558 4481 2831 4537 baculum
2856 4482 3009 4535 inter
3028 4497 3127 4536 eos
3148 4480 3405 4535 invenire
3426 4476 3690 4551 possem!

2050 4572 2149 4627 sed
2184 4570 2326 4626 heu!
2351 4571 2522 4641 juxta
2552 4570 2705 4641 quod
2739 4570 3001 4624 divinum
3035 4586 3137 4640 per
3165 4567 3510 4640 prophetam
3553 4583 3692 4623 con-

2050 4659 2316 4731 queritur
2369 4658 2693 4727 oraculum,
2752 4656 2923 4712 hodie
2979 4660 3069 4712 est
3123 4655 3278 4711 filios
3335 4655 3593 4713 enutrirc
3638 4659 3698 4713 et

2050 4746 2337 4816 exaltare;
2386 4748 2547 4820 ipsos
2601 4750 2793 4801 autem
2844 4748 3054 4817 printer
3100 4744 3420 4801 admodum
3451 4761 3692 4819 paucos,

2052 4836 2400 4892 exaltantem
2433 4852 2495 4890 se
2525 4849 2816 4905 spernere.
2851 4832 3118 4890 Viderint
3161 4838 3357 4891 autem
3389 4834 3488 4908 qui
3539 4835 3701 4908 ejus-

2053 4925 2210 4980 modi
2243 4929 2403 4992 sunt,
2436 4940 2506 4978 ne
2536 4938 2638 4994 pro
2688 4925 3020 4994 contemptu
3071 4922 3219 4979 bene
3265 4924 3557 4981 monentis
3601 4938 3704 4996 pa-

2056 5014 2182 5081 tris,
2215 5031 2247 5068 a
2283 5014 2448 5067 Patre
2489 5014 2720 5083 patrum
2765 5009 3067 5083 priventur
3095 5016 3445 5071 testamento
3477 5017 3701 5069 aeterna

2059 5101 2433 5157 hereditatis.
3160 5170 3165 5175 .

2128 5190 2225 5245 Ill.
2266 5192 2349 5245 Tu
2393 5204 2549 5254 vero,
2599 5188 2677 5241 mi
2715 5187 3080 5260 charissime,
3122 5192 3209 5246 fac
3258 5190 3410 5262 quod
3452 5184 3700 5258 coepisti,

2058 5286 2373 5349 augmenta
2402 5277 2461 5332 in
2496 5279 2688 5347 majus
2709 5280 2765 5331 et
2786 5277 2996 5333 melius
3027 5295 3154 5349 quae
3186 5296 3219 5334 a
3248 5294 3341 5333 me
3364 5278 3518 5332 bona
3546 5290 3705 5332 acce-

2057 5366 2216 5438 pisti,
2268 5384 2373 5422 nec
2398 5384 2432 5421 a
2452 5370 2554 5420 tua
2578 5381 2836 5435 unquam
2867 5365 3102 5422 desinas
3132 5363 3547 5422 innumerabili
3566 5380 3706 5437 erga

2059 5472 2152 5509 me
2184 5456 2561 5525 benignitate,
2596 5470 2699 5525 pro
2737 5469 2853 5525 qua
2884 5454 2954 5509 ab
2987 5470 3052 5510 eo
3085 5455 3185 5526 qui
3216 5455 3321 5511 tibi
3353 5472 3446 5511 me
3480 5470 3702 5526 prapo-

2061 5543 2199 5611 suit,
2233 5549 2445 5599 aeterna
2476 5542 2710 5599 doneris
2738 5541 3091 5599 hmreditate.
3135 5542 3252 5601 Hoc
3290 5561 3423 5602 vero
3466 5560 3570 5601 nec
3600 5560 3704 5601 no-
