4086 6168
433 309 556 373 887

1637 304 2054 370 GOZEGHINI
2105 301 2631 368 SCHOLASTICI.

3709 304 3824 370 888

436 463 574 502 vum
614 443 776 512 facis,
810 460 913 500 nec
945 445 1152 516 prmter
1172 441 1432 508 solitum,
1461 441 1509 497 si
1529 445 1582 497 te
1600 441 1741 496 mihi
1767 445 1885 495 tam
1908 439 2072 496 exhi-
2104 438 2161 507 Α
2188 442 2246 495 et
2275 438 2420 495 ratio
2451 444 2767 512 pateretur,
2799 438 3092 498 continuis
3122 438 3420 514 pulsarem
3451 457 3624 499 aures
3653 444 3827 516 preci-

434 536 537 592 bes
559 535 877 607 benignum
903 551 914 587 :
943 535 1043 590 sed
1066 538 1272 589 etcum
1296 533 1484 588 adhuc
1507 533 1616 587 sub
1638 530 1889 586 scholari
1912 530 2079 585 ﬂeres

436 623 641 688 ferula,
676 623 878 678 eadem
903 621 1045 676 mihi
1068 621 1356 677 serviebas
1377 619 1774 700 benevolentia
1798 637 1809 674 :
1835 623 1892 674 et
1921 619 2077 690 quod

438 713 510 767 de
530 715 604 776 te,
620 713 765 766 utde
786 712 1004 766 caeteris
1018 709 1178 766 solus
1197 714 1387 764 metus
1406 709 2076 779 sufﬁceretextorquere,

435 803 501 855 tu
531 817 646 872 pre:
676 799 917 866 cazteris,
951 805 1016 854 ut
1044 798 1102 852 in
1133 797 1232 853 tali
1267 797 1563 852 animante
1588 797 1796 865 conjici
1827 799 2076 868 poterat,

435 889 624 960 magis
645 889 750 943 hoc
766 888 1075 943 exhibebas
1091 887 1355 943 ultronea
1372 887 1647 953 bonitate;
1673 887 1814 942 adeo
1834 889 1900 940 ut
1921 889 2077 940 totus

434 978 503 1032 de
533 980 676 1030 nutu
709 975 826 1030 oris
858 975 968 1028 mei
1002 975 1304 1045 penderes,
1353 993 1454 1030 nec
1486 975 1809 1046 quidquam
1843 976 1913 1029 de
1945 989 2074 1028 ver-

433 1067 524 1121 bis
558 1065 703 1120 meis
735 1065 791 1119 in
818 1069 1030 1120 terram
1065 1065 1268 1119 cadere
1309 1065 1692 1135 permitteres.
1730 1064 1992 1135 Cumque
2023 1067 2080 1117 te

435 1154 625 1209 adhuc
656 1171 902 1226 puerum
933 1155 1004 1209 ob
1038 1154 1375 1224 hujusmodi
1424 1154 1663 1226 diligere
1693 1154 1987 1226 coeperim,
2021 1155 2080 1207 et

432 1247 671 1314 propter
717 1243 832 1298 alia
861 1244 1124 1315 quaedam
1157 1244 1326 1315 signa
1362 1243 1591 1298 virtutis
1622 1243 1679 1297 in
1715 1248 1768 1298 te
1790 1244 1918 1312 jam
1951 1247 2075 1296 tum

430 1331 771 1400 eminentia,
793 1333 1009 1387 factum
1032 1336 1118 1388 est
1139 1349 1376 1387 accessu
1400 1333 1606 1399 aetatis,
1629 1336 1692 1386 ut
1712 1349 1875 1404 spem
1900 1333 2072 1387 hone-

433 1420 670 1475 stiorem
701 1420 758 1474 in
779 1421 902 1475 dies
924 1422 993 1476 de
1025 1425 1078 1476 te
1097 1425 1410 1493 captarem,
1444 1421 1820 1477 considerans
1850 1421 1966 1476 vim
1991 1422 2077 1475 in—

433 1509 671 1565 dustriae
702 1513 814 1564 tuae
849 1512 918 1564 ad
953 1511 1365 1566 obscuritatem
1414 1510 1752 1576 lectionum,
1789 1511 2078 1582 sagacita-

434 1606 574 1665 tem,
605 1599 988 1673 vigilantiam,
1023 1615 1269 1656 acumen
1302 1599 1509 1655 alacris
1543 1600 1759 1667 ingenii
1809 1602 1877 1656 ad
1912 1601 2080 1671 fugas

440 1690 749 1747 subtilium
771 1706 968 1745 rerum
1003 1706 1014 1744 :
1050 1689 1191 1744 adeo
1227 1693 1288 1743 ut
1320 1705 1452 1743 cum
1485 1690 1677 1744 caeteri
1709 1689 2081 1748 cateeheseos

2186 528 2299 584 bus
2329 529 2533 584 divinae
2562 530 2812 602 pietatis,
2852 529 2900 584 si
2933 530 3074 585 forte
3107 531 3276 586 detur
3315 535 3546 587 nostras
3600 533 3823 589 admitti

2185 635 2354 674 voces
2385 618 2538 673 intra
2566 619 2890 674 sacrarium
2911 619 3302 675 exauditionis
3337 639 3350 675 :
3385 626 3678 692 quatenus
3708 627 3824 678 tan-

2188 707 2318 760 dem
2352 706 2664 778 aliquandu
2694 724 2758 763 eo
2791 707 2896 763 loci
2931 725 3038 763 nos
3069 711 3401 780 componat,
3448 710 3545 764 ubi
3598 714 3699 764 tua
3745 710 3824 767 vel

2188 793 2436 851 aliorum
2468 795 2682 867 quibus
2712 796 2995 864 concrevi,
3016 796 3102 852 vel
3133 814 3280 870 quos
3303 797 3551 852 enutrivi
3577 799 3830 872 benigni-

2187 886 2325 952 tate,
2351 901 2487 954 qua,
2511 884 2648 939 dum
2673 885 2930 950 vacabat,
2948 886 3208 956 jucunde
3235 885 3449 942 fruitus
3471 903 3629 955 sum,
3647 888 3830 943 adhuc

2189 973 2302 1028 frui
2351 973 2536 1040 liceat,
2583 974 2735 1029 sicut
2767 976 2950 1046 prius,
2984 978 3040 1029 et
3069 976 3138 1030 de
3168 978 3357 1032 vestro
3408 976 3677 1032 convictu
3714 977 3829 1050 glo-

2189 1062 2323 1116 riari
2347 1064 2500 1118 sicut
2527 1063 2872 1134 antiquitus.

2257 1151 2350 1205 Vl.
2377 1153 2534 1207 Licet
2555 1153 2709 1206 enim
2730 1169 2971 1208 aureum
2995 1154 3157 1226 regni
3176 1158 3370 1225 caput,
3397 1154 3610 1211 nobilis
3631 1155 3828 1211 videli~

2189 1244 2280 1295 cet
2312 1241 2629 1313 Moguntia,
2661 1241 2956 1297 melliﬂuis
2981 1243 3262 1298 ubertatis
3284 1261 3400 1298 suae
3425 1243 3590 1308 rivis,
3619 1245 3824 1315 quibus

2191 1329 2448 1400 undique
2477 1331 2684 1400 affluit,
2716 1330 2939 1386 liberali
2975 1349 3065 1386 me
3091 1332 3397 1404 aspergine
3445 1332 3753 1404 perfundat
3778 1340 3826 1389 et

2188 1417 2246 1472 in
2279 1417 2754 1489 splendidissima
2770 1421 2919 1475 sacri
2953 1425 3189 1476 senatus
3221 1422 3311 1476 sui
3332 1438 3546 1476 corona
3577 1438 3692 1477 non
3725 1423 3827 1478 hu-

2189 1509 2314 1564 mili
2335 1509 2459 1565 loco
2484 1507 2906 1564 mihicurulem
2927 1513 3133 1581 ponat;
3169 1514 3372 1580 praeter
3400 1526 3605 1565 omnes
3635 1513 3823 1566 tamen

2191 1601 2277 1669 (ut
2297 1617 2436 1671 pace
2459 1601 2586 1670 ejus
2608 1598 2876 1669 dixerim)
2901 1597 3151 1671 angulus
3175 1597 3269 1653 ille
3289 1597 3431 1653 mihi
3454 1597 3626 1668 ridet,
3663 1616 3828 1671 quem

2191 1695 2378 1745 mater
2411 1689 2583 1762 Legia
2616 1689 2746 1745 forti
2769 1689 3050 1744 virtutum
3074 1689 3278 1744 robore
3301 1689 3522 1744 nodosa
3546 1688 3830 1761 indigenis

437 1784 650 1836 nostrae
682 1778 977 1834 auditores
1007 1778 1184 1833 verba
1214 1778 1479 1846 magistri
1525 1779 1696 1833 dictis
1725 1778 1814 1834 vel
1846 1780 2079 1852 scriptis
2113 1816 2160 1880 Β
2189 1779 2312 1835 suis
2365 1783 2483 1835 tam
2533 1778 2952 1846 delectabilem,
2995 1795 3171 1851 quam
3206 1779 3536 1850 jucundum
3584 1778 3828 1833 exhibet.

437 1867 804 1941 nequiverint
824 1867 1182 1939 aequiparare
1203 1885 1214 1934 ;
1239 1871 1300 1922 tu
1324 1867 1499 1922 etiam
1525 1872 1710 1922 totum
1737 1869 2081 1941 magistrum

437 1961 497 2014 in
529 1964 586 2015 te
614 1957 893 2014 videreris
916 1958 1346 2014 transfundere.
1363 1957 1524 2013 Unde
1547 1962 1603 2013 et
1624 1974 1729 2030 ego
1747 1975 1882 2013 eum
1907 1958 2082 2015 fratre

436 2052 538 2105 tuo
559 2054 616 2104 et
634 2065 767 2104 cum
793 2048 1016 2103 cateris
1037 2047 1244 2103 amicis
1266 2046 1619 2119 quibuscum
1641 2049 1945 2118 oportebat
1965 2048 2084 2121 glo-

437 2138 651 2208 riabar,
684 2136 933 2209 speciale
954 2137 1247 2207 quoddam
1281 2135 1425 2190 mihi
1447 2151 1773 2191 accrescere
1803 2137 1860 2191 in
1894 2139 2085 2193 areola

441 2244 619 2298 quam
665 2227 1004 2297 plantabam
1034 2229 1386 2289 aromatum,
1419 2224 1640 2280 scilicet
1669 2224 1822 2280 inter
1853 2227 2082 2284 adultos

440 2319 495 2370 te
525 2314 847 2386 sapientem
882 2329 1149 2384 puerum.

514 2405 604 2456 IV.
640 2401 746 2456 Ubi
777 2417 909 2456 vero
934 2405 989 2455 te
1027 2401 1294 2455 adultum
1327 2405 1558 2473 propter
1593 2404 1776 2460 bonos
1807 2422 1997 2461 mores
2029 2411 2085 2461 et

440 2491 566 2545 vita:
614 2489 980 2544 honestatem
1038 2489 1363 2560 gaudebam
1406 2491 1610 2546 sedulo
1664 2509 1892 2548 mecum
1933 2511 2081 2560 esse,

441 2578 578 2649 quid
609 2583 665 2634 te
695 2579 939 2650 gratius,
975 2579 1113 2650 quid
1139 2582 1192 2633 te
1215 2580 1549 2646 amabilius,
1584 2581 1729 2636 mihi
1751 2589 1873 2638 erat
1896 2582 1907 2637 ε
1934 2601 2082 2639 nun-

441 2666 721 2738 quidnam
772 2665 1005 2737 aliquis.
1057 2665 1140 2720 vel
1175 2665 1394 2737 aliquid
1445 2672 1671 2737 poterat
1716 2669 2080 2737 intervenire,

440 2757 594 2828 quod
620 2759 677 2810 te
706 2755 858 2827 apud
895 2772 986 2810 me
1017 2755 1075 2808 in
1108 2755 1382 2810 secundis
1412 2757 1607 2811 fecerit
1635 2775 1763 2813 esse
1783 2759 1810 2813 ‘I
1840 2775 1906 2814 ac
1941 2759 2086 2814 mul-

438 2851 632 2900 tarum
655 2844 890 2916 quidem
915 2859 1107 2898 rerum
1132 2848 1306 2913 atque
1323 2844 1628 2901 hominum
1653 2848 1969 2904 assiduitas
1992 2866 2082 2904 sa-

441 2933 701 2989 tietatem
744 2934 946 2988 afferre
986 2931 1172 2989 solet:
1208 2938 1262 2988 te
1294 2950 1423 2989 vero
1456 2934 1597 2990 mihi
1631 2937 1787 2991 domi
1830 2938 2085 3010 forisque

442 3021 990 3094 conjunctissimum
1022 3023 1384 3078 consuetudo
1407 3023 1534 3096 ipsa
1564 3025 1739 3081 altius
1771 3027 2082 3096 inserebat;

442 3115 506 3166 ut
535 3110 795 3182 quotidie
826 3109 1043 3183 gratior
1073 3112 1472 3184 recentiorque
1501 3113 1818 3170 habereris.
1854 3117 1919 3171 Et
1963 3132 2080 3171 me-

2195 1874 2326 1942 lpsa
2354 1869 2531 1935 enim,
2566 1872 2629 1923 ut
2651 1869 2824 1933 nosti,
2849 1885 2916 1923 ex
2946 1868 3189 1923 occidua
3218 1868 3309 1923 sui
3341 1870 3523 1939 parte,
3551 1884 3663 1923 non
3695 1867 3827 1922 sub-

2193 1958 2329 2014 ditis
2351 1958 2587 2013 collium
2611 1957 2776 2013 clivis
2791 1957 3105 2014 clementer
3124 1961 3337 2028 erecta,
3360 1956 3701 2028 geminoque
3716 1973 3820 2028 pu-

2194 2047 2326 2102 blici
2363 2047 2577 2103 montis
2605 2047 2839 2112 reflexu,
2873 2047 2969 2118 qui
3003 2047 3061 2101 in
3090 2047 3264 2101 dorso
3295 2061 3408 2100 non
3443 2045 3687 2100 multum
3719 2062 3826 2100 au-

2194 2138 2342 2205 daci,
2377 2141 2627 2209 quatuor
2657 2136 2939 2208 regularis
2969 2136 3096 2190 vitae
3137 2139 3326 2207 gestat
3350 2150 3590 2207 greges;
3624 2134 3830 2206 ipsius,

2193 2226 2695 2300 inquam,gemino
2709 2227 2920 2281 reﬂexu
2937 2225 3186 2280 molliter
3201 2224 3434 2293 situata,
3455 2223 3606 2279 sicut
3620 2223 3834 2295 gallina

2193 2314 2383 2386 pullosl
2413 2331 2572 2379 suos,
2599 2314 2677 2369 ita
2698 2313 2818 2368 haec
2848 2312 3000 2369 ﬁlios
3021 2330 3162 2368 suos
3184 2313 3294 2369 sub
3325 2311 3448 2368 alas
3487 2311 3730 2384 colligit,
3756 2312 3832 2366 fo-

2194 2409 2286 2458 vet
2315 2406 2372 2459 et
2403 2403 2605 2470 nutrit,
2641 2407 2695 2458 et
2726 2403 2796 2457 ad
2831 2419 3003 2457 omne
3039 2403 3191 2473 quod
3224 2401 3388 2457 civile
3437 2401 3533 2471 sit,
3565 2405 3624 2456 et
3666 2401 3833 2456 mori-

2193 2492 2305 2547 bus
2337 2494 2642 2559 conducat,
2668 2492 2944 2547 informat
2972 2495 3028 2546 et
3057 2491 3295 2546 instruit
3327 2508 3338 2545 :
3374 2507 3478 2546 nec
3509 2489 3830 2562 quidquam

2193 2581 2412 2652 patitur
2440 2582 2664 2644 deesse,
2697 2581 2853 2652 quod
2883 2580 2968 2634 vel
2987 2581 3214 2652 copiam
3235 2595 3450 2652 regere,
3474 2579 3559 2633 vel
3579 2579 3837 2652 inopiam

2193 2670 2378 2742 possit
2405 2674 2750 2741 temperare.
2784 2669 3094 2724 Allubescit
3114 2685 3345 2741 quoque
3367 2672 3426 2723 at
3443 2666 3614 2722 alluit
3636 2669 3708 2723 ad
3733 2667 3834 2724 loci

2195 2759 2624 2814 munimentum
2667 2761 2724 2814 et
2753 2759 2929 2831 sepia:
2961 2757 3432 2829 supplementum
3475 2775 3592 2812 non
3631 2758 3840 2813 subitis

2194 2848 2515 2921 allapsibus
2537 2848 2790 2903 bicornis
2809 2849 2987 2915 Mosa,
3022 2847 3363 2902 fluminibus
3390 2850 3603 2901 nostrae
3636 2846 3841 2920 Belgia

2195 2955 2306 2993 non
2328 2937 2619 2992 immerito
2642 2937 3024 3008 praeferenda:
3051 2953 3177 3008 quae
3217 2953 3331 2991 non
3373 2935 3563 2990 solum
3595 2936 3836 3001 civibus,

2193 3028 2294 3083 sed
2329 3031 2386 3082 et
2417 3027 2708 3099 indigenis
2737 3031 2900 3080 terrae
2936 3025 3183 3097 piscium
3217 3025 3381 3097 copia
3415 3024 3546 3080 fluit
3573 3025 3837 3098 dapsilis,

2191 3117 2366 3172 variis
2395 3116 2676 3170 mercium
2695 3115 3118 3169 commeatibus
3141 3113 3665 3184 habilis,omnique
3689 3132 3841 3186 pror-

442 3178 1008 3272 ritdquidemiNam
1038 3203 1093 3254 te
1114 3199 1257 3254 mihi
1283 3200 1339 3254 in
1363 3178 1589 3257 cunctis
1605 3203 1747 3259 adeo
1768 3205 2081 3261 exhibebas
2113 3178 2156 3245 (ἶ
2194 3222 2297 3260 sus
2327 3205 2807 3260 commoditatum
2827 3219 3036 3276 genere
3059 3201 3462 3269 conducibilis,
3480 3178 3724 3275 excepto
3755 3205 3840 3274 (ut

442 3289 806 3365 unanimem,
833 3293 1021 3342 utnon
1037 3289 1226 3343 solum
1249 3290 1318 3344 de
1331 3307 1605 3346 successu
1631 3309 1758 3348 meo
1776 3295 2083 3365 gauderes,

441 3394 641 3432 verum
673 3381 749 3440 et,
784 3377 830 3430 si
863 3378 1095 3446 quando
1115 3394 1204 3431 res
1228 3383 1456 3433 nostras
1479 3381 1722 3435 adversa
1751 3384 2084 3440 concussis-

445 3468 594 3530 sent,
628 3468 690 3518 tu
724 3463 909 3518 multo
938 3464 1205 3519 acerbius
1237 3466 1536 3537 multoque
1581 3468 1882 3540 indignius
1912 3476 2086 3543 atque

447 3568 572 3624 ego,
598 3552 768 3623 cujus
800 3551 1075 3607 intererat
1097 3552 1391 3609 tolerares.
1418 3556 1664 3627 Eratque
1682 3558 1806 3628 jam
1839 3562 1962 3614 tum
1993 3577 2084 3617 ex-

438 3639 611 3712 periri
664 3643 951 3713 quantum
999 3641 1192 3696 valeas
1231 3642 1406 3698 etiam
1439 3644 1700 3711 consilio,
1737 3647 1877 3702 dum
1911 3651 2082 3706 modo

435 3730 792 3803 profectibus
815 3730 1029 3786 nostris
1043 3731 1305 3801 gnaviter
1321 3734 1652 3800 annuendo,
1676 3737 1846 3790 modo
1865 3737 2080 3794 incom-

431 3819 622 3876 modis
637 3818 879 3875 virilitcr
898 3819 1236 3880 obtinendo.
1251 3837 1343 3877 res
1362 3825 1763 3896 nostras:szepe
1787 3824 1844 3880 in
1869 3826 2078 3883 melius

425 3908 727 3963 reduxisti.
755 3908 811 3963 Si
847 3910 1080 3980 quando
1112 3927 1245 3965 vero
1277 3911 1348 3965 ab
1381 3912 1763 3969 exterioribus
1786 3915 1931 3971 mihi
1961 3934 2074 3975 non

426 3998 670 4050 vacabat
722 3998 967 4068 negotiis
1006 3998 1214 4066 feriari,
1247 4005 1307 4054 tu
1338 4001 1491 4056 vices
1514 4002 1772 4057 absentis
1806 4005 2072 4077 magistri

424 4083 577 4138 inter
603 4085 876 4155 adjutorii
909 4087 1091 4140 nostri
1111 4089 1496 4144 concelliones
1522 4090 1602 4144 ita
1633 4095 2071 4164 exsequebaris,

425 4176 491 4226 ut
520 4189 764 4244 quaeque
786 4173 871 4229 vel
895 4175 1158 4246 legendo,
1193 4177 1278 4232 vel
1303 4177 1657 4249 disputando
1689 4181 1956 4254 perplexe
1979 4185 2066 4239 in-

424 4258 742 4328 tricata,vel
778 4261 835 4316 in
859 4261 1274 4334 theosophicis,
1301 4265 1383 4319 vel
1416 4265 1472 4319 in
1497 4267 1833 4338 sophisticis
1865 4287 2065 4327 occur-

424 4348 673 4417 rissent;
707 4367 772 4406 ea
804 4352 1060 4407 nodosus
1093 4353 1214 4424 ipse
1247 4355 1534 4425 sagaciter
1562 4358 1862 4427 enodares,
1897 4365 1951 4415 et
1996 4362 2067 4419 de

419 4437 512 4492 his
545 4439 979 4511 ambigentibus
1012 4442 1082 4496 ad
1105 4446 1299 4498 votum
1336 4444 1720 4502 satisfaceres.

2191 3295 2361 3349 venia
2389 3299 2489 3348 tua
2520 3293 2786 3365 satyriee,
2820 3291 2954 3347 licet
2983 3292 3109 3348 sine
3135 3297 3319 3348 metro
3341 3291 3565 3363 ludam)
3597 3293 3760 3363 quod
3792 3292 3838 3348 si

2195 3383 2428 3454 quando
2453 3383 2512 3437 in
2540 3382 2868 3438 convivium
2902 3382 3142 3436 deorum
3165 3398 3297 3436 cum
3322 3381 3639 3453 nubigenis
3660 3382 3841 3437 amni-

2190 3472 2302 3528 bus
2333 3471 2610 3527 fratribus
2631 3471 2776 3537 suis,
2799 3470 3223 3542 cumqueEolo
3254 3473 3478 3542 rege,et
3507 3469 3694 3525 ventis
3712 3471 3840 3525 suis

2193 3563 2346 3617 intra
2387 3561 2665 3633 palatium
2708 3560 2957 3615 Junonis
2990 3559 3324 3627 adciscitur,
3356 3559 3497 3614 dum
3528 3557 3728 3631 longis
3751 3558 3842 3614 la-

2188 3651 2429 3708 boribus
2459 3650 2761 3715 exhausta,
2798 3648 2967 3704 solito
2999 3648 3236 3720 uperius
3266 3645 3421 3703 E010
3460 3647 3841 3719 propinante,

2187 3741 2347 3796 nives
2381 3739 2463 3794 vel
2497 3739 2714 3793 imbres
2732 3737 3319 3793 adhibensinebriata
3341 3735 3691 3804 revertitur;
3723 3738 3838 3792 col-

2187 3829 2351 3884 lectis
2382 3827 2751 3882 inﬂuentium
2783 3827 2892 3881 sibi
2927 3826 3232 3880 fluviorum
3266 3824 3468 3897 copiis,
3501 3823 3669 3880 velut
3700 3842 3838 3882 con-

2183 3923 2366 3972 tracto
2389 3916 2661 3983 exercitu,
2685 3932 2785 3986 per
2806 3914 3100 3987 regionem
3122 3913 3340 3968 circum
3355 3914 3508 3968 circa
3529 3912 3838 3986 lymphato

2183 4025 2355 4062 cursu
2404 4003 2816 4070 debacchatur,
2864 4019 3107 4074 quaeque
3140 4003 3250 4058 sibi
3296 4002 3464 4057 obvia
3493 4003 3751 4073 proterit
3781 4007 3834 4058 et

2182 4096 2524 4171 populatur;
2550 4099 2834 4149 nocturna
2856 4093 3210 4165 piscatorum
3230 4092 3403 4160 furta,
3429 4109 3556 4163 qua:
3582 4092 3709 4148 illis
3730 4093 3835 4148 im-

2181 4202 2333 4258 pune
2363 4185 2610 4239 cessisse
2641 4199 2791 4254 szepe
2822 4183 3104 4253 dequesta
3134 4187 3241 4249 est,
3277 4179 3595 4252 prohibens
3636 4183 3828 4253 punit;

2177 4281 2304 4330 sata
2335 4291 2460 4345 quae
2485 4271 2632 4326 avidi
2659 4269 2946 4342 agricolae,
2969 4269 3181 4325 littoris
3205 4269 3434 4324 virectis
3465 4270 3686 4324 audaci
3722 4269 3834 4324 sul-

2172 4380 2239 4419 eo
2270 4362 2516 4427 violatis,
2553 4360 2648 4415 ubi
2696 4360 2819 4430 ipsa
2852 4358 3023 4414 vellet
3052 4357 3366 4422 meridiari,
3402 4358 3833 4429 insperserant,

2170 4451 2314 4508 eluit
2369 4455 2425 4506 et
2468 4452 2741 4521 prostrat.
2789 4447 2904 4502 Nos
2952 4464 3183 4519 quoque
3224 4447 3526 4518 indignata
3569 4445 3829 4502 littoreis

485 4526 551 4581 V.
587 4529 729 4584 Cum
763 4528 883 4584 haec
915 4535 971 4585 et
1003 4530 1338 4602 hujusmodi
1374 4533 1542 4603 plura
1570 4535 1653 4589 ita
1684 4552 1745 4590 se
1781 4537 2055 4607 habeant,
2093 4545 2135 4608 D
2167 4538 2443 4613 aquatilis
2474 4536 2618 4593 aulae
2653 4554 2769 4592 suae
2795 4536 2959 4590 atriis
2988 4536 3202 4607 placito
3232 4535 3481 4590 vicinius
3508 4534 3829 4605 insedisse,

413 4631 752 4685 possumne,
785 4635 905 4686 oro,
936 4620 1304 4691 probitatem,
1331 4620 1703 4690 industriam,
1731 4624 2056 4695 benignita-

408 4707 527 4758 tem
556 4709 741 4772 tuam,
777 4712 1097 4779 caeteraque
1127 4709 1180 4764 id
1205 4726 1390 4781 genus
1423 4711 1585 4766 bonae
1617 4716 1672 4766 et
1701 4712 2056 4787 circumspe-

2170 4637 2226 4686 et
2272 4629 2504 4685 calones
2553 4632 2784 4682 nostros
2814 4641 2944 4680 eam
2976 4625 3188 4696 saepius
3226 4624 3574 4696 inquietare,
3612 4625 3831 4680 domos

2126 4738 2129 4739 ν
2168 4724 2397 4775 nostras
2426 4734 2541 4772 non
2573 4714 2817 4788 supplex
2861 4713 3224 4786 ingreditur;
3280 4711 3688 4783 omnibusque
3728 4729 3824 4767 ex-

411 4794 516 4844 ctae
548 4793 678 4846 vitae
709 4797 911 4850 munia
940 4797 1230 4853 oblivione
1261 4799 1874 4873 transmittere,teque,
1909 4821 1981 4859 ne
2003 4805 2054 4861 si

411 4877 584 4934 velim
617 4881 876 4953 quidem,
911 4901 1024 4940 non
1057 4903 1252 4943 amare
1273 4889 1300 4942 ?
1329 4889 1446 4959 Ego
1470 4906 1600 4944 vero
1624 4894 1688 4944 ut
1719 4890 1880 4961 prius
1907 4892 1965 4947 in
1997 4898 2053 4950 te

407 4983 588 5039 puero
612 4969 949 5040 praeclarum
983 4973 1259 5044 indolem,
1286 4978 1367 5032 ita
1399 4996 1553 5033 nunc
1575 4979 1710 5034 totis
1734 4981 2052 5052 amplector

405 5055 725 5114 visceribus
757 5075 1082 5130 praecanam
1102 5065 1650 5137 adultaajuventutis
1673 5073 1780 5122 tua:
1808 5071 2044 5125 maturi-

402 5148 612 5202 tatem:
643 5165 746 5202 nec
769 5148 1087 5221 quidquam
1115 5154 1301 5225 magis
1330 5154 1471 5208 mihi
1495 5154 1670 5222 dolet,
1691 5174 1865 5228 quam
1891 5161 2042 5230 quod

401 5234 716 5292 dulcidinis
746 5241 856 5293 tua:
889 5241 1149 5311 privatus
1171 5243 1383 5309 fructu,
1409 5243 1636 5300 velutin
1660 5247 1913 5317 quadam
1946 5248 2045 5303 de-

401 5325 543 5378 serti
575 5326 889 5383 solitudine
922 5330 1063 5384 mihi
1089 5331 1295 5401 degere
1317 5333 1662 5390 videor.Non
1682 5335 1820 5405 quia
1850 5336 2043 5392 desint

396 5411 855 5481 frequentissimi
880 5419 1120 5473 comites
1141 5420 1540 5476 etcharissimi
1565 5439 1912 5489 assessores,
1937 5426 2037 5480 sed

394 5513 594 5552 eorum
615 5501 831 5570 nullus,
858 5512 958 5560 aut
982 5507 1142 5563 valde
1161 5526 1326 5563 ratus
1345 5512 1450 5574 est,
1482 5509 1537 5562 in
1570 5525 1682 5580 quo
1706 5511 2034 5582 caput,imo

392 5585 651 5643 animam
670 5595 788 5645 tam
814 5593 1065 5650 molliter
1087 5595 1382 5652 reclinem.
1409 5597 1654 5653 Proinde
1679 5597 1724 5654 si
1751 5598 1834 5654 fas
1858 5605 2028 5668 esset,

2163 4807 2374 4878 pulsis,
2398 4805 2539 4860 nihil
2563 4805 2888 4876 deprecata,
2911 4801 3191 4857 violenter
3212 4801 3564 4874 liospitatur.
3589 4802 3668 4856 Et
3688 4802 3829 4873 quia

2162 4896 2375 4967 szepius
2403 4910 2468 4949 ac
2502 4890 2850 4946 familiarius
2889 4891 3124 4946 inimico
3156 4890 3269 4946 sibi
3303 4889 3534 4944 numini
3585 4888 3823 4962 suppli-

2159 5001 2380 5049 camus,
2406 4983 2587 5037 larem
2613 4979 2964 5034 familiarem
2987 4978 3355 5034 discruciatis
3377 4977 3674 5046 excludit;
3699 4994 3824 5034 om-

2157 5092 2374 5145 nesque
2396 5072 2503 5125 sibi
2527 5069 2696 5124 invisi
2721 5068 2981 5124 numinis
3010 5068 3306 5140 reliquias,
3333 5067 3510 5123 etiam
3543 5067 3814 5122 favillam

2156 5169 2213 5220 et
2241 5161 2514 5227 cinerem,
2544 5157 2748 5213 eluens
2778 5157 3127 5229 exstinguit:
3154 5159 3335 5213 donec
3361 5155 3647 5228 patientia
3683 5172 3823 5211 nos-

2153 5255 2243 5306 tra
2271 5250 2363 5305 vix
2393 5249 2627 5304 tandem
2649 5245 2881 5316 satiata,
2915 5247 3055 5302 dum
3079 5248 3128 5302 ei
3154 5264 3268 5303 non
3296 5244 3635 5302 resistimus
3670 5244 3817 5314 quia

2150 5356 2262 5393 non
2296 5337 2579 5399 valemus,
2613 5335 2840 5391 alveum
2865 5353 3040 5390 suum
3063 5337 3155 5390 vix
3189 5337 3427 5391 demum
3453 5333 3690 5405 placata
3723 5349 3820 5388 re-

2150 5424 2320 5496 petit;
2356 5429 2412 5478 et
2443 5423 2598 5477 nuda
2631 5421 2807 5478 nimis
2832 5422 3172 5494 relinquens
3192 5422 3458 5493 vestigia,
3492 5420 3550 5476 in
3574 5437 3713 5486 sua,
3751 5437 3815 5476 se

2149 5512 2362 5584 palatia
2409 5512 2629 5583 recipit.
2677 5512 2904 5568 Habent
2948 5528 3183 5584 quoque
3224 5513 3564 5568 suburbana
3591 5514 3808 5565 nostra

2146 5600 2402 5672 undique
2453 5617 2682 5656 versum
2729 5616 2905 5656 suave
2949 5599 3171 5657 olentes
3219 5601 3420 5657 hortos
3459 5599 3712 5666 olerum,
3759 5604 3822 5654 et
