4086 6168
1417 330 1801 398 EPISTULA
1846 327 1950 393 AD
1993 327 2506 392 VALCHERUM.

3540 342 3660 407 890

258 465 430 526 dulce
444 461 723 525 rubentes
740 462 901 525 lucos
921 464 1215 536 arborum,
1238 464 1459 524 scilicet
1476 466 1663 525 vineis
1684 466 1902 524 nostris
1932 461 1986 530 Α
2014 465 2235 523 daciter
2261 465 2596 539 inspersum
2628 465 2724 535 sit,
2756 466 3008 526 adversa;
3030 469 3461 533 detrahentium
3485 496 3658 554 repu-

257 557 517 615 brachiis
538 555 669 614 aliis
680 557 1066 615 habilioribus
1084 557 1196 615 sibi
1219 557 1903 631 regionibusintendens,

256 663 534 720 suprema
551 646 759 702 vitium
774 647 1079 720 putamina
1092 654 1145 704 et
1160 664 1377 721 paucos
1390 648 1731 721 inspergens
1750 647 1907 719 thyr-

258 753 376 803 sos,
410 739 732 792 extremam
752 735 1036 809 imposuit
1066 754 1330 793 manum.
1351 737 1454 792 His
1475 740 1534 792 et
1561 735 1906 807 hujusmodi

253 823 459 881 multis
478 824 996 881 commoditatibus
1017 826 1188 899 Legia
1207 829 1406 881 nostra
1420 825 1671 881 ubertim
1696 826 1903 894 ditata,

254 913 449 971 adhuc
476 912 657 969 habet
687 912 871 968 multo
906 913 1148 985 potiora,
1184 914 1392 986 hisque
1422 914 1593 986 longe
1620 913 1908 987 longeque

256 1002 721 1075 praeminentia.
753 1000 1014 1074 Denique
1045 1003 1173 1074 ipsa
1211 1004 1318 1058 ﬂos
1351 1002 1548 1059 Gallia:
1579 1003 1904 1076 tripartitaa,

258 1095 316 1147 et
344 1089 532 1146 altera
554 1089 785 1145 Athenae
807 1089 1079 1146 nobiliter
1099 1091 1429 1147 liberalium
1460 1091 1908 1165 disciplinarum

259 1180 431 1235 ﬂoret
460 1177 697 1245 studiis,
728 1183 785 1234 et
817 1180 991 1251 (quod
1027 1180 1120 1236 his
1142 1180 1514 1253 praestantius
1543 1182 1652 1253 est)
1684 1181 1912 1255 egregie

259 1267 447 1342 pollet
464 1267 832 1324 observantia
854 1268 1058 1323 divinae
1076 1269 1396 1342 religionis,
1419 1271 1589 1339 adeo(
1598 1271 1751 1342 quod
1776 1287 1914 1343 pace

258 1356 639 1416 ecclesiarum
663 1355 929 1428 dixerim)
947 1361 1028 1423 ut,
1053 1362 1340 1430 quantum
1355 1360 1422 1414 ad
1441 1359 1770 1415 litterarum
1795 1364 1915 1415 stu-

258 1446 380 1513 dia,
420 1445 568 1501 nihil
600 1446 670 1501 de
700 1444 959 1501 Platonis
991 1452 1225 1519 expetas
1256 1448 1591 1515 academia;
1625 1453 1911 1521 quantum

255 1552 396 1591 vero
426 1535 501 1590 ad
532 1533 759 1591 cultum
790 1533 1112 1607 religionis,
1154 1536 1301 1592 nihil
1334 1537 1405 1592 de
1438 1538 1644 1593 Leonis
1684 1538 1910 1594 deside-

258 1640 354 1681 res
388 1624 595 1680 Roma.

327 1712 454 1768 VII.
490 1712 630 1769 Inde
658 1729 797 1785 ergo
839 1714 1101 1785 undique
1150 1731 1381 1770 versum
1423 1715 1633 1770 Christi
1691 1717 1912 1771 bonum

256 1813 560 1900 spargens.
588 1800 849 1898 odorem,
884 1801 1199 1873 plurimam
1236 1803 1306 1858 ad
1339 1820 1401 1858 se
1440 1803 1724 1876 gregatim
1775 1822 1914 1860 con-
1944 1835 1993 1900 Β

256 1886 441 1943 ﬂuam
464 1886 647 1943 allicit
668 1893 726 1943 et
747 1888 952 1961 recipit
975 1889 1411 1947 multitudinem
1433 1909 1444 1947 :
1470 1909 1721 1964 quorum
1744 1910 1915 1949 nemo

255 1992 319 2032 se
350 1975 546 2031 adhuc
576 1976 626 2031 ei
655 1977 958 2049 applicuit,
991 1982 1090 2049 qui
1125 1996 1237 2034 non
1264 1980 1568 2051 profecerit
1593 1982 1647 2035 in
1680 1982 1913 2052 melius,

257 2064 375 2120 nisi
408 2064 537 2136 ipse
567 2064 678 2120 sibi
707 2066 883 2120 nimis
905 2067 1275 2123 obdormivit.
1312 2069 1455 2123 Cum
1484 2086 1620 2142 ergo
1646 2074 1913 2127 nostrum

256 2152 336 2210 sit
364 2152 487 2209 tale
512 2153 806 2225 Leogium,
840 2154 1178 2227 quicunque
1201 2157 1251 2212 ei
1283 2158 1545 2230 derogat,
1578 2159 1915 2231 quicunque

260 2240 567 2313 cognitum
623 2258 736 2297 non
798 2248 974 2315 amat,
1034 2249 1098 2299 ut
1147 2245 1361 2301 rustice
1415 2247 1643 2318 loquar,
1707 2248 1918 2303 habeat

258 2330 362 2386 Dei
386 2331 616 2387 odium.
643 2332 784 2388 Inde
808 2337 915 2399 est,
937 2334 1465 2406 charissime,quod
1490 2335 1783 2391 continuis
1803 2336 1917 2393 huc

256 2420 414 2476 votis
444 2436 552 2476 ruo
586 2438 599 2475 :
633 2425 690 2476 et
717 2420 852 2477 licet
882 2421 1019 2478 alibi
1061 2424 1294 2495 degam,
1346 2424 1541 2480 animo
1590 2428 1785 2479 tamen
1836 2425 1915 2481 ibi

262 2512 461 2565 tecum
494 2507 716 2565 habito.

327 2597 478 2653 Vlll.
530 2599 602 2652 At
644 2614 779 2653 vero
830 2598 1074 2654 forsitan
1135 2614 1230 2654 me
1279 2600 1593 2657 insimulas
1644 2600 1913 2670 levitatis,

258 2686 434 2760 quasi
464 2686 612 2743 bene
639 2686 891 2757 vivendi,
915 2687 1035 2744 imo
1056 2689 1299 2744 vacandi
1322 2694 1379 2745 et
1407 2689 1694 2763 gloriandi
1724 2691 1916 2747 locum

262 2792 556 2848 quaeram;
593 2777 746 2847 quod
771 2777 971 2848 utique
1005 2780 1095 2832 est
1118 2777 1298 2832 animi
1328 2779 1645 2834 vanitantis
1680 2798 1692 2836 :
1728 2781 1916 2836 aeide-

262 2881 380 2937 que
408 2863 738 2937 redarguis,
773 2866 927 2936 quod
961 2864 1118 2921 velut
1144 2882 1212 2921 ex
1234 2866 1505 2922 desiderii
1538 2868 1766 2935 affectu,
1793 2886 1918 2925 mo-

266 2953 342 3009 do
374 2953 583 3021 situm,
615 2954 1039 3018 amoenitatem,
1073 2954 1437 3010 afﬂuentiam
1482 2958 1537 3010 et
1567 2957 1917 3029 sapientiam

264 3044 570 3115 tantopere
600 3041 1077 3114 nostrifextollam
1098 3043 1311 3116 Leogii,
1336 3043 1427 3099 cui
1450 3043 1764 3115 aliquando
1797 3047 1917 3102 Mo-

272 3129 583 3202 guntinam
606 3132 918 3203 prmferens
948 3131 1218 3203 gloriam,
1253 3131 1510 3187 dederim
1542 3131 1806 3190 libellum
1831 3152 1917 3190 re-

2013 559 2101 611 tes
2136 555 2308 628 parti.

2086 644 2177 700 IX.
2220 645 2422 711 Video,
2484 646 2678 713 frater,
2728 647 2892 705 video
2946 650 3215 723 quisquis
3254 669 3315 709 es
3345 671 3519 727 quem
3550 662 3659 717 sub

2015 733 2188 789 amici
2241 751 2489 806 persona
2538 736 2683 791 mihi
2736 739 3005 810 opposui,
3039 757 3213 812 quem
3248 744 3358 799 sub
3402 746 3663 804 advocati

2017 839 2193 879 scena
2238 823 2498 895 figmenti
2540 842 2607 880 ex
2651 826 2890 883 adverso
2923 828 3112 885 dicere
3158 832 3264 887 feci
3298 849 3311 888 :
3356 833 3541 904 video,
3576 837 3663 892 in-

2019 929 2220 984 quam,
2253 913 2405 983 quod
2430 913 2667 985 ancipiti
2698 931 2790 970 me
2831 916 3025 990 gladio
3056 920 3311 991 impetis,
3349 940 3413 979 ac
3445 925 3665 997 duplici

2018 1015 2215 1054 meum
2248 999 2359 1055 telo
2393 1003 2763 1073 congrederis
2796 1022 2808 1059 :
2842 1005 2902 1059 in
2937 1004 3116 1062 altero
3149 1009 3383 1081 quidem
3416 1011 3666 1072 levitatis

2018 1088 2474 1145 inconstantiam
2498 1108 2738 1163 arguere
2761 1099 3019 1165 paratus,
3042 1097 3100 1151 in
3131 1097 3311 1154 altero
3332 1117 3463 1156 vero
3486 1104 3665 1174 perti-

2019 1177 2248 1233 naciam
2272 1178 2331 1232 in
2356 1178 2511 1235 vitiis
2534 1181 2839 1237 confodere
2862 1184 3176 1241 animatus.
3208 1190 3499 1246 Attentius
3529 1193 3665 1264 ergo

2019 1268 2335 1323 videndum
2368 1273 2478 1335 est,
2508 1270 2646 1342 quia
2676 1271 2732 1325 in
2766 1289 2858 1327 me
2888 1275 3085 1329 subtili
3118 1278 3451 1335 rritieorum
3503 1281 3667 1339 lance

2022 1356 2369 1430 uteris,quid
2390 1359 2458 1413 ad
2479 1358 2713 1432 singula
2726 1364 3059 1433 responderi
3078 1367 3381 1422 conveniat
3402 1372 3664 1441 objectis.

2021 1446 2170 1518 Ergo
2202 1446 2398 1519 arguis
2437 1448 2495 1502 in
2529 1466 2621 1503 me
2652 1448 2947 1506 levitatem
2978 1454 3293 1511 vanitantis
3322 1457 3521 1525 animi,
3570 1460 3669 1531 qui

2020 1534 2177 1590 velut
2205 1535 2314 1591 hac
2344 1536 2474 1591 illac
2507 1538 2743 1593 ﬂuitans
2766 1557 2969 1597 vacare
2990 1542 3302 1608 desideret,
3334 1549 3390 1600 et
3411 1546 3670 1620 gloriari,

2022 1640 2126 1696 pro
2148 1640 2213 1679 eo
2228 1625 2663 1698 quodLeogium
2684 1633 2949 1684 nostrum
2970 1634 3269 1703 tantopere
3289 1633 3672 1705 laudaverim,

2025 1728 2233 1783 meque
2284 1713 2502 1768 ibidem
2544 1731 2676 1769 eum
2726 1719 3073 1775 necessariis
3127 1722 3271 1777 meis
3310 1722 3563 1780 libenter
3590 1726 3672 1780 vi-

2022 1816 2154 1856 vere
2183 1800 2449 1868 dixerim,
2476 1804 2630 1873 quod
2655 1804 2890 1875 quidem
2921 1806 3137 1877 injuria
3167 1810 3373 1879 facere,
3399 1828 3504 1866 nec
3520 1814 3672 1884 ωψιὶ

2024 1888 2280 1959 bonique
2310 1890 2520 1945 dueere
2552 1892 2785 1959 videris,
2820 1895 2920 1948 sed
2955 1897 3263 1951 commoda
3296 1902 3495 1954 nostra
3524 1900 3671 1955 obli-

2025 1993 2139 2048 quo
2162 1976 2389 2031 invidia:
2403 1978 2568 2033 oculo
2586 1979 2807 2046 limare,
2833 1986 2889 2034 et
2904 1982 3101 2054 cynico
3117 1985 3494 2042 detractionis
3516 2004 3670 2043 mor-

2025 2082 2094 2121 su
2127 2082 2410 2122 venenare
2441 2069 2763 2123 contendis.
2788 2069 3062 2143 Nunquid
3089 2090 3221 2127 nam
3254 2073 3498 2131 diversis
3532 2075 3672 2132 locis

2025 2160 2081 2210 et
2110 2155 2473 2227 temporibus
2505 2157 2761 2212 melioris
2786 2158 2911 2213 vita:
2943 2160 3225 2217 rationem
3259 2163 3550 2236 colligere,
3582 2183 3672 2222 ve-

2024 2243 2112 2298 lut
2132 2243 2307 2299 variis
2338 2243 2664 2299 litterarum
2690 2246 2900 2302 studiis
2936 2252 2992 2301 et
3022 2249 3463 2321 disciplinarum
3498 2268 3672 2325 expe-

2026 2331 2256 2396 rientia,
2294 2331 2584 2403 liquidum
2618 2335 2872 2389 scientiae
2903 2336 3015 2391 mel
3048 2337 3261 2410 stipare
3284 2341 3568 2397 adscribis
3598 2342 3673 2397 le-

2024 2420 2185 2475 vitati
2205 2419 2234 2474 Ῡ
2264 2420 2414 2475 Num
2446 2420 2505 2476 in
2531 2421 2739 2478 melius
2769 2423 2913 2479 velle
2934 2426 3211 2497 proﬁcere
3242 2429 3489 2500 deputas
3511 2431 3673 2486 vani-

2025 2508 2172 2563 tati?
2188 2508 2605 2581 Nunquidnam
2629 2527 2659 2566 e
2680 2512 2923 2568 diversis
2947 2513 3088 2570 locis
3111 2515 3376 2572 salubres
3396 2524 3675 2590 petuntur

2026 2600 2083 2652 et
2129 2614 2290 2669 aquae
2330 2602 2385 2653 et
2416 2598 2629 2666 herbas,
2662 2617 2789 2672 quae
2821 2607 3027 2674 suapte
3068 2604 3123 2657 vi
3154 2603 3385 2660 valeant
3429 2624 3674 2680 quaeque

2027 2686 2293 2742 morbida
2325 2704 2532 2743 sanare
2552 2689 2579 2743 ?
2602 2688 2805 2745 Nonne
2836 2691 3142 2746 duodecim
3176 2696 3315 2747 sunt
3345 2693 3499 2748 horae
3531 2696 3676 2751 diei?

2028 2791 2219 2829 nonne
2257 2776 2521 2831 ordinate
2567 2777 2918 2849 dispositum
2965 2784 3052 2833 est
3083 2779 3218 2851 quid
3255 2780 3331 2834 sit
3378 2784 3671 2854 agendum

2028 2879 2219 2929 mane,
2245 2864 2387 2935 quid
2402 2866 2898 2933 antemeridianis,
2919 2867 3056 2938 quid
3078 2869 3553 2939 postmeridianis
3570 2873 3667 2929 ho-

2028 2951 2130 3018 ris,
2179 2952 2317 3023 quid
2368 2954 2651 3024 vespere?
2698 2955 2808 3009 Sed
2851 2956 2975 3026 jam
3020 2955 3166 3011 heu!
3203 2958 3578 3028 matutinum,
3614 2962 3670 3016 in

2029 3056 2143 3111 quo
2174 3044 2295 3095 erat
2317 3040 2536 3111 laetitia,
2569 3043 2837 3110 transiit;
2887 3048 2941 3098 et
2967 3060 3298 3116 vesperum,
3333 3046 3390 3102 in
3424 3066 3539 3121 quo
3573 3050 3673 3105 de-

2028 3127 2353 3183 morabitur
2382 3130 2572 3194 fletus,
2606 3132 2856 3187 advenit.
2882 3133 3011 3187 Jam
3035 3135 3232 3204 posuit
3254 3136 3538 3193 Dominus
3570 3140 3674 3193 ﬂu-

267 3217 431 3290 pudii
469 3236 482 3273 ;
534 3219 808 3291 quodque
846 3202 1009 3275 tanta
1040 3220 1260 3275 ﬂuitem
1294 3220 1476 3275 animi
1508 3220 1914 3292 inconstantia,
1948 3202 1991 3267 C
2031 3217 2191 3271 mina
2220 3217 2278 3271 in
2302 3218 2619 3284 desertum,
2642 3223 2699 3274 et
2721 3219 2906 3275 fontes
2927 3202 3211 3294 aquarum
3240 3223 3299 3278 in
3333 3224 3488 3280 sitim
3516 3244 3528 3291 ;
3558 3229 3671 3281 ter-

269 3310 340 3360 ut
391 3307 566 3362 modo
624 3307 817 3379 Leogii
876 3308 1103 3379 positus
1161 3310 1451 3381 suspirem
1512 3310 1915 3382 Moguntiam;

270 3395 450 3450 modo
479 3396 789 3469 Moguntiae
823 3402 985 3452 satus
1026 3398 1220 3454 animo
1268 3399 1542 3472 Loogium
1596 3416 1914 3456 recurram.

270 3482 516 3540 adhibes
553 3501 787 3558 quoque
824 3486 930 3541 tibi
954 3487 1362 3560 lpatrocinium
1416 3486 1623 3559 Flacci,
1658 3492 1722 3544 ut
1753 3489 1920 3546 ulcus

273 3573 428 3644 quod
475 3572 582 3628 tibi
637 3574 853 3631 videris
901 3592 1119 3643 secare,
1169 3581 1331 3632 tanto
1380 3578 1644 3649 asperius
1685 3579 1919 3636 satirico

274 3660 392 3718 sale
421 3661 613 3719 valeat
641 3664 931 3721 infricari:

327 3806 535 3857 Caelum
563 3808 753 3871 inquit,
785 3819 898 3859 non
942 3809 1181 3858 animum
1224 3812 1434 3858 mutant
1475 3810 1568 3873 qui
1599 3814 1747 3860 trans
1774 3824 1919 3861 mare

1656 3890 1921 3951 [currunt.

267 3965 407 4021 Item
446 3984 459 4022 :

327 4056 386 4104 In
416 4054 579 4117 culpa
606 4058 687 4104 est
715 4055 946 4114 animus,
983 4056 1072 4118 qui
1101 4068 1157 4105 se
1188 4069 1299 4104 non
1329 4055 1515 4119 effugit
1544 4069 1802 4121 unquam.

332 4195 501 4261 Novi,
546 4195 914 4263 charissime,
946 4201 1002 4252 te
1035 4195 1179 4252 nihil
1227 4196 1531 4253 sinistrum
1575 4203 1777 4255 contra
1826 4218 1918 4257 me

264 4284 483 4350 moliri,
506 4302 610 4340 nec
634 4284 848 4341 idcirco
874 4289 925 4340 te
950 4285 1094 4340 mihi
1117 4286 1186 4341 ad
1207 4285 1602 4342 resistendum
1626 4291 1873 4361 opposui
1904 4308 1916 4344 :

262 4375 366 4429 sed
398 4374 533 4429 novi
555 4390 729 4430 canes
770 4373 1041 4447 illos,qui
1065 4373 1429 4430 clandestino
1463 4392 1659 4432 morsu
1686 4394 1919 4450 semper

260 4464 451 4536 parati
476 4467 616 4520 sunt
640 4462 891 4520 alienam
904 4464 1081 4521 vitam
1112 4464 1479 4521 diseutiendo
1496 4465 1717 4533 rodere,
1745 4485 1913 4523 suam

2028 3322 2153 3361 ram
2185 3306 2538 3361 fructiferam
2571 3307 2627 3362 in
2661 3308 3041 3382 salsuginem.
3088 3317 3144 3366 et
3176 3316 3397 3371 caetera.
3434 3316 3503 3369 Et
3532 3315 3671 3387 quid

2028 3395 2100 3449 de
2148 3394 2373 3465 reliquo
2423 3396 2752 3452 faciendum
2801 3404 2891 3453 est
2944 3400 3000 3453 in
3034 3399 3142 3455 hac
3176 3419 3370 3457 rerum
3419 3405 3669 3469 sentina,

2032 3484 2129 3539 ubi
2163 3484 2389 3541 cunctis
2420 3503 2549 3557 qua:
2574 3503 2607 3541 a
2639 3486 2908 3542 Patribus
2941 3489 3011 3543 ad
3035 3506 3141 3545 nos
3172 3491 3583 3562 demanarunt,
3616 3499 3673 3550 et

2031 3574 2245 3630 studiis
2275 3582 2327 3629 et
2358 3573 2685 3647 disciplinis
2716 3579 3017 3649 tantopere
3047 3578 3366 3636 reclamant
3397 3599 3587 3639 mores
3617 3589 3672 3639 et

2030 3667 2293 3735 tempora
2313 3663 2342 3718 ?
2367 3661 2520 3720 Num
2561 3664 2709 3732 ideo,
2744 3670 2806 3719 ut
2830 3670 2892 3720 tu
2927 3667 3165 3739 desipis,
3200 3686 3232 3721 a
3262 3670 3430 3725 bonis
3456 3675 3545 3725 est
3575 3672 3671 3726 de-

2031 3753 2382 3821 sistendum,
2435 3758 2491 3808 et
2563 3754 2842 3809 nundinis
2900 3755 3314 3823 insistendum,
3374 3764 3437 3811 ut
3507 3758 3669 3813 obliti

2031 3841 2171 3912 quid
2203 3842 2424 3907 deccat,
2469 3840 2611 3911 quid
2652 3858 2789 3905 non,
2828 3842 3107 3896 ltacensis
3139 3842 3361 3914 Ulyssei
3400 3845 3672 3903 vitiosum

2030 3930 2242 3985 ﬁamus
2278 3929 2625 4000 remigium?
2654 3930 2855 3983 Nonne
2896 3930 3084 4001 magis
3115 3936 3340 4003 oportet
3381 3936 3671 4008 quemvis,

2030 4019 2129 4089 qui
2164 4016 2399 4089 quidem
2433 4017 2521 4071 vir
2552 4017 2667 4082 ﬂet,
2696 4021 2761 4071 ut
2791 4033 3024 4089 semper
3053 4020 3338 4076 deteriora
3366 4023 3579 4093 vitans,
3614 4026 3670 4081 id

2029 4110 2283 4178 appetat,
2309 4106 2461 4160 unde
2484 4122 2544 4160 se
2562 4105 2687 4177 ipso
2718 4122 2951 4178 semper
2974 4107 3177 4164 melior
3202 4110 3300 4165 ﬂat
3320 4112 3347 4166 ‘?
3370 4113 3509 4168 Tam
3541 4133 3674 4173 vero

2028 4196 2193 4250 abest
2242 4199 2304 4249 ut
2354 4195 2471 4249 haec
2505 4194 2623 4249 sint
2671 4196 2849 4250 animi
2881 4197 3197 4255 vanitantis
3249 4205 3309 4256 rt
3347 4202 3464 4257 sint
3496 4204 3671 4260 etiam

2027 4284 2208 4340 animi
2243 4285 2309 4338 ad
2346 4288 2541 4356 postes
2564 4284 2698 4339 ostii
2721 4284 3017 4357 sapientia:
3052 4305 3223 4344 mane
3252 4290 3582 4361 vigilantis;
3617 4300 3673 4348 et

2028 4373 2135 4428 hoc
2180 4374 2249 4428 de
2281 4374 2455 4428 fratre
2485 4373 2698 4429 sentire
2735 4374 2819 4429 vel
2855 4376 3064 4446 dicere,
3097 4377 3175 4431 sit
3202 4377 3431 4433 invidia:
3465 4384 3520 4433 et
3551 4381 3666 4434 odii

2028 4461 2425 4535 malignantis.

259 4570 398 4609 vero
428 4553 668 4627 ﬂagitiis
688 4552 1026 4609 obvolutam
1058 4554 1117 4609 in
1150 4570 1312 4609 coeno
1337 4552 1612 4610 vitiorum
1636 4555 1915 4613 volutare.
1949 4567 1995 4631 ι)
2097 4553 2161 4607 Χ.
2197 4553 2359 4619 Quod
2404 4556 2598 4608 autem
2640 4551 2837 4607 hostili
2874 4570 2965 4607 me
3013 4570 3281 4625 premens
3335 4554 3471 4621 telo,
3501 4556 3669 4626 dicis,

261 4641 384 4698 Hos
414 4642 558 4698 mihi
586 4647 718 4714 post
747 4646 973 4715 tergum
1006 4644 1355 4716 derogantes
1386 4644 1495 4698 sub
1514 4660 1764 4716 persona
1794 4650 1914 4715 tua,

257 4727 427 4786 velut
455 4729 515 4785 in
561 4730 769 4786 faciem
801 4731 1159 4799 resistentes,
1194 4730 1337 4786 mihi
1370 4749 1600 4804 oppono
1634 4750 1646 4788 :
1680 4732 1772 4789 his
1805 4735 1915 4791 sub

259 4822 369 4874 tuo
386 4819 723 4887 nomino,de
736 4837 852 4892 quo
871 4820 1016 4876 nihil
1035 4821 1342 4877 sinistrum
1364 4838 1429 4877 su
1439 4821 1915 4896 spieior,respon-

262 4908 403 4963 dere
432 4924 574 4981 paro
624 4925 638 4963 :
673 4913 736 4965 ut
766 4913 977 4983 arguta
1004 4909 1403 4966 cavillantium
1444 4911 1765 4967 invectione
1796 4913 1914 4970 dis-

261 4996 453 5069 plosa,
485 4997 839 5054 dissolutum
861 5001 936 5056 sit
953 4998 1239 5072 quidQuid
1262 5016 1521 5071 unquam
1552 5000 1610 5054 in
1630 5018 1723 5057 me
1746 5019 1914 5058 arcus

261 5083 468 5143 livoris
480 5103 658 5158 super
672 5086 763 5143 bis
776 5087 1075 5159 jaculatus
1088 5092 1605 5155 est,etenervatum
1628 5089 1912 5162 quidquid

265 5175 644 5246 serpentinus
692 5177 806 5231 odii
840 5176 1052 5233 sibilus
1082 5176 1342 5232 amarius
1382 5176 1440 5231 in
1474 5193 1565 5232 me
1609 5177 1911 5235 cavillatus

263 5267 372 5318 est.
408 5263 597 5320 Unum
627 5270 821 5321 autem
852 5266 1120 5335 verbum,
1150 5270 1206 5321 et
1235 5282 1338 5337 pro
1387 5266 1662 5322 omnibus
1702 5284 1909 5335 unum,

262 5350 374 5408 hoe
405 5357 511 5423 est,
544 5354 715 5424 cujus
755 5371 857 5426 per
894 5356 1087 5411 omnis
1115 5354 1294 5425 hujus
1324 5355 1464 5409 tomi
1513 5353 1738 5411 areolas
1768 5373 1915 5413 sem-

261 5457 366 5514 per
399 5442 743 5498 meminissc
793 5444 991 5513 debes,
1024 5443 1249 5500 scilicet
1279 5448 1343 5498 ut
1373 5444 1661 5516 quidquid
1713 5444 1771 5501 in
1804 5446 1913 5503 hoc

255 5529 421 5586 velut
451 5530 726 5587 conﬂictu
761 5531 939 5599 laute,
971 5532 1180 5606 lepide,
1227 5531 1555 5589 amabiliter
1584 5534 1809 5591 dictum
1838 5537 1914 5592 sit

256 5618 520 5692 applices
556 5619 662 5674 tibi
720 5638 732 5676 :
782 5622 1067 5694 quidquid
1119 5639 1252 5679 vero
1303 5623 1465 5689 dure,
1514 5622 1695 5691 aeide,
1760 5642 1910 5682 mor-

2028 4642 2167 4715 quid
2202 4640 2343 4696 mihi
2374 4645 2432 4698 et
2464 4640 2717 4713 Leogio?
2739 4641 2891 4712 quod
2910 4640 3046 4695 olim
3069 4640 3383 4697 insolenter
3398 4643 3672 4702 deserens

2024 4730 2180 4803 turpi
2209 4729 2455 4785 notarim
2503 4729 2727 4802 elogio;
2761 4729 2970 4800 cuique
3021 4729 3423 4801 Moguntinam
3469 4735 3670 4806 praefe-

2026 4839 2160 4877 rens
2190 4820 2456 4894 gloriam,
2482 4836 2582 4874 ceu
2607 4818 2779 4872 vilem
2806 4818 3189 4889 reputaverim
3221 4820 3493 4892 scoriam,
3518 4829 3672 4882 certe

2025 4910 2204 4967 nimis
2217 4928 2250 4966 a
2265 4909 2525 4966 veritatis
2544 4908 2775 4962 tramite
2796 4908 3190 4978 aberrasti,vel
3209 4910 3403 4982 potius
3414 4917 3573 4970 totus
3586 4933 3673 4971 ve-

2024 5000 2194 5056 ritate
2216 4998 2496 5055 excidisti.
2525 4996 2788 5063 Dicdum,
2809 5012 3025 5067 quzrso,
3048 5003 3108 5053 tu
3125 5000 3222 5072 qui
3247 5002 3356 5057 sub
3370 5004 3539 5059 ovino
3557 5006 3670 5060 vel-

2024 5089 2140 5144 lere
2161 5089 2363 5160 lupino
2385 5087 2498 5140 ritu
2522 5084 2720 5149 latras,
2748 5101 2776 5139 εδ
2795 5086 3025 5142 duobus
3043 5087 3207 5145 alteri
3230 5091 3551 5163 praefertur,
3572 5092 3671 5163 qui

2024 5177 2301 5251 postulat,
2319 5193 2389 5231 an
2408 5176 2505 5249 qui
2520 5174 3025 5247 postulatur?Quid
3046 5179 3393 5250 respondere
3406 5179 3672 5234 haesitas?

2024 5286 2165 5324 num
2185 5267 2288 5322 tibi
2308 5263 2755 5338 laqueumtendi
2770 5266 2973 5336 putas?
2986 5268 3132 5339 Ergo
3155 5266 3350 5323 taces?
3369 5267 3511 5322 satis
3534 5284 3668 5323 con-

2022 5358 2181 5414 cedis
2203 5356 2369 5411 illum
2393 5353 2849 5426 prarferri,queni
2875 5359 3102 5409 constat
3117 5355 3188 5408 ab
3211 5355 3387 5410 altero
3409 5356 3668 5428 postula-

2021 5443 2640 5519 ri.Dicergo,nunquid
2657 5442 3027 5514 selogium[z’d
3040 5442 3667 5514 cslinjuriamjmintuli

2023 5536 2231 5609 Legite,
2265 5534 2498 5607 quando
2531 5533 2687 5605 eligit
2731 5537 2781 5584 η’
2821 5537 3053 5604 propter
3083 5550 3173 5587 me
3206 5540 3507 5607 rogaretur
3544 5554 3576 5592 a
3607 5554 3668 5592 se

2023 5625 2271 5693 ditiore;
2306 5623 2556 5680 exaltata
2588 5625 2783 5677 autem
2816 5621 3004 5692 chia,
3057 5621 3196 5676 dum
3230 5622 3316 5678 vel
3368 5623 3664 5692 invitatus,
