4086 6168
479 271 590 338 89f

1679 272 1828 338 ΕΟΖ
1839 273 2100 338 ECHINI
2152 272 2681 346 SCHOLASTICI.

3758 292 3863 357 892

474 426 559 483 vel
585 427 792 498 jussus
838 438 871 476 a
901 413 1150 475 summis
1188 412 1345 472 aurei
1378 409 1536 468 illius
1567 408 1763 466 saculi
1793 408 1933 465 viris
1982 406 2112 465 veni
2139 407 2187 476 Α
2224 426 2357 483 pus,
2391 413 2692 488 Aristoles,
2737 416 3061 480 Carneades
3091 425 3149 480 et
3178 419 3488 493 Panmtius,
3519 420 3732 500 aliique
3781 426 3859 484 in.

478 515 836 588 Moguntiam
857 512 884 565 ‘?
907 511 1199 565 Numnam
1229 504 1397 560 matri
1431 503 1614 574 Legite
1640 500 1743 556 feci
1779 501 2072 573 repulsam
2093 501 2120 557 ?

476 604 743 677 nunquid
767 619 893 657 eam
916 597 1228 656 insolenter
1248 593 1460 666 sprevi,
1488 608 1663 664 quam
1688 591 1844 647 velut
1870 596 2117 647 matrem

473 692 885 752 benevolentiae
917 685 1285 757 amplexibus
1323 683 1585 737 strictam
1618 695 1921 752 nunquam
1953 680 2117 736 dese-

475 785 607 839 rui?
651 781 910 836 Profecto
960 793 1096 837 non,
1131 777 1193 828 ut
1221 770 1560 834 corniearis,
1594 769 1726 824 dedi
1767 769 1815 824 ei
1850 769 2115 825 libellum

473 871 721 945 repudii,
745 869 841 925 sed
865 869 1130 921 decorem
1151 860 1425 933 tripudii:
1453 877 1565 914 non
1590 858 1758 930 elogii
1775 861 1993 923 notam,
2013 860 2114 914 sed

471 961 709 1018 honoris
742 971 1016 1012 coronam
1052 970 1063 1008 :
1099 951 1331 1024 quando
1365 967 1465 1022 per
1495 966 1559 1004 os
1591 964 1785 1003 meum
1837 947 2117 1004 eructavit

384 1040 393 1049 ’
470 1069 569 1106 cor
589 1050 715 1117 ejus
741 1046 982 1101 verbum
1006 1044 1253 1106 bonum;
1280 1040 1513 1112 quando
1547 1037 1764 1093 contuli
1796 1037 1852 1091 in
1880 1036 2115 1092 thesau-

469 1156 565 1194 ros
595 1138 774 1208 hujus
801 1133 1133 1200 afflucntize,
1159 1130 1309 1201 quod
1338 1127 1526 1198 accepi
1554 1127 1609 1180 in
1641 1126 1931 1182 thesauris
1954 1125 2112 1181 illius

465 1227 788 1300 sapientiae.
821 1225 935 1278 Nec
968 1237 1227 1292 unquam
1252 1217 1424 1272 hodie
1455 1215 1716 1288 effugies,
1747 1215 1920 1270 etiam
1954 1216 2001 1270 si
2028 1213 2109 1270 al-

464 1322 552 1371 ter
579 1316 693 1370 sies
728 1313 1030 1380 Protheus,
1066 1310 1246 1363 donec
1266 1307 1416 1360 veris
1447 1305 1632 1359 vietus
1662 1305 1917 1368 fatearis,
1952 1305 2105 1375 quod

465 1404 609 1458 nihil
660 1402 982 1473 quidquam
1035 1398 1186 1453 obsit
1234 1413 1366 1450 cum
1426 1394 1650 1449 ratione
1680 1393 1786 1448 loci
1838 1393 2105 1460 mutatio,

462 1495 689 1546 tantum
723 1491 791 1544 de
813 1490 962 1543 bono
985 1485 1130 1541 nihil
1157 1488 1415 1539 mutetur
1444 1483 1740 1555 preposito
1770 1500 1783 1537 :
1809 1498 2107 1555 quamque

462 1579 785 1652 sapientem
817 1579 1043 1648 oportet
1072 1591 1275 1630 omnes
1306 1572 1431 1626 vitm
1462 1573 1715 1628 rationes
1754 1589 1855 1643 pro
1887 1571 2010 1628 loco
2051 1575 2107 1627 et

460 1671 720 1740 tempore
751 1666 964 1730 metiri,
997 1666 1286 1734 necjuxta
1314 1661 1625 1717 leviculum
1653 1661 1961 1733 Diogenem
1985 1679 2106 1718 om-

460 1759 558 1812 nia
588 1758 646 1812 in
682 1756 871 1810 medio
903 1754 1125 1809 haberi.

529 1848 620 1900 XI.
655 1847 817 1909 Quod
843 1847 1037 1900 autem
1062 1844 1130 1898 de
1151 1841 1351 1896 Flacco
1375 1846 1472 1894 tuo
1495 1841 1563 1894 ad
1589 1839 1710 1894 vitii
1735 1845 1930 1896 notam
1956 1840 2100 1896 mihi

457 1934 666 2001 inuris,
700 1933 817 1988 sive
852 1932 1141 2004 poeticum
1173 1930 1338 1990 illud.
1372 1929 1490 1984 sive
1519 1928 1992 2000 philosophicum
2027 1929 2104 1985 sit

457 2025 602 2081 satis
633 2024 722 2079 sui
758 2021 1010 2078 auctoris
1042 2019 1217 2075 struit
1247 2023 1611 2091 argumento,
1647 2019 1716 2073 ad
1752 2018 1807 2072 id
1841 2019 1991 2089 quod
2015 2035 2102 2073 as-

454 2114 768 2170 truendum
801 2110 1076 2176 instituit,
1103 2127 1214 2164 non
1243 2113 1436 2163 tamen
1462 2112 1526 2162 ut
1558 2107 1881 2178 proposuit,
1903 2107 1983 2162 ita
2014 2112 2102 2164 est

455 2201 848 2259 necessarium
885 2218 897 2254 ε
932 2199 1071 2269 quia
1103 2197 1200 2269 qui
1237 2202 1400 2251 trans
1444 2213 1603 2250 mare
1634 2200 1896 2262 currunt,
1950 2196 2102 2252 sicut

454 2291 686 2356 cmlum,
731 2290 812 2343 ita
855 2293 1082 2342 mutare
1131 2289 1379 2357 possunt
1425 2288 1481 2339 et
1523 2285 1804 2350 animam,
1849 2285 1918 2339 V.
1950 2289 2014 2340 G.
2049 2285 2098 2340 si

455 2379 587 2450 quis
619 2378 798 2432 idiota
827 2380 885 2431 et
911 2374 1176 2429 insulsus
1208 2373 1463 2428 Athenas
1497 2378 1698 2444 pergat
1726 2374 1813 2428 vel
1847 2373 2095 2445 naviget,

453 2466 648 2537 ibique
675 2465 947 2536 doctrinae
977 2462 1096 2518 sale
1119 2463 1443 2534 inspersus,
1465 2461 1777 2517 stultitiam
1809 2463 2098 2534 sapientia

452 2557 791 2610 commutet.
815 2553 960 2608 Illud
985 2557 1177 2607 autem
1197 2568 1470 2622 sequens,
1495 2551 1592 2605 ubi
1618 2552 1687 2605 de
1716 2550 1828 2606 loci
1851 2551 1936 2620 vel
1969 2551 2093 2606 coeli

451 2642 773 2698 mutatione
804 2641 1005 2702 tacuit,
1037 2643 1095 2694 et
1117 2640 1381 2694 animum
1405 2639 1720 2710 redarguit,
1747 2639 1935 2710 magis
1959 2640 2096 2695 facit

448 2733 519 2787 ad
554 2733 872 2797 rationem;
906 2728 1049 2784 nihil
1082 2729 1152 2782 ad
1185 2729 1329 2784 bene
1348 2729 1682 2795 vivendum,
1706 2727 1791 2783 vel
1817 2729 2093 2799 prodesse

445 2821 532 2876 vel
565 2821 769 2876 obesse
790 2818 918 2885 loci,
945 2818 1056 2873 nisi
1079 2820 1236 2872 certa
1257 2817 1638 2872 mutationem
1658 2818 1915 2883 ratione;
1949 2818 2088 2890 quin

448 2910 643 2980 potius
664 2908 825 2962 valde
845 2907 1171 2978 culpandus
1193 2911 1279 2962 est
1301 2906 1555 2969 animus,
1576 2906 1672 2977 qui
1699 2923 1759 2961 se
1786 2924 2087 2978 nunquam

447 2997 650 3069 effugit
695 2996 896 3062 talem,
943 2995 1136 3068 qualis
1176 2997 1335 3067 jacet
1384 2996 1441 3050 in
1482 2995 1809 3067 corruptela
1839 3000 1896 3052 et
1927 3013 2088 3052 emno

445 3085 740 3150 vitiorum,
789 3090 844 3140 et
876 3102 976 3157 per
1007 3089 1222 3140 arctam
1267 3085 1504 3139 moralis
1551 3084 1869 3156 disciplinae
1911 3086 2086 3141 semi-

2230 506 2479 569 numeri‘,
2527 507 2756 566 nullum
2806 515 2972 567 certe
3004 511 3384 570 habitationis
3413 514 3605 572 locum
3639 515 3748 572 sibi
3793 519 3854 573 ad

2230 593 2374 650 bene
2417 595 2725 654 vivendum
2774 597 3072 673 elegerunt
3116 619 3128 656 :
3182 601 3282 658 sed
3334 603 3514 658 semel
3547 604 3767 677 egressi
3795 607 3856 661 ad

2226 684 2687 756 investigandam
2705 691 2822 745 toto
2843 689 3156 762 fugientem
3175 691 3313 746 orbe
3335 691 3706 763 sapientiam,
3730 711 3861 748 nun-

2226 791 2401 846 quam
2423 776 2664 832 domum
2679 783 3050 834 reverterunt.
3066 779 3223 836 Talis
3243 786 3330 835 est
3349 780 3470 835 vita
3485 781 3721 853 perfecti
3737 799 3856 837 con-

2225 864 2932 938 summatiquesapientis,
2965 883 3139 939 quem
3172 885 3523 940 quocunque
3555 886 3648 925 res
3679 871 3852 934 cedat,

2225 969 2338 1008 non
2399 953 2457 1008 in
2498 953 2822 1011 Phalaridis
2853 960 3020 1012 tauro
3066 956 3154 1013 vel
3203 957 3563 1022 carniﬁcina,
3618 974 3791 1028 quem
3828 976 3857 1013 a

2222 1043 2560 1098 constantiae
2591 1043 2889 1116 gravitate,
2923 1063 2956 1101 a
2993 1045 3271 1118 propositi
3305 1045 3494 1119 rigore
3524 1044 3730 1101 nullus
3759 1065 3852 1102 un-

2222 1149 2397 1203 quam
2432 1132 2682 1188 deflectit
2719 1133 2916 1202 locus;
2968 1135 3062 1189 cui
3095 1138 3254 1190 totus
3300 1135 3560 1190 mundus
3605 1136 3676 1189 ad
3729 1135 3856 1192 bene

2219 1219 2499 1293 beateque
2535 1221 2845 1278 vivendum
2894 1240 3048 1278 unus
3077 1227 3165 1280 est
3197 1223 3377 1278 locus.
3435 1223 3548 1278 Sed
3579 1239 3850 1294 quorsum

2218 1309 2371 1364 ista?
2400 1309 2622 1366 scilicet
2644 1315 2707 1366 ut
2730 1328 2980 1384 arguens
2997 1311 3312 1378 refellatur,
3335 1311 3650 1384 videatque
3672 1311 3848 1366 locum

2215 1398 2301 1452 vel
2335 1399 2625 1455 insessum
2675 1400 2761 1456 vel
2794 1405 3107 1467 mutatum,
3149 1400 3398 1472 sapienti
3441 1399 3588 1455 nihil
3638 1401 3848 1466 obesse,

2214 1489 2384 1558 cujus
2415 1488 2778 1560 propositum
2807 1493 2896 1544 est
2924 1489 3115 1545 ubivis
3144 1488 3405 1545 locorum
3440 1488 3500 1545 in
3531 1488 3847 1545 constantia

2212 1576 2442 1632 virtutis
2474 1577 2744 1633 eumdem
2771 1593 2921 1634 esse.

2283 1665 2424 1720 XIII.
2460 1666 2568 1721 Sed
2597 1665 2737 1737 quid
2761 1667 2930 1723 nobis
2945 1667 3067 1723 haec
3088 1668 3390 1740 peregrina
3408 1666 3436 1722 ?
3462 1666 3698 1724 Scilicet
3717 1685 3842 1741 apo-

2133 1781 2179 1844 B
2212 1753 2366 1819 stoli,
2393 1771 2538 1844 quos
2560 1755 2880 1844 degmundo
2911 1756 3206 1829 elegitqui
3239 1757 3526 1812 mundum
3556 1757 3708 1827 fecit,
3741 1757 3843 1829 pri-

2217 1859 2380 1897 mum
2413 1843 2522 1898 sub
2553 1842 2770 1898 caelesti
2805 1844 3082 1917 magistro
3114 1844 3171 1899 in
3203 1844 3404 1900 schola
3432 1845 3686 1901 veritatis
3718 1847 3843 1899 vim

2209 1931 2364 1985 vocis
2397 1931 2602 1986 auditu
2635 1931 2869 1998 eruditi,
2893 1933 3027 1988 dein
3057 1938 3120 1989 ut
3147 1934 3294 1989 radii
3323 1933 3443 1989 veri
3475 1933 3621 1989 Solis
3651 1933 3840 1988 emissi

2209 2019 2280 2074 ad
2312 2019 2790 2085 illuminandum,
2822 2026 2879 2076 et
2911 2026 2974 2076 ut
2999 2021 3084 2077 sal
3118 2027 3283 2077 terra:
3314 2021 3558 2093 dispersi
3587 2022 3657 2076 ad
3699 2039 3836 2092 pur-

2209 2108 2470 2179 gandum
2515 2112 2569 2163 et
2615 2109 3033 2177 condiendum,
3080 2129 3193 2166 non
3227 2111 3474 2183 patriam
3517 2109 3602 2164 vel
3629 2108 3842 2174 locum,

2210 2213 2325 2250 non
2359 2212 2563 2267 agrum
2587 2196 2673 2252 vel
2696 2197 2957 2265 domum,
2979 2215 3090 2254 non
3117 2198 3440 2270 quidquam
3463 2198 3618 2270 quod
3643 2198 3836 2253 mundi

2209 2288 2363 2339 esset
2391 2285 2500 2340 sibi
2526 2286 2825 2357 proprium
2849 2286 3160 2354 duxerunt,
3181 2287 3280 2341 sed
3300 2285 3596 2342 salvandis
3627 2286 3841 2341 anima-

2208 2372 2319 2427 bus
2351 2373 2539 2444 primo
2569 2373 2957 2430 durissimum
2996 2374 3349 2447 praadicandi
3383 2374 3642 2430 laborem
3673 2375 3839 2430 etiam

2207 2461 2265 2515 in
2319 2461 2532 2533 frigore
2580 2465 2636 2516 et
2683 2462 2875 2517 inedia
2925 2461 3206 2534 vanisque
3251 2463 3525 2535 periculis
3556 2464 3843 2536 impentlr-

2206 2554 2342 2604 runt
2370 2568 2382 2606 :
2417 2551 2549 2606 dein
2581 2550 2842 2622 exemplo
2875 2551 3161 2623 Magistri,
3199 2569 3315 2624 qua
3343 2552 3629 2608 charitate
3670 2555 3842 2624 majo-

2205 2655 2326 2694 rem
2358 2655 2530 2694 nemo
2561 2639 2755 2705 habet,
2806 2638 3064 2695 animam
3096 2657 3265 2696 suam
3296 2657 3397 2712 pro
3441 2640 3722 2696 fratribus
3753 2657 3846 2714 [ο-

2201 2731 2468 2784 suerunt.
2493 2727 2696 2784 Otnnis
2716 2732 2915 2784 autem
2938 2729 3105 2786 beata
3134 2729 3235 2784 illa
3265 2730 3596 2802 posteritas,
3633 2746 3758 2803 qua
3784 2746 3845 2784 ex

2200 2815 2310 2872 hac
2331 2820 2570 2871 Patrum
2604 2815 2894 2888 spirituali
2916 2818 3286 2889 generatione
3316 2817 3646 2885 descendit,
3676 2834 3844 2890 popu-

2199 2905 2291 2960 lus
2315 2904 2534 2960 scilicet
2563 2904 2988 2977 acquisitionis,
3020 2905 3120 2978 qui
3152 2911 3502 2962 testamento
3535 2906 3839 2980 sanguinis

2196 2994 2408 3050 Christi
2440 2994 2497 3048 in
2525 2993 2901 3050 Israeliticam
2925 2993 3267 3066 dignitatem
3296 2995 3636 3066 adoptatus,
3669 2997 3724 3050 in
3754 3012 3841 3067 ge-

2199 3099 2313 3138 nus
2341 3083 2590 3138 electum
2613 3086 2671 3138 et
2691 3082 2881 3154 regale
2912 3083 3300 3139 sacerdotium
3318 3083 3566 3140 Domino
3599 3084 3842 3158 eligente

444 3178 563 3229 tam
614 3175 682 3228 ad
717 3175 974 3246 seipsum
1008 3191 1122 3228 non
1169 3173 1426 3244 confugit
1457 3173 1652 3237 talem,
1706 3174 1896 3245 qualis
1935 3175 2084 3230 effici
2116 3149 2161 3214 (ἶ
2201 3171 2520 3237 successit;
2556 3187 2781 3237 omnes,
2813 3171 3080 3244 inquam,
3108 3171 3202 3226 isti
3229 3173 3494 3228 eamdem
3515 3174 3650 3228 vitae
3673 3174 3838 3240 viain,

444 3265 635 3334 potest
665 3263 721 3316 in
756 3262 955 3318 schola
997 3263 1301 3317 virtutum.
1345 3264 1416 3316 At
1452 3279 1584 3316 vero
1639 3279 1752 3317 non
1794 3267 1882 3317 est
1915 3265 2086 3319 modo

444 3351 625 3406 nostri
647 3351 748 3406 otii
769 3351 853 3406 vel
870 3351 1061 3422 operis
1082 3350 1426 3421 exquisitius
1451 3352 1720 3423 prosequi
1740 3351 1881 3422 quid
1904 3352 1974 3408 de
1995 3353 2087 3408 his

441 3441 906 3512 argumentando
947 3439 1075 3494 elici
1106 3438 1290 3510 possit
1323 3456 1333 3493 :
1369 3439 1477 3494 hoc
1508 3438 1760 3506 interim,
1798 3439 1846 3494 si
1880 3439 2083 3511 placet,

441 3528 846 3600 relinquamus
878 3529 962 3582 eis
995 3545 1243 3598 quorum
1276 3531 1395 3582 tota
1417 3528 1594 3594 natio,
1628 3532 1747 3583 tota
1779 3529 1923 3584 ratio
1953 3545 2085 3600 gar-

438 3617 673 3672 rulitate
706 3616 929 3689 procaci
963 3616 1369 3682 concertando,
1404 3615 1739 3686 sophisticis
1775 3616 2089 3673 cavillatio-

439 3705 614 3761 nibus
645 3709 830 3760 totum
857 3704 1115 3760 discendi
1146 3703 1234 3759 vel
1267 3703 1495 3759 dicendi
1525 3703 1710 3759 otium
1731 3721 2085 3778 operamque

436 3794 705 3850 insumit.

507 3884 623 3937 XII.
654 3884 948 3938 Habemus
971 3887 1165 3937 autem
1193 3881 1524 3953 antiquiora
1553 3881 1646 3937 his
1669 3899 1795 3954 qua:
1827 3883 1897 3938 ad
1930 3883 2082 3939 hanc

435 3970 719 4024 rationem
756 3973 975 4026 faciunt
996 3976 1360 4042 argumenta,
1384 3971 1599 4042 quibus
1620 3971 1916 4042 probetur,
1940 3972 2078 4044 quid

433 4056 520 4112 vel
555 4057 740 4128 patria
768 4059 854 4114 vel
889 4059 1050 4112 locus
1082 4059 1295 4130 aliquis
1335 4060 1404 4113 ad
1456 4060 1601 4129 bene
1645 4059 1955 4116 vivendum
1988 4079 2081 4116 sa-

434 4145 613 4217 pienti
646 4146 788 4200 nihil
839 4147 1099 4200 conferat
1127 4146 1214 4200 vel
1244 4147 1470 4201 auferat
1503 4164 1514 4200 :
1551 4148 1693 4219 quin
1727 4149 1922 4219 potius
1953 4150 2082 4222 ipsa

433 4233 544 4288 sibi
562 4233 747 4289 virtus
770 4235 838 4288 ad
859 4235 1071 4289 bonam
1089 4235 1437 4305 beatamque
1457 4235 1632 4290 vitam
1657 4253 2080 4310 usquequaque

433 4323 704 4378 sufficiat.
753 4324 1011 4394 Denique
1059 4329 1294 4387 Teucer,
1329 4322 1576 4378 inhibito
1609 4325 1720 4381 sibi
1759 4327 1884 4382 sine
1915 4332 2079 4398 patre

433 4411 644 4476 reditu,
679 4429 811 4467 cum
845 4412 1142 4467 Salamina
1166 4418 1388 4484 patrem
1421 4418 1804 4482 aversaretur,
1839 4420 1894 4469 et
1920 4433 1952 4470 a
1982 4432 2077 4471 so-

2198 3258 2332 3315 licet
2361 3260 2471 3315 sub
2500 3260 2660 3314 varia
2689 3261 2982 3332 graduum
3014 3265 3070 3315 et
3101 3261 3426 3316 officiorum
3467 3261 3844 3318 distinctione

2197 3347 2468 3421 ingrcssi,
2500 3349 2636 3420 quia
2666 3349 2724 3404 in
2756 3354 2912 3404 terra
2941 3349 3151 3420 aliena,
3186 3367 3300 3405 non
3323 3367 3450 3422 qua:
3483 3368 3593 3406 sua
3630 3357 3840 3416 essent,

2197 3437 2293 3492 sed
2329 3454 2455 3508 qua:
2487 3437 2736 3492 aliorum
2775 3436 3211 3506 laboraverunt;
3247 3438 3384 3510 quia
3414 3456 3531 3494 non
3564 3440 3846 3496 habentes

2195 3525 2290 3580 hic
2321 3530 2656 3581 manentem
2705 3526 3020 3594 civitatem,
3074 3528 3331 3582 futuram
3376 3528 3772 3599 inquisierunt
3831 3547 3841 3583 :

2195 3615 2323 3669 ideo
2344 3613 2404 3668 in
2426 3631 2622 3669 veram
2643 3614 3117 3686 repromissionis
3134 3621 3345 3671 terram
3364 3615 3620 3671 filiorum
3644 3616 3846 3682 Israel,

2194 3703 2266 3758 ab
2313 3718 2378 3757 eo
2419 3703 2518 3774 qui
2551 3703 2871 3758 ascendens
2902 3703 3191 3775 captivam
3223 3704 3383 3758 duxit
3423 3705 3842 3777 captivitatem,

2193 3791 2438 3846 feliciter
2457 3791 2881 3864 transmigrati,
2907 3792 3042 3847 facti
3067 3799 3204 3847 sunt
3226 3792 3304 3846 ibi
3327 3793 3482 3848 cives
3503 3800 3842 3850 sanctorum

2191 3885 2247 3935 et
2272 3879 2580 3935 domestici
2611 3881 2733 3935 Dei.

2262 3971 2410 4023 XIV.
2443 3969 2640 4041 Neque
2673 3985 2803 4024 vero
2847 3967 3170 4035 arbitreris,
3204 3986 3296 4025 me
3346 3973 3449 4025 aut
3496 3970 3842 4044 ignorantiae

2190 4058 2465 4125 cecitate,
2498 4062 2600 4113 aut
2616 4057 2922 4113 oblivionis
2948 4057 3195 4129 caligine
3225 4059 3526 4128 obrutum,
3545 4061 3843 4116 ordinatas

2189 4146 2530 4202 Christianae
2562 4145 2781 4201 militiae
2809 4145 3134 4218 phalangas
3151 4147 3464 4218 praeterire,
3497 4154 3605 4203 aut
3637 4151 3724 4205 eis
3749 4167 3840 4220 pe-

2187 4234 2398 4289 tulanti
2440 4235 2705 4307 vagantis
2737 4233 2982 4289 licentire
3025 4235 3360 4308 arrogantia
3405 4238 3840 4308 prtejudicium,

2189 4322 2420 4389 inferre,
2448 4338 2578 4394 quae
2597 4322 2865 4378 videlicet
2886 4323 3240 4398 intrantibus
3265 4341 3420 4379 novre
3453 4324 3842 4389 Hierusalem,

2187 4415 2306 4466 tam
2339 4428 2400 4466 se
2431 4411 2577 4482 ipsis
2609 4427 2788 4481 quam
2810 4410 3237 4467 infirmioribus
3260 4412 3528 4468 Ecclesiae
3565 4415 3845 4470 membris

431 4501 539 4556 ciis
564 4501 813 4557 Patriam
840 4501 1276 4574 suspirantibus
1298 4501 1540 4556 ubinam
1557 4501 1726 4558 vellet
1748 4504 1954 4575 degere
1983 4521 2074 4559 ro-
2104 4515 2152 4579 D
2183 4504 2481 4555 armatura
2513 4497 2608 4554 Dei
2641 4499 3016 4572 protegendis
3047 4502 3332 4556 excubare
3363 4501 3648 4558 videntur
3673 4507 3732 4559 et
3763 4521 3844 4558 re-

432 4594 667 4660 garctur
701 4609 712 4645 :
749 4591 958 4658 Patria,
995 4590 1203 4662 inquit,
1247 4592 1532 4661 cujusque
1579 4596 1688 4648 est.
1738 4591 2077 4663 ubicunque

431 4678 579 4733 bene
608 4683 714 4734 est.
749 4680 870 4742 Quo
902 4680 1043 4751 quid
1077 4680 1308 4735 acutius
1340 4680 1412 4734 ad
1443 4678 1590 4734 hanc
1614 4696 1730 4751 qua
1759 4681 1829 4734 de
1860 4681 2074 4752 agitur,

431 4765 558 4819 vitae
605 4767 889 4822 rationem
937 4767 1050 4822 dici
1085 4769 1268 4840 possit
1311 4785 1424 4822 non
1455 4767 1642 4834 video,
1679 4768 1724 4824 si
1758 4768 1904 4825 bene
1948 4787 2077 4826 esse

433 4869 539 4907 suo
560 4854 798 4925 accipiat
818 4857 1006 4911 modo.
1034 4857 1300 4912 Socrates
1317 4873 1548 4928 quoque
1563 4861 1800 4928 rogatus
1812 4858 2077 4928 cujacem

434 4957 495 4995 se
523 4957 652 4995 esse
675 4943 952 4996 fateretur
971 4943 998 4996 ‘?
1030 4945 1395 4999 mundanum
1422 4961 1550 4999 esse
1581 4960 1641 4999 se
1673 4945 1992 5017 respondit,
2017 4947 2075 5002 id

430 5034 537 5098 est,
571 5048 685 5086 non
707 5030 879 5084 unius
901 5031 1148 5099 alicujus
1171 5031 1299 5097 loci,
1324 5036 1376 5085 et
1401 5032 1645 5086 incolam
1672 5037 1726 5086 et.
1749 5033 1928 5089 civem
1949 5051 2076 5091 esse

431 5119 608 5174 totius
628 5119 850 5174 mundi.
875 5126 988 5175 tIoc
1013 5122 1182 5175 verbo
1199 5120 1533 5193 designans,
1555 5121 1708 5192 quod
1743 5123 2075 5195 ubicunque

429 5214 602 5276 esset,
621 5209 762 5264 nihil
787 5209 857 5263 de
881 5209 1115 5264 virtutis
1140 5209 1434 5280 proposito
1451 5214 1706 5276 mutans,
1723 5211 1876 5266 idem
1899 5217 2071 5278 esset;

430 5299 704 5367 quodque
734 5315 868 5352 cum
919 5295 1192 5352 omnibus
1225 5297 1325 5369 qui
1358 5299 1414 5351 in
1446 5303 1565 5353 toto
1599 5299 1819 5354 mundo
1855 5300 2075 5356 ratione

433 5389 748 5445 uter-untur,
784 5402 1154 5439 communem
1196 5387 1323 5439 vita:
1355 5387 1781 5457 municipatum
1811 5387 2070 5443 haberet.

431 5471 763 5542 Philo50phi
795 5491 1026 5544 quoque
1048 5474 1418 5538 nobilissimi,
1445 5475 1597 5528 sicut
1621 5475 1675 5528 in
1708 5475 1918 5530 veteris
1950 5493 2073 5531 mo-

431 5559 708 5617 nimentis
736 5560 1006 5633 legimus,
1030 5564 1388 5629 Zenocrates,
1423 5564 1683 5630 Crantor,
1717 5567 1774 5618 et
1803 5563 2071 5637 Chrysip-

2187 4587 2410 4660 gularis
2440 4588 2569 4642 vita;
2601 4587 2915 4655 rationem,
2949 4604 3052 4644 seu
3085 4586 3357 4645 militaris
3393 4589 3611 4662 vigiliae
3644 4592 3844 4648 statiu-

2189 4693 2321 4732 nem
2371 4677 2756 4749 demigrando
2807 4681 3034 4732 mutare
3091 4678 3495 4750 prohibentur.
3562 4681 3844 4736 Novimus

2185 4765 2342 4821 enim
2375 4765 2586 4821 divinis
2618 4766 2856 4821 Patrum
2886 4766 3096 4822 edictis
3127 4772 3365 4824 cautum
3405 4785 3538 4825 esse
3582 4787 3659 4827 ne
3693 4771 3842 4842 quis,

2186 4854 2299 4910 nisi
2333 4858 2490 4910 recta
2519 4855 2761 4921 ratione,
2820 4855 2894 4909 ad
2925 4854 3040 4911 alia
3070 4855 3379 4929 demigret,
3412 4874 3484 4913 ne
3535 4861 3679 4932 quis
3712 4860 3844 4916 alie-

2187 4959 2329 4998 num
2363 4942 2641 4998 clericum
2675 4941 2951 5000 sollicitet
3001 4961 3014 5000 :
3065 4945 3457 5002 nihilominus
3500 4948 3688 5004 etiam
3738 4948 3843 5004 sci-

2187 5049 2320 5087 mus
2368 5031 2546 5086 libere
2577 5032 2956 5103 permissum,
2989 5033 3037 5089 si
3070 5051 3186 5106 qua
3216 5034 3474 5091 Ecclesia
3504 5035 3568 5092 in
3601 5038 3847 5094 diversis

2184 5121 2476 5194 graduum
2506 5125 2562 5175 et
2591 5119 2916 5176 officiorum
2950 5121 3352 5179 functionibus
3397 5124 3604 5182 minus
3639 5128 3842 5198 plenus

2184 5209 2414 5279 habeat,
2449 5210 2519 5265 ab
2549 5209 2666 5265 alia
2695 5209 2950 5266 Ecclesia
2985 5211 3076 5267 cui
3123 5212 3330 5268 talium
3363 5213 3532 5286 copia
3582 5221 3699 5283 est,
3734 5233 3845 5270 mm

2183 5299 2517 5370 negandum
2567 5302 2770 5371 petens
2801 5299 3064 5372 accipiat.
3101 5301 3421 5371 Graduum,
3445 5301 3724 5374 inquam,
3754 5320 3846 5359 ve-

2185 5387 2271 5442 lut
2301 5387 2348 5442 si
2373 5389 2443 5443 de
2464 5387 2582 5443 alia
2609 5388 2867 5444 Ecclesia
2885 5388 2996 5444 sibi
3019 5393 3181 5460 petat
3209 5391 3466 5446 ordinari
3491 5393 3845 5466 episcOpnni

2183 5481 2284 5531 aut
2313 5477 2720 5548 presbyterum
2750 5492 2763 5532 :
2795 5477 3143 5546 officiorum,
3174 5477 3334 5535 velut
3363 5480 3411 5535 si
3445 5480 3522 5534 ibi
3568 5487 3739 5554 petat
3769 5482 3850 5536 in-

2185 5565 2345 5620 stitui
2397 5565 2724 5638 regularem
2765 5565 3074 5638 praelatum
3119 5573 3220 5625 aut
3246 5567 3578 5625 litterarum
3617 5571 3847 5644 magis-
