  <div class='ocr_page' id='page_1' title='image "/cluster/home/n/w/nwhite01/storage/ocr_20150623/143/hvd.32044054760038/454.png"; bbox 0 0 4086 6168; ppageno 0'>
   <div class='ocr_carea' id='block_1_1' title="bbox 279 219 381 287">
    <p class='ocr_par' dir='ltr' id='par_1_1' title="bbox 279 219 381 287">
     <span class='ocr_line' id='line_1_1' title="bbox 279 219 381 287; baseline 0.02 -2"><span class='ocrx_word' id='word_1_1' title='bbox 279 219 381 287; x_wconf 83' lang='lat'>893</span> 
     </span>
    </p>
   </div>
   <div class='ocr_carea' id='block_1_2' title="bbox 1416 216 2503 285">
    <p class='ocr_par' dir='ltr' id='par_1_2' title="bbox 1416 216 2503 285">
     <span class='ocr_line' id='line_1_2' title="bbox 1416 216 2503 285; baseline -0.005 0"><span class='ocrx_word' id='word_1_2' title='bbox 1416 219 1803 285; x_wconf 86' lang='lat' dir='ltr'>EPISTOLA</span> <span class='ocrx_word' id='word_1_3' title='bbox 1843 216 1948 281; x_wconf 82' lang='lat' dir='ltr'>AD</span> <span class='ocrx_word' id='word_1_4' title='bbox 1992 216 2503 283; x_wconf 78' lang='lat' dir='ltr'>VALCHERUM.</span> 
     </span>
    </p>
   </div>
   <div class='ocr_carea' id='block_1_3' title="bbox 3544 233 3664 296">
    <p class='ocr_par' dir='ltr' id='par_1_3' title="bbox 3544 233 3664 296">
     <span class='ocr_line' id='line_1_3' title="bbox 3544 233 3664 296; baseline -0.017 0"><span class='ocrx_word' id='word_1_5' title='bbox 3544 233 3664 296; x_wconf 78' lang='grc'>894</span> 
     </span>
    </p>
   </div>
   <div class='ocr_carea' id='block_1_4' title="bbox 281 351 3659 433">
    <p class='ocr_par' dir='ltr' id='par_1_4' title="bbox 281 351 3659 433">
     <span class='ocr_line' id='line_1_4' title="bbox 281 351 3659 433; baseline 0.003 -18"><span class='ocrx_word' id='word_1_6' title='bbox 281 361 443 415; x_wconf 87' lang='lat' dir='ltr'>trum.</span> <span class='ocrx_word' id='word_1_7' title='bbox 473 351 707 414; x_wconf 80' lang='lat' dir='ltr'>Scimus</span> <span class='ocrx_word' id='word_1_8' title='bbox 753 374 983 432; x_wconf 88' lang='lat' dir='ltr'>quoque</span> <span class='ocrx_word' id='word_1_9' title='bbox 1030 355 1090 415; x_wconf 91' lang='lat' dir='ltr'>in</span> <span class='ocrx_word' id='word_1_10' title='bbox 1128 356 1350 416; x_wconf 87' lang='lat' dir='ltr'>eisdem</span> <span class='ocrx_word' id='word_1_11' title='bbox 1404 357 1728 431; x_wconf 88' lang='lat' dir='ltr'>spiritualis</span> <span class='ocrx_word' id='word_1_12' title='bbox 1773 355 1901 412; x_wconf 76' lang='lat' dir='ltr'>vitae</span> <span class='ocrx_word' id='word_1_13' title='bbox 1930 354 1987 422; x_wconf 80' lang='grc' dir='ltr'><strong>Α</strong></span> <span class='ocrx_word' id='word_1_14' title='bbox 2014 354 2261 413; x_wconf 87' lang='lat' dir='ltr'>editura.</span> <span class='ocrx_word' id='word_1_15' title='bbox 2296 354 2405 412; x_wconf 86' lang='lat' dir='ltr'>Sed</span> <span class='ocrx_word' id='word_1_16' title='bbox 2437 355 2578 429; x_wconf 91' lang='lat' dir='ltr'>quid</span> <span class='ocrx_word' id='word_1_17' title='bbox 2609 355 2775 413; x_wconf 84' lang='lat' dir='ltr'>dixi?</span> <span class='ocrx_word' id='word_1_18' title='bbox 2831 356 2999 431; x_wconf 89' lang='lat' dir='ltr'>quasi</span> <span class='ocrx_word' id='word_1_19' title='bbox 3031 360 3159 433; x_wconf 92' lang='lat' dir='ltr'>ipsa</span> <span class='ocrx_word' id='word_1_20' title='bbox 3211 378 3338 419; x_wconf 90' lang='lat' dir='ltr'>mea</span> <span class='ocrx_word' id='word_1_21' title='bbox 3369 362 3540 423; x_wconf 83' lang='lat' dir='ltr'>laude</span> <span class='ocrx_word' id='word_1_22' title='bbox 3571 366 3659 424; x_wconf 90' lang='lat' dir='ltr'>in-</span> 
     </span>
    </p>
   </div>
   <div class='ocr_carea' id='block_1_5' title="bbox 282 445 1903 522">
    <p class='ocr_par' dir='ltr' id='par_1_5' title="bbox 282 445 1903 522">
     <span class='ocr_line' id='line_1_5' title="bbox 282 445 1903 522; baseline 0 -20"><span class='ocrx_word' id='word_1_23' title='bbox 282 445 538 520; x_wconf 82' lang='lat' dir='ltr'>gregibus</span> <span class='ocrx_word' id='word_1_24' title='bbox 555 445 701 503; x_wconf 87' lang='lat' dir='ltr'>alios</span> <span class='ocrx_word' id='word_1_25' title='bbox 713 464 861 515; x_wconf 89' lang='lat' dir='ltr'>esse,</span> <span class='ocrx_word' id='word_1_26' title='bbox 877 448 1092 521; x_wconf 87' lang='lat' dir='ltr'>quibus</span> <span class='ocrx_word' id='word_1_27' title='bbox 1104 452 1329 504; x_wconf 89' lang='lat' dir='ltr'>contem</span> <span class='ocrx_word' id='word_1_28' title='bbox 1338 447 1561 522; x_wconf 78' lang='lat' dir='ltr'>plativae</span> <span class='ocrx_word' id='word_1_29' title='bbox 1577 449 1608 503; x_wconf 90' lang='lat' dir='ltr'>d</span> <span class='ocrx_word' id='word_1_30' title='bbox 1620 447 1803 503; x_wconf 90' lang='lat' dir='ltr'>ulcedi</span> <span class='ocrx_word' id='word_1_31' title='bbox 1812 446 1903 502; x_wconf 92' lang='lat' dir='ltr'>nis</span> 
     </span>
    </p>
   </div>
   <div class='ocr_carea' id='block_1_6' title="bbox 282 535 1901 611">
    <p class='ocr_par' dir='ltr' id='par_1_6' title="bbox 282 535 1901 611">
     <span class='ocr_line' id='line_1_6' title="bbox 282 535 1901 611; baseline 0.001 -22"><span class='ocrx_word' id='word_1_32' title='bbox 282 535 398 591; x_wconf 87' lang='lat' dir='ltr'>felix</span> <span class='ocrx_word' id='word_1_33' title='bbox 435 538 593 608; x_wconf 89' lang='lat' dir='ltr'>patet</span> <span class='ocrx_word' id='word_1_34' title='bbox 624 536 806 591; x_wconf 86' lang='lat' dir='ltr'>otium</span> <span class='ocrx_word' id='word_1_35' title='bbox 843 555 855 592; x_wconf 89' lang='lat'>:</span> <span class='ocrx_word' id='word_1_36' title='bbox 889 536 1053 605; x_wconf 90' lang='lat' dir='ltr'>alios,</span> <span class='ocrx_word' id='word_1_37' title='bbox 1092 538 1308 611; x_wconf 84' lang='lat' dir='ltr'>quibus</span> <span class='ocrx_word' id='word_1_38' title='bbox 1358 538 1415 593; x_wconf 91' lang='lat' dir='ltr'>in</span> <span class='ocrx_word' id='word_1_39' title='bbox 1448 536 1748 592; x_wconf 79' lang='lat' dir='ltr'>lucrandis</span> <span class='ocrx_word' id='word_1_40' title='bbox 1779 536 1901 591; x_wconf 87' lang='lat' dir='ltr'>ani-</span> 
     </span>
    </p>
   </div>
   <div class='ocr_carea' id='block_1_7' title="bbox 277 623 1907 700">
    <p class='ocr_par' dir='ltr' id='par_1_7' title="bbox 277 623 1907 700">
     <span class='ocr_line' id='line_1_7' title="bbox 277 623 1907 700; baseline 0.001 -21"><span class='ocrx_word' id='word_1_41' title='bbox 277 623 1143 699; x_wconf 65' lang='lat' dir='ltr'>mabusactivzedispensationis</span> <span class='ocrx_word' id='word_1_42' title='bbox 1161 628 1558 700; x_wconf 82' lang='lat' dir='ltr'>evangelicum</span> <span class='ocrx_word' id='word_1_43' title='bbox 1574 626 1907 699; x_wconf 89' lang='lat' dir='ltr'>injungitur</span> 
     </span>
    </p>
   </div>
   <div class='ocr_carea' id='block_1_8' title="bbox 272 713 1903 787">
    <p class='ocr_par' dir='ltr' id='par_1_8' title="bbox 272 713 1903 787">
     <span class='ocr_line' id='line_1_8' title="bbox 272 713 1903 787; baseline -0.001 -18"><span class='ocrx_word' id='word_1_44' title='bbox 272 713 552 786; x_wconf 82' lang='lat' dir='ltr'>negotium</span> <span class='ocrx_word' id='word_1_45' title='bbox 612 731 625 769; x_wconf 94' lang='lat'>:</span> <span class='ocrx_word' id='word_1_46' title='bbox 685 730 936 787; x_wconf 91' lang='lat' dir='ltr'>quorum</span> <span class='ocrx_word' id='word_1_47' title='bbox 985 716 1080 771; x_wconf 90' lang='lat' dir='ltr'>alii</span> <span class='ocrx_word' id='word_1_48' title='bbox 1131 715 1355 786; x_wconf 75' lang='lat' dir='ltr'>circuli,</span> <span class='ocrx_word' id='word_1_49' title='bbox 1410 715 1504 770; x_wconf 84' lang='lat' dir='ltr'>alii</span> <span class='ocrx_word' id='word_1_50' title='bbox 1559 719 1768 783; x_wconf 89' lang='lat' dir='ltr'>vectes,</span> <span class='ocrx_word' id='word_1_51' title='bbox 1806 713 1903 770; x_wconf 85' lang='lat' dir='ltr'>alii</span> 
     </span>
    </p>
   </div>
   <div class='ocr_carea' id='block_1_9' title="bbox 278 801 1904 876">
    <p class='ocr_par' dir='ltr' id='par_1_9' title="bbox 278 801 1904 876">
     <span class='ocr_line' id='line_1_9' title="bbox 278 801 1904 876; baseline 0.001 -20"><span class='ocrx_word' id='word_1_52' title='bbox 278 805 522 858; x_wconf 78' lang='lat' dir='ltr'>vectores</span> <span class='ocrx_word' id='word_1_53' title='bbox 564 801 718 867; x_wconf 84' lang='lat' dir='ltr'>facti,</span> <span class='ocrx_word' id='word_1_54' title='bbox 769 820 975 859; x_wconf 87' lang='lat' dir='ltr'>novam</span> <span class='ocrx_word' id='word_1_55' title='bbox 1024 806 1359 860; x_wconf 76' lang='lat' dir='ltr'>testamenti</span> <span class='ocrx_word' id='word_1_56' title='bbox 1405 821 1599 859; x_wconf 88' lang='lat' dir='ltr'>arcam</span> <span class='ocrx_word' id='word_1_57' title='bbox 1650 806 1904 876; x_wconf 86' lang='lat' dir='ltr'>portant,</span> 
     </span>
    </p>
   </div>
   <div class='ocr_carea' id='block_1_10' title="bbox 273 891 1904 966">
    <p class='ocr_par' dir='ltr' id='par_1_10' title="bbox 273 891 1904 966">
     <span class='ocr_line' id='line_1_10' title="bbox 273 891 1904 966; baseline 0.002 -21"><span class='ocrx_word' id='word_1_58' title='bbox 273 892 441 946; x_wconf 89' lang='lat' dir='ltr'>donee</span> <span class='ocrx_word' id='word_1_59' title='bbox 472 907 599 946; x_wconf 90' lang='lat' dir='ltr'>eam</span> <span class='ocrx_word' id='word_1_60' title='bbox 630 891 690 946; x_wconf 92' lang='lat' dir='ltr'>in</span> <span class='ocrx_word' id='word_1_61' title='bbox 723 897 937 948; x_wconf 66' lang='lat' dir='ltr'>aeterna</span> <span class='ocrx_word' id='word_1_62' title='bbox 958 894 1324 960; x_wconf 88' lang='lat' dir='ltr'>sistantvita,</span> <span class='ocrx_word' id='word_1_63' title='bbox 1358 894 1416 949; x_wconf 91' lang='lat' dir='ltr'>in</span> <span class='ocrx_word' id='word_1_64' title='bbox 1437 893 1666 949; x_wconf 89' lang='lat' dir='ltr'>laudem</span> <span class='ocrx_word' id='word_1_65' title='bbox 1698 897 1754 949; x_wconf 92' lang='lat' dir='ltr'>et</span> <span class='ocrx_word' id='word_1_66' title='bbox 1784 891 1904 966; x_wconf 86' lang='lat' dir='ltr'>glo-</span> 
     </span>
    </p>
   </div>
   <div class='ocr_carea' id='block_1_11' title="bbox 272 979 1906 1057">
    <p class='ocr_par' dir='ltr' id='par_1_11' title="bbox 272 979 1906 1057">
     <span class='ocr_line' id='line_1_11' title="bbox 272 979 1906 1057; baseline 0.001 -22"><span class='ocrx_word' id='word_1_67' title='bbox 272 979 408 1035; x_wconf 87' lang='lat' dir='ltr'>riam</span> <span class='ocrx_word' id='word_1_68' title='bbox 440 980 859 1053; x_wconf 73' lang='lat' dir='ltr'>omnipotentis</span> <span class='ocrx_word' id='word_1_69' title='bbox 914 982 1029 1038; x_wconf 85' lang='lat' dir='ltr'>Dei.</span> <span class='ocrx_word' id='word_1_70' title='bbox 1064 983 1192 1039; x_wconf 79' lang='lat' dir='ltr'>Haec</span> <span class='ocrx_word' id='word_1_71' title='bbox 1223 987 1310 1039; x_wconf 89' lang='lat' dir='ltr'>est</span> <span class='ocrx_word' id='word_1_72' title='bbox 1362 983 1461 1038; x_wconf 92' lang='lat' dir='ltr'>illa</span> <span class='ocrx_word' id='word_1_73' title='bbox 1511 984 1797 1057; x_wconf 86' lang='lat' dir='ltr'>graduum</span> <span class='ocrx_word' id='word_1_74' title='bbox 1848 985 1906 1037; x_wconf 91' lang='lat' dir='ltr'>et</span> 
     </span>
    </p>
   </div>
   <div class='ocr_carea' id='block_1_12' title="bbox 272 1068 1905 1146">
    <p class='ocr_par' dir='ltr' id='par_1_12' title="bbox 272 1068 1905 1146">
     <span class='ocr_line' id='line_1_12' title="bbox 272 1068 1905 1146; baseline 0 -21"><span class='ocrx_word' id='word_1_75' title='bbox 272 1068 586 1125; x_wconf 81' lang='lat' dir='ltr'>officiorum</span> <span class='ocrx_word' id='word_1_76' title='bbox 629 1069 948 1138; x_wconf 74' lang='lat' dir='ltr'>distinctio,</span> <span class='ocrx_word' id='word_1_77' title='bbox 983 1078 1039 1128; x_wconf 92' lang='lat' dir='ltr'>et</span> <span class='ocrx_word' id='word_1_78' title='bbox 1070 1073 1358 1129; x_wconf 91' lang='lat' dir='ltr'>bonorum</span> <span class='ocrx_word' id='word_1_79' title='bbox 1382 1090 1626 1146; x_wconf 85' lang='lat' dir='ltr'>operum</span> <span class='ocrx_word' id='word_1_80' title='bbox 1679 1089 1805 1144; x_wconf 74' lang='lat' dir='ltr'>qua:</span> <span class='ocrx_word' id='word_1_81' title='bbox 1844 1070 1905 1125; x_wconf 92' lang='lat' dir='ltr'>in</span> 
     </span>
    </p>
   </div>
   <div class='ocr_carea' id='block_1_13' title="bbox 274 1155 1905 1234">
    <p class='ocr_par' dir='ltr' id='par_1_13' title="bbox 274 1155 1905 1234">
     <span class='ocr_line' id='line_1_13' title="bbox 274 1155 1905 1234; baseline 0.001 -22"><span class='ocrx_word' id='word_1_82' title='bbox 274 1155 359 1212; x_wconf 89' lang='lat' dir='ltr'>bis</span> <span class='ocrx_word' id='word_1_83' title='bbox 388 1161 673 1230; x_wconf 83' lang='lat' dir='ltr'>geruntur</span> <span class='ocrx_word' id='word_1_84' title='bbox 702 1158 999 1229; x_wconf 78' lang='lat' dir='ltr'>splendor,</span> <span class='ocrx_word' id='word_1_85' title='bbox 1034 1177 1206 1233; x_wconf 87' lang='lat' dir='ltr'>quem</span> <span class='ocrx_word' id='word_1_86' title='bbox 1256 1161 1485 1216; x_wconf 86' lang='lat' dir='ltr'>videbat</span> <span class='ocrx_word' id='word_1_87' title='bbox 1517 1160 1799 1234; x_wconf 87' lang='lat' dir='ltr'>prepheta</span> <span class='ocrx_word' id='word_1_88' title='bbox 1847 1159 1905 1213; x_wconf 92' lang='lat' dir='ltr'>in</span> 
     </span>
    </p>
   </div>
   <div class='ocr_carea' id='block_1_14' title="bbox 274 1245 1907 1319">
    <p class='ocr_par' dir='ltr' id='par_1_14' title="bbox 274 1245 1907 1319">
     <span class='ocr_line' id='line_1_14' title="bbox 274 1245 1907 1319; baseline 0.002 -18"><span class='ocrx_word' id='word_1_89' title='bbox 274 1248 472 1301; x_wconf 83' lang='lat' dir='ltr'>ornatu</span> <span class='ocrx_word' id='word_1_90' title='bbox 504 1245 736 1318; x_wconf 74' lang='lat' dir='ltr'>reginae,</span> <span class='ocrx_word' id='word_1_91' title='bbox 778 1263 905 1319; x_wconf 64' lang='lat' dir='ltr'>quae</span> <span class='ocrx_word' id='word_1_92' title='bbox 950 1248 1005 1303; x_wconf 74' lang='lat' dir='ltr'>in</span> <span class='ocrx_word' id='word_1_93' title='bbox 1037 1248 1247 1305; x_wconf 89' lang='lat' dir='ltr'>vestitu</span> <span class='ocrx_word' id='word_1_94' title='bbox 1298 1252 1576 1306; x_wconf 84' lang='lat' dir='ltr'>deaurato</span> <span class='ocrx_word' id='word_1_95' title='bbox 1626 1249 1907 1305; x_wconf 75' lang='lat' dir='ltr'>assistens</span> 
     </span>
    </p>
   </div>
   <div class='ocr_carea' id='block_1_15' title="bbox 273 1333 1903 1411">
    <p class='ocr_par' dir='ltr' id='par_1_15' title="bbox 273 1333 1903 1411">
     <span class='ocr_line' id='line_1_15' title="bbox 273 1333 1903 1411; baseline 0.002 -23"><span class='ocrx_word' id='word_1_96' title='bbox 273 1353 305 1389; x_wconf 91' lang='lat' dir='ltr'>a</span> <span class='ocrx_word' id='word_1_97' title='bbox 331 1333 546 1389; x_wconf 82' lang='lat' dir='ltr'>dextris</span> <span class='ocrx_word' id='word_1_98' title='bbox 572 1334 772 1407; x_wconf 88' lang='lat' dir='ltr'>sponsi</span> <span class='ocrx_word' id='word_1_99' title='bbox 806 1336 980 1409; x_wconf 89' lang='lat' dir='ltr'>regis,</span> <span class='ocrx_word' id='word_1_100' title='bbox 1014 1337 1194 1411; x_wconf 78' lang='lat' dir='ltr'>fulget</span> <span class='ocrx_word' id='word_1_101' title='bbox 1223 1339 1584 1395; x_wconf 89' lang='lat' dir='ltr'>circumdata</span> <span class='ocrx_word' id='word_1_102' title='bbox 1613 1338 1903 1393; x_wconf 82' lang='lat' dir='ltr'>varietate.</span> 
     </span>
    </p>
   </div>
   <div class='ocr_carea' id='block_1_16' title="bbox 267 1422 1902 1501">
    <p class='ocr_par' dir='ltr' id='par_1_16' title="bbox 267 1422 1902 1501">
     <span class='ocr_line' id='line_1_16' title="bbox 267 1422 1902 1501; baseline 0.002 -23"><span class='ocrx_word' id='word_1_103' title='bbox 267 1422 421 1478; x_wconf 86' lang='lat' dir='ltr'>Hanc</span> <span class='ocrx_word' id='word_1_104' title='bbox 477 1424 746 1480; x_wconf 87' lang='lat' dir='ltr'>eamdem</span> <span class='ocrx_word' id='word_1_105' title='bbox 803 1424 1238 1483; x_wconf 89' lang='lat' dir='ltr'>distinctionem</span> <span class='ocrx_word' id='word_1_106' title='bbox 1271 1428 1425 1484; x_wconf 90' lang='lat' dir='ltr'>idem</span> <span class='ocrx_word' id='word_1_107' title='bbox 1504 1428 1787 1501; x_wconf 88' lang='lat' dir='ltr'>prepheta</span> <span class='ocrx_word' id='word_1_108' title='bbox 1842 1427 1902 1481; x_wconf 91' lang='lat' dir='ltr'>in</span> 
     </span>
    </p>
   </div>
   <div class='ocr_carea' id='block_1_17' title="bbox 268 1511 1906 1589">
    <p class='ocr_par' dir='ltr' id='par_1_17' title="bbox 268 1511 1906 1589">
     <span class='ocr_line' id='line_1_17' title="bbox 268 1511 1906 1589; baseline 0.002 -22"><span class='ocrx_word' id='word_1_109' title='bbox 268 1511 566 1585; x_wconf 63' lang='lat' dir='ltr'>aenigmate</span> <span class='ocrx_word' id='word_1_110' title='bbox 587 1513 1022 1585; x_wconf 88' lang='lat' dir='ltr'>speculabatur,</span> <span class='ocrx_word' id='word_1_111' title='bbox 1037 1517 1270 1589; x_wconf 80' lang='lat' dir='ltr'>quando</span> <span class='ocrx_word' id='word_1_112' title='bbox 1293 1518 1539 1573; x_wconf 86' lang='lat' dir='ltr'>miratus</span> <span class='ocrx_word' id='word_1_113' title='bbox 1561 1518 1629 1573; x_wconf 89' lang='lat' dir='ltr'>ad</span> <span class='ocrx_word' id='word_1_114' title='bbox 1642 1515 1906 1571; x_wconf 89' lang='lat' dir='ltr'>mirabile</span> 
     </span>
    </p>
   </div>
   <div class='ocr_carea' id='block_1_18' title="bbox 268 1600 1908 1679">
    <p class='ocr_par' dir='ltr' id='par_1_18' title="bbox 268 1600 1908 1679">
     <span class='ocr_line' id='line_1_18' title="bbox 268 1600 1908 1679; baseline 0.002 -23"><span class='ocrx_word' id='word_1_115' title='bbox 268 1616 471 1657; x_wconf 88' lang='lat' dir='ltr'>nomen</span> <span class='ocrx_word' id='word_1_116' title='bbox 493 1600 725 1657; x_wconf 90' lang='lat' dir='ltr'>Domini</span> <span class='ocrx_word' id='word_1_117' title='bbox 748 1601 807 1657; x_wconf 92' lang='lat' dir='ltr'>in</span> <span class='ocrx_word' id='word_1_118' title='bbox 834 1603 1105 1660; x_wconf 84' lang='lat' dir='ltr'>universa</span> <span class='ocrx_word' id='word_1_119' title='bbox 1137 1609 1308 1675; x_wconf 88' lang='lat' dir='ltr'>terra,</span> <span class='ocrx_word' id='word_1_120' title='bbox 1335 1623 1437 1679; x_wconf 92' lang='lat' dir='ltr'>pro</span> <span class='ocrx_word' id='word_1_121' title='bbox 1462 1623 1526 1662; x_wconf 87' lang='lat' dir='ltr'>eo</span> <span class='ocrx_word' id='word_1_122' title='bbox 1552 1606 1704 1678; x_wconf 90' lang='lat' dir='ltr'>quod</span> <span class='ocrx_word' id='word_1_123' title='bbox 1730 1621 1908 1677; x_wconf 88' lang='lat' dir='ltr'>super</span> 
     </span>
    </p>
   </div>
   <div class='ocr_carea' id='block_1_19' title="bbox 2014 444 3658 519">
    <p class='ocr_par' dir='ltr' id='par_1_19' title="bbox 2014 444 3658 519">
     <span class='ocr_line' id='line_1_19' title="bbox 2014 444 3658 519; baseline 0.009 -21"><span class='ocrx_word' id='word_1_124' title='bbox 2014 444 2209 518; x_wconf 84' lang='lat' dir='ltr'>digeut</span> <span class='ocrx_word' id='word_1_125' title='bbox 2237 449 2293 499; x_wconf 91' lang='lat' dir='ltr'>et</span> <span class='ocrx_word' id='word_1_126' title='bbox 2321 462 2436 500; x_wconf 91' lang='lat' dir='ltr'>non</span> <span class='ocrx_word' id='word_1_127' title='bbox 2461 464 2561 519; x_wconf 89' lang='lat' dir='ltr'>per</span> <span class='ocrx_word' id='word_1_128' title='bbox 2593 463 2654 501; x_wconf 90' lang='lat' dir='ltr'>se</span> <span class='ocrx_word' id='word_1_129' title='bbox 2685 445 2830 503; x_wconf 87' lang='lat' dir='ltr'>satis</span> <span class='ocrx_word' id='word_1_130' title='bbox 2861 447 3131 504; x_wconf 86' lang='lat' dir='ltr'>emineat.</span> <span class='ocrx_word' id='word_1_131' title='bbox 3194 450 3321 507; x_wconf 91' lang='lat' dir='ltr'>Non</span> <span class='ocrx_word' id='word_1_132' title='bbox 3359 454 3517 510; x_wconf 81' lang='lat' dir='ltr'>enim</span> <span class='ocrx_word' id='word_1_133' title='bbox 3566 456 3658 513; x_wconf 86' lang='lat' dir='ltr'>in-</span> 
     </span>
    </p>
   </div>
   <div class='ocr_carea' id='block_1_20' title="bbox 2014 533 3658 607">
    <p class='ocr_par' dir='ltr' id='par_1_20' title="bbox 2014 533 3658 607">
     <span class='ocr_line' id='line_1_20' title="bbox 2014 533 3658 607; baseline 0.009 -21"><span class='ocrx_word' id='word_1_134' title='bbox 2014 533 2168 607; x_wconf 88' lang='lat' dir='ltr'>diget</span> <span class='ocrx_word' id='word_1_135' title='bbox 2202 533 2451 605; x_wconf 83' lang='lat' dir='ltr'>alicujus</span> <span class='ocrx_word' id='word_1_136' title='bbox 2486 536 2658 591; x_wconf 82' lang='lat' dir='ltr'>laude</span> <span class='ocrx_word' id='word_1_137' title='bbox 2707 537 3066 604; x_wconf 89' lang='lat' dir='ltr'>adumbrari,</span> <span class='ocrx_word' id='word_1_138' title='bbox 3128 538 3215 594; x_wconf 88' lang='lat' dir='ltr'>vel</span> <span class='ocrx_word' id='word_1_139' title='bbox 3248 539 3305 594; x_wconf 91' lang='lat' dir='ltr'>in</span> <span class='ocrx_word' id='word_1_140' title='bbox 3355 558 3658 601; x_wconf 88' lang='lat' dir='ltr'>commen-</span> 
     </span>
    </p>
   </div>
   <div class='ocr_carea' id='block_1_21' title="bbox 2012 622 3663 701">
    <p class='ocr_par' dir='ltr' id='par_1_21' title="bbox 2012 622 3663 701">
     <span class='ocr_line' id='line_1_21' title="bbox 2012 622 3663 701; baseline 0.008 -24"><span class='ocrx_word' id='word_1_141' title='bbox 2012 622 2202 679; x_wconf 89' lang='lat' dir='ltr'>titiam</span> <span class='ocrx_word' id='word_1_142' title='bbox 2259 624 2513 697; x_wconf 84' lang='lat' dir='ltr'>efﬁgiem</span> <span class='ocrx_word' id='word_1_143' title='bbox 2571 625 2750 680; x_wconf 76' lang='lat' dir='ltr'>beatae</span> <span class='ocrx_word' id='word_1_144' title='bbox 2791 625 3038 683; x_wconf 86' lang='lat' dir='ltr'>civitatis</span> <span class='ocrx_word' id='word_1_145' title='bbox 3082 628 3336 701; x_wconf 78' lang='lat' dir='ltr'>alicujus</span> <span class='ocrx_word' id='word_1_146' title='bbox 3394 647 3663 690; x_wconf 89' lang='lat' dir='ltr'>sermone</span> 
     </span>
    </p>
   </div>
   <div class='ocr_carea' id='block_1_22' title="bbox 2015 712 3664 786">
    <p class='ocr_par' dir='ltr' id='par_1_22' title="bbox 2015 712 3664 786">
     <span class='ocr_line' id='line_1_22' title="bbox 2015 712 3664 786; baseline 0.008 -21"><span class='ocrx_word' id='word_1_147' title='bbox 2015 712 2338 784; x_wconf 88' lang='lat' dir='ltr'>picturari:</span> <span class='ocrx_word' id='word_1_148' title='bbox 2399 713 2537 784; x_wconf 86' lang='lat' dir='ltr'>quia</span> <span class='ocrx_word' id='word_1_149' title='bbox 2568 731 2693 770; x_wconf 86' lang='lat' dir='ltr'>vere</span> <span class='ocrx_word' id='word_1_150' title='bbox 2741 715 2867 771; x_wconf 89' lang='lat' dir='ltr'>viva</span> <span class='ocrx_word' id='word_1_151' title='bbox 2916 716 3120 772; x_wconf 85' lang='lat' dir='ltr'>civitas</span> <span class='ocrx_word' id='word_1_152' title='bbox 3174 722 3283 786; x_wconf 91' lang='lat' dir='ltr'>est,</span> <span class='ocrx_word' id='word_1_153' title='bbox 3347 724 3404 775; x_wconf 92' lang='lat' dir='ltr'>et</span> <span class='ocrx_word' id='word_1_154' title='bbox 3458 720 3664 778; x_wconf 89' lang='lat' dir='ltr'>beatus</span> 
     </span>
    </p>
   </div>
   <div class='ocr_carea' id='block_1_23' title="bbox 2012 800 3662 883">
    <p class='ocr_par' dir='ltr' id='par_1_23' title="bbox 2012 800 3662 883">
     <span class='ocr_line' id='line_1_23' title="bbox 2012 800 3662 883; baseline 0.008 -28"><span class='ocrx_word' id='word_1_155' title='bbox 2012 800 2197 869; x_wconf 89' lang='lat' dir='ltr'>locus,</span> <span class='ocrx_word' id='word_1_156' title='bbox 2233 801 2437 857; x_wconf 73' lang='lat' dir='ltr'>divinae</span> <span class='ocrx_word' id='word_1_157' title='bbox 2471 801 2767 876; x_wconf 82' lang='lat' dir='ltr'>religionis</span> <span class='ocrx_word' id='word_1_158' title='bbox 2790 803 2984 860; x_wconf 90' lang='lat' dir='ltr'>vivens</span> <span class='ocrx_word' id='word_1_159' title='bbox 3018 804 3304 862; x_wconf 85' lang='lat' dir='ltr'>institutis</span> <span class='ocrx_word' id='word_1_160' title='bbox 3336 812 3392 864; x_wconf 92' lang='lat' dir='ltr'>et</span> <span class='ocrx_word' id='word_1_161' title='bbox 3412 808 3662 883; x_wconf 89' lang='lat' dir='ltr'>legibus.</span> 
     </span>
    </p>
   </div>
   <div class='ocr_carea' id='block_1_24' title="bbox 2014 891 3666 972">
    <p class='ocr_par' dir='ltr' id='par_1_24' title="bbox 2014 891 3666 972">
     <span class='ocr_line' id='line_1_24' title="bbox 2014 891 3666 972; baseline 0.006 -26"><span class='ocrx_word' id='word_1_162' title='bbox 2014 891 2157 946; x_wconf 87' lang='lat' dir='ltr'>Cum</span> <span class='ocrx_word' id='word_1_163' title='bbox 2179 908 2314 963; x_wconf 87' lang='lat' dir='ltr'>ergo</span> <span class='ocrx_word' id='word_1_164' title='bbox 2337 895 2654 965; x_wconf 88' lang='lat' dir='ltr'>angustum</span> <span class='ocrx_word' id='word_1_165' title='bbox 2678 893 2882 948; x_wconf 86' lang='lat' dir='ltr'>matris</span> <span class='ocrx_word' id='word_1_166' title='bbox 2916 898 2972 949; x_wconf 92' lang='lat' dir='ltr'>et</span> <span class='ocrx_word' id='word_1_167' title='bbox 2996 895 3239 951; x_wconf 86' lang='lat' dir='ltr'>nutricis</span> <span class='ocrx_word' id='word_1_168' title='bbox 3262 901 3472 953; x_wconf 70' lang='lat' dir='ltr'>nostrae</span> <span class='ocrx_word' id='word_1_169' title='bbox 3494 904 3666 972; x_wconf 72' lang='lat' dir='ltr'>caput</span> 
     </span>
    </p>
   </div>
   <div class='ocr_carea' id='block_1_25' title="bbox 2016 980 3666 1059">
    <p class='ocr_par' dir='ltr' id='par_1_25' title="bbox 2016 980 3666 1059">
     <span class='ocr_line' id='line_1_25' title="bbox 2016 980 3666 1059; baseline 0.006 -24"><span class='ocrx_word' id='word_1_170' title='bbox 2016 980 2142 1035; x_wconf 89' lang='lat' dir='ltr'>nive</span> <span class='ocrx_word' id='word_1_171' title='bbox 2178 980 2484 1037; x_wconf 78' lang='lat' dir='ltr'>candidius</span> <span class='ocrx_word' id='word_1_172' title='bbox 2507 980 2693 1037; x_wconf 89' lang='lat' dir='ltr'>albeat</span> <span class='ocrx_word' id='word_1_173' title='bbox 2722 983 3056 1040; x_wconf 87' lang='lat' dir='ltr'>revereudis</span> <span class='ocrx_word' id='word_1_174' title='bbox 3077 985 3332 1057; x_wconf 71' lang='lat' dir='ltr'>antiqua:</span> <span class='ocrx_word' id='word_1_175' title='bbox 3364 987 3666 1059; x_wconf 64' lang='lat' dir='ltr'>sapientiae</span> 
     </span>
    </p>
   </div>
   <div class='ocr_carea' id='block_1_26' title="bbox 2015 1070 3663 1147">
    <p class='ocr_par' dir='ltr' id='par_1_26' title="bbox 2015 1070 3663 1147">
     <span class='ocr_line' id='line_1_26' title="bbox 2015 1070 3663 1147; baseline 0.004 -22"><span class='ocrx_word' id='word_1_176' title='bbox 2015 1070 2203 1138; x_wconf 89' lang='lat' dir='ltr'>cunis,</span> <span class='ocrx_word' id='word_1_177' title='bbox 2238 1087 2487 1142; x_wconf 86' lang='lat' dir='ltr'>cumque</span> <span class='ocrx_word' id='word_1_178' title='bbox 2516 1071 2651 1125; x_wconf 83' lang='lat' dir='ltr'>trito</span> <span class='ocrx_word' id='word_1_179' title='bbox 2707 1075 2895 1144; x_wconf 79' lang='lat' dir='ltr'>gestet</span> <span class='ocrx_word' id='word_1_180' title='bbox 2927 1071 2982 1126; x_wconf 90' lang='lat' dir='ltr'>in</span> <span class='ocrx_word' id='word_1_181' title='bbox 3042 1074 3254 1130; x_wconf 85' lang='lat' dir='ltr'>vertice</span> <span class='ocrx_word' id='word_1_182' title='bbox 3286 1074 3663 1147; x_wconf 86' lang='lat' dir='ltr'>splendidum</span> 
     </span>
    </p>
   </div>
   <div class='ocr_carea' id='block_1_27' title="bbox 2016 1158 3663 1235">
    <p class='ocr_par' dir='ltr' id='par_1_27' title="bbox 2016 1158 3663 1235">
     <span class='ocr_line' id='line_1_27' title="bbox 2016 1158 3663 1235; baseline 0.005 -22"><span class='ocrx_word' id='word_1_183' title='bbox 2016 1159 2287 1214; x_wconf 85' lang='lat' dir='ltr'>diadema</span> <span class='ocrx_word' id='word_1_184' title='bbox 2343 1158 2547 1213; x_wconf 61' lang='lat' dir='ltr'>divinae</span> <span class='ocrx_word' id='word_1_185' title='bbox 2607 1161 2945 1233; x_wconf 74' lang='lat' dir='ltr'>religionis;</span> <span class='ocrx_word' id='word_1_186' title='bbox 2982 1161 3200 1233; x_wconf 74' lang='lat' dir='ltr'>fulgCit</span> <span class='ocrx_word' id='word_1_187' title='bbox 3258 1181 3491 1235; x_wconf 77' lang='lat' dir='ltr'>quoque</span> <span class='ocrx_word' id='word_1_188' title='bbox 3522 1183 3663 1222; x_wconf 87' lang='lat' dir='ltr'>auro</span> 
     </span>
    </p>
   </div>
   <div class='ocr_carea' id='block_1_28' title="bbox 2016 1246 3668 1323">
    <p class='ocr_par' dir='ltr' id='par_1_28' title="bbox 2016 1246 3668 1323">
     <span class='ocr_line' id='line_1_28' title="bbox 2016 1246 3668 1323; baseline 0.004 -20"><span class='ocrx_word' id='word_1_189' title='bbox 2016 1248 2183 1303; x_wconf 87' lang='lat' dir='ltr'>tectis</span> <span class='ocrx_word' id='word_1_190' title='bbox 2215 1246 2535 1320; x_wconf 79' lang='lat' dir='ltr'>insignium</span> <span class='ocrx_word' id='word_1_191' title='bbox 2568 1254 2868 1322; x_wconf 86' lang='lat' dir='ltr'>gestorum</span> <span class='ocrx_word' id='word_1_192' title='bbox 2909 1249 3263 1323; x_wconf 74' lang='lat' dir='ltr'>cycladibus,</span> <span class='ocrx_word' id='word_1_193' title='bbox 3326 1260 3380 1308; x_wconf 87' lang='lat' dir='ltr'>et</span> <span class='ocrx_word' id='word_1_194' title='bbox 3430 1258 3548 1310; x_wconf 88' lang='lat' dir='ltr'>tota</span> <span class='ocrx_word' id='word_1_195' title='bbox 3590 1255 3668 1311; x_wconf 85' lang='lat' dir='ltr'>sit</span> 
     </span>
    </p>
   </div>
   <div class='ocr_carea' id='block_1_29' title="bbox 2017 1336 3667 1410">
    <p class='ocr_par' dir='ltr' id='par_1_29' title="bbox 2017 1336 3667 1410">
     <span class='ocr_line' id='line_1_29' title="bbox 2017 1336 3667 1410; baseline 0.004 -18"><span class='ocrx_word' id='word_1_196' title='bbox 2017 1336 2421 1392; x_wconf 87' lang='lat' dir='ltr'>desiderabilis</span> <span class='ocrx_word' id='word_1_197' title='bbox 2443 1337 2701 1410; x_wconf 89' lang='lat' dir='ltr'>undique</span> <span class='ocrx_word' id='word_1_198' title='bbox 2724 1339 3002 1393; x_wconf 88' lang='lat' dir='ltr'>virtutum</span> <span class='ocrx_word' id='word_1_199' title='bbox 3028 1339 3463 1397; x_wconf 83' lang='lat' dir='ltr'>circumamieta</span> <span class='ocrx_word' id='word_1_200' title='bbox 3484 1343 3667 1399; x_wconf 88' lang='lat' dir='ltr'>varie-</span> 
     </span>
    </p>
   </div>
   <div class='ocr_carea' id='block_1_30' title="bbox 2016 1425 3662 1495">
    <p class='ocr_par' dir='ltr' id='par_1_30' title="bbox 2016 1425 3662 1495">
     <span class='ocr_line' id='line_1_30' title="bbox 2016 1425 3662 1495; baseline 0.004 -15"><span class='ocrx_word' id='word_1_201' title='bbox 2016 1425 2238 1481; x_wconf 89' lang='lat' dir='ltr'>tatibus</span> <span class='ocrx_word' id='word_1_202' title='bbox 2264 1443 2276 1480; x_wconf 91' lang='lat'>:</span> <span class='ocrx_word' id='word_1_203' title='bbox 2302 1442 2556 1482; x_wconf 88' lang='lat' dir='ltr'>sanusne</span> <span class='ocrx_word' id='word_1_204' title='bbox 2589 1427 2690 1495; x_wconf 91' lang='lat' dir='ltr'>sis,</span> <span class='ocrx_word' id='word_1_205' title='bbox 2711 1428 2757 1483; x_wconf 89' lang='lat' dir='ltr'>si</span> <span class='ocrx_word' id='word_1_206' title='bbox 2783 1427 3035 1483; x_wconf 86' lang='lat' dir='ltr'>suadeas</span> <span class='ocrx_word' id='word_1_207' title='bbox 3052 1432 3115 1483; x_wconf 93' lang='lat' dir='ltr'>ut</span> <span class='ocrx_word' id='word_1_208' title='bbox 3136 1428 3415 1485; x_wconf 79' lang='lat' dir='ltr'>umbram.</span> <span class='ocrx_word' id='word_1_209' title='bbox 3440 1430 3662 1487; x_wconf 89' lang='lat' dir='ltr'>alarum</span> 
     </span>
    </p>
   </div>
   <div class='ocr_carea' id='block_1_31' title="bbox 2015 1515 3664 1587">
    <p class='ocr_par' dir='ltr' id='par_1_31' title="bbox 2015 1515 3664 1587">
     <span class='ocr_line' id='line_1_31' title="bbox 2015 1515 3664 1587; baseline 0.004 -18"><span class='ocrx_word' id='word_1_210' title='bbox 2015 1515 2145 1586; x_wconf 85' lang='lat' dir='ltr'>ejus</span> <span class='ocrx_word' id='word_1_211' title='bbox 2176 1532 2290 1569; x_wconf 91' lang='lat' dir='ltr'>non</span> <span class='ocrx_word' id='word_1_212' title='bbox 2324 1515 2666 1587; x_wconf 84' lang='lat' dir='ltr'>requiram?</span> <span class='ocrx_word' id='word_1_213' title='bbox 2697 1517 2851 1587; x_wconf 90' lang='lat' dir='ltr'>quod</span> <span class='ocrx_word' id='word_1_214' title='bbox 2894 1515 3176 1573; x_wconf 88' lang='lat' dir='ltr'>tantidem</span> <span class='ocrx_word' id='word_1_215' title='bbox 3210 1522 3319 1584; x_wconf 91' lang='lat' dir='ltr'>est,</span> <span class='ocrx_word' id='word_1_216' title='bbox 3352 1535 3418 1575; x_wconf 89' lang='lat' dir='ltr'>ac</span> <span class='ocrx_word' id='word_1_217' title='bbox 3450 1519 3499 1574; x_wconf 91' lang='lat' dir='ltr'>si</span> <span class='ocrx_word' id='word_1_218' title='bbox 3529 1520 3664 1575; x_wconf 89' lang='lat' dir='ltr'>hor-</span> 
     </span>
    </p>
   </div>
   <div class='ocr_carea' id='block_1_32' title="bbox 2015 1604 3671 1680">
    <p class='ocr_par' dir='ltr' id='par_1_32' title="bbox 2015 1604 3671 1680">
     <span class='ocr_line' id='line_1_32' title="bbox 2015 1604 3671 1680; baseline 0.004 -21"><span class='ocrx_word' id='word_1_219' title='bbox 2015 1607 2158 1672; x_wconf 87' lang='lat' dir='ltr'>tere,</span> <span class='ocrx_word' id='word_1_220' title='bbox 2193 1616 2256 1659; x_wconf 83' lang='lat' dir='ltr'>ut</span> <span class='ocrx_word' id='word_1_221' title='bbox 2285 1621 2414 1660; x_wconf 88' lang='lat' dir='ltr'>eam</span> <span class='ocrx_word' id='word_1_222' title='bbox 2455 1604 2586 1659; x_wconf 90' lang='lat' dir='ltr'>odio</span> <span class='ocrx_word' id='word_1_223' title='bbox 2618 1604 2888 1660; x_wconf 80' lang='lat' dir='ltr'>habeam.</span> <span class='ocrx_word' id='word_1_224' title='bbox 2923 1605 3218 1662; x_wconf 62' lang='lat' dir='ltr'>Numnam</span> <span class='ocrx_word' id='word_1_225' title='bbox 3254 1613 3317 1663; x_wconf 90' lang='lat' dir='ltr'>ut</span> <span class='ocrx_word' id='word_1_226' title='bbox 3348 1610 3475 1680; x_wconf 87' lang='lat' dir='ltr'>ejus</span> <span class='ocrx_word' id='word_1_227' title='bbox 3506 1609 3671 1666; x_wconf 89' lang='lat' dir='ltr'>solus</span> 
     </span>
    </p>
   </div>
   <div class='ocr_carea' id='block_1_33' title="bbox 266 1688 3668 1793">
    <p class='ocr_par' dir='ltr' id='par_1_33' title="bbox 266 1688 3668 1793">
     <span class='ocr_line' id='line_1_33' title="bbox 266 1688 3668 1793; baseline 0.003 -48"><span class='ocrx_word' id='word_1_228' title='bbox 266 1688 433 1745; x_wconf 68' lang='lat' dir='ltr'>eteius</span> <span class='ocrx_word' id='word_1_229' title='bbox 476 1688 698 1745; x_wconf 88' lang='lat' dir='ltr'>elevata</span> <span class='ocrx_word' id='word_1_230' title='bbox 736 1696 891 1746; x_wconf 84' lang='lat' dir='ltr'>esset</span> <span class='ocrx_word' id='word_1_231' title='bbox 939 1694 1065 1760; x_wconf 77' lang='lat' dir='ltr'>ejus</span> <span class='ocrx_word' id='word_1_232' title='bbox 1113 1694 1549 1765; x_wconf 83' lang='lat' dir='ltr'>magniﬁcentia</span> <span class='ocrx_word' id='word_1_233' title='bbox 1586 1712 1595 1749; x_wconf 93' lang='lat'>:</span> <span class='ocrx_word' id='word_1_234' title='bbox 1632 1695 1903 1762; x_wconf 89' lang='lat' dir='ltr'>miratus,</span> <span class='ocrx_word' id='word_1_235' title='bbox 1937 1728 1986 1793; x_wconf 84' lang='lat' dir='ltr'><strong>B</strong></span> <span class='ocrx_word' id='word_1_236' title='bbox 2018 1692 2278 1764; x_wconf 90' lang='lat' dir='ltr'>potiaris,</span> <span class='ocrx_word' id='word_1_237' title='bbox 2313 1692 2473 1747; x_wconf 92' lang='lat' dir='ltr'>solus</span> <span class='ocrx_word' id='word_1_238' title='bbox 2523 1693 2936 1748; x_wconf 87' lang='lat' dir='ltr'>communibus</span> <span class='ocrx_word' id='word_1_239' title='bbox 2994 1695 3188 1750; x_wconf 87' lang='lat' dir='ltr'>fruare</span> <span class='ocrx_word' id='word_1_240' title='bbox 3233 1697 3560 1753; x_wconf 86' lang='lat' dir='ltr'>commodis</span> <span class='ocrx_word' id='word_1_241' title='bbox 3611 1703 3668 1754; x_wconf 88' lang='lat' dir='ltr'>et</span> 
     </span>
    </p>
   </div>
   <div class='ocr_carea' id='block_1_34' title="bbox 263 1778 1906 1855">
    <p class='ocr_par' dir='ltr' id='par_1_34' title="bbox 263 1778 1906 1855">
     <span class='ocr_line' id='line_1_34' title="bbox 263 1778 1906 1855; baseline 0.002 -23"><span class='ocrx_word' id='word_1_242' title='bbox 263 1778 522 1850; x_wconf 86' lang='lat' dir='ltr'>inquam,</span> <span class='ocrx_word' id='word_1_243' title='bbox 571 1778 757 1833; x_wconf 77' lang='lat' dir='ltr'>filium</span> <span class='ocrx_word' id='word_1_244' title='bbox 808 1780 1064 1837; x_wconf 87' lang='lat' dir='ltr'>hominis</span> <span class='ocrx_word' id='word_1_245' title='bbox 1105 1782 1277 1854; x_wconf 87' lang='lat' dir='ltr'>paulo</span> <span class='ocrx_word' id='word_1_246' title='bbox 1334 1782 1530 1837; x_wconf 89' lang='lat' dir='ltr'>minus</span> <span class='ocrx_word' id='word_1_247' title='bbox 1561 1784 1633 1839; x_wconf 90' lang='lat' dir='ltr'>ab</span> <span class='ocrx_word' id='word_1_248' title='bbox 1684 1780 1906 1855; x_wconf 82' lang='lat' dir='ltr'>angelis</span> 
     </span>
    </p>
   </div>
   <div class='ocr_carea' id='block_1_35' title="bbox 265 1864 1909 1941">
    <p class='ocr_par' dir='ltr' id='par_1_35' title="bbox 265 1864 1909 1941">
     <span class='ocr_line' id='line_1_35' title="bbox 265 1864 1909 1941; baseline 0.004 -22"><span class='ocrx_word' id='word_1_249' title='bbox 265 1864 638 1932; x_wconf 88' lang='lat' dir='ltr'>minoratum,</span> <span class='ocrx_word' id='word_1_250' title='bbox 671 1871 729 1923; x_wconf 89' lang='lat' dir='ltr'>et</span> <span class='ocrx_word' id='word_1_251' title='bbox 760 1873 989 1941; x_wconf 91' lang='lat' dir='ltr'>propter</span> <span class='ocrx_word' id='word_1_252' title='bbox 1022 1872 1352 1929; x_wconf 73' lang='lat' dir='ltr'>passionem</span> <span class='ocrx_word' id='word_1_253' title='bbox 1400 1871 1608 1926; x_wconf 88' lang='lat' dir='ltr'>mortis</span> <span class='ocrx_word' id='word_1_254' title='bbox 1656 1871 1712 1926; x_wconf 91' lang='lat' dir='ltr'>in</span> <span class='ocrx_word' id='word_1_255' title='bbox 1766 1887 1909 1926; x_wconf 81' lang='lat' dir='ltr'>con-</span> 
     </span>
    </p>
   </div>
   <div class='ocr_carea' id='block_1_36' title="bbox 263 1954 1905 2028">
    <p class='ocr_par' dir='ltr' id='par_1_36' title="bbox 263 1954 1905 2028">
     <span class='ocr_line' id='line_1_36' title="bbox 263 1954 1905 2028; baseline 0.002 -18"><span class='ocrx_word' id='word_1_256' title='bbox 263 1971 424 2010; x_wconf 85' lang='lat' dir='ltr'>sessu</span> <span class='ocrx_word' id='word_1_257' title='bbox 458 1954 647 2011; x_wconf 87' lang='lat' dir='ltr'>Patris</span> <span class='ocrx_word' id='word_1_258' title='bbox 694 1955 880 2028; x_wconf 83' lang='lat' dir='ltr'>gloria</span> <span class='ocrx_word' id='word_1_259' title='bbox 909 1962 966 2013; x_wconf 88' lang='lat' dir='ltr'>et</span> <span class='ocrx_word' id='word_1_260' title='bbox 994 1957 1213 2014; x_wconf 83' lang='lat' dir='ltr'>honore</span> <span class='ocrx_word' id='word_1_261' title='bbox 1266 1964 1604 2015; x_wconf 89' lang='lat' dir='ltr'>coronatum</span> <span class='ocrx_word' id='word_1_262' title='bbox 1640 1977 1652 2015; x_wconf 89' lang='lat'><strong>:</strong></span> <span class='ocrx_word' id='word_1_263' title='bbox 1688 1960 1905 2024; x_wconf 79' lang='lat' dir='ltr'>Omnia,</span> 
     </span>
    </p>
   </div>
   <div class='ocr_carea' id='block_1_37' title="bbox 264 2044 1911 2119">
    <p class='ocr_par' dir='ltr' id='par_1_37' title="bbox 264 2044 1911 2119">
     <span class='ocr_line' id='line_1_37' title="bbox 264 2044 1911 2119; baseline 0.003 -22"><span class='ocrx_word' id='word_1_264' title='bbox 264 2044 476 2115; x_wconf 83' lang='lat' dir='ltr'>inquit,</span> <span class='ocrx_word' id='word_1_265' title='bbox 507 2044 792 2117; x_wconf 80' lang='lat' dir='ltr'>subjecisti</span> <span class='ocrx_word' id='word_1_266' title='bbox 818 2047 917 2101; x_wconf 84' lang='lat' dir='ltr'>sub</span> <span class='ocrx_word' id='word_1_267' title='bbox 949 2048 1178 2118; x_wconf 70' lang='lat' dir='ltr'>pedibus</span> <span class='ocrx_word' id='word_1_268' title='bbox 1230 2049 1364 2119; x_wconf 84' lang='lat' dir='ltr'>ejus,</span> <span class='ocrx_word' id='word_1_269' title='bbox 1416 2064 1554 2115; x_wconf 76' lang='lat' dir='ltr'>oves,</span> <span class='ocrx_word' id='word_1_270' title='bbox 1618 2049 1788 2114; x_wconf 77' lang='lat' dir='ltr'>bores,</span> <span class='ocrx_word' id='word_1_271' title='bbox 1823 2064 1911 2118; x_wconf 81' lang='lat' dir='ltr'>pe-</span> 
     </span>
    </p>
   </div>
   <div class='ocr_carea' id='block_1_38' title="bbox 264 2134 1910 2208">
    <p class='ocr_par' dir='ltr' id='par_1_38' title="bbox 264 2134 1910 2208">
     <span class='ocr_line' id='line_1_38' title="bbox 264 2134 1910 2208; baseline 0.002 -21"><span class='ocrx_word' id='word_1_272' title='bbox 264 2148 386 2188; x_wconf 84' lang='lat' dir='ltr'>cora</span> <span class='ocrx_word' id='word_1_273' title='bbox 413 2134 617 2205; x_wconf 76' lang='lat' dir='ltr'>campi,</span> <span class='ocrx_word' id='word_1_274' title='bbox 648 2135 892 2190; x_wconf 77' lang='lat' dir='ltr'>volucres</span> <span class='ocrx_word' id='word_1_275' title='bbox 920 2136 1058 2200; x_wconf 70' lang='lat' dir='ltr'>caeli,</span> <span class='ocrx_word' id='word_1_276' title='bbox 1123 2138 1290 2208; x_wconf 78' lang='lat' dir='ltr'>pisces</span> <span class='ocrx_word' id='word_1_277' title='bbox 1346 2139 1539 2201; x_wconf 78' lang='lat' dir='ltr'>maris.</span> <span class='ocrx_word' id='word_1_278' title='bbox 1601 2137 1644 2192; x_wconf 94' lang='grc' dir='ltr'>Ο</span> <span class='ocrx_word' id='word_1_279' title='bbox 1702 2137 1910 2190; x_wconf 89' lang='lat' dir='ltr'>beatus</span> 
     </span>
    </p>
   </div>
   <div class='ocr_carea' id='block_1_39' title="bbox 265 2220 1909 2293">
    <p class='ocr_par' dir='ltr' id='par_1_39' title="bbox 265 2220 1909 2293">
     <span class='ocr_line' id='line_1_39' title="bbox 265 2220 1909 2293; baseline 0.002 -17"><span class='ocrx_word' id='word_1_280' title='bbox 265 2220 360 2277; x_wconf 90' lang='lat' dir='ltr'>ille</span> <span class='ocrx_word' id='word_1_281' title='bbox 388 2221 490 2293; x_wconf 89' lang='lat' dir='ltr'>qui</span> <span class='ocrx_word' id='word_1_282' title='bbox 519 2222 660 2278; x_wconf 86' lang='lat' dir='ltr'>talia</span> <span class='ocrx_word' id='word_1_283' title='bbox 677 2222 909 2279; x_wconf 86' lang='lat' dir='ltr'>videbat</span> <span class='ocrx_word' id='word_1_284' title='bbox 933 2226 943 2278; x_wconf 74' lang='grc' dir='ltr'><strong>Ι</strong></span> <span class='ocrx_word' id='word_1_285' title='bbox 984 2226 1155 2281; x_wconf 88' lang='lat' dir='ltr'>beata</span> <span class='ocrx_word' id='word_1_286' title='bbox 1183 2229 1239 2281; x_wconf 88' lang='lat' dir='ltr'>et</span> <span class='ocrx_word' id='word_1_287' title='bbox 1261 2229 1597 2281; x_wconf 89' lang='lat' dir='ltr'>sanctorum</span> <span class='ocrx_word' id='word_1_288' title='bbox 1630 2224 1909 2293; x_wconf 88' lang='lat' dir='ltr'>Ecclesia,</span> 
     </span>
    </p>
   </div>
   <div class='ocr_carea' id='block_1_40' title="bbox 268 2311 1908 2386">
    <p class='ocr_par' dir='ltr' id='par_1_40' title="bbox 268 2311 1908 2386">
     <span class='ocr_line' id='line_1_40' title="bbox 268 2311 1908 2386; baseline 0.002 -21"><span class='ocrx_word' id='word_1_289' title='bbox 268 2326 469 2383; x_wconf 89' lang='lat' dir='ltr'>quam,</span> <span class='ocrx_word' id='word_1_290' title='bbox 502 2315 560 2367; x_wconf 92' lang='lat' dir='ltr'>et</span> <span class='ocrx_word' id='word_1_291' title='bbox 605 2311 695 2367; x_wconf 90' lang='lat' dir='ltr'>cui</span> <span class='ocrx_word' id='word_1_292' title='bbox 755 2317 810 2367; x_wconf 87' lang='lat' dir='ltr'>et</span> <span class='ocrx_word' id='word_1_293' title='bbox 864 2314 924 2367; x_wconf 91' lang='lat' dir='ltr'>in</span> <span class='ocrx_word' id='word_1_294' title='bbox 980 2330 1095 2382; x_wconf 85' lang='lat' dir='ltr'>qua</span> <span class='ocrx_word' id='word_1_295' title='bbox 1152 2313 1294 2369; x_wconf 87' lang='lat' dir='ltr'>talia</span> <span class='ocrx_word' id='word_1_296' title='bbox 1353 2313 1705 2386; x_wconf 81' lang='lat' dir='ltr'>praevidebat</span> <span class='ocrx_word' id='word_1_297' title='bbox 1754 2314 1766 2369; x_wconf 91' lang='lat'><strong>!</strong></span> <span class='ocrx_word' id='word_1_298' title='bbox 1830 2314 1908 2368; x_wconf 92' lang='lat' dir='ltr'>ibi</span> 
     </span>
    </p>
   </div>
   <div class='ocr_carea' id='block_1_41' title="bbox 264 2400 1912 2475">
    <p class='ocr_par' dir='ltr' id='par_1_41' title="bbox 264 2400 1912 2475">
     <span class='ocr_line' id='line_1_41' title="bbox 264 2400 1912 2475; baseline 0.001 -19"><span class='ocrx_word' id='word_1_299' title='bbox 264 2400 416 2456; x_wconf 89' lang='lat' dir='ltr'>enim</span> <span class='ocrx_word' id='word_1_300' title='bbox 453 2400 567 2455; x_wconf 87' lang='lat' dir='ltr'>sub</span> <span class='ocrx_word' id='word_1_301' title='bbox 593 2400 839 2473; x_wconf 88' lang='lat' dir='ltr'>pedibus</span> <span class='ocrx_word' id='word_1_302' title='bbox 894 2402 1109 2458; x_wconf 86' lang='lat' dir='ltr'>Christi</span> <span class='ocrx_word' id='word_1_303' title='bbox 1169 2403 1451 2459; x_wconf 84' lang='lat' dir='ltr'>discretas</span> <span class='ocrx_word' id='word_1_304' title='bbox 1498 2403 1733 2458; x_wconf 84' lang='lat' dir='ltr'>videbat</span> <span class='ocrx_word' id='word_1_305' title='bbox 1785 2403 1912 2475; x_wconf 91' lang='lat' dir='ltr'>pias</span> 
     </span>
    </p>
   </div>
   <div class='ocr_carea' id='block_1_42' title="bbox 261 2487 1908 2562">
    <p class='ocr_par' dir='ltr' id='par_1_42' title="bbox 261 2487 1908 2562">
     <span class='ocr_line' id='line_1_42' title="bbox 261 2487 1908 2562; baseline 0.002 -20"><span class='ocrx_word' id='word_1_306' title='bbox 261 2487 529 2543; x_wconf 88' lang='lat' dir='ltr'>volucres</span> <span class='ocrx_word' id='word_1_307' title='bbox 558 2487 686 2544; x_wconf 74' lang='lat' dir='ltr'>caeli</span> <span class='ocrx_word' id='word_1_308' title='bbox 736 2490 809 2544; x_wconf 91' lang='lat' dir='ltr'>ab</span> <span class='ocrx_word' id='word_1_309' title='bbox 837 2490 930 2546; x_wconf 90' lang='lat' dir='ltr'>bis</span> <span class='ocrx_word' id='word_1_310' title='bbox 960 2507 1088 2562; x_wconf 58' lang='lat' dir='ltr'>quae</span> <span class='ocrx_word' id='word_1_311' title='bbox 1138 2491 1367 2546; x_wconf 88' lang='lat' dir='ltr'>obunco</span> <span class='ocrx_word' id='word_1_312' title='bbox 1409 2491 1661 2546; x_wconf 69' lang='lat' dir='ltr'>avaritiae</span> <span class='ocrx_word' id='word_1_313' title='bbox 1731 2495 1908 2559; x_wconf 88' lang='lat' dir='ltr'>ostro,</span> 
     </span>
    </p>
   </div>
   <div class='ocr_carea' id='block_1_43' title="bbox 266 2577 1916 2652">
    <p class='ocr_par' dir='ltr' id='par_1_43' title="bbox 266 2577 1916 2652">
     <span class='ocr_line' id='line_1_43' title="bbox 266 2577 1916 2652; baseline 0.003 -21"><span class='ocrx_word' id='word_1_314' title='bbox 266 2593 507 2633; x_wconf 89' lang='lat' dir='ltr'>recurvo</span> <span class='ocrx_word' id='word_1_315' title='bbox 540 2577 879 2650; x_wconf 82' lang='lat' dir='ltr'>rapacitatis</span> <span class='ocrx_word' id='word_1_316' title='bbox 909 2595 1106 2652; x_wconf 83' lang='lat' dir='ltr'>ungue</span> <span class='ocrx_word' id='word_1_317' title='bbox 1134 2580 1397 2636; x_wconf 88' lang='lat' dir='ltr'>mitiores</span> <span class='ocrx_word' id='word_1_318' title='bbox 1456 2580 1625 2636; x_wconf 85' lang='lat' dir='ltr'>alites</span> <span class='ocrx_word' id='word_1_319' title='bbox 1691 2581 1747 2636; x_wconf 88' lang='lat' dir='ltr'>in</span> <span class='ocrx_word' id='word_1_320' title='bbox 1784 2597 1916 2637; x_wconf 90' lang='lat' dir='ltr'>aere</span> 
     </span>
    </p>
   </div>
   <div class='ocr_carea' id='block_1_44' title="bbox 263 2664 1915 2739">
    <p class='ocr_par' dir='ltr' id='par_1_44' title="bbox 263 2664 1915 2739">
     <span class='ocr_line' id='line_1_44' title="bbox 263 2664 1915 2739; baseline 0.002 -20"><span class='ocrx_word' id='word_1_321' title='bbox 263 2664 581 2721; x_wconf 84' lang='lat' dir='ltr'>devorant:</span> <span class='ocrx_word' id='word_1_322' title='bbox 617 2666 688 2720; x_wconf 87' lang='lat' dir='ltr'>ab</span> <span class='ocrx_word' id='word_1_323' title='bbox 741 2666 833 2721; x_wconf 91' lang='lat' dir='ltr'>his</span> <span class='ocrx_word' id='word_1_324' title='bbox 878 2683 1128 2738; x_wconf 89' lang='lat' dir='ltr'>quoque,</span> <span class='ocrx_word' id='word_1_325' title='bbox 1163 2684 1290 2739; x_wconf 68' lang='lat' dir='ltr'>qua:</span> <span class='ocrx_word' id='word_1_326' title='bbox 1344 2667 1415 2722; x_wconf 88' lang='lat' dir='ltr'>ad</span> <span class='ocrx_word' id='word_1_327' title='bbox 1478 2667 1588 2722; x_wconf 84' lang='lat' dir='ltr'>hoc</span> <span class='ocrx_word' id='word_1_328' title='bbox 1648 2667 1915 2722; x_wconf 90' lang='lat' dir='ltr'>innatant</span> 
     </span>
    </p>
   </div>
   <div class='ocr_carea' id='block_1_45' title="bbox 270 2752 1913 2828">
    <p class='ocr_par' dir='ltr' id='par_1_45' title="bbox 270 2752 1913 2828">
     <span class='ocr_line' id='line_1_45' title="bbox 270 2752 1913 2828; baseline 0.001 -20"><span class='ocrx_word' id='word_1_329' title='bbox 270 2752 463 2825; x_wconf 87' lang='lat' dir='ltr'>aquis,</span> <span class='ocrx_word' id='word_1_330' title='bbox 478 2753 613 2809; x_wconf 90' lang='lat' dir='ltr'>utin</span> <span class='ocrx_word' id='word_1_331' title='bbox 629 2755 1320 2828; x_wconf 86' lang='lat' dir='ltr'>profundacupiditatum</span> <span class='ocrx_word' id='word_1_332' title='bbox 1336 2756 1635 2824; x_wconf 60' lang='lat' dir='ltr'>demersa,</span> <span class='ocrx_word' id='word_1_333' title='bbox 1652 2755 1913 2811; x_wconf 86' lang='lat' dir='ltr'>hiantem</span> 
     </span>
    </p>
   </div>
   <div class='ocr_carea' id='block_1_46' title="bbox 266 2840 1916 2916">
    <p class='ocr_par' dir='ltr' id='par_1_46' title="bbox 266 2840 1916 2916">
     <span class='ocr_line' id='line_1_46' title="bbox 266 2840 1916 2916; baseline 0 -17"><span class='ocrx_word' id='word_1_334' title='bbox 266 2840 519 2899; x_wconf 70' lang='lat' dir='ltr'>avaritias</span> <span class='ocrx_word' id='word_1_335' title='bbox 533 2841 849 2915; x_wconf 87' lang='lat' dir='ltr'>ingluviem</span> <span class='ocrx_word' id='word_1_336' title='bbox 875 2843 1070 2915; x_wconf 87' lang='lat' dir='ltr'>rapaci</span> <span class='ocrx_word' id='word_1_337' title='bbox 1084 2843 1433 2899; x_wconf 91' lang='lat' dir='ltr'>miserorum</span> <span class='ocrx_word' id='word_1_338' title='bbox 1453 2844 1704 2916; x_wconf 90' lang='lat' dir='ltr'>piscium</span> <span class='ocrx_word' id='word_1_339' title='bbox 1721 2848 1916 2916; x_wconf 87' lang='lat' dir='ltr'>captu-</span> 
     </span>
    </p>
   </div>
   <div class='ocr_carea' id='block_1_47' title="bbox 265 2931 1915 3005">
    <p class='ocr_par' dir='ltr' id='par_1_47' title="bbox 265 2931 1915 3005">
     <span class='ocr_line' id='line_1_47' title="bbox 265 2931 1915 3005; baseline -0.001 -19"><span class='ocrx_word' id='word_1_340' title='bbox 265 2948 330 2986; x_wconf 87' lang='lat' dir='ltr'>ra</span> <span class='ocrx_word' id='word_1_341' title='bbox 359 2935 624 3003; x_wconf 86' lang='lat' dir='ltr'>pascant.</span> <span class='ocrx_word' id='word_1_342' title='bbox 649 2933 734 2987; x_wconf 85' lang='lat' dir='ltr'>Ab</span> <span class='ocrx_word' id='word_1_343' title='bbox 757 2933 869 3001; x_wconf 92' lang='lat' dir='ltr'>his,</span> <span class='ocrx_word' id='word_1_344' title='bbox 887 2931 1152 3005; x_wconf 83' lang='lat' dir='ltr'>inquam,</span> <span class='ocrx_word' id='word_1_345' title='bbox 1172 2932 1434 2988; x_wconf 69' lang='lat' dir='ltr'>discretae</span> <span class='ocrx_word' id='word_1_346' title='bbox 1454 2937 1592 2988; x_wconf 89' lang='lat' dir='ltr'>sunt</span> <span class='ocrx_word' id='word_1_347' title='bbox 1615 2932 1787 2987; x_wconf 91' lang='lat' dir='ltr'>mites</span> <span class='ocrx_word' id='word_1_348' title='bbox 1804 2931 1915 2986; x_wconf 70' lang='lat' dir='ltr'>illae</span> 
     </span>
    </p>
   </div>
   <div class='ocr_carea' id='block_1_48' title="bbox 266 3018 1914 3093">
    <p class='ocr_par' dir='ltr' id='par_1_48' title="bbox 266 3018 1914 3093">
     <span class='ocr_line' id='line_1_48' title="bbox 266 3018 1914 3093; baseline 0.001 -20"><span class='ocrx_word' id='word_1_349' title='bbox 266 3018 532 3075; x_wconf 85' lang='lat' dir='ltr'>volucres</span> <span class='ocrx_word' id='word_1_350' title='bbox 588 3019 737 3088; x_wconf 64' lang='lat' dir='ltr'>enati,</span> <span class='ocrx_word' id='word_1_351' title='bbox 787 3037 914 3093; x_wconf 66' lang='lat' dir='ltr'>quae</span> <span class='ocrx_word' id='word_1_352' title='bbox 975 3020 1284 3093; x_wconf 85' lang='lat' dir='ltr'>picturatis</span> <span class='ocrx_word' id='word_1_353' title='bbox 1332 3021 1618 3076; x_wconf 88' lang='lat' dir='ltr'>bonorum</span> <span class='ocrx_word' id='word_1_354' title='bbox 1673 3037 1914 3093; x_wconf 74' lang='lat' dir='ltr'>Oper-um</span> 
     </span>
    </p>
   </div>
   <div class='ocr_carea' id='block_1_49' title="bbox 2018 1781 3666 1854">
    <p class='ocr_par' dir='ltr' id='par_1_49' title="bbox 2018 1781 3666 1854">
     <span class='ocr_line' id='line_1_49' title="bbox 2018 1781 3666 1854; baseline 0.002 -18"><span class='ocrx_word' id='word_1_355' title='bbox 2018 1782 2250 1854; x_wconf 90' lang='lat' dir='ltr'>gaudiis</span> <span class='ocrx_word' id='word_1_356' title='bbox 2270 1782 2298 1836; x_wconf 87' lang='lat'><strong>?</strong></span> <span class='ocrx_word' id='word_1_357' title='bbox 2319 1782 2427 1837; x_wconf 88' lang='lat' dir='ltr'>Sed</span> <span class='ocrx_word' id='word_1_358' title='bbox 2457 1781 2612 1836; x_wconf 88' lang='lat' dir='ltr'>absit</span> <span class='ocrx_word' id='word_1_359' title='bbox 2643 1781 2747 1836; x_wconf 89' lang='lat' dir='ltr'>hoc</span> <span class='ocrx_word' id='word_1_360' title='bbox 2772 1799 2805 1836; x_wconf 91' lang='lat' dir='ltr'>a</span> <span class='ocrx_word' id='word_1_361' title='bbox 2832 1782 3189 1848; x_wconf 77' lang='lat' dir='ltr'>modestiaet</span> <span class='ocrx_word' id='word_1_362' title='bbox 3208 1783 3492 1854; x_wconf 88' lang='lat' dir='ltr'>probitate</span> <span class='ocrx_word' id='word_1_363' title='bbox 3515 1789 3617 1840; x_wconf 90' lang='lat' dir='ltr'>tua</span> <span class='ocrx_word' id='word_1_364' title='bbox 3652 1804 3666 1853; x_wconf 86' lang='lat'><strong>;</strong></span> 
     </span>
    </p>
   </div>
   <div class='ocr_carea' id='block_1_50' title="bbox 2018 1870 3670 1942">
    <p class='ocr_par' dir='ltr' id='par_1_50' title="bbox 2018 1870 3670 1942">
     <span class='ocr_line' id='line_1_50' title="bbox 2018 1870 3670 1942; baseline 0.001 -16"><span class='ocrx_word' id='word_1_365' title='bbox 2018 1870 2172 1926; x_wconf 85' lang='lat' dir='ltr'>absit</span> <span class='ocrx_word' id='word_1_366' title='bbox 2203 1874 2263 1925; x_wconf 92' lang='lat' dir='ltr'>ut</span> <span class='ocrx_word' id='word_1_367' title='bbox 2293 1870 2402 1925; x_wconf 88' lang='lat' dir='ltr'>hoc</span> <span class='ocrx_word' id='word_1_368' title='bbox 2434 1886 2693 1941; x_wconf 84' lang='lat' dir='ltr'>unquam</span> <span class='ocrx_word' id='word_1_369' title='bbox 2726 1870 2795 1924; x_wconf 88' lang='lat' dir='ltr'>de</span> <span class='ocrx_word' id='word_1_370' title='bbox 2828 1873 2881 1925; x_wconf 86' lang='lat' dir='ltr'>te</span> <span class='ocrx_word' id='word_1_371' title='bbox 2913 1886 3084 1940; x_wconf 90' lang='lat' dir='ltr'>quem</span> <span class='ocrx_word' id='word_1_372' title='bbox 3118 1871 3409 1942; x_wconf 90' lang='lat' dir='ltr'>tantisper</span> <span class='ocrx_word' id='word_1_373' title='bbox 3453 1872 3670 1942; x_wconf 88' lang='lat' dir='ltr'>norim,</span> 
     </span>
    </p>
   </div>
   <div class='ocr_carea' id='block_1_51' title="bbox 2024 1958 3672 2024">
    <p class='ocr_par' dir='ltr' id='par_1_51' title="bbox 2024 1958 3672 2024">
     <span class='ocr_line' id='line_1_51' title="bbox 2024 1958 3672 2024; baseline 0.002 -10"><span class='ocrx_word' id='word_1_374' title='bbox 2024 1960 2221 2014; x_wconf 90' lang='lat' dir='ltr'>credat</span> <span class='ocrx_word' id='word_1_375' title='bbox 2277 1959 2476 2014; x_wconf 90' lang='lat' dir='ltr'>anima</span> <span class='ocrx_word' id='word_1_376' title='bbox 2508 1975 2655 2012; x_wconf 85' lang='lat' dir='ltr'>mea.</span> <span class='ocrx_word' id='word_1_377' title='bbox 2687 1958 2828 2013; x_wconf 89' lang='lat' dir='ltr'>Tam</span> <span class='ocrx_word' id='word_1_378' title='bbox 2860 1975 2993 2012; x_wconf 89' lang='lat' dir='ltr'>vero</span> <span class='ocrx_word' id='word_1_379' title='bbox 3043 1959 3227 2024; x_wconf 89' lang='lat' dir='ltr'>abest,</span> <span class='ocrx_word' id='word_1_380' title='bbox 3260 1963 3325 2014; x_wconf 92' lang='lat' dir='ltr'>ut</span> <span class='ocrx_word' id='word_1_381' title='bbox 3354 1976 3389 2015; x_wconf 91' lang='lat' dir='ltr'>a</span> <span class='ocrx_word' id='word_1_382' title='bbox 3419 1977 3513 2016; x_wconf 90' lang='lat' dir='ltr'>me</span> <span class='ocrx_word' id='word_1_383' title='bbox 3541 1962 3672 2017; x_wconf 90' lang='lat' dir='ltr'>odio</span> 
     </span>
    </p>
   </div>
   <div class='ocr_carea' id='block_1_52' title="bbox 2018 2046 3671 2119">
    <p class='ocr_par' dir='ltr' id='par_1_52' title="bbox 2018 2046 3671 2119">
     <span class='ocr_line' id='line_1_52' title="bbox 2018 2046 3671 2119; baseline 0.003 -17"><span class='ocrx_word' id='word_1_384' title='bbox 2018 2048 2326 2113; x_wconf 89' lang='lat' dir='ltr'>habeatur,</span> <span class='ocrx_word' id='word_1_385' title='bbox 2361 2051 2425 2102; x_wconf 93' lang='lat' dir='ltr'>ut</span> <span class='ocrx_word' id='word_1_386' title='bbox 2481 2047 2657 2103; x_wconf 88' lang='lat' dir='ltr'>etiam</span> <span class='ocrx_word' id='word_1_387' title='bbox 2715 2047 2764 2103; x_wconf 92' lang='lat' dir='ltr'>si</span> <span class='ocrx_word' id='word_1_388' title='bbox 2796 2046 3121 2119; x_wconf 86' lang='lat' dir='ltr'>prohibeat,</span> <span class='ocrx_word' id='word_1_389' title='bbox 3155 2047 3671 2107; x_wconf 87' lang='lat' dir='ltr'>vehementissime</span> 
     </span>
    </p>
   </div>
   <div class='ocr_carea' id='block_1_53' title="bbox 2023 2137 2331 2208">
    <p class='ocr_par' dir='ltr' id='par_1_53' title="bbox 2023 2137 2331 2208">
     <span class='ocr_line' id='line_1_53' title="bbox 2023 2137 2331 2208; baseline -0.006 -15"><span class='ocrx_word' id='word_1_390' title='bbox 2023 2137 2331 2208; x_wconf 88' lang='lat' dir='ltr'>dirigatur.</span> 
     </span>
    </p>
   </div>
   <div class='ocr_carea' id='block_1_54' title="bbox 2094 2221 3671 2297">
    <p class='ocr_par' dir='ltr' id='par_1_54' title="bbox 2094 2221 3671 2297">
     <span class='ocr_line' id='line_1_54' title="bbox 2094 2221 3671 2297; baseline 0.002 -19"><span class='ocrx_word' id='word_1_391' title='bbox 2094 2224 2385 2279; x_wconf 76' lang='lat' dir='ltr'>XVI.Nec</span> <span class='ocrx_word' id='word_1_392' title='bbox 2441 2224 2551 2279; x_wconf 87' lang='lat' dir='ltr'>hoc</span> <span class='ocrx_word' id='word_1_393' title='bbox 2609 2223 2757 2288; x_wconf 89' lang='lat' dir='ltr'>dico,</span> <span class='ocrx_word' id='word_1_394' title='bbox 2822 2222 2962 2295; x_wconf 84' lang='lat' dir='ltr'>quin</span> <span class='ocrx_word' id='word_1_395' title='bbox 3022 2223 3167 2277; x_wconf 87' lang='lat' dir='ltr'>uber</span> <span class='ocrx_word' id='word_1_396' title='bbox 3213 2221 3459 2291; x_wconf 90' lang='lat' dir='ltr'>colonia,</span> <span class='ocrx_word' id='word_1_397' title='bbox 3494 2242 3671 2297; x_wconf 90' lang='lat' dir='ltr'>quam</span> 
     </span>
    </p>
   </div>
   <div class='ocr_carea' id='block_1_55' title="bbox 2022 2311 3669 2385">
    <p class='ocr_par' dir='ltr' id='par_1_55' title="bbox 2022 2311 3669 2385">
     <span class='ocr_line' id='line_1_55' title="bbox 2022 2311 3669 2385; baseline 0.001 -17"><span class='ocrx_word' id='word_1_398' title='bbox 2022 2312 2305 2380; x_wconf 88' lang='lat' dir='ltr'>inhabito,</span> <span class='ocrx_word' id='word_1_399' title='bbox 2364 2316 2604 2385; x_wconf 90' lang='lat' dir='ltr'>paterna</span> <span class='ocrx_word' id='word_1_400' title='bbox 2664 2311 2804 2367; x_wconf 90' lang='lat' dir='ltr'>mihi</span> <span class='ocrx_word' id='word_1_401' title='bbox 2838 2311 3081 2376; x_wconf 88' lang='lat' dir='ltr'>viscera,</span> <span class='ocrx_word' id='word_1_402' title='bbox 3112 2315 3168 2366; x_wconf 92' lang='lat' dir='ltr'>et</span> <span class='ocrx_word' id='word_1_403' title='bbox 3217 2316 3480 2368; x_wconf 88' lang='lat' dir='ltr'>materna</span> <span class='ocrx_word' id='word_1_404' title='bbox 3509 2314 3669 2369; x_wconf 85' lang='lat' dir='ltr'>exhi-</span> 
     </span>
    </p>
   </div>
   <div class='ocr_carea' id='block_1_56' title="bbox 2023 2399 3672 2474">
    <p class='ocr_par' dir='ltr' id='par_1_56' title="bbox 2023 2399 3672 2474">
     <span class='ocr_line' id='line_1_56' title="bbox 2023 2399 3672 2474; baseline 0.001 -17"><span class='ocrx_word' id='word_1_405' title='bbox 2023 2403 2155 2457; x_wconf 88' lang='lat' dir='ltr'>beat</span> <span class='ocrx_word' id='word_1_406' title='bbox 2178 2403 2356 2457; x_wconf 88' lang='lat' dir='ltr'>ubera</span> <span class='ocrx_word' id='word_1_407' title='bbox 2384 2418 2397 2456; x_wconf 90' lang='lat'><strong>:</strong></span> <span class='ocrx_word' id='word_1_408' title='bbox 2432 2402 2528 2456; x_wconf 88' lang='lat' dir='ltr'>sed</span> <span class='ocrx_word' id='word_1_409' title='bbox 2563 2405 2759 2456; x_wconf 89' lang='lat' dir='ltr'>autem</span> <span class='ocrx_word' id='word_1_410' title='bbox 2790 2404 2983 2456; x_wconf 91' lang='lat' dir='ltr'>tecum</span> <span class='ocrx_word' id='word_1_411' title='bbox 3019 2399 3174 2467; x_wconf 88' lang='lat' dir='ltr'>ludo,</span> <span class='ocrx_word' id='word_1_412' title='bbox 3224 2404 3324 2456; x_wconf 88' lang='lat' dir='ltr'>aut</span> <span class='ocrx_word' id='word_1_413' title='bbox 3353 2406 3487 2473; x_wconf 83' lang='lat' dir='ltr'>opto</span> <span class='ocrx_word' id='word_1_414' title='bbox 3518 2404 3672 2474; x_wconf 92' lang='lat' dir='ltr'>quod</span> 
     </span>
    </p>
   </div>
   <div class='ocr_carea' id='block_1_57' title="bbox 2021 2489 3675 2561">
    <p class='ocr_par' dir='ltr' id='par_1_57' title="bbox 2021 2489 3675 2561">
     <span class='ocr_line' id='line_1_57' title="bbox 2021 2489 3675 2561; baseline 0.002 -17"><span class='ocrx_word' id='word_1_415' title='bbox 2021 2490 2251 2559; x_wconf 86' lang='lat' dir='ltr'>vellem,</span> <span class='ocrx_word' id='word_1_416' title='bbox 2286 2491 2333 2547; x_wconf 90' lang='lat' dir='ltr'>si</span> <span class='ocrx_word' id='word_1_417' title='bbox 2365 2491 2447 2545; x_wconf 89' lang='lat' dir='ltr'>ita</span> <span class='ocrx_word' id='word_1_418' title='bbox 2477 2491 2603 2546; x_wconf 88' lang='lat' dir='ltr'>sine</span> <span class='ocrx_word' id='word_1_419' title='bbox 2661 2489 2901 2546; x_wconf 90' lang='lat' dir='ltr'>honoris</span> <span class='ocrx_word' id='word_1_420' title='bbox 2933 2490 3267 2561; x_wconf 69' lang='lat' dir='ltr'>prmjudicio</span> <span class='ocrx_word' id='word_1_421' title='bbox 3314 2490 3437 2547; x_wconf 85' lang='lat' dir='ltr'>ﬁeri</span> <span class='ocrx_word' id='word_1_422' title='bbox 3470 2508 3675 2548; x_wconf 91' lang='lat' dir='ltr'>conce-</span> 
     </span>
    </p>
   </div>
   <div class='ocr_carea' id='block_1_58' title="bbox 2023 2577 3669 2653">
    <p class='ocr_par' dir='ltr' id='par_1_58' title="bbox 2023 2577 3669 2653">
     <span class='ocr_line' id='line_1_58' title="bbox 2023 2577 3669 2653; baseline 0.001 -18"><span class='ocrx_word' id='word_1_423' title='bbox 2023 2581 2122 2636; x_wconf 90' lang='lat' dir='ltr'>dat</span> <span class='ocrx_word' id='word_1_424' title='bbox 2147 2580 2247 2636; x_wconf 89' lang='lat' dir='ltr'>Dei</span> <span class='ocrx_word' id='word_1_425' title='bbox 2280 2580 2505 2653; x_wconf 87' lang='lat' dir='ltr'>gratia:</span> <span class='ocrx_word' id='word_1_426' title='bbox 2535 2595 2638 2635; x_wconf 90' lang='lat' dir='ltr'>nec</span> <span class='ocrx_word' id='word_1_427' title='bbox 2671 2578 2813 2633; x_wconf 90' lang='lat' dir='ltr'>mihi</span> <span class='ocrx_word' id='word_1_428' title='bbox 2847 2578 3024 2634; x_wconf 87' lang='lat' dir='ltr'>debes</span> <span class='ocrx_word' id='word_1_429' title='bbox 3042 2578 3113 2633; x_wconf 91' lang='lat' dir='ltr'>ad</span> <span class='ocrx_word' id='word_1_430' title='bbox 3145 2577 3349 2633; x_wconf 89' lang='lat' dir='ltr'>vitium</span> <span class='ocrx_word' id='word_1_431' title='bbox 3382 2584 3669 2650; x_wconf 88' lang='lat' dir='ltr'>reputare,</span> 
     </span>
    </p>
   </div>
   <div class='ocr_carea' id='block_1_59' title="bbox 2024 2666 3670 2742">
    <p class='ocr_par' dir='ltr' id='par_1_59' title="bbox 2024 2666 3670 2742">
     <span class='ocr_line' id='line_1_59' title="bbox 2024 2666 3670 2742; baseline 0 -19"><span class='ocrx_word' id='word_1_432' title='bbox 2024 2669 2180 2742; x_wconf 92' lang='lat' dir='ltr'>quod</span> <span class='ocrx_word' id='word_1_433' title='bbox 2214 2670 2369 2740; x_wconf 88' lang='lat' dir='ltr'>apud</span> <span class='ocrx_word' id='word_1_434' title='bbox 2404 2671 2744 2741; x_wconf 68' lang='lat' dir='ltr'>praestantes</span> <span class='ocrx_word' id='word_1_435' title='bbox 2776 2666 2950 2729; x_wconf 82' lang='lat' dir='ltr'>viros,</span> <span class='ocrx_word' id='word_1_436' title='bbox 2975 2667 3114 2721; x_wconf 90' lang='lat' dir='ltr'>dum</span> <span class='ocrx_word' id='word_1_437' title='bbox 3148 2680 3239 2720; x_wconf 86' lang='lat' dir='ltr'>res</span> <span class='ocrx_word' id='word_1_438' title='bbox 3270 2666 3350 2721; x_wconf 90' lang='lat' dir='ltr'>ita</span> <span class='ocrx_word' id='word_1_439' title='bbox 3381 2668 3670 2740; x_wconf 88' lang='lat' dir='ltr'>poposcit,</span> 
     </span>
    </p>
   </div>
   <div class='ocr_carea' id='block_1_60' title="bbox 2022 2754 3676 2827">
    <p class='ocr_par' dir='ltr' id='par_1_60' title="bbox 2022 2754 3676 2827">
     <span class='ocr_line' id='line_1_60' title="bbox 2022 2754 3676 2827; baseline -0.001 -14"><span class='ocrx_word' id='word_1_440' title='bbox 2022 2762 2254 2813; x_wconf 86' lang='lat' dir='ltr'>constat</span> <span class='ocrx_word' id='word_1_441' title='bbox 2284 2774 2400 2812; x_wconf 90' lang='lat' dir='ltr'>non</span> <span class='ocrx_word' id='word_1_442' title='bbox 2446 2755 2746 2810; x_wconf 87' lang='lat' dir='ltr'>insolitum</span> <span class='ocrx_word' id='word_1_443' title='bbox 2797 2755 2995 2810; x_wconf 86' lang='lat' dir='ltr'>fuisse.</span> <span class='ocrx_word' id='word_1_444' title='bbox 3061 2754 3325 2826; x_wconf 88' lang='lat' dir='ltr'>Namque</span> <span class='ocrx_word' id='word_1_445' title='bbox 3382 2754 3554 2827; x_wconf 87' lang='lat' dir='ltr'>plena</span> <span class='ocrx_word' id='word_1_446' title='bbox 3584 2760 3676 2812; x_wconf 87' lang='lat' dir='ltr'>est</span> 
     </span>
    </p>
   </div>
   <div class='ocr_carea' id='block_1_61' title="bbox 2025 2841 3679 2917">
    <p class='ocr_par' dir='ltr' id='par_1_61' title="bbox 2025 2841 3679 2917">
     <span class='ocr_line' id='line_1_61' title="bbox 2025 2841 3679 2917; baseline 0 -16"><span class='ocrx_word' id='word_1_447' title='bbox 2025 2845 2426 2917; x_wconf 82' lang='lat' dir='ltr'>exemplorum</span> <span class='ocrx_word' id='word_1_448' title='bbox 2452 2847 2732 2912; x_wconf 89' lang='lat' dir='ltr'>vetustas,</span> <span class='ocrx_word' id='word_1_449' title='bbox 2760 2841 2931 2914; x_wconf 88' lang='lat' dir='ltr'>plena</span> <span class='ocrx_word' id='word_1_450' title='bbox 2961 2847 3019 2897; x_wconf 90' lang='lat' dir='ltr'>et</span> <span class='ocrx_word' id='word_1_451' title='bbox 3043 2843 3336 2898; x_wconf 70' lang='lat' dir='ltr'>moderns:</span> <span class='ocrx_word' id='word_1_452' title='bbox 3367 2843 3551 2900; x_wconf 63' lang='lat' dir='ltr'>(etatis</span> <span class='ocrx_word' id='word_1_453' title='bbox 3577 2862 3679 2901; x_wconf 87' lang='lat' dir='ltr'>no-</span> 
     </span>
    </p>
   </div>
   <div class='ocr_carea' id='block_1_62' title="bbox 2025 2931 3673 3005">
    <p class='ocr_par' dir='ltr' id='par_1_62' title="bbox 2025 2931 3673 3005">
     <span class='ocr_line' id='line_1_62' title="bbox 2025 2931 3673 3005; baseline 0.001 -16"><span class='ocrx_word' id='word_1_454' title='bbox 2025 2934 2194 3001; x_wconf 89' lang='lat' dir='ltr'>vitas,</span> <span class='ocrx_word' id='word_1_455' title='bbox 2219 2932 2420 3005; x_wconf 90' lang='lat' dir='ltr'>quanti</span> <span class='ocrx_word' id='word_1_456' title='bbox 2449 2931 2664 3004; x_wconf 91' lang='lat' dir='ltr'>quique</span> <span class='ocrx_word' id='word_1_457' title='bbox 2690 2931 2946 2987; x_wconf 88' lang='lat' dir='ltr'>illustres</span> <span class='ocrx_word' id='word_1_458' title='bbox 2977 2931 3081 2985; x_wconf 88' lang='lat' dir='ltr'>viri</span> <span class='ocrx_word' id='word_1_459' title='bbox 3116 2935 3272 2987; x_wconf 90' lang='lat' dir='ltr'>certa</span> <span class='ocrx_word' id='word_1_460' title='bbox 3302 2932 3524 2989; x_wconf 87' lang='lat' dir='ltr'>ratione</span> <span class='ocrx_word' id='word_1_461' title='bbox 3544 2933 3673 2991; x_wconf 88' lang='lat' dir='ltr'>loca</span> 
     </span>
    </p>
   </div>
   <div class='ocr_carea' id='block_1_63' title="bbox 2027 3018 3676 3092">
    <p class='ocr_par' dir='ltr' id='par_1_63' title="bbox 2027 3018 3676 3092">
     <span class='ocr_line' id='line_1_63' title="bbox 2027 3018 3676 3092; baseline 0.001 -15"><span class='ocrx_word' id='word_1_462' title='bbox 2027 3021 2455 3078; x_wconf 90' lang='lat' dir='ltr'>demutaverint</span> <span class='ocrx_word' id='word_1_463' title='bbox 2483 3040 2496 3089; x_wconf 90' lang='lat'><strong>;</strong></span> <span class='ocrx_word' id='word_1_464' title='bbox 2532 3037 2635 3076; x_wconf 91' lang='lat' dir='ltr'>nec</span> <span class='ocrx_word' id='word_1_465' title='bbox 2666 3018 2794 3076; x_wconf 86' lang='lat' dir='ltr'>loca</span> <span class='ocrx_word' id='word_1_466' title='bbox 2824 3021 2975 3091; x_wconf 70' lang='lat' dir='ltr'>ipsa,</span> <span class='ocrx_word' id='word_1_467' title='bbox 3035 3021 3131 3076; x_wconf 90' lang='lat' dir='ltr'>sed</span> <span class='ocrx_word' id='word_1_468' title='bbox 3180 3021 3319 3092; x_wconf 92' lang='lat' dir='ltr'>quid</span> <span class='ocrx_word' id='word_1_469' title='bbox 3371 3021 3515 3076; x_wconf 90' lang='lat' dir='ltr'>inibi</span> <span class='ocrx_word' id='word_1_470' title='bbox 3548 3039 3676 3078; x_wconf 85' lang='lat' dir='ltr'>mo-</span> 
     </span>
    </p>
   </div>
   <div class='ocr_carea' id='block_1_64' title="bbox 267 3095 3671 3181">
    <p class='ocr_par' dir='ltr' id='par_1_64' title="bbox 267 3095 3671 3181">
     <span class='ocr_line' id='line_1_64' title="bbox 267 3095 3671 3181; baseline 0.001 -19"><span class='ocrx_word' id='word_1_471' title='bbox 267 3107 491 3164; x_wconf 71' lang='lat' dir='ltr'>vestitae</span> <span class='ocrx_word' id='word_1_472' title='bbox 524 3107 762 3180; x_wconf 90' lang='lat' dir='ltr'>plumis,</span> <span class='ocrx_word' id='word_1_473' title='bbox 794 3110 1074 3165; x_wconf 89' lang='lat' dir='ltr'>habentes</span> <span class='ocrx_word' id='word_1_474' title='bbox 1102 3109 1279 3166; x_wconf 87' lang='lat' dir='ltr'>etiam</span> <span class='ocrx_word' id='word_1_475' title='bbox 1309 3110 1587 3165; x_wconf 88' lang='lat' dir='ltr'>virtutum</span> <span class='ocrx_word' id='word_1_476' title='bbox 1612 3126 1835 3181; x_wconf 89' lang='lat' dir='ltr'>pennas</span> <span class='ocrx_word' id='word_1_477' title='bbox 1865 3113 1921 3164; x_wconf 86' lang='lat' dir='ltr'>et</span> <span class='ocrx_word' id='word_1_478' title='bbox 1950 3095 1993 3163; x_wconf 65' lang='grc' dir='ltr'>(ἶ</span> <span class='ocrx_word' id='word_1_479' title='bbox 2030 3110 2193 3165; x_wconf 89' lang='lat' dir='ltr'>ribus</span> <span class='ocrx_word' id='word_1_480' title='bbox 2224 3126 2424 3165; x_wconf 90' lang='lat' dir='ltr'>eorum</span> <span class='ocrx_word' id='word_1_481' title='bbox 2457 3110 2676 3174; x_wconf 89' lang='lat' dir='ltr'>eberat,</span> <span class='ocrx_word' id='word_1_482' title='bbox 2711 3108 3057 3175; x_wconf 87' lang='lat' dir='ltr'>devitarint;</span> <span class='ocrx_word' id='word_1_483' title='bbox 3093 3116 3189 3163; x_wconf 88' lang='lat' dir='ltr'>aut</span> <span class='ocrx_word' id='word_1_484' title='bbox 3222 3113 3395 3177; x_wconf 88' lang='lat' dir='ltr'>certe,</span> <span class='ocrx_word' id='word_1_485' title='bbox 3432 3113 3495 3163; x_wconf 92' lang='lat' dir='ltr'>ut</span> <span class='ocrx_word' id='word_1_486' title='bbox 3528 3110 3671 3165; x_wconf 87' lang='lat' dir='ltr'>mul-</span> 
     </span>
    </p>
   </div>
   <div class='ocr_carea' id='block_1_65' title="bbox 274 3194 1919 3271">
    <p class='ocr_par' dir='ltr' id='par_1_65' title="bbox 274 3194 1919 3271">
     <span class='ocr_line' id='line_1_65' title="bbox 274 3194 1919 3271; baseline 0.001 -20"><span class='ocrx_word' id='word_1_487' title='bbox 274 3194 540 3269; x_wconf 86' lang='lat' dir='ltr'>duplices</span> <span class='ocrx_word' id='word_1_488' title='bbox 570 3197 873 3253; x_wconf 88' lang='lat' dir='ltr'>cbaritatis</span> <span class='ocrx_word' id='word_1_489' title='bbox 903 3197 1048 3265; x_wconf 89' lang='lat' dir='ltr'>alas,</span> <span class='ocrx_word' id='word_1_490' title='bbox 1083 3199 1251 3271; x_wconf 89' lang='lat' dir='ltr'>quasi</span> <span class='ocrx_word' id='word_1_491' title='bbox 1302 3197 1585 3254; x_wconf 64' lang='lat' dir='ltr'>columbae</span> <span class='ocrx_word' id='word_1_492' title='bbox 1615 3196 1813 3253; x_wconf 92' lang='lat' dir='ltr'>volant</span> <span class='ocrx_word' id='word_1_493' title='bbox 1850 3198 1919 3252; x_wconf 91' lang='lat' dir='ltr'>ad</span> 
     </span>
    </p>
   </div>
   <div class='ocr_carea' id='block_1_66' title="bbox 275 3285 1924 3359">
    <p class='ocr_par' dir='ltr' id='par_1_66' title="bbox 275 3285 1924 3359">
     <span class='ocr_line' id='line_1_66' title="bbox 275 3285 1924 3359; baseline 0 -19"><span class='ocrx_word' id='word_1_494' title='bbox 275 3285 563 3340; x_wconf 83' lang='lat' dir='ltr'>fenestras</span> <span class='ocrx_word' id='word_1_495' title='bbox 592 3302 751 3341; x_wconf 90' lang='lat' dir='ltr'>suas.</span> <span class='ocrx_word' id='word_1_496' title='bbox 787 3286 874 3341; x_wconf 84' lang='lat' dir='ltr'>Ibi</span> <span class='ocrx_word' id='word_1_497' title='bbox 924 3286 1102 3343; x_wconf 88' lang='lat' dir='ltr'>etiam</span> <span class='ocrx_word' id='word_1_498' title='bbox 1162 3291 1303 3342; x_wconf 89' lang='lat' dir='ltr'>sunt</span> <span class='ocrx_word' id='word_1_499' title='bbox 1360 3286 1539 3342; x_wconf 66' lang='lat' dir='ltr'>stellae</span> <span class='ocrx_word' id='word_1_500' title='bbox 1573 3286 1715 3353; x_wconf 56' lang='lat' dir='ltr'>caeli,</span> <span class='ocrx_word' id='word_1_501' title='bbox 1776 3303 1924 3359; x_wconf 88' lang='lat' dir='ltr'>quas</span> 
     </span>
    </p>
   </div>
   <div class='ocr_carea' id='block_1_67' title="bbox 276 3372 1925 3449">
    <p class='ocr_par' dir='ltr' id='par_1_67' title="bbox 276 3372 1925 3449">
     <span class='ocr_line' id='line_1_67' title="bbox 276 3372 1925 3449; baseline 0.001 -22"><span class='ocrx_word' id='word_1_502' title='bbox 276 3373 569 3429; x_wconf 86' lang='lat' dir='ltr'>Abraham</span> <span class='ocrx_word' id='word_1_503' title='bbox 600 3374 657 3428; x_wconf 89' lang='lat' dir='ltr'>in</span> <span class='ocrx_word' id='word_1_504' title='bbox 690 3372 1082 3446; x_wconf 87' lang='lat' dir='ltr'>promissione</span> <span class='ocrx_word' id='word_1_505' title='bbox 1110 3375 1335 3449; x_wconf 87' lang='lat' dir='ltr'>accepit</span> <span class='ocrx_word' id='word_1_506' title='bbox 1368 3394 1380 3431; x_wconf 93' lang='lat'><strong>:</strong></span> <span class='ocrx_word' id='word_1_507' title='bbox 1414 3376 1803 3446; x_wconf 79' lang='lat' dir='ltr'>Multiplicabo,</span> <span class='ocrx_word' id='word_1_508' title='bbox 1836 3376 1925 3429; x_wconf 90' lang='lat' dir='ltr'>in-</span> 
     </span>
    </p>
   </div>
   <div class='ocr_carea' id='block_1_68' title="bbox 279 3461 1928 3534">
    <p class='ocr_par' dir='ltr' id='par_1_68' title="bbox 279 3461 1928 3534">
     <span class='ocr_line' id='line_1_68' title="bbox 279 3461 1928 3534; baseline 0.001 -18"><span class='ocrx_word' id='word_1_509' title='bbox 279 3461 425 3533; x_wconf 85' lang='lat' dir='ltr'>quit,</span> <span class='ocrx_word' id='word_1_510' title='bbox 455 3478 639 3517; x_wconf 80' lang='lat' dir='ltr'>semen</span> <span class='ocrx_word' id='word_1_511' title='bbox 670 3471 823 3518; x_wconf 78' lang='lat' dir='ltr'>tuu—m</span> <span class='ocrx_word' id='word_1_512' title='bbox 852 3465 993 3519; x_wconf 79' lang='lat' dir='ltr'>sicut</span> <span class='ocrx_word' id='word_1_513' title='bbox 1019 3466 1204 3520; x_wconf 80' lang='lat' dir='ltr'>stellas</span> <span class='ocrx_word' id='word_1_514' title='bbox 1246 3466 1391 3534; x_wconf 77' lang='lat' dir='ltr'>cazli,</span> <span class='ocrx_word' id='word_1_515' title='bbox 1423 3473 1473 3520; x_wconf 81' lang='lat' dir='ltr'>et</span> <span class='ocrx_word' id='word_1_516' title='bbox 1504 3466 1649 3519; x_wconf 76' lang='lat' dir='ltr'>velut</span> <span class='ocrx_word' id='word_1_517' title='bbox 1702 3480 1928 3519; x_wconf 83' lang='lat' dir='ltr'>arenam</span> 
     </span>
    </p>
   </div>
   <div class='ocr_carea' id='block_1_69' title="bbox 278 3551 1927 3626">
    <p class='ocr_par' dir='ltr' id='par_1_69' title="bbox 278 3551 1927 3626">
     <span class='ocr_line' id='line_1_69' title="bbox 278 3551 1927 3626; baseline 0.001 -21"><span class='ocrx_word' id='word_1_518' title='bbox 278 3552 470 3606; x_wconf 81' lang='lat' dir='ltr'>maris.</span> <span class='ocrx_word' id='word_1_519' title='bbox 503 3551 601 3606; x_wconf 71' lang='lat' dir='ltr'>Hae</span> <span class='ocrx_word' id='word_1_520' title='bbox 651 3551 831 3607; x_wconf 68' lang='lat' dir='ltr'>stellae</span> <span class='ocrx_word' id='word_1_521' title='bbox 878 3553 1131 3625; x_wconf 86' lang='lat' dir='ltr'>puritate</span> <span class='ocrx_word' id='word_1_522' title='bbox 1164 3554 1291 3609; x_wconf 84' lang='lat' dir='ltr'>vitae</span> <span class='ocrx_word' id='word_1_523' title='bbox 1321 3553 1702 3609; x_wconf 60' lang='lat' dir='ltr'>lucidissime</span> <span class='ocrx_word' id='word_1_524' title='bbox 1733 3553 1927 3626; x_wconf 91' lang='lat' dir='ltr'>splen-</span> 
     </span>
    </p>
   </div>
   <div class='ocr_carea' id='block_1_70' title="bbox 275 3639 1930 3709">
    <p class='ocr_par' dir='ltr' id='par_1_70' title="bbox 275 3639 1930 3709">
     <span class='ocr_line' id='line_1_70' title="bbox 275 3639 1930 3709; baseline 0.002 -14"><span class='ocrx_word' id='word_1_525' title='bbox 275 3640 416 3697; x_wconf 87' lang='lat' dir='ltr'>dent</span> <span class='ocrx_word' id='word_1_526' title='bbox 447 3639 511 3697; x_wconf 88' lang='lat' dir='ltr'>in</span> <span class='ocrx_word' id='word_1_527' title='bbox 542 3640 705 3709; x_wconf 69' lang='lat' dir='ltr'>ctelo,</span> <span class='ocrx_word' id='word_1_528' title='bbox 729 3641 883 3698; x_wconf 88' lang='lat' dir='ltr'>sicut</span> <span class='ocrx_word' id='word_1_529' title='bbox 902 3642 1172 3699; x_wconf 69' lang='lat' dir='ltr'>Ecclesiae</span> <span class='ocrx_word' id='word_1_530' title='bbox 1191 3642 1384 3698; x_wconf 88' lang='lat' dir='ltr'>verbis</span> <span class='ocrx_word' id='word_1_531' title='bbox 1413 3642 1930 3709; x_wconf 88' lang='lat' dir='ltr'>radiantes,exem-</span> 
     </span>
    </p>
   </div>
   <div class='ocr_carea' id='block_1_71' title="bbox 277 3729 749 3801">
    <p class='ocr_par' dir='ltr' id='par_1_71' title="bbox 277 3729 749 3801">
     <span class='ocr_line' id='line_1_71' title="bbox 277 3729 749 3801; baseline 0.004 -17"><span class='ocrx_word' id='word_1_532' title='bbox 277 3729 389 3801; x_wconf 88' lang='lat' dir='ltr'>plis</span> <span class='ocrx_word' id='word_1_533' title='bbox 419 3729 749 3786; x_wconf 86' lang='lat' dir='ltr'>rutilantes.</span> 
     </span>
    </p>
   </div>
   <div class='ocr_carea' id='block_1_72' title="bbox 343 3817 1926 3892">
    <p class='ocr_par' dir='ltr' id='par_1_72' title="bbox 343 3817 1926 3892">
     <span class='ocr_line' id='line_1_72' title="bbox 343 3817 1926 3892; baseline -0.001 -18"><span class='ocrx_word' id='word_1_534' title='bbox 343 3817 460 3874; x_wconf 86' lang='lat' dir='ltr'>XV.</span> <span class='ocrx_word' id='word_1_535' title='bbox 492 3819 603 3874; x_wconf 90' lang='lat' dir='ltr'>Sed</span> <span class='ocrx_word' id='word_1_536' title='bbox 638 3819 778 3891; x_wconf 92' lang='lat' dir='ltr'>quid</span> <span class='ocrx_word' id='word_1_537' title='bbox 838 3820 1008 3876; x_wconf 91' lang='lat' dir='ltr'>nobis</span> <span class='ocrx_word' id='word_1_538' title='bbox 1039 3821 1111 3876; x_wconf 89' lang='lat' dir='ltr'>ad</span> <span class='ocrx_word' id='word_1_539' title='bbox 1167 3819 1435 3876; x_wconf 87' lang='lat' dir='ltr'>volucres</span> <span class='ocrx_word' id='word_1_540' title='bbox 1478 3820 1507 3874; x_wconf 85' lang='lat'><strong>?</strong></span> <span class='ocrx_word' id='word_1_541' title='bbox 1564 3819 1665 3892; x_wconf 89' lang='lat' dir='ltr'>qui</span> <span class='ocrx_word' id='word_1_542' title='bbox 1717 3835 1823 3874; x_wconf 91' lang='lat' dir='ltr'>nos</span> <span class='ocrx_word' id='word_1_543' title='bbox 1854 3818 1926 3873; x_wconf 89' lang='lat' dir='ltr'>ad</span> 
     </span>
    </p>
   </div>
   <div class='ocr_carea' id='block_1_73' title="bbox 272 3906 1924 3981">
    <p class='ocr_par' dir='ltr' id='par_1_73' title="bbox 272 3906 1924 3981">
     <span class='ocr_line' id='line_1_73' title="bbox 272 3906 1924 3981; baseline 0.001 -19"><span class='ocrx_word' id='word_1_544' title='bbox 272 3906 479 3964; x_wconf 85' lang='lat' dir='ltr'>stellas</span> <span class='ocrx_word' id='word_1_545' title='bbox 507 3907 633 3964; x_wconf 72' lang='grc' dir='ltr'>οωιὶ</span> <span class='ocrx_word' id='word_1_546' title='bbox 653 3908 682 3963; x_wconf 85' lang='lat'><strong>?</strong></span> <span class='ocrx_word' id='word_1_547' title='bbox 708 3908 826 3973; x_wconf 75' lang='lat' dir='ltr'>Nos</span> <span class='ocrx_word' id='word_1_548' title='bbox 853 3908 1010 3964; x_wconf 90' lang='lat' dir='ltr'>enim</span> <span class='ocrx_word' id='word_1_549' title='bbox 1032 3925 1241 3965; x_wconf 89' lang='lat' dir='ltr'>sumus</span> <span class='ocrx_word' id='word_1_550' title='bbox 1272 3907 1471 3965; x_wconf 89' lang='lat' dir='ltr'>miseri</span> <span class='ocrx_word' id='word_1_551' title='bbox 1503 3908 1692 3981; x_wconf 88' lang='lat' dir='ltr'>pisces</span> <span class='ocrx_word' id='word_1_552' title='bbox 1721 3907 1924 3974; x_wconf 87' lang='lat' dir='ltr'>maris,</span> 
     </span>
    </p>
   </div>
   <div class='ocr_carea' id='block_1_74' title="bbox 272 3996 1929 4066">
    <p class='ocr_par' dir='ltr' id='par_1_74' title="bbox 272 3996 1929 4066">
     <span class='ocr_line' id='line_1_74' title="bbox 272 3996 1929 4066; baseline -0.002 -14"><span class='ocrx_word' id='word_1_553' title='bbox 272 4012 391 4052; x_wconf 90' lang='lat' dir='ltr'>non</span> <span class='ocrx_word' id='word_1_554' title='bbox 422 4012 637 4052; x_wconf 88' lang='lat' dir='ltr'>sumus</span> <span class='ocrx_word' id='word_1_555' title='bbox 682 4013 860 4053; x_wconf 89' lang='lat' dir='ltr'>arena</span> <span class='ocrx_word' id='word_1_556' title='bbox 906 3998 1108 4066; x_wconf 88' lang='lat' dir='ltr'>maris,</span> <span class='ocrx_word' id='word_1_557' title='bbox 1160 4014 1266 4053; x_wconf 89' lang='lat' dir='ltr'>nos</span> <span class='ocrx_word' id='word_1_558' title='bbox 1308 3997 1583 4053; x_wconf 86' lang='lat' dir='ltr'>ﬂuctibus</span> <span class='ocrx_word' id='word_1_559' title='bbox 1634 3996 1828 4052; x_wconf 71' lang='lat' dir='ltr'>sreculi</span> <span class='ocrx_word' id='word_1_560' title='bbox 1863 4002 1929 4050; x_wconf 87' lang='lat' dir='ltr'>ut</span> 
     </span>
    </p>
   </div>
   <div class='ocr_carea' id='block_1_75' title="bbox 272 4084 1930 4155">
    <p class='ocr_par' dir='ltr' id='par_1_75' title="bbox 272 4084 1930 4155">
     <span class='ocr_line' id='line_1_75' title="bbox 272 4084 1930 4155; baseline -0.002 -14"><span class='ocrx_word' id='word_1_561' title='bbox 272 4101 451 4141; x_wconf 84' lang='lat' dir='ltr'>arena</span> <span class='ocrx_word' id='word_1_562' title='bbox 482 4086 938 4155; x_wconf 87' lang='lat' dir='ltr'>contundimur;</span> <span class='ocrx_word' id='word_1_563' title='bbox 966 4103 1072 4142; x_wconf 91' lang='lat' dir='ltr'>nos</span> <span class='ocrx_word' id='word_1_564' title='bbox 1102 4087 1337 4141; x_wconf 72' lang='lat' dir='ltr'>aestibus</span> <span class='ocrx_word' id='word_1_565' title='bbox 1361 4086 1668 4140; x_wconf 82' lang='lat' dir='ltr'>mundanae</span> <span class='ocrx_word' id='word_1_566' title='bbox 1700 4084 1930 4139; x_wconf 88' lang='lat' dir='ltr'>incerti-</span> 
     </span>
    </p>
   </div>
   <div class='ocr_carea' id='block_1_76' title="bbox 276 4174 1925 4248">
    <p class='ocr_par' dir='ltr' id='par_1_76' title="bbox 276 4174 1925 4248">
     <span class='ocr_line' id='line_1_76' title="bbox 276 4174 1925 4248; baseline 0 -19"><span class='ocrx_word' id='word_1_567' title='bbox 276 4174 534 4241; x_wconf 86' lang='lat' dir='ltr'>tudinis,</span> <span class='ocrx_word' id='word_1_568' title='bbox 563 4179 626 4229; x_wconf 91' lang='lat' dir='ltr'>ut</span> <span class='ocrx_word' id='word_1_569' title='bbox 657 4175 785 4248; x_wconf 84' lang='lat' dir='ltr'>vagi</span> <span class='ocrx_word' id='word_1_570' title='bbox 816 4176 1006 4248; x_wconf 89' lang='lat' dir='ltr'>pisces</span> <span class='ocrx_word' id='word_1_571' title='bbox 1037 4175 1522 4231; x_wconf 90' lang='lat' dir='ltr'>circumferimur.</span> <span class='ocrx_word' id='word_1_572' title='bbox 1550 4175 1619 4228; x_wconf 89' lang='lat' dir='ltr'>Et</span> <span class='ocrx_word' id='word_1_573' title='bbox 1676 4191 1801 4246; x_wconf 68' lang='lat' dir='ltr'>qua:</span> <span class='ocrx_word' id='word_1_574' title='bbox 1834 4177 1925 4229; x_wconf 87' lang='lat' dir='ltr'>est</span> 
     </span>
    </p>
   </div>
   <div class='ocr_carea' id='block_1_77' title="bbox 275 4263 1922 4336">
    <p class='ocr_par' dir='ltr' id='par_1_77' title="bbox 275 4263 1922 4336">
     <span class='ocr_line' id='line_1_77' title="bbox 275 4263 1922 4336; baseline -0.001 -18"><span class='ocrx_word' id='word_1_575' title='bbox 275 4264 464 4319; x_wconf 87' lang='lat' dir='ltr'>nostri</span> <span class='ocrx_word' id='word_1_576' title='bbox 497 4264 570 4319; x_wconf 89' lang='lat' dir='ltr'>ad</span> <span class='ocrx_word' id='word_1_577' title='bbox 602 4263 728 4336; x_wconf 91' lang='lat' dir='ltr'>pias</span> <span class='ocrx_word' id='word_1_578' title='bbox 758 4264 1020 4320; x_wconf 82' lang='lat' dir='ltr'>volucres</span> <span class='ocrx_word' id='word_1_579' title='bbox 1077 4265 1201 4320; x_wconf 82' lang='lat' dir='ltr'>cceli</span> <span class='ocrx_word' id='word_1_580' title='bbox 1236 4263 1595 4335; x_wconf 84' lang='lat' dir='ltr'>comparatio</span> <span class='ocrx_word' id='word_1_581' title='bbox 1624 4263 1652 4317; x_wconf 83' lang='lat'><strong>?</strong></span> <span class='ocrx_word' id='word_1_582' title='bbox 1682 4280 1808 4334; x_wconf 66' lang='lat' dir='ltr'>qua:</span> <span class='ocrx_word' id='word_1_583' title='bbox 1850 4263 1922 4317; x_wconf 92' lang='lat' dir='ltr'>ad</span> 
     </span>
    </p>
   </div>
   <div class='ocr_carea' id='block_1_78' title="bbox 272 4350 1920 4423">
    <p class='ocr_par' dir='ltr' id='par_1_78' title="bbox 272 4350 1920 4423">
     <span class='ocr_line' id='line_1_78' title="bbox 272 4350 1920 4423; baseline -0.001 -16"><span class='ocrx_word' id='word_1_584' title='bbox 272 4350 510 4408; x_wconf 88' lang='lat' dir='ltr'>lucidas</span> <span class='ocrx_word' id='word_1_585' title='bbox 539 4351 740 4407; x_wconf 89' lang='lat' dir='ltr'>stellas</span> <span class='ocrx_word' id='word_1_586' title='bbox 765 4350 994 4408; x_wconf 87' lang='lat' dir='ltr'>collatio</span> <span class='ocrx_word' id='word_1_587' title='bbox 1022 4354 1051 4407; x_wconf 88' lang='lat'><strong>?</strong></span> <span class='ocrx_word' id='word_1_588' title='bbox 1102 4356 1253 4407; x_wconf 90' lang='lat' dir='ltr'>certe</span> <span class='ocrx_word' id='word_1_589' title='bbox 1283 4368 1351 4407; x_wconf 89' lang='lat' dir='ltr'>ea</span> <span class='ocrx_word' id='word_1_590' title='bbox 1379 4368 1509 4423; x_wconf 69' lang='lat' dir='ltr'>quae</span> <span class='ocrx_word' id='word_1_591' title='bbox 1532 4355 1623 4406; x_wconf 90' lang='lat' dir='ltr'>est</span> <span class='ocrx_word' id='word_1_592' title='bbox 1650 4350 1815 4406; x_wconf 90' lang='lat' dir='ltr'>nihili</span> <span class='ocrx_word' id='word_1_593' title='bbox 1848 4351 1920 4405; x_wconf 89' lang='lat' dir='ltr'>ad</span> 
     </span>
    </p>
   </div>
   <div class='ocr_carea' id='block_1_79' title="bbox 271 4440 1925 4515">
    <p class='ocr_par' dir='ltr' id='par_1_79' title="bbox 271 4440 1925 4515">
     <span class='ocr_line' id='line_1_79' title="bbox 271 4440 1925 4515; baseline -0.001 -18"><span class='ocrx_word' id='word_1_594' title='bbox 271 4440 526 4514; x_wconf 88' lang='lat' dir='ltr'>aliquid,</span> <span class='ocrx_word' id='word_1_595' title='bbox 558 4440 607 4497; x_wconf 93' lang='lat' dir='ltr'>si</span> <span class='ocrx_word' id='word_1_596' title='bbox 641 4445 837 4497; x_wconf 88' lang='lat' dir='ltr'>tamen</span> <span class='ocrx_word' id='word_1_597' title='bbox 870 4441 1015 4498; x_wconf 89' lang='lat' dir='ltr'>ratio</span> <span class='ocrx_word' id='word_1_598' title='bbox 1045 4442 1318 4515; x_wconf 84' lang='lat' dir='ltr'>patiatur,</span> <span class='ocrx_word' id='word_1_599' title='bbox 1343 4440 1536 4496; x_wconf 89' lang='lat' dir='ltr'>uthoc</span> <span class='ocrx_word' id='word_1_600' title='bbox 1567 4441 1925 4513; x_wconf 87' lang='lat' dir='ltr'>comparatio</span> 
     </span>
    </p>
   </div>
   <div class='ocr_carea' id='block_1_80' title="bbox 267 4528 1928 4603">
    <p class='ocr_par' dir='ltr' id='par_1_80' title="bbox 267 4528 1928 4603">
     <span class='ocr_line' id='line_1_80' title="bbox 267 4528 1928 4603; baseline -0.001 -18"><span class='ocrx_word' id='word_1_601' title='bbox 267 4530 393 4587; x_wconf 85' lang='lat' dir='ltr'>diei</span> <span class='ocrx_word' id='word_1_602' title='bbox 424 4531 631 4603; x_wconf 86' lang='lat' dir='ltr'>possit.</span> <span class='ocrx_word' id='word_1_603' title='bbox 665 4531 709 4587; x_wconf 91' lang='grc' dir='ltr'>Ο</span> <span class='ocrx_word' id='word_1_604' title='bbox 740 4531 966 4587; x_wconf 89' lang='lat' dir='ltr'>utinam</span> <span class='ocrx_word' id='word_1_605' title='bbox 1024 4530 1085 4586; x_wconf 91' lang='lat' dir='ltr'>in</span> <span class='ocrx_word' id='word_1_606' title='bbox 1144 4529 1342 4603; x_wconf 90' lang='lat' dir='ltr'>aliqua</span> <span class='ocrx_word' id='word_1_607' title='bbox 1390 4528 1683 4602; x_wconf 87' lang='lat' dir='ltr'>spirituali</span> <span class='ocrx_word' id='word_1_608' title='bbox 1713 4528 1928 4585; x_wconf 90' lang='lat' dir='ltr'>lacuna</span> 
     </span>
    </p>
   </div>
   <div class='ocr_carea' id='block_1_81' title="bbox 265 4617 1928 4693">
    <p class='ocr_par' dir='ltr' id='par_1_81' title="bbox 265 4617 1928 4693">
     <span class='ocr_line' id='line_1_81' title="bbox 265 4617 1928 4693; baseline -0.002 -18"><span class='ocrx_word' id='word_1_609' title='bbox 265 4617 484 4692; x_wconf 78' lang='lat' dir='ltr'>procul</span> <span class='ocrx_word' id='word_1_610' title='bbox 505 4620 1001 4693; x_wconf 83' lang='lat' dir='ltr'>atempestatibus</span> <span class='ocrx_word' id='word_1_611' title='bbox 1022 4618 1533 4693; x_wconf 88' lang='lat' dir='ltr'>conquiescamusl</span> <span class='ocrx_word' id='word_1_612' title='bbox 1557 4617 1785 4674; x_wconf 88' lang='lat' dir='ltr'>utinam</span> <span class='ocrx_word' id='word_1_613' title='bbox 1817 4618 1928 4673; x_wconf 87' lang='lat' dir='ltr'>sub</span> 
     </span>
    </p>
   </div>
   <div class='ocr_carea' id='block_1_82' title="bbox 266 4707 1925 4782">
    <p class='ocr_par' dir='ltr' id='par_1_82' title="bbox 266 4707 1925 4782">
     <span class='ocr_line' id='line_1_82' title="bbox 266 4707 1925 4782; baseline -0.001 -17"><span class='ocrx_word' id='word_1_614' title='bbox 266 4707 480 4781; x_wconf 86' lang='lat' dir='ltr'>aliquo</span> <span class='ocrx_word' id='word_1_615' title='bbox 500 4708 640 4765; x_wconf 63' lang='lat' dir='ltr'>viva:</span> <span class='ocrx_word' id='word_1_616' title='bbox 654 4710 820 4782; x_wconf 88' lang='lat' dir='ltr'>rupis</span> <span class='ocrx_word' id='word_1_617' title='bbox 833 4709 1175 4767; x_wconf 87' lang='lat' dir='ltr'>abscondito</span> <span class='ocrx_word' id='word_1_618' title='bbox 1196 4709 1633 4775; x_wconf 87' lang='lat' dir='ltr'>delitescamus,</span> <span class='ocrx_word' id='word_1_619' title='bbox 1654 4707 1751 4763; x_wconf 92' lang='lat' dir='ltr'>ubi</span> <span class='ocrx_word' id='word_1_620' title='bbox 1768 4709 1925 4764; x_wconf 88' lang='lat' dir='ltr'>venti</span> 
     </span>
    </p>
   </div>
   <div class='ocr_carea' id='block_1_83' title="bbox 262 4787 1923 4867">
    <p class='ocr_par' dir='ltr' id='par_1_83' title="bbox 262 4787 1923 4867">
     <span class='ocr_line' id='line_1_83' title="bbox 262 4787 1923 4867; baseline 0.001 -14"><span class='ocrx_word' id='word_1_621' title='bbox 262 4797 528 4854; x_wconf 59' lang='lat' dir='ltr'>fortuna:</span> <span class='ocrx_word' id='word_1_622' title='bbox 547 4798 698 4855; x_wconf 88' lang='lat' dir='ltr'>vires</span> <span class='ocrx_word' id='word_1_623' title='bbox 719 4816 860 4856; x_wconf 90' lang='lat' dir='ltr'>suas</span> <span class='ocrx_word' id='word_1_624' title='bbox 880 4815 1166 4867; x_wconf 87' lang='lat' dir='ltr'>exserere,</span> <span class='ocrx_word' id='word_1_625' title='bbox 1190 4802 1247 4854; x_wconf 87' lang='lat' dir='ltr'>et</span> <span class='ocrx_word' id='word_1_626' title='bbox 1267 4814 1374 4854; x_wconf 91' lang='lat' dir='ltr'>nos</span> <span class='ocrx_word' id='word_1_627' title='bbox 1398 4787 1724 4854; x_wconf 82' lang='lat' dir='ltr'>ludibrium</span> <span class='ocrx_word' id='word_1_628' title='bbox 1747 4814 1923 4855; x_wconf 91' lang='lat' dir='ltr'>suum</span> 
     </span>
    </p>
   </div>
   <div class='ocr_carea' id='block_1_84' title="bbox 263 4885 1930 4961">
    <p class='ocr_par' dir='ltr' id='par_1_84' title="bbox 263 4885 1930 4961">
     <span class='ocr_line' id='line_1_84' title="bbox 263 4885 1930 4961; baseline -0.001 -18"><span class='ocrx_word' id='word_1_629' title='bbox 263 4891 577 4959; x_wconf 84' lang='lat' dir='ltr'>nequeant</span> <span class='ocrx_word' id='word_1_630' title='bbox 631 4887 854 4944; x_wconf 87' lang='lat' dir='ltr'>faceret</span> <span class='ocrx_word' id='word_1_631' title='bbox 887 4892 1050 4945; x_wconf 88' lang='lat' dir='ltr'>Hanc</span> <span class='ocrx_word' id='word_1_632' title='bbox 1107 4903 1244 4961; x_wconf 87' lang='lat' dir='ltr'>ergo</span> <span class='ocrx_word' id='word_1_633' title='bbox 1293 4887 1508 4959; x_wconf 87' lang='lat' dir='ltr'>quietis</span> <span class='ocrx_word' id='word_1_634' title='bbox 1538 4885 1813 4942; x_wconf 86' lang='lat' dir='ltr'>lacunam</span> <span class='ocrx_word' id='word_1_635' title='bbox 1872 4891 1930 4942; x_wconf 92' lang='lat' dir='ltr'>et</span> 
     </span>
    </p>
   </div>
   <div class='ocr_carea' id='block_1_85' title="bbox 258 4974 1930 5049">
    <p class='ocr_par' dir='ltr' id='par_1_85' title="bbox 258 4974 1930 5049">
     <span class='ocr_line' id='line_1_85' title="bbox 258 4974 1930 5049; baseline -0.002 -16"><span class='ocrx_word' id='word_1_636' title='bbox 258 4976 418 5033; x_wconf 73' lang='lat' dir='ltr'>vives</span> <span class='ocrx_word' id='word_1_637' title='bbox 447 4976 613 5049; x_wconf 89' lang='lat' dir='ltr'>rupis</span> <span class='ocrx_word' id='word_1_638' title='bbox 640 4976 980 5045; x_wconf 88' lang='lat' dir='ltr'>latibulum,</span> <span class='ocrx_word' id='word_1_639' title='bbox 1011 4980 1273 5034; x_wconf 87' lang='lat' dir='ltr'>nostram</span> <span class='ocrx_word' id='word_1_640' title='bbox 1334 4974 1478 5031; x_wconf 86' lang='lat' dir='ltr'>mihi</span> <span class='ocrx_word' id='word_1_641' title='bbox 1532 4975 1807 5047; x_wconf 81' lang='lat' dir='ltr'>eligerem</span> <span class='ocrx_word' id='word_1_642' title='bbox 1873 4981 1930 5032; x_wconf 91' lang='lat' dir='ltr'>et</span> 
     </span>
    </p>
   </div>
   <div class='ocr_carea' id='block_1_86' title="bbox 259 5063 1931 5138">
    <p class='ocr_par' dir='ltr' id='par_1_86' title="bbox 259 5063 1931 5138">
     <span class='ocr_line' id='line_1_86' title="bbox 259 5063 1931 5138; baseline -0.001 -17"><span class='ocrx_word' id='word_1_643' title='bbox 259 5068 547 5138; x_wconf 82' lang='lat' dir='ltr'>optarem</span> <span class='ocrx_word' id='word_1_644' title='bbox 576 5064 833 5138; x_wconf 83' lang='lat' dir='ltr'>Legiam,</span> <span class='ocrx_word' id='word_1_645' title='bbox 868 5066 982 5122; x_wconf 90' lang='lat' dir='ltr'>nisi</span> <span class='ocrx_word' id='word_1_646' title='bbox 1009 5071 1072 5121; x_wconf 90' lang='lat' dir='ltr'>tu</span> <span class='ocrx_word' id='word_1_647' title='bbox 1099 5071 1221 5123; x_wconf 83' lang='lat' dir='ltr'>tam</span> <span class='ocrx_word' id='word_1_648' title='bbox 1249 5080 1453 5137; x_wconf 88' lang='lat' dir='ltr'>aspero</span> <span class='ocrx_word' id='word_1_649' title='bbox 1476 5063 1663 5121; x_wconf 88' lang='lat' dir='ltr'>Flacci</span> <span class='ocrx_word' id='word_1_650' title='bbox 1690 5065 1776 5120; x_wconf 89' lang='lat' dir='ltr'>tui</span> <span class='ocrx_word' id='word_1_651' title='bbox 1808 5064 1931 5120; x_wconf 89' lang='lat' dir='ltr'>sale</span> 
     </span>
    </p>
   </div>
   <div class='ocr_carea' id='block_1_87' title="bbox 259 5152 1932 5228">
    <p class='ocr_par' dir='ltr' id='par_1_87' title="bbox 259 5152 1932 5228">
     <span class='ocr_line' id='line_1_87' title="bbox 259 5152 1932 5228; baseline 0 -19"><span class='ocrx_word' id='word_1_652' title='bbox 259 5153 598 5210; x_wconf 84' lang='lat' dir='ltr'>defricares</span> <span class='ocrx_word' id='word_1_653' title='bbox 616 5153 912 5211; x_wconf 85' lang='lat' dir='ltr'>levitatem</span> <span class='ocrx_word' id='word_1_654' title='bbox 933 5170 1147 5212; x_wconf 88' lang='lat' dir='ltr'>meam.</span> <span class='ocrx_word' id='word_1_655' title='bbox 1178 5152 1489 5228; x_wconf 86' lang='lat' dir='ltr'>Eligerem,</span> <span class='ocrx_word' id='word_1_656' title='bbox 1514 5153 1777 5225; x_wconf 91' lang='lat' dir='ltr'>inquam,</span> <span class='ocrx_word' id='word_1_657' title='bbox 1813 5160 1932 5209; x_wconf 90' lang='lat' dir='ltr'>stu-</span> 
     </span>
    </p>
   </div>
   <div class='ocr_carea' id='block_1_88' title="bbox 259 5241 1930 5318">
    <p class='ocr_par' dir='ltr' id='par_1_88' title="bbox 259 5241 1930 5318">
     <span class='ocr_line' id='line_1_88' title="bbox 259 5241 1930 5318; baseline 0 -20"><span class='ocrx_word' id='word_1_658' title='bbox 259 5241 519 5299; x_wconf 87' lang='lat' dir='ltr'>diorum</span> <span class='ocrx_word' id='word_1_659' title='bbox 548 5243 837 5300; x_wconf 89' lang='lat' dir='ltr'>nutricem</span> <span class='ocrx_word' id='word_1_660' title='bbox 870 5245 1355 5318; x_wconf 83' lang='lat' dir='ltr'>Legiam,fontem</span> <span class='ocrx_word' id='word_1_661' title='bbox 1389 5243 1590 5316; x_wconf 90' lang='lat' dir='ltr'>utique</span> <span class='ocrx_word' id='word_1_662' title='bbox 1620 5242 1930 5300; x_wconf 90' lang='lat' dir='ltr'>subtilium</span> 
     </span>
    </p>
   </div>
   <div class='ocr_carea' id='block_1_89' title="bbox 258 5332 1935 5409">
    <p class='ocr_par' dir='ltr' id='par_1_89' title="bbox 258 5332 1935 5409">
     <span class='ocr_line' id='line_1_89' title="bbox 258 5332 1935 5409; baseline 0 -21"><span class='ocrx_word' id='word_1_663' title='bbox 258 5332 741 5406; x_wconf 83' lang='lat' dir='ltr'>ingeniorum,et</span> <span class='ocrx_word' id='word_1_664' title='bbox 770 5333 979 5390; x_wconf 78' lang='lat' dir='ltr'>divinae</span> <span class='ocrx_word' id='word_1_665' title='bbox 1000 5334 1312 5409; x_wconf 82' lang='lat' dir='ltr'>sapientiae</span> <span class='ocrx_word' id='word_1_666' title='bbox 1343 5334 1592 5390; x_wconf 90' lang='lat' dir='ltr'>feracem</span> <span class='ocrx_word' id='word_1_667' title='bbox 1624 5332 1935 5403; x_wconf 89' lang='lat' dir='ltr'>locum,ut-</span> 
     </span>
    </p>
   </div>
   <div class='ocr_carea' id='block_1_90' title="bbox 258 5421 1935 5498">
    <p class='ocr_par' dir='ltr' id='par_1_90' title="bbox 258 5421 1935 5498">
     <span class='ocr_line' id='line_1_90' title="bbox 258 5421 1935 5498; baseline 0 -19"><span class='ocrx_word' id='word_1_668' title='bbox 258 5426 420 5496; x_wconf 82' lang='lat' dir='ltr'>pote</span> <span class='ocrx_word' id='word_1_669' title='bbox 448 5421 742 5479; x_wconf 87' lang='lat' dir='ltr'>civitatem</span> <span class='ocrx_word' id='word_1_670' title='bbox 773 5441 953 5496; x_wconf 89' lang='lat' dir='ltr'>quam</span> <span class='ocrx_word' id='word_1_671' title='bbox 985 5424 1207 5498; x_wconf 85' lang='lat' dir='ltr'>digitus</span> <span class='ocrx_word' id='word_1_672' title='bbox 1238 5423 1334 5479; x_wconf 88' lang='lat' dir='ltr'>Dei</span> <span class='ocrx_word' id='word_1_673' title='bbox 1361 5422 1647 5496; x_wconf 83' lang='lat' dir='ltr'>multipici</span> <span class='ocrx_word' id='word_1_674' title='bbox 1666 5423 1935 5480; x_wconf 88' lang='lat' dir='ltr'>distinxit</span> 
     </span>
    </p>
   </div>
   <div class='ocr_carea' id='block_1_91' title="bbox 255 5511 1937 5586">
    <p class='ocr_par' dir='ltr' id='par_1_91' title="bbox 255 5511 1937 5586">
     <span class='ocr_line' id='line_1_91' title="bbox 255 5511 1937 5586; baseline 0 -18"><span class='ocrx_word' id='word_1_675' title='bbox 255 5512 748 5586; x_wconf 74' lang='lat' dir='ltr'>gratia,q‘u.&#39;eque</span> <span class='ocrx_word' id='word_1_676' title='bbox 769 5514 861 5570; x_wconf 91' lang='lat' dir='ltr'>sui</span> <span class='ocrx_word' id='word_1_677' title='bbox 884 5513 1108 5571; x_wconf 84' lang='lat' dir='ltr'>similes</span> <span class='ocrx_word' id='word_1_678' title='bbox 1124 5514 1280 5571; x_wconf 90' lang='lat' dir='ltr'>viros</span> <span class='ocrx_word' id='word_1_679' title='bbox 1308 5514 1459 5570; x_wconf 90' lang='lat' dir='ltr'>dono</span> <span class='ocrx_word' id='word_1_680' title='bbox 1482 5511 1576 5568; x_wconf 91' lang='lat' dir='ltr'>Dei</span> <span class='ocrx_word' id='word_1_681' title='bbox 1602 5516 1937 5584; x_wconf 85' lang='lat' dir='ltr'>semperest</span> 
     </span>
    </p>
   </div>
   <div class='ocr_carea' id='block_1_92' title="bbox 2031 3196 3671 3271">
    <p class='ocr_par' dir='ltr' id='par_1_92' title="bbox 2031 3196 3671 3271">
     <span class='ocr_line' id='line_1_92' title="bbox 2031 3196 3671 3271; baseline 0.001 -18"><span class='ocrx_word' id='word_1_682' title='bbox 2031 3198 2108 3253; x_wconf 86' lang='lat' dir='ltr'>tis</span> <span class='ocrx_word' id='word_1_683' title='bbox 2139 3199 2207 3254; x_wconf 90' lang='lat' dir='ltr'>ad</span> <span class='ocrx_word' id='word_1_684' title='bbox 2258 3196 2507 3254; x_wconf 87' lang='lat' dir='ltr'>salutem</span> <span class='ocrx_word' id='word_1_685' title='bbox 2539 3198 2904 3271; x_wconf 81' lang='lat' dir='ltr'>prodessent,</span> <span class='ocrx_word' id='word_1_686' title='bbox 2965 3198 3035 3252; x_wconf 85' lang='lat' dir='ltr'>ad</span> <span class='ocrx_word' id='word_1_687' title='bbox 3097 3196 3211 3253; x_wconf 87' lang='lat' dir='ltr'>alia</span> <span class='ocrx_word' id='word_1_688' title='bbox 3268 3197 3671 3271; x_wconf 89' lang='lat' dir='ltr'>demigrarint.</span> 
     </span>
    </p>
   </div>
   <div class='ocr_carea' id='block_1_93' title="bbox 2034 3285 3676 3359">
    <p class='ocr_par' dir='ltr' id='par_1_93' title="bbox 2034 3285 3676 3359">
     <span class='ocr_line' id='line_1_93' title="bbox 2034 3285 3676 3359; baseline 0.002 -19"><span class='ocrx_word' id='word_1_689' title='bbox 2034 3286 2328 3341; x_wconf 87' lang='lat' dir='ltr'>Abraham</span> <span class='ocrx_word' id='word_1_690' title='bbox 2353 3286 2567 3359; x_wconf 85' lang='lat' dir='ltr'>quippe</span> <span class='ocrx_word' id='word_1_691' title='bbox 2590 3290 2646 3341; x_wconf 89' lang='lat' dir='ltr'>et</span> <span class='ocrx_word' id='word_1_692' title='bbox 2669 3285 2768 3340; x_wconf 82' lang='lat' dir='ltr'>lilii</span> <span class='ocrx_word' id='word_1_693' title='bbox 2800 3287 2928 3357; x_wconf 84' lang='lat' dir='ltr'>ejus</span> <span class='ocrx_word' id='word_1_694' title='bbox 2950 3285 3289 3359; x_wconf 69' lang='lat' dir='ltr'>patriarchae</span> <span class='ocrx_word' id='word_1_695' title='bbox 3314 3304 3428 3342; x_wconf 90' lang='lat' dir='ltr'>non</span> <span class='ocrx_word' id='word_1_696' title='bbox 3446 3291 3531 3343; x_wconf 89' lang='lat' dir='ltr'>tot</span> <span class='ocrx_word' id='word_1_697' title='bbox 3548 3286 3676 3343; x_wconf 91' lang='lat' dir='ltr'>loca</span> 
     </span>
    </p>
   </div>
   <div class='ocr_carea' id='block_1_94' title="bbox 2035 3375 3680 3449">
    <p class='ocr_par' dir='ltr' id='par_1_94' title="bbox 2035 3375 3680 3449">
     <span class='ocr_line' id='line_1_94' title="bbox 2035 3375 3680 3449; baseline 0.001 -18"><span class='ocrx_word' id='word_1_698' title='bbox 2035 3375 2438 3441; x_wconf 84' lang='lat' dir='ltr'>mutavissent,</span> <span class='ocrx_word' id='word_1_699' title='bbox 2489 3392 2606 3431; x_wconf 90' lang='lat' dir='ltr'>non</span> <span class='ocrx_word' id='word_1_700' title='bbox 2636 3379 2722 3430; x_wconf 88' lang='lat' dir='ltr'>tot</span> <span class='ocrx_word' id='word_1_701' title='bbox 2752 3382 2956 3447; x_wconf 86' lang='lat' dir='ltr'>puteos</span> <span class='ocrx_word' id='word_1_702' title='bbox 3005 3392 3219 3447; x_wconf 88' lang='lat' dir='ltr'>aquam</span> <span class='ocrx_word' id='word_1_703' title='bbox 3276 3375 3466 3432; x_wconf 88' lang='lat' dir='ltr'>vivam</span> <span class='ocrx_word' id='word_1_704' title='bbox 3517 3393 3680 3449; x_wconf 68' lang='lat' dir='ltr'>quaa-</span> 
     </span>
    </p>
   </div>
   <div class='ocr_carea' id='block_1_95' title="bbox 2037 3461 3682 3535">
    <p class='ocr_par' dir='ltr' id='par_1_95' title="bbox 2037 3461 3682 3535">
     <span class='ocr_line' id='line_1_95' title="bbox 2037 3461 3682 3535; baseline 0.001 -16"><span class='ocrx_word' id='word_1_705' title='bbox 2037 3469 2231 3520; x_wconf 88' lang='lat' dir='ltr'>rentes</span> <span class='ocrx_word' id='word_1_706' title='bbox 2261 3464 2564 3533; x_wconf 85' lang='lat' dir='ltr'>fudissent,</span> <span class='ocrx_word' id='word_1_707' title='bbox 2599 3462 2648 3518; x_wconf 89' lang='lat' dir='ltr'>si</span> <span class='ocrx_word' id='word_1_708' title='bbox 2682 3464 2737 3518; x_wconf 90' lang='lat' dir='ltr'>in</span> <span class='ocrx_word' id='word_1_709' title='bbox 2771 3480 2885 3519; x_wconf 90' lang='lat' dir='ltr'>uno</span> <span class='ocrx_word' id='word_1_710' title='bbox 2917 3462 3111 3535; x_wconf 79' lang='lat' dir='ltr'>aliquo</span> <span class='ocrx_word' id='word_1_711' title='bbox 3141 3461 3508 3520; x_wconf 76' lang='lat' dir='ltr'>lococuncta</span> <span class='ocrx_word' id='word_1_712' title='bbox 3530 3465 3682 3521; x_wconf 86' lang='lat' dir='ltr'>bona</span> 
     </span>
    </p>
   </div>
   <div class='ocr_carea' id='block_1_96' title="bbox 2036 3552 3679 3626">
    <p class='ocr_par' dir='ltr' id='par_1_96' title="bbox 2036 3552 3679 3626">
     <span class='ocr_line' id='line_1_96' title="bbox 2036 3552 3679 3626; baseline 0.001 -18"><span class='ocrx_word' id='word_1_713' title='bbox 2036 3554 2164 3608; x_wconf 76' lang='lat' dir='ltr'>vitze</span> <span class='ocrx_word' id='word_1_714' title='bbox 2195 3571 2312 3609; x_wconf 68' lang='lat' dir='ltr'>sure</span> <span class='ocrx_word' id='word_1_715' title='bbox 2342 3553 2723 3625; x_wconf 86' lang='lat' dir='ltr'>congruentia</span> <span class='ocrx_word' id='word_1_716' title='bbox 2755 3552 3128 3625; x_wconf 89' lang='lat' dir='ltr'>reperissent.</span> <span class='ocrx_word' id='word_1_717' title='bbox 3187 3553 3367 3609; x_wconf 89' lang='lat' dir='ltr'>Jacob</span> <span class='ocrx_word' id='word_1_718' title='bbox 3421 3570 3679 3626; x_wconf 89' lang='lat' dir='ltr'>quoque,</span> 
     </span>
    </p>
   </div>
   <div class='ocr_carea' id='block_1_97' title="bbox 2037 3640 3680 3714">
    <p class='ocr_par' dir='ltr' id='par_1_97' title="bbox 2037 3640 3680 3714">
     <span class='ocr_line' id='line_1_97' title="bbox 2037 3640 3680 3714; baseline 0 -17"><span class='ocrx_word' id='word_1_719' title='bbox 2037 3642 2221 3698; x_wconf 89' lang='lat' dir='ltr'>nihilo</span> <span class='ocrx_word' id='word_1_720' title='bbox 2252 3642 2449 3697; x_wconf 90' lang='lat' dir='ltr'>minus</span> <span class='ocrx_word' id='word_1_721' title='bbox 2477 3646 2636 3697; x_wconf 90' lang='lat' dir='ltr'>vates</span> <span class='ocrx_word' id='word_1_722' title='bbox 2686 3658 2864 3714; x_wconf 87' lang='lat' dir='ltr'>quam</span> <span class='ocrx_word' id='word_1_723' title='bbox 2896 3640 3250 3712; x_wconf 82' lang='lat' dir='ltr'>patriarcha,</span> <span class='ocrx_word' id='word_1_724' title='bbox 3286 3657 3589 3711; x_wconf 89' lang='lat' dir='ltr'>nunquam</span> <span class='ocrx_word' id='word_1_725' title='bbox 3621 3642 3680 3697; x_wconf 92' lang='lat' dir='ltr'>in</span> 
     </span>
    </p>
   </div>
   <div class='ocr_carea' id='block_1_98' title="bbox 2037 3728 3680 3802">
    <p class='ocr_par' dir='ltr' id='par_1_98' title="bbox 2037 3728 3680 3802">
     <span class='ocr_line' id='line_1_98' title="bbox 2037 3728 3680 3802; baseline -0.001 -15"><span class='ocrx_word' id='word_1_726' title='bbox 2037 3731 2347 3788; x_wconf 89' lang='lat' dir='ltr'>animabus</span> <span class='ocrx_word' id='word_1_727' title='bbox 2377 3730 2747 3802; x_wconf 87' lang='lat' dir='ltr'>septuaginta</span> <span class='ocrx_word' id='word_1_728' title='bbox 2780 3729 2903 3801; x_wconf 89' lang='lat' dir='ltr'>(qui</span> <span class='ocrx_word' id='word_1_729' title='bbox 2937 3728 3217 3800; x_wconf 75' lang='lat' dir='ltr'>mysticus</span> <span class='ocrx_word' id='word_1_730' title='bbox 3260 3744 3540 3782; x_wconf 90' lang='lat' dir='ltr'>numerus</span> <span class='ocrx_word' id='word_1_731' title='bbox 3570 3731 3680 3799; x_wconf 89' lang='lat' dir='ltr'>est)</span> 
     </span>
    </p>
   </div>
   <div class='ocr_carea' id='block_1_99' title="bbox 2037 3815 3683 3892">
    <p class='ocr_par' dir='ltr' id='par_1_99' title="bbox 2037 3815 3683 3892">
     <span class='ocr_line' id='line_1_99' title="bbox 2037 3815 3683 3892; baseline -0.002 -16"><span class='ocrx_word' id='word_1_732' title='bbox 2037 3822 2108 3876; x_wconf 89' lang='lat' dir='ltr'>ad</span> <span class='ocrx_word' id='word_1_733' title='bbox 2132 3821 2455 3892; x_wconf 62' lang='lat' dir='ltr'>Egyptiam</span> <span class='ocrx_word' id='word_1_734' title='bbox 2478 3817 2880 3873; x_wconf 79' lang='lat' dir='ltr'>descendisset</span> <span class='ocrx_word' id='word_1_735' title='bbox 2901 3817 3086 3887; x_wconf 83' lang='lat' dir='ltr'>primo</span> <span class='ocrx_word' id='word_1_736' title='bbox 3110 3815 3459 3887; x_wconf 89' lang='lat' dir='ltr'>ubertatem,</span> <span class='ocrx_word' id='word_1_737' title='bbox 3482 3822 3683 3887; x_wconf 88' lang='lat' dir='ltr'>postea</span> 
     </span>
    </p>
   </div>
   <div class='ocr_carea' id='block_1_100' title="bbox 2038 3905 3680 3979">
    <p class='ocr_par' dir='ltr' id='par_1_100' title="bbox 2038 3905 3680 3979">
     <span class='ocr_line' id='line_1_100' title="bbox 2038 3905 3680 3979; baseline -0.002 -15"><span class='ocrx_word' id='word_1_738' title='bbox 2038 3908 2397 3975; x_wconf 89' lang='lat' dir='ltr'>servitutem,</span> <span class='ocrx_word' id='word_1_739' title='bbox 2431 3905 2542 3961; x_wconf 90' lang='lat' dir='ltr'>nisi</span> <span class='ocrx_word' id='word_1_740' title='bbox 2603 3905 2905 3960; x_wconf 90' lang='lat' dir='ltr'>canineam</span> <span class='ocrx_word' id='word_1_741' title='bbox 2941 3905 3163 3977; x_wconf 85' lang='lat' dir='ltr'>fugeret</span> <span class='ocrx_word' id='word_1_742' title='bbox 3195 3905 3429 3961; x_wconf 86' lang='lat' dir='ltr'>famem.</span> <span class='ocrx_word' id='word_1_743' title='bbox 3461 3905 3680 3979; x_wconf 88' lang='lat' dir='ltr'>Joseph</span> 
     </span>
    </p>
   </div>
   <div class='ocr_carea' id='block_1_101' title="bbox 2039 3993 3680 4068">
    <p class='ocr_par' dir='ltr' id='par_1_101' title="bbox 2039 3993 3680 4068">
     <span class='ocr_line' id='line_1_101' title="bbox 2039 3993 3680 4068; baseline 0.001 -18"><span class='ocrx_word' id='word_1_744' title='bbox 2039 4012 2269 4068; x_wconf 86' lang='lat' dir='ltr'>quoque</span> <span class='ocrx_word' id='word_1_745' title='bbox 2288 3995 2381 4050; x_wconf 87' lang='lat' dir='ltr'>bis</span> <span class='ocrx_word' id='word_1_746' title='bbox 2394 3994 2661 4050; x_wconf 89' lang='lat' dir='ltr'>venditus</span> <span class='ocrx_word' id='word_1_747' title='bbox 2680 3994 2751 4049; x_wconf 91' lang='lat' dir='ltr'>ab</span> <span class='ocrx_word' id='word_1_748' title='bbox 2771 3993 2982 4049; x_wconf 91' lang='lat' dir='ltr'>invidis</span> <span class='ocrx_word' id='word_1_749' title='bbox 3005 3993 3282 4049; x_wconf 87' lang='lat' dir='ltr'>fratribus</span> <span class='ocrx_word' id='word_1_750' title='bbox 3311 3994 3456 4049; x_wconf 88' lang='lat' dir='ltr'>bene</span> <span class='ocrx_word' id='word_1_751' title='bbox 3486 3994 3680 4051; x_wconf 92' lang='lat' dir='ltr'>locum</span> 
     </span>
    </p>
   </div>
   <div class='ocr_carea' id='block_1_102' title="bbox 2040 4082 3681 4155">
    <p class='ocr_par' dir='ltr' id='par_1_102' title="bbox 2040 4082 3681 4155">
     <span class='ocr_line' id='line_1_102' title="bbox 2040 4082 3681 4155; baseline 0.001 -16"><span class='ocrx_word' id='word_1_752' title='bbox 2040 4084 2303 4149; x_wconf 90' lang='lat' dir='ltr'>mutavit,</span> <span class='ocrx_word' id='word_1_753' title='bbox 2338 4082 2435 4155; x_wconf 92' lang='lat' dir='ltr'>qui</span> <span class='ocrx_word' id='word_1_754' title='bbox 2473 4083 2526 4138; x_wconf 91' lang='lat' dir='ltr'>in</span> <span class='ocrx_word' id='word_1_755' title='bbox 2560 4087 2819 4155; x_wconf 85' lang='lat' dir='ltr'>tempore</span> <span class='ocrx_word' id='word_1_756' title='bbox 2850 4082 3131 4155; x_wconf 57' lang='lat' dir='ltr'>angustia</span> <span class='ocrx_word' id='word_1_757' title='bbox 3165 4083 3369 4140; x_wconf 89' lang='lat' dir='ltr'>multis</span> <span class='ocrx_word' id='word_1_758' title='bbox 3401 4085 3472 4139; x_wconf 92' lang='lat' dir='ltr'>ad</span> <span class='ocrx_word' id='word_1_759' title='bbox 3506 4084 3681 4140; x_wconf 87' lang='lat' dir='ltr'>vitam</span> 
     </span>
    </p>
   </div>
   <div class='ocr_carea' id='block_1_103' title="bbox 2038 4170 3681 4245">
    <p class='ocr_par' dir='ltr' id='par_1_103' title="bbox 2038 4170 3681 4245">
     <span class='ocr_line' id='line_1_103' title="bbox 2038 4170 3681 4245; baseline 0.001 -19"><span class='ocrx_word' id='word_1_760' title='bbox 2038 4171 2273 4245; x_wconf 87' lang='lat' dir='ltr'>profuit.</span> <span class='ocrx_word' id='word_1_761' title='bbox 2306 4171 2410 4237; x_wconf 88' lang='lat' dir='ltr'>Qui</span> <span class='ocrx_word' id='word_1_762' title='bbox 2448 4170 2715 4227; x_wconf 86' lang='lat' dir='ltr'>videlicet</span> <span class='ocrx_word' id='word_1_763' title='bbox 2759 4170 2846 4226; x_wconf 89' lang='lat' dir='ltr'>vir</span> <span class='ocrx_word' id='word_1_764' title='bbox 2875 4171 3065 4243; x_wconf 91' lang='lat' dir='ltr'>primo</span> <span class='ocrx_word' id='word_1_765' title='bbox 3121 4171 3283 4245; x_wconf 86' lang='lat' dir='ltr'>virga</span> <span class='ocrx_word' id='word_1_766' title='bbox 3345 4172 3681 4228; x_wconf 71' lang='lat' dir='ltr'>temtationis</span> 
     </span>
    </p>
   </div>
   <div class='ocr_carea' id='block_1_104' title="bbox 2037 4260 3677 4331">
    <p class='ocr_par' dir='ltr' id='par_1_104' title="bbox 2037 4260 3677 4331">
     <span class='ocr_line' id='line_1_104' title="bbox 2037 4260 3677 4331; baseline -0.002 -14"><span class='ocrx_word' id='word_1_767' title='bbox 2037 4261 2321 4328; x_wconf 86' lang='lat' dir='ltr'>eruditus,</span> <span class='ocrx_word' id='word_1_768' title='bbox 2354 4265 2410 4315; x_wconf 84' lang='lat' dir='ltr'>et</span> <span class='ocrx_word' id='word_1_769' title='bbox 2466 4260 2695 4316; x_wconf 86' lang='lat' dir='ltr'>camino</span> <span class='ocrx_word' id='word_1_770' title='bbox 2754 4260 3201 4316; x_wconf 85' lang='lat' dir='ltr'>tribulationum</span> <span class='ocrx_word' id='word_1_771' title='bbox 3233 4261 3302 4315; x_wconf 79' lang='lat' dir='ltr'>art</span> <span class='ocrx_word' id='word_1_772' title='bbox 3336 4277 3549 4331; x_wconf 88' lang='lat' dir='ltr'>purum</span> <span class='ocrx_word' id='word_1_773' title='bbox 3582 4277 3677 4315; x_wconf 82' lang='lat' dir='ltr'>ex-</span> 
     </span>
    </p>
   </div>
   <div class='ocr_carea' id='block_1_105' title="bbox 2039 4348 3683 4421">
    <p class='ocr_par' dir='ltr' id='par_1_105' title="bbox 2039 4348 3683 4421">
     <span class='ocr_line' id='line_1_105' title="bbox 2039 4348 3683 4421; baseline -0.003 -15"><span class='ocrx_word' id='word_1_774' title='bbox 2039 4354 2256 4419; x_wconf 90' lang='lat' dir='ltr'>coctus,</span> <span class='ocrx_word' id='word_1_775' title='bbox 2300 4350 2434 4406; x_wconf 90' lang='lat' dir='ltr'>inde</span> <span class='ocrx_word' id='word_1_776' title='bbox 2467 4349 2525 4404; x_wconf 92' lang='lat' dir='ltr'>in</span> <span class='ocrx_word' id='word_1_777' title='bbox 2557 4349 2863 4406; x_wconf 88' lang='lat' dir='ltr'>dominum</span> <span class='ocrx_word' id='word_1_778' title='bbox 2920 4348 3142 4421; x_wconf 70' lang='lat' dir='ltr'>Aigypti</span> <span class='ocrx_word' id='word_1_779' title='bbox 3200 4348 3467 4414; x_wconf 71' lang='lat' dir='ltr'>excrevit,</span> <span class='ocrx_word' id='word_1_780' title='bbox 3528 4349 3683 4402; x_wconf 90' lang='lat' dir='ltr'>unde</span> 
     </span>
    </p>
   </div>
   <div class='ocr_carea' id='block_1_106' title="bbox 1960 4434 3681 4526">
    <p class='ocr_par' dir='ltr' id='par_1_106' title="bbox 1960 4434 3681 4526">
     <span class='ocr_line' id='line_1_106' title="bbox 1960 4434 3681 4526; baseline -0.003 -31"><span class='ocrx_word' id='word_1_781' title='bbox 1960 4461 2007 4526; x_wconf 72' lang='grc' dir='ltr'><strong>Β</strong></span> <span class='ocrx_word' id='word_1_782' title='bbox 2038 4441 2276 4496; x_wconf 89' lang='lat' dir='ltr'>dorsum</span> <span class='ocrx_word' id='word_1_783' title='bbox 2310 4439 2603 4511; x_wconf 65' lang='lat' dir='ltr'>patientia:</span> <span class='ocrx_word' id='word_1_784' title='bbox 2628 4439 2737 4495; x_wconf 92' lang='lat' dir='ltr'>sub</span> <span class='ocrx_word' id='word_1_785' title='bbox 2753 4439 3030 4494; x_wconf 89' lang='lat' dir='ltr'>oneribus</span> <span class='ocrx_word' id='word_1_786' title='bbox 3053 4441 3324 4492; x_wconf 89' lang='lat' dir='ltr'>etmanus</span> <span class='ocrx_word' id='word_1_787' title='bbox 3341 4434 3681 4491; x_wconf 71' lang='lat' dir='ltr'>obedientiaa</span> 
     </span>
    </p>
   </div>
   <div class='ocr_carea' id='block_1_107' title="bbox 2040 4526 2950 4601">
    <p class='ocr_par' dir='ltr' id='par_1_107' title="bbox 2040 4526 2950 4601">
     <span class='ocr_line' id='line_1_107' title="bbox 2040 4526 2950 4601; baseline -0.005 -17"><span class='ocrx_word' id='word_1_788' title='bbox 2040 4529 2098 4584; x_wconf 92' lang='lat' dir='ltr'>in</span> <span class='ocrx_word' id='word_1_789' title='bbox 2131 4529 2381 4601; x_wconf 88' lang='lat' dir='ltr'>cophino</span> <span class='ocrx_word' id='word_1_790' title='bbox 2410 4527 2669 4584; x_wconf 87' lang='lat' dir='ltr'>servituti</span> <span class='ocrx_word' id='word_1_791' title='bbox 2702 4526 2950 4599; x_wconf 85' lang='lat' dir='ltr'>subegit.</span> 
     </span>
    </p>
   </div>
   <div class='ocr_carea' id='block_1_108' title="bbox 2112 4611 3683 4683">
    <p class='ocr_par' dir='ltr' id='par_1_108' title="bbox 2112 4611 3683 4683">
     <span class='ocr_line' id='line_1_108' title="bbox 2112 4611 3683 4683; baseline -0.003 -11"><span class='ocrx_word' id='word_1_792' title='bbox 2112 4618 2279 4674; x_wconf 83' lang='lat' dir='ltr'>XVII.</span> <span class='ocrx_word' id='word_1_793' title='bbox 2314 4618 2551 4673; x_wconf 85' lang='lat' dir='ltr'>Possem</span> <span class='ocrx_word' id='word_1_794' title='bbox 2604 4616 2912 4670; x_wconf 86' lang='lat' dir='ltr'>innumera</span> <span class='ocrx_word' id='word_1_795' title='bbox 2967 4611 3256 4683; x_wconf 83' lang='lat' dir='ltr'>ejusmodi</span> <span class='ocrx_word' id='word_1_796' title='bbox 3314 4611 3387 4666; x_wconf 93' lang='lat' dir='ltr'>ad</span> <span class='ocrx_word' id='word_1_797' title='bbox 3423 4611 3683 4668; x_wconf 90' lang='lat' dir='ltr'>medium</span> 
     </span>
    </p>
   </div>
   <div class='ocr_carea' id='block_1_109' title="bbox 2039 4700 3681 4777">
    <p class='ocr_par' dir='ltr' id='par_1_109' title="bbox 2039 4700 3681 4777">
     <span class='ocr_line' id='line_1_109' title="bbox 2039 4700 3681 4777; baseline -0.004 -13"><span class='ocrx_word' id='word_1_798' title='bbox 2039 4708 2344 4774; x_wconf 90' lang='lat' dir='ltr'>deducere,</span> <span class='ocrx_word' id='word_1_799' title='bbox 2367 4706 2481 4761; x_wconf 91' lang='lat' dir='ltr'>nisi</span> <span class='ocrx_word' id='word_1_800' title='bbox 2499 4704 2781 4777; x_wconf 88' lang='lat' dir='ltr'>castigato</span> <span class='ocrx_word' id='word_1_801' title='bbox 2803 4701 2905 4758; x_wconf 88' lang='lat' dir='ltr'>tibi</span> <span class='ocrx_word' id='word_1_802' title='bbox 2929 4702 3221 4757; x_wconf 85' lang='lat' dir='ltr'>crederem</span> <span class='ocrx_word' id='word_1_803' title='bbox 3246 4700 3363 4757; x_wconf 91' lang='lat' dir='ltr'>ista</span> <span class='ocrx_word' id='word_1_804' title='bbox 3394 4700 3681 4758; x_wconf 85' lang='lat' dir='ltr'>sufficere.</span> 
     </span>
    </p>
   </div>
   <div class='ocr_carea' id='block_1_110' title="bbox 2037 4789 3687 4871">
    <p class='ocr_par' dir='ltr' id='par_1_110' title="bbox 2037 4789 3687 4871">
     <span class='ocr_line' id='line_1_110' title="bbox 2037 4789 3687 4871; baseline -0.005 -17"><span class='ocrx_word' id='word_1_805' title='bbox 2037 4798 2138 4856; x_wconf 87' lang='lat' dir='ltr'>His</span> <span class='ocrx_word' id='word_1_806' title='bbox 2170 4813 2306 4871; x_wconf 91' lang='lat' dir='ltr'>ergo</span> <span class='ocrx_word' id='word_1_807' title='bbox 2338 4795 2535 4851; x_wconf 88' lang='lat' dir='ltr'>Flacco</span> <span class='ocrx_word' id='word_1_808' title='bbox 2569 4798 2631 4847; x_wconf 90' lang='lat' dir='ltr'>tu</span> <span class='ocrx_word' id='word_1_809' title='bbox 2662 4808 2795 4847; x_wconf 91' lang='lat' dir='ltr'>cum</span> <span class='ocrx_word' id='word_1_810' title='bbox 2845 4789 2987 4846; x_wconf 82' lang='lat' dir='ltr'>ccelo</span> <span class='ocrx_word' id='word_1_811' title='bbox 3014 4794 3071 4846; x_wconf 91' lang='lat' dir='ltr'>et</span> <span class='ocrx_word' id='word_1_812' title='bbox 3108 4790 3305 4847; x_wconf 90' lang='lat' dir='ltr'>animo</span> <span class='ocrx_word' id='word_1_813' title='bbox 3375 4807 3481 4847; x_wconf 86' lang='lat' dir='ltr'>suo</span> <span class='ocrx_word' id='word_1_814' title='bbox 3513 4792 3687 4847; x_wconf 87' lang='lat' dir='ltr'>casti-</span> 
     </span>
    </p>
   </div>
   <div class='ocr_carea' id='block_1_111' title="bbox 2037 4878 3687 4961">
    <p class='ocr_par' dir='ltr' id='par_1_111' title="bbox 2037 4878 3687 4961">
     <span class='ocr_line' id='line_1_111' title="bbox 2037 4878 3687 4961; baseline -0.004 -19"><span class='ocrx_word' id='word_1_815' title='bbox 2037 4885 2229 4961; x_wconf 88' lang='lat' dir='ltr'>gatius</span> <span class='ocrx_word' id='word_1_816' title='bbox 2261 4884 2339 4940; x_wconf 91' lang='lat' dir='ltr'>sit</span> <span class='ocrx_word' id='word_1_817' title='bbox 2370 4896 2736 4954; x_wconf 89' lang='lat' dir='ltr'>responsum,</span> <span class='ocrx_word' id='word_1_818' title='bbox 2766 4895 2939 4951; x_wconf 87' lang='lat' dir='ltr'>quam</span> <span class='ocrx_word' id='word_1_819' title='bbox 2986 4896 3048 4934; x_wconf 89' lang='lat' dir='ltr'>se</span> <span class='ocrx_word' id='word_1_820' title='bbox 3087 4880 3253 4952; x_wconf 91' lang='lat' dir='ltr'>copia</span> <span class='ocrx_word' id='word_1_821' title='bbox 3299 4878 3583 4953; x_wconf 86' lang='lat' dir='ltr'>suggerit,</span> <span class='ocrx_word' id='word_1_822' title='bbox 3618 4897 3687 4935; x_wconf 92' lang='lat' dir='ltr'>ne</span> 
     </span>
    </p>
   </div>
   <div class='ocr_carea' id='block_1_112' title="bbox 2037 4967 3691 5041">
    <p class='ocr_par' dir='ltr' id='par_1_112' title="bbox 2037 4967 3691 5041">
     <span class='ocr_line' id='line_1_112' title="bbox 2037 4967 3691 5041; baseline -0.006 -9"><span class='ocrx_word' id='word_1_823' title='bbox 2037 4978 2108 5032; x_wconf 92' lang='lat' dir='ltr'>de</span> <span class='ocrx_word' id='word_1_824' title='bbox 2121 4979 2324 5031; x_wconf 49' lang='lat' dir='ltr'>caetero</span> <span class='ocrx_word' id='word_1_825' title='bbox 2341 4971 2591 5041; x_wconf 89' lang='lat' dir='ltr'>alicujus</span> <span class='ocrx_word' id='word_1_826' title='bbox 2611 4967 2908 5041; x_wconf 67' lang='lat' dir='ltr'>propositu</span> <span class='ocrx_word' id='word_1_827' title='bbox 2920 4985 2972 5023; x_wconf 92' lang='lat' dir='ltr'>m</span> <span class='ocrx_word' id='word_1_828' title='bbox 2988 4973 3106 5024; x_wconf 86' lang='lat' dir='ltr'>tam</span> <span class='ocrx_word' id='word_1_829' title='bbox 3122 4968 3443 5041; x_wconf 83' lang='lat' dir='ltr'>improvide</span> <span class='ocrx_word' id='word_1_830' title='bbox 3465 4984 3691 5040; x_wconf 86' lang='lat' dir='ltr'>carpse-</span> 
     </span>
    </p>
   </div>
   <div class='ocr_carea' id='block_1_113' title="bbox 2041 5056 3688 5132">
    <p class='ocr_par' dir='ltr' id='par_1_113' title="bbox 2041 5056 3688 5132">
     <span class='ocr_line' id='line_1_113' title="bbox 2041 5056 3688 5132; baseline -0.006 -12"><span class='ocrx_word' id='word_1_831' title='bbox 2041 5066 2132 5120; x_wconf 89' lang='lat' dir='ltr'>rit.</span> <span class='ocrx_word' id='word_1_832' title='bbox 2167 5064 2380 5117; x_wconf 83' lang='lat' dir='ltr'>Excute</span> <span class='ocrx_word' id='word_1_833' title='bbox 2401 5076 2536 5132; x_wconf 89' lang='lat' dir='ltr'>ergo</span> <span class='ocrx_word' id='word_1_834' title='bbox 2551 5059 2620 5113; x_wconf 91' lang='lat' dir='ltr'>de</span> <span class='ocrx_word' id='word_1_835' title='bbox 2649 5056 2920 5113; x_wconf 87' lang='lat' dir='ltr'>manibus</span> <span class='ocrx_word' id='word_1_836' title='bbox 2950 5075 3084 5114; x_wconf 90' lang='lat' dir='ltr'>cum</span> <span class='ocrx_word' id='word_1_837' title='bbox 3116 5058 3258 5113; x_wconf 87' lang='lat' dir='ltr'>ccelo</span> <span class='ocrx_word' id='word_1_838' title='bbox 3289 5074 3395 5112; x_wconf 90' lang='lat' dir='ltr'>suo</span> <span class='ocrx_word' id='word_1_839' title='bbox 3418 5056 3688 5111; x_wconf 86' lang='lat' dir='ltr'>Flaccum</span> 
     </span>
    </p>
   </div>
   <div class='ocr_carea' id='block_1_114' title="bbox 2040 5143 3689 5221">
    <p class='ocr_par' dir='ltr' id='par_1_114' title="bbox 2040 5143 3689 5221">
     <span class='ocr_line' id='line_1_114' title="bbox 2040 5143 3689 5221; baseline -0.007 -13"><span class='ocrx_word' id='word_1_840' title='bbox 2040 5157 2231 5217; x_wconf 88' lang='lat' dir='ltr'>tuum,</span> <span class='ocrx_word' id='word_1_841' title='bbox 2264 5154 2321 5205; x_wconf 90' lang='lat' dir='ltr'>et</span> <span class='ocrx_word' id='word_1_842' title='bbox 2379 5146 2721 5221; x_wconf 90' lang='lat' dir='ltr'>psalterium</span> <span class='ocrx_word' id='word_1_843' title='bbox 2776 5146 2966 5219; x_wconf 90' lang='lat' dir='ltr'>arripe</span> <span class='ocrx_word' id='word_1_844' title='bbox 2998 5163 3217 5202; x_wconf 90' lang='lat' dir='ltr'>meum.</span> <span class='ocrx_word' id='word_1_845' title='bbox 3269 5144 3427 5211; x_wconf 89' lang='lat' dir='ltr'>Quod</span> <span class='ocrx_word' id='word_1_846' title='bbox 3463 5143 3511 5197; x_wconf 91' lang='lat' dir='ltr'>si</span> <span class='ocrx_word' id='word_1_847' title='bbox 3574 5159 3689 5198; x_wconf 90' lang='lat' dir='ltr'>non</span> 
     </span>
    </p>
   </div>
   <div class='ocr_carea' id='block_1_115' title="bbox 2037 5231 3690 5308">
    <p class='ocr_par' dir='ltr' id='par_1_115' title="bbox 2037 5231 3690 5308">
     <span class='ocr_line' id='line_1_115' title="bbox 2037 5231 3690 5308; baseline -0.005 -11"><span class='ocrx_word' id='word_1_848' title='bbox 2037 5241 2145 5308; x_wconf 90' lang='lat' dir='ltr'>vis,</span> <span class='ocrx_word' id='word_1_849' title='bbox 2178 5240 2304 5295; x_wconf 90' lang='lat' dir='ltr'>sine</span> <span class='ocrx_word' id='word_1_850' title='bbox 2362 5235 2525 5292; x_wconf 91' lang='lat' dir='ltr'>rivali</span> <span class='ocrx_word' id='word_1_851' title='bbox 2577 5234 2738 5291; x_wconf 87' lang='lat' dir='ltr'>solus</span> <span class='ocrx_word' id='word_1_852' title='bbox 2799 5252 2932 5290; x_wconf 89' lang='lat' dir='ltr'>ama</span> <span class='ocrx_word' id='word_1_853' title='bbox 2962 5240 3015 5290; x_wconf 88' lang='lat' dir='ltr'>et</span> <span class='ocrx_word' id='word_1_854' title='bbox 3075 5234 3225 5289; x_wconf 88' lang='lat' dir='ltr'>habe</span> <span class='ocrx_word' id='word_1_855' title='bbox 3282 5231 3497 5287; x_wconf 91' lang='lat' dir='ltr'>illum:</span> <span class='ocrx_word' id='word_1_856' title='bbox 3545 5231 3690 5289; x_wconf 88' lang='lat' dir='ltr'>satis</span> 
     </span>
    </p>
   </div>
   <div class='ocr_carea' id='block_1_116' title="bbox 2043 5321 3691 5400">
    <p class='ocr_par' dir='ltr' id='par_1_116' title="bbox 2043 5321 3691 5400">
     <span class='ocr_line' id='line_1_116' title="bbox 2043 5321 3691 5400; baseline -0.006 -14"><span class='ocrx_word' id='word_1_857' title='bbox 2043 5334 2235 5387; x_wconf 90' lang='lat' dir='ltr'>autem</span> <span class='ocrx_word' id='word_1_858' title='bbox 2252 5329 2543 5400; x_wconf 84' lang='lat' dir='ltr'>inexpugn</span> <span class='ocrx_word' id='word_1_859' title='bbox 2554 5324 2796 5379; x_wconf 90' lang='lat' dir='ltr'>abilium</span> <span class='ocrx_word' id='word_1_860' title='bbox 2815 5323 2943 5377; x_wconf 89' lang='lat' dir='ltr'>luce</span> <span class='ocrx_word' id='word_1_861' title='bbox 2960 5323 3252 5378; x_wconf 88' lang='lat' dir='ltr'>rationum</span> <span class='ocrx_word' id='word_1_862' title='bbox 3271 5321 3542 5394; x_wconf 90' lang='lat' dir='ltr'>superius</span> <span class='ocrx_word' id='word_1_863' title='bbox 3557 5338 3691 5394; x_wconf 91' lang='lat' dir='ltr'>pro-</span> 
     </span>
    </p>
   </div>
   <div class='ocr_carea' id='block_1_117' title="bbox 2042 5412 3689 5484">
    <p class='ocr_par' dir='ltr' id='par_1_117' title="bbox 2042 5412 3689 5484">
     <span class='ocr_line' id='line_1_117' title="bbox 2042 5412 3689 5484; baseline -0.007 -7"><span class='ocrx_word' id='word_1_864' title='bbox 2042 5423 2243 5477; x_wconf 89' lang='lat' dir='ltr'>batum</span> <span class='ocrx_word' id='word_1_865' title='bbox 2275 5418 2520 5473; x_wconf 90' lang='lat' dir='ltr'>videtur.</span> <span class='ocrx_word' id='word_1_866' title='bbox 2547 5417 2762 5470; x_wconf 54' lang='grc' dir='ltr'>Ταξίλον</span> <span class='ocrx_word' id='word_1_867' title='bbox 2801 5412 3098 5467; x_wconf 58' lang='grc' dir='ltr'>ςτῐνιωεοιιδ</span> <span class='ocrx_word' id='word_1_868' title='bbox 3141 5416 3279 5466; x_wconf 87' lang='lat' dir='ltr'>tuus</span> <span class='ocrx_word' id='word_1_869' title='bbox 3310 5415 3512 5479; x_wconf 89' lang='lat' dir='ltr'>taceat,</span> <span class='ocrx_word' id='word_1_870' title='bbox 3548 5412 3689 5484; x_wconf 89' lang='lat' dir='ltr'>quin</span> 
     </span>
    </p>
   </div>
   <div class='ocr_carea' id='block_1_118' title="bbox 2044 5501 3693 5576">
    <p class='ocr_par' dir='ltr' id='par_1_118' title="bbox 2044 5501 3693 5576">
     <span class='ocr_line' id='line_1_118' title="bbox 2044 5501 3693 5576; baseline -0.008 -10"><span class='ocrx_word' id='word_1_871' title='bbox 2044 5511 2189 5566; x_wconf 87' lang='lat' dir='ltr'>bene</span> <span class='ocrx_word' id='word_1_872' title='bbox 2247 5505 2475 5563; x_wconf 91' lang='lat' dir='ltr'>vivendi</span> <span class='ocrx_word' id='word_1_873' title='bbox 2535 5504 2696 5561; x_wconf 90' lang='lat' dir='ltr'>locus</span> <span class='ocrx_word' id='word_1_874' title='bbox 2750 5507 2855 5569; x_wconf 87' lang='lat' dir='ltr'>est,</span> <span class='ocrx_word' id='word_1_875' title='bbox 2914 5501 3250 5576; x_wconf 87' lang='lat' dir='ltr'>ubicunque</span> <span class='ocrx_word' id='word_1_876' title='bbox 3305 5501 3410 5570; x_wconf 84' lang='lat' dir='ltr'>sis,</span> <span class='ocrx_word' id='word_1_877' title='bbox 3443 5505 3496 5557; x_wconf 89' lang='lat' dir='ltr'>et</span> <span class='ocrx_word' id='word_1_878' title='bbox 3530 5501 3579 5555; x_wconf 90' lang='lat' dir='ltr'>si</span> <span class='ocrx_word' id='word_1_879' title='bbox 3637 5504 3693 5554; x_wconf 90' lang='lat' dir='ltr'>te</span> 
     </span>
    </p>
   </div>
  </div>
