4090 6176
464 292 582 356 895

1667 280 2087 344 GOZECHINI
2133 279 2662 351 SGHOLASTICI.
3682 299 3772 368 890

463 433 698 489 animus
756 447 870 487 non
921 427 1148 496 deficit,
1199 440 1388 497 equus
1447 424 1536 478 est
1587 418 1764 476 etiam
1822 417 2096 475 salubris.
2130 416 2187 485 Α
2215 422 2518 481 sudavisse
2544 427 2603 482 et
2629 423 3780 502 Augustinum,Ambrosium,Athanagium

535 524 726 582 XVIII.
759 524 831 577 At
860 515 1284 585 attamenvlicet
1313 510 1577 585 vagando
1608 515 1665 566 et
1682 509 1939 564 vacando
1959 508 2107 563 bene

461 612 688 669 vivendi
720 626 976 684 qumrere
1006 608 1221 675 locum,
1254 621 1283 659 e
1338 599 1588 658 sacrario
1644 599 1977 671 sapientum
2017 598 2103 653 vi-

462 719 631 776 peras
664 699 1105 772 ecccphalorum
1139 693 1400 749 eliminet
1438 688 1642 762 regula
1688 688 1971 756 rationis;
2019 690 2106 742 ta-

463 811 596 848 men
629 788 929 864 permagni
964 784 1365 848 rcfcrtviderc,
1390 780 1746 852 quibuscum
1765 777 2102 834 diverseris.

463 882 584 938 Non
618 878 942 935 recordaris
981 874 1121 947 quid
1170 870 1460 928 laboranti
1521 867 1813 941 propheta:
1840 866 2103 922 divinum

463 972 618 1026 dicat
673 965 1011 1024 oraculum!
1064 965 1198 1032 Fili,
1256 960 1472 1033 inquit,
1536 960 1789 1027 hominis,
1833 955 2107 1011 increduli

459 1068 510 1114 et
535 1074 870 1130 perversores
897 1063 1026 1111 sunt
1083 1058 1259 1109 locum
1305 1056 1354 1105 el
1407 1066 1531 1106 cum
1589 1047 1963 1119 scorpionibus
2002 1046 2104 1100 h1-

461 1150 614 1204 bilas.
649 1148 799 1202 Num
834 1152 887 1201 te
904 1144 1160 1218 praeterit
1180 1140 1437 1214 genuina
1459 1137 1834 1210 scorpionum
1855 1134 2100 1201 malitia,

460 1240 558 1311 qui
592 1255 709 1293 non
740 1237 911 1292 dente
944 1234 1232 1298 mordent,
1269 1248 1382 1285 non
1414 1229 1617 1300 lingua
1647 1225 1935 1292 inliciunt,
1987 1240 2100 1278 non

458 1346 556 1384 ore
585 1320 965 1391 venenantur,
1018 1323 1115 1377 sed
1178 1324 1403 1376 tantum
1465 1321 1676 1372 nocent
1735 1314 1949 1370 cauda!
1983 1317 2103 1369 Hos

458 1421 673 1493 quippe
704 1417 1039 1495 scorpiones
1069 1412 1307 1468 notabat
1334 1408 1647 1466 Psalmista
1677 1423 1810 1462 cum
1842 1404 2098 1461 dicebat:

457 1511 839 1566 Detrahentem
874 1508 1074 1562 secreto
1106 1505 1354 1576 proximo
1401 1517 1519 1568 suo,
1553 1500 1696 1554 hunc
1721 1496 2097 1569 persequebar.

464 1601 602 1657 [tem
627 1616 640 1655 :
677 1600 782 1667 Qui
813 1600 1108 1669 loquuntur
1130 1610 1321 1667 pacem
1347 1608 1470 1648 eum
1495 1591 1770 1662 proximo,
1793 1591 1927 1654 etc.,
1953 1602 2100 1657 quos

457 1692 745 1762 quantum
776 1687 902 1759 ipse
930 1699 1247 1755 omnesque
1292 1680 1474 1737 sancti
1521 1678 1627 1733 viri
1677 1693 1907 1748 semper
1937 1691 2097 1731 exse-

2218 512 2678 588 innumerosque
2704 520 2854 572 notas
2868 515 3076 573 frontis
3088 517 3307 588 Patres,
3321 522 3610 579 etexterius
3623 531 3783 584 contra

2217 604 2510 676 apostolos
2523 611 2579 661 et
2608 604 2933 679 discipulos
2963 606 3214 676 Satanae,
3261 613 3316 664 et
3369 610 3593 668 interius
3619 621 3784 673 contra

2216 693 2545 765 spiritualia
2575 694 2848 766 nequitiae
2880 712 3072 768 usque
3096 699 3168 753 ad
3185 697 3428 754 victoria:
3440 716 3684 758 coronam
3697 705 3785 760 for-

2216 783 2350 839 titer
2377 783 2708 840 dimicasse.
2750 786 3053 842 Assentior
3091 786 3349 859 quidem,
3381 787 3558 857 frater,
3578 790 3659 846 his
3685 809 3783 864 qua:

2212 875 2339 929 tum
2370 890 2521 940 vere,
2552 878 2680 930 tum
2714 875 2944 931 curiose
2991 876 3433 949 argumentaris.
3471 877 3599 934 Mihi
3623 883 3783 937 tamen

2214 979 2331 1018 non
2362 964 2505 1019 satis
2537 966 2690 1021 recte
2718 980 2953 1021 omnem
2984 964 3297 1021 electorum
3321 965 3677 1023 Ecclesiamin
3696 969 3782 1025 hoc

2213 1068 2420 1125 pugna:
2452 1053 2648 1110 studio
2678 1053 3023 1110 concludere
3053 1054 3286 1111 videris.
3319 1055 3458 1111 Nam
3485 1061 3539 1111 et
3565 1056 3629 1112 de
3655 1057 3785 1114 fastis

2212 1148 2268 1197 et
2288 1142 2726 1211 chronicis,imo
2748 1142 2885 1219 side
2906 1142 3257 1200 authenticis
3279 1143 3668 1216 scripturarum
3687 1164 3784 1202 mo-

2215 1232 2494 1289 nimentis
2525 1234 2640 1289 Deo
2672 1232 3059 1289 militantium
3092 1231 3332 1305 colligas
3387 1232 3625 1301 annales,
3663 1240 3785 1291 certe

2211 1324 2331 1376 tam
2363 1322 2719 1390 theoreticis,
2751 1339 2930 1394 quam
2959 1321 3250 1393 practicis,
3273 1322 3380 1378 hoc
3399 1328 3481 1379 est
3499 1327 3605 1378 tam
3625 1324 3786 1380 otiosis

2213 1428 2388 1483 quam
2425 1411 2741 1485 negotiosis
2771 1411 3111 1480 virtutibus,
3139 1428 3239 1468 eos
3257 1413 3368 1468 Deo
3390 1410 3650 1484 placuisse
3668 1413 3789 1468 inve-

2211 1500 2358 1558 nies.
2392 1502 2461 1557 Et
2487 1505 2551 1557 ut
2578 1518 2765 1575 pauca
2794 1502 2866 1558 de
2893 1500 2988 1557 his
3020 1501 3080 1557 in
3103 1504 3509 1574 argumentum
3530 1500 3650 1556 ﬁdei
3666 1518 3789 1557 com-

2208 1590 2420 1661 pendio
2477 1591 2889 1664 perstringam,
2949 1590 3261 1647 considera
3317 1589 3420 1646 sub
3470 1590 3654 1645 umbra
3673 1589 3789 1662 legis

2205 1680 2406 1747 Josue,
2439 1680 2692 1749 Gedeon,
2725 1680 2929 1749 David,
2963 1684 3020 1736 et
3051 1695 3337 1735 coronam
3357 1678 3790 1747 Machabaiorum;

455 1778 600 1834 crati
633 1777 752 1833 sint
782 1775 1084 1832 subdendo
1115 1772 1336 1845 aperit:
1365 1772 1439 1825 Da
1470 1770 1587 1824 illis
1614 1765 1907 1823 secundum
1936 1780 2098 1836 opera
2128 1792 2177 1857 B
2208 1768 2345 1825 dein
2377 1770 2634 1843 Moysen,
2670 1774 2727 1825 et
2750 1772 2964 1838 Aaron,
2999 1768 3209 1837 Eliam,
3248 1772 3307 1825 et
3331 1768 3602 1837 Elisaeum,
3626 1772 3671 1823 et
3687 1785 3791 1839 pro-

456 1870 721 1941 ipsorum,
754 1868 811 1922 et
839 1869 1045 1920 caetera
1073 1879 1200 1935 quae
1231 1863 1576 1932 sequuntur.

527 1957 670 2012 XIX.
707 1956 847 2010 Ecce
877 1955 1089 2010 iterum
1123 1967 1216 2006 me
1264 1948 1642 2023 pervivaciter
1688 1960 1961 2019 premens
1991 1943 2099 1999 ad-

447 2046 620 2119 jicis:
654 2042 1071 2114 Numquidnam
1104 2040 1292 2096 eidem
1339 2036 1639 2109 Propheta:
1672 2033 1915 2089 mandat
1944 2032 2097 2087 idem

452 2133 777 2200 oraculum,
808 2131 1001 2187 locum
1033 2128 1121 2184 vel
1150 2127 1413 2182 animum
1459 2123 1733 2196 fugiendo
1767 2126 1994 2178 mutare
2041 2125 2100 2176 at

450 2241 568 2281 non
601 2222 796 2294 potius
828 2220 898 2275 ad
919 2216 1294 2289 corrigendos
1313 2228 1675 2286 perversores
1697 2215 1754 2267 et
1775 2226 2097 2267 evenenan-

452 2313 557 2367 dos
572 2308 925 2381 scorpiones,
945 2305 1119 2361 etiam
1136 2320 1321 2375 usque
1336 2303 1405 2358 ad
1420 2301 1767 2373 sanguinem
1787 2299 2056 2355 resistere
2071 2298 2099 2354 ?

451 2401 653 2456 Nonne
691 2397 845 2452 idem
878 2393 1163 2466 Propheta
1190 2390 1441 2458 vincula,
1476 2390 1714 2457 famem,
1748 2387 1943 2443 lacum
1983 2405 2096 2442 cus-

451 2505 662 2547 nosum
712 2483 971 2558 pertulit,
1006 2489 1326 2552 caateraque
1358 2480 1414 2535 id
1446 2495 1631 2553 genus
1674 2477 1863 2551 plura,
1895 2493 2025 2549 quae
2065 2494 2099 2531 a

450 2576 735 2651 principio
776 2590 1008 2645 semper
1036 2571 1151 2644 piis
1172 2568 1622 2643 malignantium
1649 2566 1993 2639 perversitas
2015 2566 2097 2620 in-

448 2665 630 2722 tulit?
662 2663 892 2735 Utique,
920 2662 1118 2728 frater,
1153 2659 1236 2715 ita
1265 2662 1390 2714 est:
1425 2661 1483 2713 et
1510 2661 1707 2712 tamen
1764 2673 1881 2711 non
1922 2655 2095 2711 modo

448 2754 809 2820 hominibus,
843 2751 941 2808 sed
976 2750 1152 2806 etiam
1186 2746 1323 2804 viris
1354 2764 1536 2819 supra
1564 2746 1715 2803 vires
1745 2750 1835 2802 est
1866 2760 2099 2817 semper

448 2846 507 2900 in
538 2842 836 2916 procinctu
856 2857 1003 2905 esse,
1026 2853 1330 2909 nunquam
1367 2836 1632 2893 animum
1651 2836 1720 2890 ad
1739 2834 1944 2889 divina:
1964 2850 2097 2890 con-

446 2930 845 3004 templationis
867 2927 1235 2984 dulcedinem
1270 2925 1562 2981 remittere
1588 2941 1601 2979 :
1627 2924 1851 2997 jugiter
1879 2923 2099 2979 tumul-

394 3055 402 3063 -
446 3021 633 3079 tuosis
664 3019 987 3077 assultibus
1018 3014 1279 3089 percelli,
1310 3031 1615 3087 nunquam
1639 3012 1879 3069 internae
1906 3011 2098 3068 dulce-

446 3111 601 3169 dinis
631 3109 827 3183 quiete
858 3106 1054 3164 foveri.
1088 3106 1255 3161 Nunc
1284 3104 1496 3160 iterum
1526 3102 1751 3175 antiqui
1786 3100 1945 3157 illius
1967 3103 2092 3158 Mu-

2213 1858 2815 1931 phetarum'chorum.
2846 1859 2931 1914 Ad
2952 1874 3256 1914 summam
3288 1861 3421 1914 nota
3442 1858 3577 1929 quod
3609 1855 3785 1914 Paulus

2208 1948 2280 2003 de
2308 1947 2519 2004 iisdem
2551 1946 2810 2021 antiquis
2837 1946 3106 2004 Patribus
3135 1947 3297 2003 dicat
3330 1965 3344 2003 :
3401 1946 3577 2013 Sancti,
3604 1944 3777 2016 inquit,

2202 2052 2307 2109 per
2332 2038 2494 2107 ﬁdem
2523 2039 2773 2093 vicerunt
2799 2052 2988 2109 regna,
3016 2041 3075 2092 et
3105 2040 3320 2093 caetera
3349 2052 3466 2108 quas
3505 2037 3781 2106 sequuntur

2209 2143 2397 2199 usque
2424 2128 2759 2183 circuierunt
2788 2128 2849 2181 in
2875 2125 3130 2194 meliotis,
3163 2130 3213 2181 et
3252 2127 3314 2181 in
3339 2123 3678 2181 solitudinibus
3710 2137 3785 2176 er—

2208 2222 2438 2278 rantes;
2465 2220 2521 2272 et
2543 2216 2781 2271 tandem
2813 2215 3090 2271 omnibus
3148 2214 3506 2271 enumeratis
3542 2209 3790 2268 concludit

2206 2305 2406 2361 dicens
2431 2321 2443 2360 :
2476 2306 2541 2360 Et
2564 2305 2625 2360 hi
2652 2320 2836 2361 omnes
2866 2305 3172 2360 testimonio
3233 2304 3363 2374 ﬁdei
3400 2302 3599 2375 probati
3622 2300 3789 2356 intenti

2205 2398 2352 2448 sunt.
2386 2393 2489 2449 His
2509 2398 2568 2449 et
2583 2391 2948 2464 hujusmodi,
2974 2391 3425 2465 sidilligentiam
3439 2386 3793 2447 consideratio-

2208 2481 2300 2537 nis
2322 2481 2622 2550 adhibeas,
2644 2481 2870 2538 videbis
2888 2485 3042 2537 certe
3056 2480 3424 2553 patriarchas
3437 2479 3650 2553 quidem
3661 2492 3794 2549 prae-

2204 2571 2316 2627 tice
2333 2570 2584 2644 negotiis
2604 2570 3038 2628 instantissime
3056 2573 3377 2642 occupatos
3394 2587 3407 2639 ;
3426 2566 3703 2641 prophetas
3716 2578 3795 2619 ve-

2206 2677 2269 2716 ro
2294 2659 2751 2733 contemplativa:
2782 2659 2967 2732 quieti
2984 2675 3191 2716 serena
3210 2663 3411 2715 mente
3430 2658 3657 2713 feriatos.
3675 2657 3794 2720 Quo-

2206 2750 2380 2806 modo
2411 2748 2568 2806 enim
2597 2748 2787 2817 aliter,
2818 2749 2909 2806 vel
2938 2749 3036 2805 isti
3067 2747 3325 2806 salutem
3354 2747 3535 2821 gentis
3562 2761 3664 2801 suis
3685 2740 3793 2799 forti

2205 2856 2385 2895 manu
2417 2842 2872 2912 propugnarent,
2911 2836 3001 2893 vel
3044 2836 3126 2892 illi
3177 2854 3389 2894 sereno
3437 2834 3633 2891 mentis
3659 2829 3793 2888 oculo

2204 2937 2404 2994 beatas
2454 2936 2709 2994 visiones
2753 2937 3064 2993 viderent?
3108 2939 3228 2993 Nec
3277 2935 3396 2991 haec
3440 2935 3579 3001 dico,
3606 2929 3724 3004 quin
3746 2927 3791 2982 in

2206 3032 2452 3099 utroque
2489 3026 2708 3083 ordone
2725 3025 2942 3081 fuerint
2960 3023 3157 3097 plures
3184 3025 3495 3097 utriusque
3514 3017 3758 3095 prepositi
3782 3033 3793 3071 :

2205 3117 2307 3173 sed
2336 3117 2459 3172 haec
2490 3120 2686 3172 tamen
2709 3112 3062 3171 adscribitur
3081 3113 3378 3186 generalis
3402 3111 3658 3168 distincto
3675 3103 3797 3162 utri-

450 3161 599 3169 _-----
636 3161 819 3183 γη--
859 3161 902 3164 ν-
929 3161 934 3162 γ
959 3161 973 3163 -
1667 3161 1686 3175 ,
2205 3161 2307 3173 νη
2336 3161 2458 3172 mw
2495 3161 2686 3172 mm“
2710 3161 3052 3171 ____________
3123 3161 3377 3170 __'_____
3406 3161 3652 3168 _______"
3688 3161 3692 3162 ν

447 3200 598 3258 sonii
633 3199 804 3267 dicto,
838 3196 995 3253 velut
1022 3194 1220 3251 hostili
1253 3192 1501 3249 armaris
1529 3191 1643 3247 telo
1685 3192 1923 3247 dicens:
1955 3191 2089 3246 Ani-
2119 3161 2163 3230 α
2202 3161 3798 3278 quem-dini.TransaotaauwmafeterisTestamenﬁnoc.

447 3306 611 3346 mum
645 3288 963 3352 remittere,
994 3283 1261 3339 amittere
1290 3286 1415 3349 est;
1461 3286 1516 3336 et
1568 3279 1897 3337 Christiano
1927 3279 2088 3337 theo-

446 3379 561 3453 logi
588 3376 771 3432 nostri
805 3372 1054 3429 muniris
1083 3371 1278 3444 clypeo
1306 3388 1318 3425 :

508 3514 790 3574 Nunquam
814 3502 954 3557 bella
980 3504 1151 3564 bonis,
1176 3515 1450 3566 nunquam
1473 3502 1790 3553 descrimina
1812 3504 2024 3554 desunt.

445 3651 533 3706 Ad
557 3649 678 3704 haec
699 3661 803 3718 ego
832 3661 844 3699 :
869 3640 1173 3706 Animum,
1197 3637 1463 3710 inquam,
1484 3638 1543 3694 in
1566 3638 1805 3698 delicias
1824 3642 2085 3716 volupta-

444 3746 650 3812 tesque
681 3733 984 3798 resolvere,
1019 3734 1076 3786 et
1105 3727 1455 3802 posthabitis
1484 3728 1557 3784 iis
1587 3746 1714 3801 quae
1736 3732 1807 3787 ad
1833 3732 2085 3791 salutem

445 3811 654 3887 animae
680 3826 997 3898 operantur
1024 3824 1081 3876 et
1103 3823 1439 3891 protegunt,
1461 3811 1521 3873 in
1546 3821 1775 3877 terrena
1796 3823 2089 3880 desideria

445 3918 763 3984 remittere,
790 3928 920 3968 vere
951 3909 1220 3965 amittere
1250 3912 1355 3965 est.
1388 3907 1603 3964 Verum
1633 3910 1867 3968 animus
1915 3931 1949 3969 a
1977 3931 2085 3971 saa-

446 4005 733 4063 cularium
763 3999 1042 4063 tumultu,
1064 4002 1351 4069 quantum
1371 3997 1595 4053 homini
1611 4006 1795 4070 vacat,
1820 4003 2084 4074 feriatus,

447 4094 495 4149 si
512 4093 699 4148 nubes
711 4103 983 4144 curarum
995 4129 1008 4152 ,
1024 4086 1072 4141 si
1088 4091 1288 4142 ventos
1302 4087 1638 4160 imbresque
1652 4091 2083 4152 detrahentium

446 4182 807 4254 linguarum,
830 4177 879 4232 si
902 4179 1276 4247 tempestates
1297 4180 1355 4231 et
1375 4178 1639 4234 turbines
1661 4180 1942 4239 falsorum
1970 4186 2085 4243 fra-

446 4277 603 4326 trum
637 4269 694 4324 in
726 4266 911 4323 altum
943 4281 1006 4321 se
1038 4262 1305 4319 attollens
1336 4268 1728 4336 transcendat,
1762 4275 1814 4326 et
1839 4273 2084 4330 adistri-

446 4363 537 4417 cto
564 4358 752 4432 rigore
783 4354 1077 4411 millitaris
1106 4351 1428 4423 disciplinae
1480 4354 1783 4424 remissus,
1834 4360 1893 4415 in
1922 4361 2085 4420 illam

445 4446 905 4524 placidissimam
934 4448 987 4501 et
1018 4440 1446 4499 lucidissimam
1473 4442 1680 4499 divinae
1727 4452 2084 4524 contempla-

2199 3299 2274 3363 te,
2290 3294 2348 3349 in
2364 3294 2536 3365 cujus
2548 3293 2917 3349 ﬁrmamento
2930 3291 3243 3349 memorati
3257 3292 3453 3349 Patres
3465 3288 3610 3345 velut
3630 3283 3795 3342 claris-

2200 3380 3185 3448 simzslucebantstellw,nbiilluxit
3203 3382 3338 3438 dies
3367 3396 3539 3454 quam
3568 3376 3688 3433 fecit
3711 3375 3799 3431 Do-

2200 3471 2416 3541 minus,
2433 3474 2665 3528 etortus
2677 3474 2767 3527 est
2787 3470 2885 3527 Sol
2909 3470 3154 3542 justitits
3181 3471 3463 3527 Christus
3489 3469 3666 3531 Jesus,
3693 3462 3802 3518 vide

2198 3561 2327 3634 Barj
2335 3577 2510 3617 onam
2522 3564 2781 3630 Petrum,
2797 3563 2855 3616 et
2864 3576 2966 3617 vas
2977 3558 3284 3616 electionis
3298 3558 3543 3616 Paulum
3562 3568 3728 3627 usque
3743 3549 3803 3607 ad

2199 3649 2459 3723 martyrii
2475 3665 2748 3706 coronam
2766 3649 2827 3704 in
2850 3648 2971 3705 acie
2997 3648 3330 3721 perstitisse
3355 3666 3369 3705 :
3400 3652 3669 3703 Joannem
3693 3655 3800 3697 vero

2197 3739 2472 3813 angelicas
2492 3737 2842 3812 virginitatis
2854 3736 3212 3810 theologum,
3242 3744 3303 3794 et
3320 3739 3534 3794 Lucam
3551 3726 3802 3804 Evangelii

2197 3844 2564 3897 conservum,
2600 3826 3052 3900 quorumjaliter
3106 3827 3303 3898 primo
3362 3829 3562 3883 contra
3588 3819 3799 3878 bestiam

2195 3919 2592 3976 Domitianum
2603 3915 2864 3989 aliosque
2876 3914 3073 3972 antich
3080 3915 3261 3973 ristos
3273 3914 3502 3973 fortiter
3511 3905 3802 3970 decertant:

2196 4008 2329 4066 dein
2357 4023 2492 4065 vero
2521 4005 2726 4079 sopitis
2771 4005 3108 4062 earumdem
3163 4005 3492 4062 bestiarum
3522 3997 3798 4059 furoribus,

2196 4097 2500 4171 theologia:
2537 4095 2654 4151 otio
2681 4110 2915 4161 vacans,
2948 4098 3007 4150 et
3035 4094 3093 4149 in
3125 4093 3258 4166 ipso
3280 4090 3600 4150 divinitatis
3625 4099 3803 4144 arcano

2196 4185 2488 4259 Evangelii
2505 4184 2798 4242 calamum
2811 4183 3062 4257 tingens.
3084 4183 3144 4239 in
3159 4200 3305 4256 pace
3317 4179 3636 4240 consenuit.
3650 4177 3804 4233 Lucas

2197 4282 2393 4333 autem
2450 4291 2584 4331 cum
2642 4273 3021 4347 peripatetica
3052 4272 3231 4329 Paulo
3264 4272 3521 4345 aliisque
3548 4259 3807 4337 Evangelii

2196 4364 2529 4430 veredariis,
2551 4363 2741 4436 primo
2768 4362 3230 4434 circumquaque
3253 4359 3600 4419 desudavit:
3624 4354 3739 4410 dein
3759 4350 3807 4404 in

2198 4452 2500 4527 theologia
2531 4452 2716 4509 otium
2749 4468 2811 4508 se
2835 4451 3161 4519 conferens,
3187 4455 3248 4507 et
3296 4465 3527 4507 sacram
3562 4436 3811 4502 incarnati

446 4539 622 4595 tionis
653 4536 907 4608 quietem
967 4551 1029 4590 se
1084 4537 1271 4588 totum
1329 4530 1608 4589 resolvat:
1670 4534 1751 4591 ita
1805 4555 1936 4596 vere
1966 4558 2083 4599 non
2115 4539 2164 4603 D
2191 4543 2364 4600 Verbi
2395 4539 2702 4598 historiam
2729 4544 2951 4609 texens,
2984 4540 3153 4596 beato
3180 4541 3301 4597 ﬁne
3348 4540 3410 4595 in
3454 4553 3594 4611 pace
3627 4530 3809 4589 obdor-

445 4627 754 4691 amittitur,
775 4626 871 4682 sed
897 4624 1090 4696 potius
1103 4620 1503 4689 retinetur,vel
1519 4622 1694 4694 (quod
1712 4626 2083 4697 potissimum

446 4719 554 4785 est)
578 4723 719 4772 tunc
742 4716 981 4771 demum
1005 4713 1193 4769 vivere
1213 4711 1461 4767 videtur.
1486 4710 1648 4776 Quod
1671 4719 1866 4773 autem
1888 4722 2088 4776 noster

445 4805 527 4860 ait
554 4803 905 4875 Theologus,
926 4818 1158 4872 semper
1173 4800 1503 4857 Christiano
1520 4818 1650 4858 esse
1674 4807 2082 4879 pugnandum,

446 4892 590 4949 nihil
616 4891 770 4946 unde
786 4890 872 4946 vel
890 4891 1081 4945 ausim
1102 4889 1411 4961 velqueam
1431 4890 1865 4964 difﬁngere,sed
1888 4900 2086 4955 tamen

444 4982 603 5040 salva
632 4979 862 5035 virtutis
885 4979 1212 5033 constantia
1229 4978 1620 5053 liceatdicere,
1637 4980 1781 5037 satis
1793 4998 1858 5038 su
1870 5000 2087 5055 perque

441 5089 569 5130 esse
598 5070 837 5134 laboris,
871 5070 917 5121 si
950 5087 983 5123 a
1016 5068 1156 5123 luris
1188 5068 1243 5121 iu
1272 5067 1436 5123 falsis
1506 5069 1790 5125 fratribus
1848 5072 2001 5128 bella
2030 5080 2087 5130 et

443 5159 759 5219 seditiones
789 5161 1038 5224 cessent,
1060 5156 1304 5213 interius
1322 5174 1453 5213 vero
1470 5158 1656 5215 nostri
1675 5164 1919 5216 conatus
1936 5161 2084 5220 vires

442 5256 645 5306 contra
674 5247 899 5320 antiqui
931 5247 1117 5304 hostis
1149 5251 1510 5303 tentamenta
1536 5249 1853 5319 decertant,
1902 5251 2084 5310 donec

442 5337 535 5392 his
566 5344 860 5392 armatura
888 5337 985 5393 Dei
1018 5336 1309 5408 superatis
1335 5341 1392 5393 et
1420 5338 1787 5410 expugnatis,
1831 5340 2084 5400 donante

443 5424 670 5478 Christo
703 5426 1059 5497 accipiamus
1090 5426 1345 5497 quietem
1377 5425 1538 5497 pacis
1568 5431 1877 5499 perpetuas.

514 5511 627 5566 ΧΧ.
658 5512 860 5568 Adhuc
892 5514 1246 5586 pervicacius
1300 5530 1477 5586 agens
1535 5515 1702 5585 dicis,
1763 5534 1995 5593 semper
2020 5521 2082 5579 in

442 5599 781 5661 Christiana:
796 5600 1015 5661 militiae
1030 5604 1233 5663 castris
1247 5607 1564 5676 utrumque
1579 5608 1877 5680 pugnandi
1894 5625 2081 5682 genus

2196 4631 2378 4688 mivit.
2412 4631 2558 4687 Vide
2587 4629 2798 4686 dehinc
2827 4645 2976 4701 quos
3020 4645 3344 4701 memoras,
3401 4622 3745 4701 Augustines
3767 4618 3815 4672 et

2194 4720 2556 4789 Ambrosias,
2588 4722 2667 4775 ut
2682 4734 2815 4775 vere
2833 4716 3048 4775 asseris
3067 4723 3329 4790 utroque
3350 4711 3648 4790 pugnandi
3665 4705 3811 4765 modo

2196 4810 2256 4866 in
2287 4809 2409 4866 acie
2428 4808 2672 4865 feliciter
2691 4807 3038 4880 perstitisse.
3064 4808 3106 4863 E
3133 4808 3371 4864 diverso
3393 4810 3590 4862 autem
3611 4793 3813 4859 attende

2195 4897 2405 4955 Paulos
2425 4902 2483 4954 et
2509 4897 2798 4953 Antonios
2828 4894 3091 4968 aliosque
3112 4896 3464 4952 innumeros
3483 4886 3687 4950 Christi
3705 4899 3815 4941 cru-

2195 4988 2396 5044 ciﬁxos
2424 5003 2569 5059 pene
2596 4985 2671 5042 ab
2700 4984 2969 5042 exteriori
3027 4985 3260 5040 turbine
3320 4983 3537 5041 vixisse
3563 4976 3773 5037 feriatos
3798 4986 3811 5037 ;

2195 5083 2369 5150 atque
2399 5075 2575 5133 etiam
2608 5076 2737 5147 ipsa
2765 5074 3061 5131 interioris
3081 5091 3293 5148 pugna:
3318 5071 3656 5135 certamina,
3676 5063 3818 5133 adju-

2191 5172 2363 5223 vante
2392 5164 2583 5239 gratia
2609 5163 2846 5236 Christi,
2879 5166 3012 5236 post
3051 5168 3288 5237 tergum
3339 5159 3598 5227 misisse,
3640 5159 3693 5211 et
3706 5154 3813 5224 jam

2194 5256 2363 5329 quasi
2411 5256 2473 5310 in
2529 5253 2863 5310 ccslestibus
2912 5254 2966 5311 ei
3022 5267 3389 5325 conregnare
3446 5249 3548 5323 qui
3576 5241 3810 5303 dicebat:

2191 5346 2386 5401 Nostra
2413 5343 2752 5400 conversatio
2771 5343 2834 5398 in
2861 5342 3009 5398 caelis
3039 5345 3135 5398 est.

2263 5433 2402 5490 XXI.
2422 5433 2538 5490 Nec
2556 5432 2749 5491 solum
2767 5430 3024 5505 theologi
3035 5428 3389 5503 evangelicae
3410 5427 3560 5485 lucis
3584 5412 3817 5480 irradiati

2192 5522 2474 5590 claritate,
2507 5536 2711 5578 verum
2769 5525 2830 5578 et
2883 5520 3110 5594 priores
3166 5516 3510 5592 philosophi
3560 5516 3615 5570 et
3637 5510 3814 5566 heroes

2192 5610 2617 5686 quamplurimi
2646 5607 2966 5684 gentilibus
2997 5607 3254 5668 obvoluti
3275 5606 3558 5670 tenebris,
3582 5597 3812 5663 nondum
