4086 6168
316 322 445 383 897

1501 323 1887 390 EPISTULA
1928 325 2036 388 AD
2080 320 2178 389 VA
2192 326 2592 394 LCHERUM.

3609 344 3728 406 898

324 461 519 511 exorto
550 457 682 512 Sole
704 458 975 530 justitim,
1007 463 1065 516 et
1085 460 1406 534 negotiosis
1426 464 1481 515 et
1511 461 1717 515 otiosis
1739 460 1967 515 virtuti-
1999 461 2053 527 Α
2086 459 2180 515 bet
2205 471 2650 534 argumentum;
2683 468 2767 523 vel
2801 485 2868 524 ea
2917 485 3041 541 quae
3095 470 3164 524 de
3217 470 3409 526 divino
3452 475 3723 543 producis

320 546 455 612 lius,
488 563 638 618 quas
668 547 883 619 partim
914 553 1134 606 natura;
1171 549 1475 611 beneficio,
1508 550 1721 621 partim
1770 548 1973 603 libera-

318 633 462 690 liun:
480 634 925 707 disciplinarum
941 638 1135 695 studio
1156 638 1409 695 assecuti
1431 637 1776 704 sunt,vitam
1799 654 1967 693 suam

316 723 377 777 in
408 722 509 779 illo
531 740 638 780 suo
664 724 909 782 honesto
933 730 988 783 et
1010 726 1136 783 utili
1156 726 1539 783 solertissime
1552 729 1964 783 exercuerunt:

318 812 552 884 quando
583 812 683 869 alii
709 830 911 870 eorum
941 815 1031 872 vel
1061 815 1205 872 artis
1235 815 1455 871 militiae
1508 814 1817 887 stipendiis
1866 815 1966 870 de-

314 899 518 969 vincti,
553 901 642 958 vel
674 902 928 975 publicis
987 903 1601 961 administrationibus
1652 903 1964 977 perfuncti,

318 988 479 1045 domi
492 990 751 1064 forisque
771 991 1023 1065 graviter
1035 993 1283 1066 agendo,
1296 997 1452 1050 terra
1468 993 1730 1064 marique
1744 992 1970 1049 fortiter

316 1080 658 1151 pugnando,
680 1079 905 1137 celebre
935 1098 1147 1137 nomen
1175 1082 1286 1139 sibi
1310 1086 1609 1155 perpetuo,
1634 1085 1700 1137 ut
1727 1082 1970 1154 putaba-

318 1171 436 1234 tur,
468 1172 886 1241 propagarunt.
919 1169 1185 1226 Aliivero
1213 1170 1302 1227 vel
1356 1170 1617 1227 emeritis
1668 1169 1967 1226 laboribus

317 1255 501 1319 nobili
522 1255 638 1312 otio
668 1256 892 1326 donati,
935 1258 1023 1319 vel
1074 1259 1251 1316 etiam
1306 1259 1366 1314 in
1427 1260 1611 1315 otium
1658 1259 1815 1330 quod
1859 1258 1969 1315 ele-

316 1349 525 1416 gerant
551 1346 682 1401 odio
713 1346 1109 1413 saecularium,
1143 1365 1205 1404 se
1264 1348 1648 1415 conferentes,
1705 1347 1793 1404 vel
1833 1347 1970 1403 scri-

318 1434 531 1505 bendo,
562 1435 650 1490 vel
685 1436 1041 1509 disputando
1064 1438 1236 1509 juxta
1261 1437 1372 1493 sibi
1404 1454 1469 1493 ac
1492 1436 1820 1511 reipublicae
1838 1453 1969 1492 con-

320 1521 652 1578 suluerunt.

390 1611 557 1668 XXII.
582 1614 744 1679 Quod
766 1613 840 1682 si,
872 1619 936 1670 ut
964 1618 1417 1688 argumentpsus
1443 1631 1527 1683 es,
1574 1614 1749 1670 etiam
1812 1630 1967 1669 nunc

314 1700 639 1773 praemissis
662 1703 991 1777 pugnacius
1009 1704 1315 1761 contendis
1337 1703 1643 1777 refragari,
1664 1707 1968 1760 succentu-

316 1790 486 1847 riatis
515 1790 706 1848 cincta
735 1793 1045 1849 sententiis
1076 1793 1262 1849 aderit
1290 1793 1420 1866 ipsa
1448 1793 1812 1859 Veritas,nec
1844 1791 1968 1848 suis

315 1879 548 1935 desinet
567 1880 835 1954 partibus
856 1882 1185 1954 suffragari,
1217 1885 1274 1938 et
1290 1882 1560 1939 utverius
1581 1882 1971 1952 testatiusque

316 1968 397 2025 sit
423 1969 580 2040 quod
612 1985 1039 2037 asseveramus,
1062 1971 1314 2027 adducet
1338 1971 1509 2027 nobis
1529 1970 1590 2025 in
1630 1969 1967 2042 praesidium

315 2056 450 2112 ﬁdei
483 2057 556 2113 de
586 2057 830 2114 consilio
860 2057 1168 2131 utriusque
1199 2060 1557 2115 Testamenti
1589 2058 1970 2131 personas,de

316 2146 500 2202 altero
532 2146 773 2217 quidem
823 2147 1136 2203 Rachelem
1172 2152 1231 2204 et
1287 2147 1471 2214 Liam,
1508 2148 1580 2204 de
1637 2146 1819 2203 altero
1868 2162 1967 2201 au-

318 2239 437 2291 tem
469 2234 760 2292 Martham
790 2240 848 2292 et
876 2236 1141 2293 Mariam.
1175 2237 1287 2293 Sed
1310 2253 1594 2309 quorsum
1608 2236 1718 2291 hac
1732 2234 1971 2291 omnia?

318 2324 595 2395 profecto,
646 2328 712 2380 ut
741 2329 1005 2397 patenter
1061 2326 1351 2393 advertas,
1393 2324 1548 2381 sicut
1594 2323 1968 2397 praemissum

319 2418 424 2482 est,
455 2414 761 2486 semper’et
780 2414 982 2470 otiosis
1000 2418 1056 2469 et
1069 2412 1389 2486 negotiosis
1408 2413 1726 2469 virtutibus
1755 2413 1970 2469 electos

323 2518 460 2558 suos
490 2506 605 2557 Deo
636 2502 1084 2575 eomplacuisse,
1117 2518 1225 2559 nee
1246 2501 1589 2558 alterutram
1632 2505 1853 2574 partem
1869 2518 1971 2556 un-

323 2606 497 2662 quam
535 2589 702 2646 alteri
727 2591 1161 2663 prejudicasse.
1190 2590 1338 2656 Quia
1356 2593 1509 2647 sicut
1532 2593 1796 2659 acceptat
1816 2589 1972 2645 Deus

325 2679 478 2751 quod
511 2679 772 2752 practice
801 2680 1120 2748 laboratur,
1142 2680 1223 2736 ita
1254 2697 1370 2737 non
1391 2679 1720 2736 excluditur
1748 2679 1820 2734 ab
1842 2678 1971 2750 ejus

332 2767 713 2841 beneplacito,
747 2769 901 2841 quod
934 2786 1040 2825 suo
1071 2773 1335 2843 tempore
1358 2768 1615 2826 theorice
1654 2767 1973 2824 sabbatiza-

334 2862 450 2913 tur.

395 2946 594 3002 XXIII.
624 2947 789 3020 Papae
818 2950 1012 3003 autem
1073 2950 1139 3003 ut
1193 2948 1453 3003 nodosus
1508 2963 1591 3015 es,
1652 2946 1851 3013 frater,
1910 2952 1974 3001 ut

330 3035 576 3108 fungino
607 3035 797 3108 capite
839 3052 919 3100 es,
955 3040 1013 3091 et
1057 3039 1247 3091 totum
1288 3039 1345 3091 te
1401 3034 1575 3107 tegis!
1637 3033 1769 3088 Jam
1818 3033 1976 3088 enim

330 3124 609 3197 putabam
641 3128 697 3180 te
726 3124 991 3190 desiisse,
1024 3128 1081 3178 et
1110 3123 1198 3179 vel
1229 3124 1477 3179 dicentis
1499 3120 1862 3189 auctoritate,
1883 3122 1969 3177 vel

2081 551 2335 615 oraculo,
2373 553 2466 607 ubi
2494 554 2618 609 sine
2651 558 2805 612 nube
2832 557 3117 629 ﬁgmenti,
3145 558 3302 614 clara
3329 565 3483 630 patet
3511 564 3724 621 veritas

2082 642 2434 712 argumenti.
2468 642 2638 707 Vera,
2671 644 2892 718 inqam,
2928 651 3086 714 sunt,
3119 652 3177 702 et
3207 648 3445 703 omnino
3494 650 3721 720 idonea,

2080 744 2195 782 non
2227 732 2422 784 tamen
2481 734 2721 789 omnino
2778 735 3041 791 efﬁcacia
3096 737 3168 790 ad
3224 738 3724 808 persuadendum,

2078 818 2313 888 quando
2342 820 2576 877 animus
2596 821 2958 878 irrevocabili
2981 828 3181 880 tenore
3202 828 3272 879 ab
3304 826 3397 880 his
3429 826 3726 882 diversum

2077 904 2239 978 eligit
2270 909 2655 979 prepositum.
2720 912 2979 966 Didicisti
3037 930 3171 967 cum
3234 913 3426 968 Tullio
3486 915 3729 972 docente

2077 995 2325 1051 oratoris
2356 996 2613 1054 officium
2644 1003 2702 1054 et
2731 1000 2939 1056 finem:
2972 1001 3228 1055 ofﬁcium
3272 1002 3532 1073 quidem,
3595 1009 3727 1075 apte

2078 1084 2149 1138 ad
2179 1087 2651 1155 persuadendum
2678 1088 2900 1156 dicere;
2942 1090 3114 1144 tinem
3156 1107 3309 1154 vero,
3374 1094 3727 1161 persuadere

2078 1171 2350 1230 dictione.
2385 1174 2606 1231 Horum
2638 1193 2775 1249 ergo
2808 1177 3054 1233 alterum
3091 1178 3308 1250 optime
3339 1180 3531 1245 affers,
3582 1181 3723 1235 dum

2077 1266 2210 1333 apte
2243 1262 2311 1316 ad
2352 1264 2825 1334 persuadendum
2841 1265 3023 1320 dicis:
3050 1265 3295 1320 alterum
3313 1284 3445 1322 vero
3460 1267 3721 1335 minime,

2078 1349 2219 1421 quia
2246 1350 2386 1405 dum
2424 1353 2775 1423 persuadere
2807 1352 3058 1408 dictione
3089 1355 3329 1408 minime
3377 1354 3551 1421 vales,
3610 1357 3725 1410 ﬁne

2078 1438 2317 1493 excidia.
2351 1440 2512 1494 Nosti
2547 1446 2737 1496 autem
2772 1442 2924 1512 quod
2948 1442 3721 1509 tantimstimaturofticium,

2079 1527 2192 1582 nisi
2240 1528 2355 1582 line
2386 1546 2516 1592 suo,
2578 1529 2632 1583 id
2666 1533 2755 1584 est
2811 1530 3015 1585 effectu
3078 1531 3353 1601 potiatur,
3402 1531 3607 1601 quanti
3638 1537 3728 1586 est

2078 1617 2251 1682 satio,
2284 1617 2333 1673 si
2362 1635 2665 1689 nunquam
2730 1624 2998 1674 metatur.
3064 1620 3305 1673 Proinde
3362 1623 3493 1691 apte
3523 1620 3595 1675 de
3638 1619 3728 1675 la-

2077 1704 2215 1759 bore
2246 1705 2469 1773 dicens,
2502 1705 2691 1761 officio
2728 1711 2879 1761 recte
2912 1708 3206 1777 t’ungvris;
3243 1707 3342 1761 sed
3376 1707 3518 1763 dum
3566 1707 3727 1779 quie-

2075 1796 2192 1848 tem
2224 1797 2281 1847 et
2310 1795 2491 1848 otium
2547 1794 2779 1866 eligenti
2838 1796 3186 1867 persuadere
3242 1812 3356 1850 non
3414 1801 3602 1866 potes,
3663 1801 3731 1851 ut

2080 1897 2261 1952 supra
2289 1880 2512 1940 dictum
2547 1887 2656 1949 est,
2693 1883 2807 1938 line
2864 1883 3103 1936 excidis.
3140 1883 3280 1947 Quis
3338 1883 3493 1937 enim
3553 1882 3727 1939 hodie

2080 1970 2262 2025 otium
2296 1971 2526 2041 negotio
2560 1986 2675 2024 non
2702 1971 2989 2041 praeferat,
3027 1972 3284 2040 quando,
3315 1970 3365 2025 si
3398 1970 3626 2026 labores
3664 1971 3726 2025 in

2079 2074 2328 2113 vacuum
2379 2058 2582 2126 cadat;
2617 2059 2664 2113 si
2699 2075 2917 2127 cesses,
2970 2059 3251 2113 tantidem
3308 2058 3536 2114 valeat?
3587 2059 3728 2125 Quis

2080 2147 2236 2202 enim
2268 2164 2383 2202 non
2418 2151 2702 2220 temperet
2731 2165 2764 2202 a
2794 2146 3008 2211 labore,
3040 2148 3136 2201 ubi
3164 2152 3371 2219 negato
3426 2148 3602 2203 etiam
3660 2165 3726 2205 eo

2079 2237 2150 2289 de
2179 2253 2291 2308 quo
2342 2237 2663 2292 convenisti
2717 2236 2977 2299 denario,
3038 2236 3349 2291 minimum
3409 2236 3723 2303 laboranti,

2079 2324 2398 2398 plurimum
2431 2326 2691 2381 conferat
2720 2326 2946 2390 otianti,
2972 2325 3264 2396 siquidem
3297 2325 3412 2381 otio
3428 2326 3573 2381 bene
3595 2330 3724 2382 uta-

2078 2415 2215 2469 tur?
2245 2413 2386 2479 Quis
2412 2413 2749 2482 autem,nisi
2784 2412 3322 2484 mentecaptus,tali
3353 2419 3555 2487 pergat
3578 2420 3725 2471 tem-

2080 2507 2303 2575 pestate
2333 2520 2514 2574 supra
2543 2502 2745 2574 spinas
2767 2519 2979 2568 serere,
3016 2503 3110 2556 ubi
3148 2502 3302 2558 mala
3324 2508 3475 2558 terra
3495 2502 3727 2559 tribulis

2081 2591 2348 2663 genuinae
2382 2591 2778 2663 perversitatis
2836 2590 3083 2646 horrens
3135 2590 3428 2646 salubrem
3484 2592 3729 2647 cultoris

2082 2698 2348 2745 manum,
2385 2684 2440 2736 et
2471 2682 2689 2735 bonum
2710 2680 2867 2735 verbi
2894 2697 3094 2735 semen
3125 2680 3348 2751 spernit
3379 2679 3725 2735 admittere?

2082 2769 2241 2825 Felix
2273 2770 2476 2840 utique
2514 2773 2687 2835 terra,
2722 2768 2780 2821 in
2839 2784 2955 2839 qua
3008 2784 3111 2839 per
3164 2768 3408 2821 verbum
3467 2765 3723 2821 hominis

2083 2859 2404 2915 seminatur
2429 2858 2669 2912 verbum
2714 2856 2830 2925 Dei,
2866 2873 2993 2928 quas
3042 2854 3375 2910 coelestibus
3428 2854 3615 2927 rigata
3668 2860 3725 2910 et

2082 2945 2380 3018 compluta
2419 2944 2753 3000 docentium
2812 2944 3090 3011 nubibus,
3151 2943 3487 3016 centuplum
3538 2943 3725 2999 reddit

2083 3036 2334 3090 fructum
2381 3034 2453 3089 ad
2483 3034 2690 3089 horrea
2746 3031 2975 3088 Domini
3026 3032 3124 3088 Dei
3188 3033 3279 3087 sui
3337 3033 3507 3086 Extra
3563 3037 3721 3088 terra

2083 3123 2184 3179 illa
2215 3124 2367 3178 ferea
2400 3122 2605 3177 merito
2662 3121 2874 3176 coelum
2933 3120 3109 3176 habet
3159 3138 3407 3189 aeneum,
3468 3138 3594 3191 qua:
3636 3138 3724 3175 ac-

322 3190 520 3285 potius
550 3213 843 3269 dictorum
875 3212 1155 3286 gravitate
1185 3229 1454 3285 pressum
1484 3228 1697 3267 manus
1742 3210 1969 3266 veritati
2002 3190 2045 3256 α
2084 3217 2248 3285 cepto
2307 3211 2529 3266 semine
2572 3227 2685 3265 non
2745 3210 3056 3265 fecundata
3112 3209 3391 3280 germine,
3435 3190 3719 3279 quidquid

314 3301 569 3359 dedisse.
603 3306 673 3358 Et
698 3318 828 3358 ecce
860 3303 1070 3358 iterum
1102 3301 1326 3374 clangis
1356 3302 1516 3368 tuba,
1568 3300 1781 3357 iterum
1838 3315 1969 3372 per-

313 3390 531 3464 strepis
566 3392 641 3447 ad
671 3408 855 3458 arma,
891 3391 1105 3447 iterum
1136 3391 1470 3447 excusando
1496 3390 1812 3462 impugnas
1843 3388 1967 3444 ani-

310 3496 502 3547 mum,
526 3479 631 3552 qui
660 3482 967 3553 tantopere
1005 3479 1190 3535 otium
1249 3478 1628 3553 amplectitur
1684 3483 1741 3533 et
1797 3478 1961 3550 quie-

309 3575 454 3635 tem,
518 3569 800 3625 minitans
849 3568 1160 3641 segnitiem
1219 3573 1276 3625 et
1322 3566 1671 3630 socordiam,
1725 3584 1854 3639 quae
1903 3583 1965 3621 se

303 3657 552 3713 theoriaa
577 3656 752 3728 pallio
784 3656 1006 3723 amicit,
1038 3661 1115 3724 te,
1157 3658 1418 3713 detracta
1474 3654 1621 3729 pelle
1651 3672 1681 3712 e
1738 3655 1964 3711 latebra

308 3763 494 3820 quam
526 3746 697 3814 fovet,
731 3750 1167 3820 protracturum
1211 3747 1268 3801 in
1309 3745 1532 3802 lucem:
1593 3744 1961 3816 recurrisque

316 3837 390 3892 ad
427 3835 771 3908 praedictum
804 3835 1147 3908 prophetam
1182 3835 1401 3903 dicens,
1430 3835 1586 3906 quod
1609 3833 1968 3906 corrigendis

316 3925 763 3999 perversoribus
775 3930 831 3979 et
855 3924 1245 3980 evenenandis
1260 3923 1667 3995 scorpionibus
1680 3927 1841 3978 tanto
1856 3923 1964 3977 im-

308 4014 561 4086 pensius
590 4013 903 4086 acriusque
933 4012 1266 4081 institisset,
1299 4015 1518 4085 quanto
1549 4010 1829 4067 furiosius
1865 4028 1966 4067 eos

307 4104 379 4158 ad
412 4102 895 4176 repugnandum,
919 4106 976 4157 et
995 4102 1256 4174 seipsum
1275 4100 1721 4172 discerpendum
1741 4101 1964 4155 anima-

305 4196 399 4248 tos
459 4191 721 4247 vidisset.
775 4190 961 4247 Addis
1013 4206 1247 4262 quoque
1302 4188 1603 4263 pigritanti
1656 4187 1965 4244 stimulum

306 4279 521 4349 Flacci,
574 4296 690 4352 quo
765 4279 862 4335 ille
934 4278 1169 4336 satirico
1223 4276 1563 4350 Damasippi
1620 4278 1711 4333 sui
1769 4293 1964 4348 peror-

307 4373 486 4425 natus
526 4372 886 4436 commento,
918 4368 979 4423 in
1014 4366 1301 4424 desidiam
1333 4365 1629 4423 invehitur
1657 4366 1884 4421 dicens:

462 4456 728 4507 Invidiam
763 4457 975 4521 placare
1004 4471 1162 4521 paras
1190 4456 1388 4506 virtute
1418 4455 1617 4505 relicta.

2078 3302 2380 3374 spinarum
2402 3304 2460 3354 et
2489 3298 2842 3355 zizaniorum
2873 3302 3130 3369 generat.
3152 3297 3485 3369 intempore
3511 3299 3723 3352 messis

2076 3389 2330 3463 alligatis
2362 3387 2655 3445 fasciculis
2685 3387 2942 3443 mittitur
2970 3386 3028 3440 in
3062 3387 3255 3458 ignem
3278 3393 3582 3441 aeternum.
3618 3386 3722 3441 De-

2076 3479 2253 3551 nique
2282 3477 2383 3533 tali
2408 3481 2573 3533 terrae
2603 3481 2661 3531 et
2689 3476 2825 3531 talis
2856 3476 3037 3531 vineae
3066 3474 3393 3530 cultoribus
3452 3491 3568 3529 non
3629 3492 3717 3529 re-

2077 3566 2387 3641 spondenti
2444 3566 2868 3621 Paterfamilias
2925 3564 3131 3619 merito
3188 3565 3373 3619 iratus
3433 3581 3534 3635 per
3592 3580 3719 3636 pro-

2076 3657 2312 3729 phetam
2368 3655 2627 3710 minatur
2682 3654 2913 3709 dicens:
2972 3654 3089 3707 Non
3147 3653 3451 3724 putabitur,
3484 3668 3583 3705 nec
3636 3655 3719 3722 fo-

2073 3747 2276 3816 diatur,
2324 3753 2374 3800 et
2419 3744 2655 3799 nubibus
2701 3742 2972 3797 mandabo
3002 3758 3072 3794 ne
3123 3741 3327 3810 pluunt
3380 3755 3542 3809 super
3600 3756 3720 3794 eam

2076 3836 2334 3902 imbrem;
2368 3833 2592 3887 scilicet
2619 3847 2718 3886 eos
2768 3846 2916 3901 quos
2963 3827 3290 3881 secundum
3352 3826 3719 3897 propositum

2074 3921 2604 3997 praedestinationis
2634 3919 2900 3991 praevidit
2929 3916 3275 3970 damnatum
3303 3915 3395 3979 iri,
3420 3914 3526 3969 hoc
3547 3915 3719 3970 verbo

2075 4027 2382 4070 secernens
2412 4010 2484 4064 ab
2514 4008 2627 4075 his,
2659 4023 2807 4078 quos
2837 4004 3124 4077 praescivit
3170 4008 3226 4060 et
3288 4004 3721 4076 praedestinavit

2074 4102 2400 4157 conformes
2429 4096 2551 4152 fieri
2586 4094 2863 4168 imaginis
2899 4092 3019 4149 Filii
3052 4092 3163 4148 sui.
3202 4094 3337 4148 Inde
3395 4094 3596 4159 etiam,
3656 4099 3721 4148 ut

2077 4190 2347 4257 arbitror,
2383 4184 2681 4259 legislator
2734 4188 2790 4239 et
2845 4182 3264 4256 prophetarum
3326 4183 3609 4237 Dominus
3656 4182 3717 4236 in

2078 4297 2206 4344 suo,
2238 4280 2308 4334 de
2337 4294 2451 4348 quo
2482 4279 2604 4330 tota
2633 4273 2722 4329 lex
2756 4274 2969 4344 pendet
2987 4277 3044 4327 et
3061 4271 3376 4344 propheta,
3410 4271 3718 4343 Evangelia

2076 4367 2335 4440 loquitur
2366 4366 2593 4420 dicens:
2629 4363 2804 4419 Nolite
2831 4364 3081 4417 sanctum
3111 4359 3242 4415 dare
3264 4359 3511 4423 canibus,
3546 4373 3718 4427 neque

2073 4458 2407 4527 margaritas
2435 4454 2668 4508 mittatis
2698 4459 2822 4507 ante
2848 4466 3054 4523 porcos.
3105 4448 3227 4512 Quo
3284 4447 3486 4517 utique
3540 4444 3714 4500 verbo

372 4544 573 4600 XXIV.
595 4544 1001 4613 Contemnere,
1037 4546 1238 4614 miser,
1270 4544 1360 4600 vel
1395 4544 1625 4600 medius
1672 4544 1950 4617 proponis
1980 4554 2026 4618 D
2059 4544 2425 4606 damnandos
2458 4541 2701 4596 secrevit
2738 4556 2770 4593 a
2810 4536 3129 4599 salvandis,
3190 4549 3261 4587 ne
3313 4532 3511 4587 surdis
3568 4547 3712 4603 prae-

298 4634 699 4690 fortissimum
733 4633 877 4690 illud
910 4634 1251 4691 constantia:
1308 4633 1593 4701 solamen,
1652 4633 1808 4704 quod
1851 4650 1953 4689 vas
2063 4634 2311 4694 dicendo
2342 4632 2401 4686 in
2424 4646 2675 4686 vacuum
2699 4627 2862 4683 cedat
2887 4626 2984 4696 pia
3016 4621 3346 4679 sollicitudo
3366 4619 3711 4675 laborantis.

295 4722 604 4779 electionis
622 4727 681 4778 et
708 4721 1067 4779 solidissima
1095 4740 1262 4779 mens
1292 4722 1600 4795 primitivaa
1648 4722 1708 4777 in
1740 4720 1953 4777 electos

293 4812 728 4885 persecutionis
794 4829 973 4868 manu
1034 4812 1253 4886 detegit
1296 4812 1530 4868 dicens:
1594 4812 1790 4868 Omnes
1853 4812 1950 4883 qui

292 4901 491 4957 volunt
520 4904 582 4957 in
612 4901 824 4957 Christo
846 4904 938 4974 pie
958 4903 1157 4967 vivere,
1186 4903 1617 4973 persecutin
1637 4902 1945 4972 patientur.

290 4991 401 5046 Et:
448 4991 567 5047 Non
618 4992 988 5060 coronabitur,
1048 4992 1164 5046 nisi
1217 4992 1315 5061 qui
1344 4990 1584 5061 legitime
1633 4990 1943 5044 certaverit.

287 5078 557 5135 Adhibes
587 5096 821 5153 quoque
853 5082 1131 5153 praeterea
1159 5078 1402 5135 certanti
1445 5082 1677 5133 scutum
1738 5077 1945 5132 divinae

289 5168 698 5241 protectionis,
731 5185 847 5242 quo
880 5168 1166 5225 Dominus
1187 5169 1246 5223 in
1278 5167 1564 5241 propheta
1619 5164 1946 5238 perduelles

291 5273 441 5313 suos
500 5258 837 5314 confortans
890 5257 1063 5313 dicit:
1120 5258 1196 5313 Ne
1237 5258 1492 5313 timeasa
1546 5256 1690 5327 facie
1735 5270 1942 5323 eorum,

288 5348 429 5417 quia
449 5362 550 5415 ego
576 5353 755 5403 tecum
785 5362 903 5401 sum
935 5350 997 5401 ut
1024 5362 1218 5401 eruam
1249 5353 1318 5413 te,
1350 5344 1486 5400 dicit
1505 5344 1786 5401 Dominus.

364 5434 535 5490 XXV.
567 5436 772 5492 Fateor
800 5435 1063 5508 quidem,
1092 5434 1460 5501 charissime,
1520 5449 1656 5489 vera
1702 5437 1845 5489 sunt
1889 5436 1946 5489 et

285 5539 364 5578 ea
389 5539 524 5595 qua:
554 5524 625 5579 de
656 5540 856 5580 crassa
884 5523 1105 5580 satirici
1162 5522 1500 5596 Damasippi
1554 5522 1778 5595 profers
1838 5521 1943 5576 Mi-

283 5628 490 5687 nerva,
526 5612 625 5671 ubi
657 5613 950 5689 poeticum
975 5614 1319 5689 ﬁgmentum
1343 5610 1817 5690 philosophicum
1839 5610 1944 5668 ha-

2134 4721 2460 4781 XXVI.Jam
2488 4709 3420 4779 tandem,charissime.fateris,ut
3442 4708 3711 4776 arbitror,

2058 4833 2152 4873 me
2184 4812 2285 4869 tali
2323 4802 2861 4881 temporisarticulo
2895 4799 3303 4870 mihitibique,
3327 4803 3383 4853 et
3399 4798 3512 4869 piis
3532 4798 3716 4854 omni-

2054 4909 2187 4972 bus,
2247 4917 2353 4957 nec
2413 4899 2648 4961 frustra,
2713 4908 2815 4948 nec
2875 4891 3062 4947 otiose
3119 4893 3431 4962 exoptasse
3486 4889 3710 4944 otium:

2055 4994 2275 5067 quippe
2306 4986 2539 5061 quando
2575 4999 2680 5038 nec
2715 4982 2983 5049 honesto,
3046 4997 3151 5036 nec
3211 4978 3366 5045 utili,
3428 4978 3515 5034 vel
3561 4982 3713 5034 certe

2055 5082 2232 5154 (quod
2268 5078 2360 5133 his
2393 5071 2694 5144 antiquius
2717 5071 2828 5141 est)
2865 5069 3037 5125 saluti
3066 5087 3177 5125 non
3204 5068 3514 5140 respondet
3535 5083 3710 5154 nego-

2050 5152 2220 5226 tium.
2256 5165 2437 5229 Unde,
2472 5167 2537 5217 ut
2589 5160 2857 5229 arbitror,
2920 5160 3071 5215 veris
3124 5159 3331 5217 victus,
3387 5158 3445 5208 et
3498 5152 3711 5223 quietis

2055 5257 2331 5315 illecebra
2359 5253 2570 5307 ductus
2618 5248 2678 5303 in
2732 5253 2993 5303 nostram
3027 5246 3186 5302 cedis
3242 5241 3550 5306 coloniam,
3606 5256 3710 5295 nec

2058 5346 2231 5413 ultra,
2266 5342 2313 5400 si
2349 5340 2533 5412 sapis,
2562 5336 2828 5392 infensor
2844 5334 2947 5391 otii
2970 5339 3170 5391 contra
3187 5329 3709 5387 defensorcminsi-

2054 5451 2201 5493 nues
2224 5428 2556 5506 quaerelam.
2592 5425 2664 5482 Ut
2721 5427 2921 5480 autem
2978 5419 3314 5494 pernoveris
3360 5419 3513 5490 quod
3552 5436 3709 5475 nunc

2053 5524 2193 5581 huic
2223 5526 2381 5578 tomo
2403 5516 2655 5573 maxime
2686 5513 2745 5570 in
2777 5529 2956 5569 causa
2983 5515 3093 5576 est,
3116 5510 3261 5565 mihi
3285 5508 3522 5582 quidem
3546 5514 3708 5581 epla-

2053 5612 2171 5675 bile
2200 5609 2431 5689 requiro
2464 5605 2672 5677 otium,
2706 5606 2906 5679 utpote
2937 5601 3038 5677 qui
3063 5600 3237 5678 longe
3251 5600 3539 5674 longeque
3555 5599 3708 5657 ultra
