4086 6168
362 375 478 437 899

1580 359 2002 423 GOZECHINI
2049 358 2583 423 SCHOLASTICI.

3643 356 3755 415 900

366 508 635 578 legitimae
670 501 967 559 missionis
990 503 1204 556 metam
1235 495 1493 553 emeritis
1544 495 1729 549 milito
1789 496 1998 565 Slipcn-
2037 496 2091 563 Α
2122 494 2281 547 deria
2312 497 2719 547 conservantes
2743 490 2853 545 sibi
2886 490 3216 563 magistros,
3249 489 3575 562 prurientes
3605 488 3752 543 auri-

364 599 507 652 diis:
530 596 630 650 tibi
656 610 810 658 vero,
843 591 975 646 licet
995 588 1186 645 adhuc
1216 584 1553 643 succulento
1586 585 1644 638 et
1689 582 1890 645 veridi,
1952 587 2008 636 et

362 686 475 758 piis
506 683 802 749 omnibus,
834 679 1140 742 tantidem,
1170 675 1309 747 quia
1329 674 1529 739 timeo,
1562 670 1649 727 vel
1666 675 1818 725 certe
1839 670 2005 758 video

365 757 518 847 quod
543 773 602 827 in
627 769 943 827 laborando
975 768 1187 821 frustra
1207 762 1433 818 volvitis
1458 764 1640 815 rotam
1659 757 2002 814 nativitatis.

364 868 550 930 Quare
575 865 768 916 autem
804 858 1047 921 frustra,‘
1100 853 1238 924 quia
1296 850 1567 922 superius
1629 848 1859 904 abunde
1917 851 2006 903 est

364 964 723 1025 expressum,
756 945 1046 1015 castigatae
1097 939 1477 1012 disputationi
1534 938 1687 993 idem
1749 940 2006 1008 repetere

365 1038 727 1111 superﬂuum
786 1037 892 1088 est.
952 1030 1113 1085 Nosti
1169 1033 1447 1101 praeterea
1498 1026 1652 1099 quod
1706 1025 1889 1082 levitas
1938 1042 2004 1079 ex

364 1125 636 1182 mandato
667 1121 812 1193 legis
841 1137 875 1175 a
906 1135 1013 1176 xxv
1043 1117 1214 1173 annis
1242 1121 1301 1172 et
1350 1133 1530 1187 supra
1552 1115 1838 1186 jubentur
1894 1113 2005 1168 mi-

361 1215 645 1278 nistrare;
679 1227 712 1266 a
738 1207 1227 1282 quinquagesimo
1249 1222 1402 1272 vero,
1427 1204 1599 1276 quiet
1618 1202 1901 1258 Jubilzeus
1917 1206 2006 1257 est

358 1309 415 1359 et
472 1300 736 1373 mysticis
795 1295 1209 1354 celeberrimus
1267 1292 1671 1359 sacramentis,
1729 1290 2003 1346 custodes

357 1407 629 1450 vasorum
690 1390 827 1443 fore.
893 1385 1178 1441 Maturius
1235 1387 1429 1438 autem
1480 1380 1607 1453 lege
1656 1379 1998 1435 militarium

359 1481 730 1537 sanctionum
745 1476 962 1530 tirones
979 1473 1319 1528 scribuntur
1331 1470 1403 1525 ad
1427 1469 1694 1524 militiam
1715 1469 1997 1536 ;eamclem

358 1576 579 1637 tamen,
611 1582 787 1639 quam
821 1569 876 1619 et
901 1563 1003 1629 illi,
1033 1561 1307 1634 legitimae
1330 1558 1629 1614 missionis
1650 1558 1867 1612 habent
1890 1572 2003 1611 me-

360 1656 799 1715 tam.Cathedra
829 1668 1059 1723 quoque
1091 1648 1376 1705 scholaris
1398 1646 1725 1719 magisterii
1755 1649 1811 1701 et
1834 1647 2003 1717 juxta

360 1752 576 1805 metam
596 1742 866 1801 militaris
906 1739 1228 1812 disciplina
1262 1738 1319 1791 in
1352 1736 1686 1792 auditorum
1733 1734 2000 1790 cateche-

360 1854 490 1894 seos
511 1832 943 1903 habetjanuam
969 1827 1380 1894 institutionis,
1406 1824 1688 1895 sedlonge
1713 1822 2001 1878 maturius

359 1922 682 1981 absolvitur
702 1919 853 1975 exitu
881 1914 1221 1972 necessarire
1245 1912 1649 1968 missionis.Cn
1652 1913 1753 1982 jus
1784 1911 2003 1967 laboris

358 2020 613 2086 tempus,
648 2008 786 2081 quia
819 2005 964 2061 nihil
994 2002 1294 2059 difficilius
1326 2003 1435 2056 sub
1468 2000 1588 2056 sole
1620 2000 1862 2073 geritur,
1916 1998 2002 2055 vel

361 2102 516 2176 quod
540 2099 726 2172 magis
756 2094 1001 2168 operarii
1038 2093 1128 2149 sui
1159 2092 1309 2147 vires
1340 2089 1665 2158 exhauriat,
1700 2107 1733 2145 a
1772 2089 2003 2161 sapien-

358 2193 518 2247 tibus
548 2186 899 2261 praatinitum
930 2186 1020 2237 est
1042 2179 1460 2252 septenne,nisi
1494 2179 1566 2233 de
1596 2182 1797 2234 caztero
1832 2177 1883 2233 is
1904 2176 2003 2249 qui

361 2284 588 2354 praeest,
623 2274 967 2332 auctoritate
999 2269 1328 2342 praesideat,
1360 2284 1477 2323 non
1510 2266 1729 2321 labore.
1790 2266 2005 2321 Omnes

362 2370 557 2440 itaque
587 2365 695 2419 has
722 2366 927 2425 metas,
963 2359 1174 2432 partim
1207 2363 1292 2421 tu,
1338 2356 1705 2423 charissime,
1737 2371 1801 2409 ex
1862 2357 2003 2420 toto,

362 2452 852 2529 egojamdudum,
868 2448 1286 2519 transegimus,
1308 2444 1566 2499 etadhuc
1579 2442 1850 2515 geminus
1864 2442 2003 2497 sub-

364 2551 542 2613 t‘asce,
573 2542 765 2597 adhuc
794 2539 851 2593 in
884 2537 1087 2592 eodem
1111 2534 1471 2590 desudamus
1503 2532 1728 2599 labore;
1754 2538 1811 2603 et
1841 2530 2002 2585 nulla

364 2634 533 2692 nobis
572 2631 761 2687 adhuc
793 2627 989 2683 arrisit
1014 2624 1201 2697 gratia
1232 2622 1453 2678 emeriti
1488 2620 1747 2687 honoris,
1784 2638 1910 2692 quae
1940 2637 2008 2675 ex

364 2740 529 2797 aequo
587 2722 925 2791 compenset
979 2715 1161 2768 vicem
1220 2712 1367 2767 tanti
1425 2710 1663 2765 laboris.
1721 2710 1845 2764 Non
1896 2712 2002 2777 est,

366 2818 572 2889 praeter
599 2808 915 2866 admodum
945 2818 1182 2876 paucos,
1215 2800 1314 2889 qui
1346 2815 1491 2889 opus
1523 2798 1664 2889 illud
1696 2801 2005 2889 retractet,

366 2886 481 2960 non
505 2904 593 2957 est
624 2898 722 2970 qui
756 2888 1353 2965 recogitet.Liberales
1371 2888 1542 2943 enim
1561 2886 1880 2958 disciplina:
1905 2887 2009 2942 mi-

367 2992 480 3048 mis
510 2993 566 3045 et
596 2982 981 3042 histrionibus
1013 2977 1454 3051 posthabentur,
1488 2980 1545 3031 et
1573 2992 1719 3048 pene
1778 2993 1879 3047 per
1921 2980 2006 3030 ta-

368 3083 581 3136 bernas
632 3072 962 3131 mendicare
1006 3067 1296 3131 videntur,
1355 3064 1603 3136 pecunia
1632 3064 1731 3119 illa
1762 3080 2003 3135 super...

368 3165 824 3243 pbilosophantu
833 3178 877 3225 r,
900 3173 1240 3214 mammona
1252 3172 1427 3227 super
1439 3170 1603 3226 reges
1620 3159 1675 3209 et
1686 3154 2007 3210 tetrarchas

368 3258 643 3316 omnibus
664 3250 1017 3307 dominatur.
1042 3247 1124 3301 Ad
1157 3260 1475 3310 summam,
1532 3243 1731 3298 omnia
1777 3243 2008 3298 virtutis

369 3346 609 3420 praemia
633 3339 827 3396 feralis
850 3336 1109 3409 possidet
1135 3334 1393 3401 avaritia,
1418 3336 1473 3388 et
1502 3332 1559 3386 in
1592 3349 1771 3403 regno
1830 3350 2009 3404 pecu-

370 3437 478 3490 nia:
511 3429 752 3486 ambitio
778 3443 885 3483 sua
912 3428 1067 3479 taxat
1097 3422 1494 3477 mercimonia.
1522 3421 1666 3484 Quid
1703 3420 2009 3475 detanlilis

373 3520 541 3576 nobis
562 3517 871 3571 credamus
920 3512 1206 3574 futurum,
1265 3510 1363 3564 ubi
1414 3509 1636 3581 lapides
1694 3509 2005 3563 sanctuarii

372 3606 619 3681 dispersi
644 3608 782 3660 sunt
810 3603 868 3658 in
901 3599 1087 3672 capite
1130 3597 1396 3652 omnium
1455 3597 1821 3669 platearum?
1876 3598 2009 3663 Quae

371 3714 503 3755 vero
533 3692 755 3767 sperari
779 3690 866 3748 vel
890 3687 1221 3760 concupisci
1258 3690 1466 3759 potest,
1499 3690 1600 3741 aut
1655 3687 2008 3759 dignitatum

371 3782 746 3849 ministratio,
771 3784 873 3837 aut
903 3777 1256 3851 spiritalium
1289 3792 1561 3830 vasorum
1587 3774 1874 3840 custodia,
1910 3776 2006 3828 ubi

372 3894 483 3933 non
516 3890 654 3929 vasa
684 3867 1092 3926 misericordiae
1122 3869 1443 3937 praeparata
1474 3864 1531 3917 in
1593 3862 1859 3935 gloriam,
1910 3865 2005 3917 sed

368 3966 588 4035 ubique
620 3961 887 4015 videntur
916 3972 1053 4011 vasa
1083 3955 1181 4008 ira:
1215 3954 1424 4025 aptain
1449 3952 1774 4020 interitum,
1804 3971 1831 4005 a
1857 3954 2012 4008 vasis

370 4056 728 4107 craterarum
760 4062 945 4116 usque
967 4044 1038 4097 ad
1071 4059 1244 4098 omne
1263 4059 1363 4097 vas
1396 4042 1799 4097 musicorum?

440 4137 657 4195 XXVII.
690 4136 771 4190 Ex
801 4133 1001 4188 eadem
1027 4131 1223 4202 itaque
1250 4131 1503 4186 toxicata
1524 4130 1774 4185 avaritia:
1798 4129 2008 4196 radice,

370 4232 427 4284 et
452 4244 521 4284 ex
550 4225 659 4281 hoc
691 4221 964 4296 pestifero
995 4219 1348 4273 zizaniorum
1381 4218 1623 4286 semine,
1673 4219 1827 4273 mala
1887 4223 2014 4274 orta

366 4321 455 4373 est
474 4319 531 4372 et
558 4312 817 4386 quotidie
839 4311 897 4364 in
922 4308 1089 4381 pejus
1120 4306 1367 4378 pullalat
1392 4306 1644 4361 exitialis
1680 4324 1909 4362 morum
1956 4314 2013 4362 et

370 4402 691 4478 disciplinae
714 4402 965 4471 jactura,
997 4397 1141 4451 adeo
1174 4400 1240 4450 ut
1269 4395 1327 4449 in
1348 4394 1509 4450 nullo
1533 4394 1815 4467 regularis
1837 4396 2012 4450 officii

371 4492 652 4568 regimine
679 4491 851 4546 liceat
882 4487 967 4542 uti
1000 4484 1247 4540 solemni
1280 4484 1569 4555 majorum
1621 4501 1868 4540 censura
1926 4485 2011 4542 vel

2118 582 2250 645 bus,
2284 581 2450 635 vanis
2480 584 2535 635 et
2567 580 2857 652 pestiferis
2888 578 3211 635 inserviunt
3233 594 3439 634 vocum
3466 577 3554 633 vel
3615 593 3757 649 quae-

2116 671 2377 725 stionum
2410 669 2794 726 novitatibus:
2820 672 2876 725 et
2906 668 3005 741 qui
3039 667 3231 723 adhuc
3255 668 3477 723 nudum
3506 671 3564 723 et
3590 665 3757 723 molle

2120 758 2312 814 lutum
2348 759 2406 814 in
2426 762 2553 815 rota
2580 757 2899 831 disciplina:
2925 758 3130 813 artifici
3151 757 3358 830 pollice
3371 755 3758 813 etvehementi

2116 851 2284 904 torno
2316 847 2553 903 formari
2588 847 2863 903 deberent
2892 846 2950 901 in
2982 863 3121 902 vasa
3168 844 3389 919 gloriae,
3422 846 3493 901 ab
3529 845 3668 902 inde
3706 846 3756 902 in

2116 940 2354 992 externa
2380 926 2684 1009 fugitando
2718 935 3066 1003 resilientes,
3095 933 3582 991 deformanturin
3640 935 3760 992 visa

2116 1024 2621 1091 contumeliaeﬂui
2644 1023 2873 1080 etiamsi
2896 1022 3115 1096 aliquid
3134 1028 3403 1079 extremas
3417 1021 3501 1078 vel
3515 1022 3758 1096 garrulae

2116 1115 2426 1185 cujusdam
2460 1113 2715 1169 scientiae
2748 1112 3047 1186 colliganti
3080 1129 3182 1186 per
3211 1112 3549 1182 eruditoria,
3593 1113 3757 1185 quasi

2112 1201 2241 1274 vagi
2269 1201 2650 1275 palantesque
2682 1202 2843 1258 nullo
2892 1202 3144 1257 contenti
3203 1201 3554 1257 discursant.
3618 1201 3759 1268 Quia

2115 1292 2187 1346 de
2220 1292 2482 1346 moribus
2512 1298 2794 1356 extrema,
2827 1291 2913 1346 vel
2937 1289 3095 1347 nulla
3126 1290 3368 1364 quaestio
3397 1294 3504 1358 est,
3546 1291 3755 1347 reversi

2113 1380 2184 1435 ad
2217 1397 2377 1448 suos,
2411 1397 2661 1436 excusso
2692 1381 2765 1435 ab
2798 1380 3086 1436 indomita
3101 1380 3322 1435 cervice
3350 1379 3755 1453 timorisjugo,

2091 1473 2171 1522 'et
2200 1468 2466 1541 disrupto
2496 1468 2817 1541 disciplina
2880 1469 3067 1535 freno,
3124 1467 3352 1539 seipsos
3406 1466 3631 1540 perdite
3677 1467 3755 1522 vi-

2111 1556 2322 1625 vendo,
2357 1555 2501 1612 alios
2533 1557 2818 1613 fermento
2851 1556 3085 1612 malitia:
3116 1556 3563 1629 corrumpendo,
3610 1559 3757 1613 totos

2124 1645 2362 1716 rapiunt
2391 1646 2449 1699 in
2483 1661 2757 1718 praeceps.

2183 1733 2435 1788 XXVIII.
2470 1734 2717 1799 Quidam
2747 1750 2881 1789 vero
2914 1733 3049 1789 facti
3081 1751 3198 1790 suae
3231 1734 3539 1806 cujusdam
3588 1732 3756 1791 insti-

2116 1821 2367 1877 tutionis
2442 1821 2957 1895 pseudomagistri,
3016 1823 3158 1878 dum
3217 1826 3439 1878 certum
3491 1822 3756 1896 ignorant

2117 1927 2394 1983 prazsepe,
2428 1927 2530 1965 nec
2555 1910 2610 1965 in
2645 1928 2753 1966 sua
2800 1927 2927 1983 quae
2960 1928 3075 1967 non
3125 1911 3361 1979 habent,
3397 1928 3459 1968 se
3514 1914 3747 1983 possunt

2125 2001 2397 2071 recipere,
2424 1999 2531 2055 hac
2559 1998 2693 2055 illac
2745 2016 2849 2073 per
2893 1999 3059 2056 villas
3119 2017 3415 2074 pagosque
3466 2000 3745 2072 urbesque

2118 2088 2605 2156 circumcursant,
2630 2105 2808 2144 novas
2838 2087 3125 2160 Psalterii,
3148 2088 3335 2154 Pauli,
3383 2088 3753 2161 Apocalypsis

2114 2177 2389 2233 lectiones
2419 2177 2677 2245 tradunt,
2738 2178 3103 2248 juventutem
3156 2195 3434 2235 novorum
3483 2178 3753 2251 cupidam

2116 2266 2368 2322 levitatis
2382 2265 3142 2339 pcdissequam,disciplin:e
3159 2269 3584 2341 refugam,post
3595 2284 3760 2340 seper

2116 2355 2479 2427 voluptatum
2511 2354 2754 2409 declivia
2775 2356 3041 2410 trahunt:
3073 2357 3453 2412 reverentiam
3497 2356 3758 2429 discipli-

2118 2460 2225 2509 ηαξ,
2249 2443 2668 2515 subjectionem
2694 2444 3055 2511 obedientize,
3080 2446 3509 2502 observantiam
3537 2445 3759 2519 religio-

2116 2532 2229 2599 nis,
2265 2536 2560 2604 postremo
2584 2532 2777 2588 omnia
2797 2533 3078 2605 regularis
3096 2534 3217 2588 vitae
3252 2536 3453 2590 munia
3494 2535 3762 2608 perditis-

2117 2621 2268 2675 sima
2290 2638 2518 2676 morum
2554 2623 2923 2694 corruptione
2954 2623 3338 2679 confundunt.

2186 2710 2372 2764 XXIX.
2398 2710 2465 2764 Et
2494 2726 2565 2764 ne
2597 2710 2743 2765 forte
2770 2727 2862 2767 me
2884 2715 3054 2783 putes
3090 2712 3144 2768 in
3204 2712 3545 2785 hujusmodi
3597 2714 3762 2769 dero-

2114 2799 2307 2872 gantis
2336 2798 2548 2870 lingua
2580 2798 2696 2853 tela
2717 2799 2982 2871 dirigere,
3015 2805 3071 2856 et
3088 2818 3387 2869 novorum,
3422 2802 3543 2859 imo
3569 2802 3766 2859 melio-

2118 2906 2248 2943 rum
2280 2887 2751 2960 suggillationem
2783 2888 3068 2946 invidiose
3090 2894 3317 2957 texere;
3351 2908 3466 2947 non
3522 2892 3763 2949 omnino

2116 2978 2321 3032 credas
2351 2978 2541 3032 verbis
2575 2978 2739 3044 meis,
2774 2979 2940 3033 crede
2963 2978 3157 3051 potius
3192 2977 3375 3036 oculis
3405 2984 3461 3035 et
3521 2981 3764 3043 auribus

2115 3068 2255 3122 tuis.
2289 3067 2456 3134 Vide,
2490 3067 2536 3120 si
2572 3065 2778 3139 placet,
2825 3084 3001 3138 quam
3035 3084 3192 3124 sane:
3249 3068 3552 3138 doctrinas,
3586 3086 3764 3143 quam

2119 3155 2375 3211 salubris
2405 3154 2545 3209 disci
2556 3154 2722 3227 plina:
2745 3154 2997 3228 theologi
3022 3156 3091 3211 de
3112 3157 3436 3212 Turonensi
3456 3163 3766 3232 emergant

2037 3222 2080 3287 (ἶ
2120 3244 2540 3309 academia,cui
2556 3222 2833 3313 praesidet
2854 3222 3152 3315 apdstolus
3180 3244 3277 3301 ille
3298 3246 3525 3301 Satane
3548 3222 3762 3304 Beren-

2116 3334 2335 3406 garius.
2356 3332 2975 3404 Vide,inquam,quam
2999 3333 3483 3405 pestilentes,imo
3506 3335 3763 3393 lethiferi

2117 3423 2452 3500 scorpiones
2484 3425 2540 3476 et
2571 3419 2753 3493 reguli
2786 3420 2857 3475 de
2886 3422 3148 3477 cavernis
3209 3427 3523 3496 erumpant
3579 3424 3763 3481 totius

2120 3511 2299 3568 nostri
2332 3509 2613 3582 temporis
2645 3508 3001 3582 Babyloniae;
3052 3511 3152 3583 qui
3210 3512 3608 3569 haeresiarchas:
3665 3512 3759 3569 sui

2120 3604 2310 3656 musto
2328 3599 2556 3663 ebrii,et
2576 3615 2794 3654 veneno
2830 3598 3094 3666 delibuti,
3127 3601 3198 3657 de
3221 3602 3404 3657 sacris
3443 3600 3762 3675 sacrilegas

2119 3689 2501 3745 introducunt
2519 3687 2801 3743 novitates
2815 3688 3301 3759 quaestionum,ad
3320 3690 3465 3745 nihil
3479 3689 3770 3758 utiles,ni-

2121 3779 2166 3836 si
2195 3779 2263 3831 ad
2302 3776 2739 3832 subversionem
2773 3776 3166 3834 audientium:
3200 3796 3447 3851 quorum
3476 3795 3674 3835 sermo
3704 3784 3771 3835 ut

2123 3884 2326 3919 ram-or
2347 3865 2561 3938 serpit;
2598 3865 2736 3936 quia
2760 3865 3023 3934 scientia,
3053 3883 3181 3939 qua:
3209 3867 3393 3937 inﬂat,
3426 3885 3542 3923 non
3586 3869 3771 3925 adifi-

2123 3964 2233 4021 cat,
2265 3955 2362 4011 sed
2390 3954 2693 4011 subvertit.

2193 4044 2357 4101 XXX.
2392 4042 2491 4099 Isti
2524 4043 2593 4098 de
2624 4044 2798 4098 rebus
2831 4046 3239 4111 sacrosanctis,
3297 4047 3366 4102 de
3430 4046 3774 4104 caelestibus

2122 4133 2340 4192 scilicet
2371 4132 2776 4199 sacramentis,
2812 4150 2939 4205 quae
2973 4132 3157 4189 sancti
3190 4135 3408 4201 Patres,
3441 4135 3680 4208 quoties
3702 4136 3772 4192 ad

2122 4242 2190 4280 ea
2219 4240 2281 4279 se
2327 4222 2579 4278 audebat
2620 4225 2902 4277 tractatus
2949 4238 3151 4278 eorum
3188 4223 3471 4294 attollere,
3501 4225 3774 4283 videntes

2124 4330 2192 4370 ea
2224 4328 2336 4368 non
2367 4310 2558 4367 solum
2582 4326 2933 4378 sermonem,
2950 4311 3049 4368 sed
3070 4312 3243 4368 etiam
3256 4313 3578 4370 humanam
3598 4332 3775 4388 supe-

2122 4418 2249 4458 rare
2271 4400 2576 4465 rationem,
2607 4402 2663 4454 et
2691 4404 3033 4469 reverenter,
3066 4405 3130 4455 ut
3155 4403 3477 4473 oportebat,
3527 4402 3781 4476 attinge-

2121 4492 2302 4557 bant;
2336 4493 2411 4554 et,
2442 4487 2539 4543 ubi
2572 4504 2720 4560 opus
2768 4492 2912 4557 erat,
2961 4487 3243 4545 habentes
3306 4490 3514 4547 clavim
3572 4492 3777 4558 David,

372 4582 559 4639 ferula
578 4598 591 4638 :
610 4580 709 4637 sed
737 4579 785 4635 si
809 4578 1086 4633 tortuosis
1100 4573 1373 4629 vitiorum
1396 4574 1753 4628 anfractibus
1778 4592 2018 4631 manum
2052 4587 2096 4650 1)
2130 4577 2329 4636 subtili
2361 4576 2707 4632 discretione
2721 4576 3015 4648 aperiendi
3047 4582 3105 4632 et
3131 4578 3460 4646 claudendi,
3480 4586 3777 4652 quantum

373 4674 614 4742 invirga
653 4665 991 4725 directionis
1033 4665 1273 4720 stimqu
1319 4665 1688 4734 represscris.
1738 4666 2015 4720 continuo

374 4776 475 4831 pro
506 4758 832 4828 majoribus
854 4756 1090 4827 quidem
1107 4759 1206 4808 aut
1238 4750 1857 4807 multitudosimilium
1886 4770 2016 4824 pro-

374 4846 686 4919 pugnatrix
717 4848 818 4899 aut
867 4843 1112 4915 pecunia
1156 4840 1509 4895 defensatrix
1577 4841 1854 4896 accedat:
1918 4859 2017 4913 pro

377 4934 707 4990 minoribus
727 4949 861 4987 vero
888 4936 989 4986 aut
1014 4932 1333 4984 immatura
1362 4928 1621 4996 libertas,
1673 4928 1769 4984 aul
1823 4929 2019 4986 allatis

376 5023 623 5098 pedibus
638 5023 774 5095 fuga
799 5020 1095 5075 liberatrix
1116 5018 1569 5072 intercedat.Sed
1605 5019 1675 5071 de
1699 5020 2021 5088 majoribus

375 5113 546 5170 silere
570 5109 929 5185 praestiterit:
961 5108 1167 5161 veritas
1189 5106 1344 5159 enim
1369 5106 1565 5159 odium
1596 5106 1762 5175 parit.
1791 5113 1862 5159 At
1887 5123 2019 5161 vero

375 5203 433 5259 hi
469 5202 565 5275 qui
599 5200 790 5256 adhuc
823 5197 931 5251 sub
967 5194 1215 5250 scholari
1246 5193 1427 5249 ferula
1457 5195 1758 5247 erudiendi
1803 5199 2019 5263 essent,

376 5292 518 5364 quia
545 5289 808 5363 ignavize,
841 5283 1119 5342 socordia:
1150 5288 1206 5338 et
1249 5283 1356 5338 deo
1413 5299 1519 5337 suo
1578 5283 1761 5338 ventri
1811 5301 2023 5339 manus

376 5381 682 5446 dederunt,
728 5377 869 5432 dum
928 5372 1143 5430 instrui
1193 5373 1491 5443 refugiunt
1546 5371 1617 5425 ad
1677 5371 2018 5442 gravitatem

379 5466 617 5524 moralis
648 5465 988 5536 disciplinae,
1023 5467 1087 5519 ut
1118 5461 1258 5516 levis
1307 5459 1475 5532 palea
1529 5459 2025 5516 circumferuntur

378 5554 536 5612 omni
566 5558 736 5611 vento
751 5554 1049 5620 doctrinae,
1075 5557 1161 5623 et,
1170 5552 1341 5621 juxta
1358 5546 1631 5603 eumdem
1654 5548 2020 5620 Apostolum,

379 5660 583 5705 sanam
614 5641 941 5702 doctrinam
972 5658 1088 5701 non
1120 5638 1503 5708 sustinentes,
1528 5635 1629 5696 sed
1647 5636 1719 5696 ad
1741 5652 1850 5697 sua
1866 5638 2020 5698 desi-

2128 4669 2199 4723 ad
2233 4666 2606 4722 sobrietatem
2635 4664 2999 4737 sapientibus
3021 4664 3166 4721 satis
3193 4672 3368 4733 esset,
3389 4685 3458 4723 ea
3488 4669 3778 4725 catholica

2128 4756 2525 4828 exponebant:
2560 4755 2630 4809 de
2660 4754 2774 4822 his,
2805 4754 3070 4825 inquam,
3095 4756 3271 4812 rebus
3300 4761 3355 4811 et
3386 4759 3777 4813 sacramentis

2128 4848 2183 4899 et
2205 4860 2382 4900 novas
2412 4846 2467 4897 et
2497 4840 2833 4913 peregrinas
2854 4843 3079 4896 cudunt
3109 4860 3141 4898 a
3174 4844 3286 4898 fide
3319 4844 3778 4918 intelligentiae;

2127 4932 2184 4989 et
2209 4934 2337 5004 ipsa
2350 4933 2715 4987 sacramenta
2735 4929 3149 5003 cmlestia,quae
3172 4932 3226 4987 in
3243 4932 3411 4988 altari
3424 4950 3776 4990 consecran-

2128 5022 2513 5088 tur,dicentes
2528 5019 2796 5073 umbram
2814 5036 2942 5074 esse
2956 5021 3558 5093 nonveritatem(quod
3576 5022 3783 5095 lingua

2130 5109 2427 5181 refugit,ct
2449 5108 2684 5161 auditus
2709 5106 3119 5178 perhorrescit)
3139 5109 3389 5165 obnoxia
3410 5111 3783 5166 contendunt

2129 5198 2313 5253 ventri
2345 5203 2400 5252 et
2431 5194 2683 5252 secessui
2708 5197 2878 5267 juxta
2901 5198 3119 5253 naiurm
3169 5199 3600 5269 necessitatem,
3651 5216 3781 5272 quae

2131 5284 2353 5340 scilicet
2382 5288 2605 5339 natura:
2637 5281 2913 5339 dominus
2947 5284 3002 5338 in
3037 5284 3245 5341 foedere
3272 5285 3540 5341 humanae
3576 5304 3779 5342 recou-

2131 5371 2442 5428 ciliationis
2474 5370 2897 5441 omnipotentis
2930 5389 3038 5427 sua
3070 5380 3505 5429 sacramentum
3538 5376 3690 5442 fecit,
3724 5377 3784 5429 et

2131 5461 2472 5519 Christianae
2491 5460 2700 5514 animae
2722 5477 2918 5515 escam
2948 5462 3338 5533 spiritualem,
3362 5464 3517 5519 unde
3539 5464 3599 5519 in
3621 5467 3784 5519 aeter-

2132 5566 2273 5605 num
2305 5549 2481 5616 vivat,
2515 5548 2691 5603 dedit.
2726 5548 2825 5604 Isti
2849 5550 3123 5607 eumdem
3147 5568 3368 5625 agnum
3418 5550 3783 5626 paschalem,

2131 5639 2231 5717 qui
2300 5637 2505 5697 eadem
2555 5641 2930 5699 sacramenta
2984 5638 3046 5701 in
3096 5640 3360 5717 seipsum
3409 5640 3788 5705 inetl‘abiliter
