4086 6168
206 322 319 387 901

1369 326 1755 396 EPISTOLA
1797 335 1900 395 AD
1943 331 2042 398 VA
2054 335 2456 401 LCHERUM.

3493 353 3610 411 902

208 459 636 516 transformans
656 458 827 518 nobis
848 461 1109 520 condidit
1132 465 1190 519 et
1208 466 1585 533 consecravit,
1609 468 1855 523 crudum
1885 471 1941 536 Α
2041 469 2282 525 XXXIII.
2312 470 2442 525 Περεῖ
2473 471 2669 527 omnia
2699 471 2993 546 sapienter
3021 475 3281 547 despexit
3306 479 3609 537 Heriman-

206 547 295 604 vel
320 553 548 603 coctum
577 565 748 622 aqua,
776 567 892 608 non
913 569 1114 609 assum
1136 552 1255 626 igni
1274 555 1608 610 comedunt.
1633 557 1853 628 etquod

209 639 341 709 eius
368 637 672 694 residuum
703 644 810 708 est,
843 646 901 696 et
929 657 1161 714 semper
1186 642 1297 697 erit
1325 641 1490 715 (quia
1518 642 1718 699 nullus
1749 661 1857 699 un-

208 743 388 799 quam
419 727 708 794 mortalis,
741 729 1176 801 quantumlibet
1206 730 1418 798 sciens,
1469 732 1540 787 ad
1572 731 1858 788 incarnati

204 814 381 872 Verbi
409 832 689 872 arcanum
713 816 884 890 plena
906 818 1291 892 intelligentia
1318 820 1377 875 in
1412 820 1520 876 hac
1540 821 1659 877 vita
1680 837 1858 895 pene-

206 908 365 960 ti-are
385 905 596 977 potuit,
623 910 725 961 aut
759 907 1012 979 poterit),
1044 908 1167 981 igni
1197 924 1312 964 non
1344 910 1716 965 comburunt.
1757 910 1856 967 Isti

204 993 597 1066 improvidam
638 994 1061 1066 simpliciorum
1114 998 1361 1053 fratrum
1410 997 1771 1067 facilitatem,
1803 1004 1862 1056 et

206 1082 464 1139 maxime
484 1083 775 1139 curiosam
797 1085 1251 1142 discurrentium
1270 1086 1647 1160 perfugarum
1666 1087 1861 1144 levita-

205 1177 325 1227 tem
359 1189 508 1227 novo
557 1173 811 1244 quodam
859 1174 1100 1230 decendi
1148 1174 1435 1232 lenocinio
1481 1181 1856 1248 occupantes,

204 1260 403 1333 primo
432 1261 623 1333 ipsam
654 1261 1089 1333 Scripturarum
1121 1264 1513 1336 superﬁciem,
1544 1266 1715 1336 quasi
1736 1265 1859 1338 pla-

204 1365 347 1405 nam
368 1350 442 1406 ad
460 1349 937 1422 septicolomnem
959 1352 1258 1425 sapientia;
1276 1353 1515 1409 domum
1544 1355 1863 1410 ostendunt

203 1439 384 1507 \iam,
421 1444 479 1495 et
508 1444 744 1510 rectam,
783 1439 943 1497 velut
975 1441 1048 1497 ad
1079 1446 1313 1514 portum
1361 1441 1571 1500 salutis
1617 1443 1860 1499 demon-

205 1531 402 1583 strant
447 1528 756 1585 semitam:
809 1529 1019 1585 deinde
1065 1529 1396 1603 sophistica:
1442 1530 1858 1605 disputationis

206 1616 436 1672 retibus
466 1621 689 1690 captos,
721 1621 779 1673 et
807 1617 1061 1674 carnalis
1088 1618 1341 1674 scientia
1360 1619 1661 1675 accumine
1681 1619 1857 1676 hebe—

205 1709 382 1772 tatos,
443 1721 548 1777 per
593 1706 887 1778 captiosos
942 1707 1283 1762 necessaria:
1335 1709 1857 1780 argumentationis

203 1794 436 1849 ducunt
466 1794 766 1850 anfractus
793 1813 805 1851 :
838 1795 1022 1850 donec
1050 1799 1323 1852 extranea
1352 1800 1410 1851 et
1461 1812 1494 1849 a
1536 1796 1723 1852 salute
1755 1812 1852 1868 pe-
1890 1832 1937 1895 Β

206 1882 443 1955 regrina
470 1882 844 1955 questionum
870 1884 1119 1939 novitate
1140 1882 1382 1957 pulchre
1418 1884 1489 1940 ad
1544 1884 1859 1957 perniciem

205 1972 554 2044 instructos,
594 1989 713 2028 una
758 1989 958 2028 secum
1002 1973 1344 2045 demergant
1390 1973 1449 2028 in
1499 1978 1742 2045 puteum
1774 1973 1862 2027 in-

203 2060 446 2117 terilus.

275 2149 467 2205 XXXI.
501 2149 673 2206 Tales
703 2165 841 2223 ergo
870 2150 1010 2222 quia
1040 2166 1155 2205 non
1187 2150 1525 2216 advertunt,
1559 2150 1714 2221 quod
1748 2166 1863 2204 non

206 2239 469 2295 humano
499 2244 603 2295 aut
628 2238 823 2294 saeculi
855 2255 1033 2295 sensu
1073 2239 1133 2292 in
1165 2238 1267 2294 Dei
1300 2238 1478 2294 rebus
1513 2238 1592 2293 sit
1622 2236 1864 2310 loquen-

206 2328 379 2396 dum,
413 2329 692 2401 quodque
720 2327 1020 2382 inventum
1052 2325 1168 2382 mel
1190 2326 1264 2382 ad
1286 2325 1726 2394 sufﬁcientiam,
1749 2343 1862 2382 non

208 2433 401 2489 usque
423 2416 494 2472 ad
518 2432 800 2473 nauseam
822 2416 899 2471 sit
919 2415 1368 2483 comedendum,
1412 2417 1555 2471 dum
1595 2432 1703 2471 sua
1733 2416 1862 2472 freti

208 2505 504 2578 sapientia
532 2505 780 2561 nimium
813 2504 1140 2576 majestatis
1168 2496 1463 2577 profunda
1507 2508 1862 2574 scrutantur,

209 2594 476 2667 Oppressi
493 2612 528 2649 a
538 2593 792 2666 gloriain
807 2609 1069 2650 errorum
1086 2594 1378 2667 profunda
1394 2593 1862 2666 przecipitantur:

210 2688 269 2740 et
296 2684 442 2739 dum
471 2682 831 2756 imprudenti
863 2681 1117 2739 carnalis
1147 2682 1453 2754 sapientiae
1483 2683 1729 2738 audacia
1756 2682 1866 2755 lip-

218 2772 443 2844 pientes
472 2770 675 2828 oculos
691 2769 1256 2841 animalishominis,
1277 2770 1378 2843 qui
1397 2788 1514 2827 non
1538 2771 1785 2845 percipit
1800 2788 1868 2828 ea

217 2878 341 2931 quze
370 2860 469 2917 Dei
503 2864 664 2930 sunt,
694 2860 754 2916 in
797 2876 999 2916 verum
1049 2858 1241 2915 Solem
1295 2859 1548 2932 defigere
1576 2859 1864 2928 nituntur,

220 2948 408 3021 ipsius
440 2949 751 3006 inaccessae
773 2948 924 3005 lucis
946 2949 1127 3005 radiis
1157 2948 1509 3020 repercussi,
1529 2947 1590 3003 in
1620 2948 1867 3004 exterio-

220 3056 314 3094 ics
340 3055 604 3094 errorum
649 3039 917 3094 tenebras
964 3036 1371 3110 projiciuntur.
1424 3037 1522 3092 Isti
1552 3037 1623 3092 de
1654 3036 1869 3092 divinis

220 3131 722 3184 sacramentorum
753 3125 1066 3199 mysteriis,
1090 3141 1322 3197 semper
1345 3124 1581 3197 quidem
1606 3140 1867 3181 reveren-

1968 575 2082 612 nus
2116 558 2443 626 Itemensis,
2490 561 3020 634 Drogo‘Pariensis,
3066 564 3356 636 Spirensis
3392 568 3611 626 Huore-

1968 663 2246 712 mannus,
2283 649 2779 722 Bavenbergensis
2823 652 3220 717 Meiubardus,
3254 662 3311 710 et
3340 662 3615 727 praeterea
3690 660 3695 665 ’

1969 735 2162 802 multi,
2196 741 2252 791 et
2280 742 2643 809 prastantes,
2666 744 2724 795 et
2752 742 3055 814 praecipuas
3090 744 3454 801 auctoritatis
3484 746 3611 815 viri,

1969 823 2092 895 qui,
2144 825 2401 896 praecisis
2451 827 2777 898 speciebus,
2848 834 2904 883 et
2963 830 3247 886 abdicatis
3290 831 3612 902 laboribus,

1968 912 2182 968 studiis
2230 913 2654 983 valetecerunt;
2708 921 2765 970 et
2811 916 3059 987 sapienti
3114 920 3352 974 consilio
3403 923 3512 991 usi,
3555 924 3612 979 in

1967 1000 2271 1074 theologia:
2302 1002 2486 1058 otium
2516 1011 2949 1061 concesserunt.
2989 1007 3102 1079 Ego
3136 1024 3266 1063 vero
3300 1009 3439 1080 quid
3473 1012 3615 1067 face-

1968 1106 2091 1146 rem
2112 1090 2251 1145 ?cur
2277 1108 2391 1147 non
2413 1090 2568 1147 idem
2594 1093 2717 1148 vitae
2733 1084 3096 1165 propositum
3123 1097 3193 1151 de
3214 1105 3416 1153 caetero
3442 1099 3614 1171 elige-

1969 1195 2092 1234 rem
2112 1179 2140 1232 ?
2162 1179 2278 1251 Ego
2300 1196 2433 1235 vero
2459 1197 2525 1235 ac
2548 1180 2776 1236 lubens.
2802 1183 2882 1236 Ad
2913 1184 3018 1237 hoc
3041 1185 3193 1238 enim
3236 1186 3341 1241 etsi
3366 1202 3613 1259 genera-

1969 1264 2042 1322 lis
2072 1267 2302 1338 piorum
2335 1269 2599 1323 omnium
2633 1270 2869 1340 querela
2906 1272 2989 1324 vel
3045 1289 3220 1327 causa
3248 1291 3339 1328 me
3371 1292 3482 1330 non
3516 1294 3610 1330 ur-

1968 1360 2145 1428 geret,
2196 1355 2514 1429 singularis
2576 1362 2773 1413 tamen
2838 1360 2962 1413 vita}
3031 1378 3167 1415 mea:
3207 1363 3508 1429 decursus,
3559 1370 3616 1420 et

1968 1460 2162 1498 rerum
2190 1461 2450 1500 mearum
2472 1452 2787 1517 proventus
2812 1464 2902 1502 me
2929 1449 3076 1502 idem
3097 1448 3310 1521 eligere
3331 1452 3476 1506 satis
3498 1469 3618 1507 mo-

1967 1532 2296 1587 neret.Vitae
2319 1537 2869 1606 namquedecursus
2889 1538 3395 1595 continuolaboris
3416 1541 3616 1596 attritu

1966 1622 2165 1677 effetas
2204 1622 2490 1690 exhaurit,
2526 1623 2574 1677 si
2608 1641 2733 1695 quae
2767 1631 3104 1696 supersunt,
3155 1629 3415 1699 corporis
3444 1630 3617 1700 vires,

1965 1714 2022 1764 et
2042 1715 2422 1781 praematuras
2458 1710 2740 1783 iuspergit
2777 1714 2951 1784 Capiti
2994 1716 3152 1767 nives
3179 1732 3191 1768 :
3219 1717 3372 1771 unde
3402 1722 3459 1772 et
3490 1735 3620 1774 ma-

1967 1802 2168 1852 turum
2190 1798 2331 1852 mihi
2359 1798 2617 1853 minatur
2636 1799 2897 1862 exitium.
2928 1801 3035 1854 nisi
3066 1809 3289 1857 mature
3318 1820 3409 1859 me
3431 1806 3619 1861 confe-

1974 1903 2097 1940 ram
2132 1886 2190 1940 in
2221 1886 2477 1956 quietem
2510 1892 2564 1942 et
2594 1889 2800 1943 otium.
2838 1894 3154 1943 Proventus
3197 1897 3391 1946 autem
3423 1910 3618 1950 rerum

1972 1990 2259 2042 mearum,
2276 1974 2411 2030 licet
2433 1976 2667 2031 abunde
2687 1979 3184 2048 expe‘ctaudurum
3207 1980 3411 2036 afﬂuat
3431 1983 3616 2054 c0pia,

1970 2065 2167 2116 tamen
2216 2062 2473 2117 maxime
2519 2062 2998 2117 desiderabilium
3055 2065 3357 2135 aporiatur
3400 2066 3617 2140 inopia,

1972 2165 2174 2204 eorum
2206 2150 2408 2221 utique
2441 2151 2513 2205 de
2542 2166 2718 2205 aureo
2752 2152 3042 2222 majorum
3084 2152 3293 2209 saeculo
3324 2155 3486 2226 prius
3517 2173 3621 2212 au-

1973 2239 2113 2306 dita,
2148 2255 2279 2310 qua:
2310 2238 2668 2294 felicioribus
2699 2246 2909 2294 nostrae.
2933 2242 3225 2296 memoriae
3257 2242 3462 2299 diebus
3498 2244 3622 2317 ipse

1971 2327 2160 2382 oculis
2175 2327 2319 2383 meis
2332 2327 2699 2392 vidi,scilicet
2711 2330 2883 2383 ﬁdem
2900 2346 3011 2383 non
3029 2330 3306 2397 ﬁctam,et
3317 2332 3621 2388 veritatem

1972 2416 2300 2487 integram;
2333 2424 2686 2489 praeceptum
2724 2418 2955 2473 Domini
3001 2418 3060 2472 iu
3111 2418 3356 2475 invicem
3388 2437 3622 2478 conser-

1971 2504 2396 2577 vare,justitias
2438 2510 2495 2561 et
2542 2506 2802 2578 aequitati
2854 2507 2996 2561 nihil
3052 2512 3441 2580 anteponere:
3477 2511 3621 2566 nihil

1974 2593 2270 2649 remittere
2293 2595 2362 2649 de
2383 2595 2664 2668 gravitate
2699 2595 3021 2670 disciplinae
3044 2602 3100 2650 et
3137 2596 3455 2668 religionis,
3475 2599 3621 2654 nihil

1974 2683 2282 2739 admittere
2307 2684 2460 2754 quod
2496 2701 2609 2739 non
2642 2688 2796 2739 esset
2836 2684 3080 2755 publicae
3130 2684 3402 2739 utilitatis
3433 2690 3490 2741 et
3517 2686 3621 2742 ho-

1975 2772 2257 2838 nestatis;
2292 2776 2610 2843 caateraque
2641 2771 2698 2825 id
2729 2788 2916 2842 genus
2946 2771 3161 2838 omnia,
3195 2788 3321 2844 quae
3355 2772 3414 2827 in
3447 2772 3621 2830 luteis

1974 2859 2246 2914 humana:
2279 2863 2497 2914 naturae
2530 2858 2788 2914 cratibus
2827 2858 3048 2914 auratis
3098 2866 3347 2931 possunt
3393 2867 3621 2919 mentes

1976 2946 2343 3013 mdiﬂcare,et
2364 2946 2421 3000 in
2455 2947 2610 3002 vasis
2642 2946 2916 3001 fictilibus
2947 2947 3363 3005 desiderabiles
3384 2950 3623 3008 thesau-

1975 3052 2071 3092 ros
2100 3035 2531 3107 reponere.Haec
2560 3041 2700 3090 sunt
2730 3051 2858 3106 quas
2894 3034 3239 3091 melioribus
3262 3044 3470 3095 nostra:
3502 3057 3625 3096 me-

1981 3123 2176 3196 moriae
2208 3124 2416 3179 diebus
2448 3139 2541 3178 me
2573 3123 2788 3190 videre,
2820 3127 2877 3179 et
2897 3123 2991 3179 his
3010 3123 3291 3181 interesse
3311 3126 3460 3181 serio
3480 3144 3624 3200 gau-

218 3215 331 3285 dis,
366 3231 470 3271 nec
499 3231 763 3287 unquam
804 3197 1062 3270 humano
1102 3230 1277 3270 sensu
1310 3218 1412 3269 aut
1442 3213 1665 3269 ratione
1694 3214 1868 3269 attin-
1900 3197 1943 3263 C
1982 3213 2214 3268 debam.
2248 3212 2412 3267 Nunc
2440 3228 2574 3267 vero
2607 3212 2747 3283 quia
2778 3229 2921 3284 pene
2967 3227 3034 3267 ex
3083 3218 3201 3268 toto
3248 3197 3621 3286 defecerunt;

212 3303 453 3374 gendis,
473 3304 613 3359 dum
627 3303 827 3376 impiis
846 3320 956 3358 non
976 3302 1670 3358 timentconlentionibus
1686 3303 1870 3359 inser-

206 3392 360 3459 vire,
386 3391 530 3448 nihil
550 3409 691 3449 sano
728 3392 932 3448 auditu
968 3390 1211 3464 dignum
1240 3394 1540 3447 merentur
1560 3392 1825 3448 diffinere
1854 3411 1868 3461 ;

208 3501 227 3537 ί
250 3487 271 3538 t
293 3481 444 3536 dum
466 3486 682 3537 naturae
703 3481 985 3537 terminos
1008 3478 1542 3547 voluntincludere,
1564 3480 1693 3537 etid
1714 3482 1868 3553 quod

201 3571 403 3627 tutius
425 3569 728 3626 rationalis
747 3573 1023 3626 creaturae
1049 3569 1330 3624 rationem
1346 3586 1411 3625 su
1421 3569 1871 3642 perat,humana

201 3659 444 3717 ratione
473 3663 729 3732 pergunt
759 3657 1122 3723 concludere,
1145 3672 1277 3713 vere
1308 3656 1365 3712 in
1406 3656 1658 3730 lapidem
1692 3660 1868 3714 offen-

200 3747 401 3807 sionis
427 3752 486 3805 et
506 3752 729 3821 petram
774 3746 1033 3803 scandali
1079 3746 1451 3819 impingunt:
1484 3748 1624 3820 quia
1653 3749 1724 3804 de
1756 3749 1868 3820 piis

198 3837 647 3895 sanedoctrinaa
673 3836 949 3892 uberibus
982 3851 1083 3907 pro
1110 3833 1278 3904 lacte,
1312 3834 1587 3908 butyrum
1620 3842 1866 3893 autsan—

199 3927 452 3999 guinem
521 3925 845 3998 exprimere
910 3923 1290 3979 contendunt.
1362 3924 1520 3981 Hanc
1582 3925 1868 3981 mortiferi

199 4015 506 4089 dogmatis
536 4019 760 4087 pestem
800 4014 873 4069 ab
922 4011 1181 4067 Ecclesia
1228 4028 1339 4069 sua
1388 4011 1654 4069 Christus
1695 4013 1868 4070 Jesus

199 4104 494 4160 radicitus
518 4101 746 4170 evellet,
777 4101 1125 4174 priusquam
1167 4100 1466 4156 modicum
1511 4100 1862 4158 fermentum

206 4199 395 4249 tatam
425 4207 686 4249 massam
716 4194 1076 4262 corrumpat.
1776 4186 1789 4193 ’

284 4280 509 4337 XXXII.
541 4280 688 4336 Cum
717 4295 854 4352 ergo
885 4278 996 4334 hoc
1035 4278 1247 4346 toxico,
1292 4277 1533 4351 insuper
1578 4282 1636 4335 et
1665 4278 1864 4334 multi-

203 4371 386 4425 inrmi
415 4368 655 4426 malitia
694 4373 753 4424 et
795 4367 1069 4440 nequitia
1118 4368 1402 4424 fermento
1442 4372 1565 4424 tota
1605 4368 1865 4440 undique

197 4458 240 4513 fl
269 4460 593 4514 rmentetur
610 4455 886 4523 Ecclesia,
912 4470 1017 4511 nec
1047 4470 1299 4527 usquam
1336 4470 1481 4526 pene
1511 4453 1865 4511 sinceritatis

1980 3320 2095 3358 non
2136 3306 2255 3356 tam
2306 3316 2520 3369 meam,
2571 3317 2748 3372 quam
2797 3317 3169 3358 communem
3217 3303 3400 3359 deﬂeo
3451 3305 3623 3360 mise-

1980 3391 2148 3447 riam.
3596 3454 3600 3458 _

2049 3479 2288 3535 XXXIV.
2322 3481 2391 3535 Et
2420 3485 2484 3535 ut
2528 3480 2879 3553 antiquiora,
2930 3486 2987 3536 et
3032 3483 3105 3538 ob
3153 3482 3261 3538 hoc
3294 3482 3534 3539 meliora
3564 3501 3626 3540 se

1978 3575 2202 3625 taceam
2234 3573 2517 3643 tempora,
2547 3573 2604 3624 et
2633 3570 2704 3624 de
2736 3569 2829 3625 his
2859 3569 3068 3642 loquar
3105 3588 3232 3645 quae
3270 3575 3477 3643 partim
3514 3574 3625 3646 ipsi

1976 3659 2251 3725 vidimus,
2271 3658 2481 3730 partim
2509 3665 2768 3714 recenter
2784 3664 2948 3730 gesta
2971 3659 3123 3714 lideli
3162 3660 3438 3716 relatione
3472 3662 3623 3716 didi-

1977 3748 2204 3803 cimus:
2239 3766 2273 3803 a
2302 3748 2508 3803 diebus
2539 3747 2760 3802 domini
2791 3747 3023 3818 Notgeri
3070 3752 3278 3802 nostra:
3309 3750 3470 3803 urbis
3502 3750 3621 3821 epi—

1978 3836 2158 3907 scopi,
2190 3852 2391 3891 eorum
2424 3836 2769 3907 pontificum
2818 3834 2917 3905 qui
2973 3835 3023 3890 ei
3073 3837 3533 3908 contemporales
3564 3837 3621 3892 in

1976 3923 2230 3980 Ecclesia
2259 3924 2542 3978 ﬂorebant
2562 3921 2857 3995 prmcipui,
2883 3939 3068 3994 usque
3089 3924 3160 3979 ad
3182 3923 3304 3979 haec
3345 3941 3472 3997 quas
3501 3926 3621 3996 jam

1978 4013 2036 4068 in
2069 4013 2305 4068 miseria
2333 4012 2700 4067 deﬂuxerunt
2728 4012 2843 4067 duo
2883 4010 3089 4081 lustra,
3141 4013 3540 4071 misericordia
3569 4021 3628 4071 et

1973 4101 2186 4157 veritas
2216 4101 2596 4157 obviaverunt
2636 4100 2769 4168 sibi,
2814 4100 3051 4172 justitia
3095 4106 3152 4157 et
3198 4119 3310 4174 pax
3352 4103 3623 4160 osculata:

1974 4194 2130 4245 sunt.
2160 4190 2325 4244 Nunc
2354 4193 2547 4245 autem
2572 4190 2643 4245 de
2675 4194 2830 4245 terra
2859 4188 3091 4245 sublata
3108 4194 3215 4258 est,
3244 4195 3301 4246 et
3315 4193 3543 4261 justitia
3566 4193 3623 4248 in

1973 4278 2185 4335 ccelum
2218 4277 2478 4350 recessit,
2511 4283 2568 4334 et
2596 4278 2899 4350 repentino
2942 4279 3193 4350 quodam
3235 4280 3479 4335 fortunae
3513 4281 3624 4335 im-

1972 4372 2131 4440 petu,
2163 4370 2221 4424 et
2264 4372 2635 4423 monstruosa
2663 4383 2858 4422 rerum
2892 4367 3325 4439 perturbatione
3355 4368 3626 4423 universa

1973 4462 2029 4512 et
2053 4472 2322 4529 perversa
2353 4460 2493 4510 sunt
2520 4455 2720 4511 omnia
2743 4473 2756 4523 ;
2790 4460 2865 4523 et,
2900 4458 2965 4509 ut
2992 4453 3241 4509 breviter
3261 4454 3476 4524 dicam,
3496 4472 3621 4510 om-

194 4552 255 4601 e‘
290 4544 547 4602 veritatis
567 4544 862 4616 integrum
886 4546 1147 4598 servetur
1166 4559 1670 4616 azymazcumque
1694 4559 1863 4598 nemo
1894 4565 1941 4629 D
1975 4544 2072 4600 nia
2102 4544 2395 4618 praedictis
2421 4544 2731 4600 contraria.
2778 4544 2933 4599 Adeo
2981 4545 3046 4596 ut
3075 4542 3123 4597 si
3171 4542 3303 4612 quis
3336 4542 3488 4597 inter
3515 4542 3622 4599 has

185 4654 231 4707 ι,
254 4651 361 4691 -mc
387 4634 463 4690 sit
496 4633 598 4706 qui
631 4637 833 4688 contra
862 4630 982 4687 haec
1011 4630 1099 4687 vel
1123 4633 1195 4688 ad
1217 4647 1352 4687 vera
1373 4632 1535 4687 bonae
1552 4630 1676 4686 vita:
1698 4631 1865 4687 insti-

190 4730 244 4777 ti
259 4726 359 4792 ita,
378 4722 465 4779 vel
486 4721 735 4779 laboreti
742 4737 866 4794 pse,
888 4719 976 4777 vel
995 4719 1359 4776 laborantem
1377 4720 1447 4775 de
1462 4718 1582 4775 vita
1599 4721 1862 4775 mercede

194 4816 579 4879 remuneret;
612 4814 670 4867 et
698 4810 771 4866 ob
801 4809 911 4865 hoc
937 4810 1064 4881 ipsa
1092 4826 1219 4881 qua
1249 4809 1343 4864 vix
1373 4808 1608 4865 residua
1637 4813 1743 4875 est,
1776 4809 1857 4864 la-

193 4901 546 4956 borantium
571 4898 835 4973 paucitas
853 4898 1025 4954 taedio
1049 4898 1219 4966 victa,
1242 4916 1276 4954 a
1307 4897 1505 4954 labore
1533 4901 1819 4970 temperet
1843 4916 1855 4954 :

190 4987 347 5062 quis
371 4989 601 5063 negotio
630 5004 748 5044 non
776 4991 1092 5059 anteponat
1121 4986 1305 5042 otium
1328 4987 1357 5041 ?
1385 4986 1519 5057 quis
1549 4986 1743 5041 inutili
1774 4986 1856 5043 la—

192 5077 339 5134 buri
371 5083 427 5135 et
454 5075 698 5136 clamori
729 5076 797 5131 ad
832 5076 1044 5132 surdos
1076 5092 1190 5131 non
1232 5075 1497 5148 praeferat
1517 5075 1771 5147 quietem
1802 5080 1858 5131 ct

186 5165 510 5222 silentium
532 5166 561 5221 ‘I
589 5166 779 5233 Posui,
831 5164 1045 5237 inquit,
1094 5166 1210 5221 ario
1237 5181 1360 5223 meo
1407 5165 1707 5220 custodiam
1735 5182 1857 5221 cum

186 5273 240 5311 σε
256 5256 525 5311 ιηδίειενει
548 5259 802 5328 peccator
829 5254 1121 5310 adversum
1147 5270 1269 5310 me:
1304 5254 1570 5322 obmutui,
1602 5258 1653 5310 et
1671 5255 1855 5310 humi-

190 5346 377 5400 lmtus
404 5361 546 5411 sum,
579 5348 631 5399 et
658 5344 797 5400 silui
824 5361 857 5398 a
888 5343 1057 5399 bonis.
1090 5343 1162 5399 Et
1205 5343 1345 5415 quid
1373 5343 1712 5415 hujusmodi
1741 5343 1855 5400 hu-

188 5430 450 5490 niiliatis
479 5438 538 5489 et
561 5450 596 5489 a
619 5433 771 5488 bono
801 5431 1113 5488 silentibus
1142 5432 1435 5504 agendum
1457 5432 1534 5488 sit
1569 5431 1854 5490 Jeremias

189 5521 377 5578 ἁδροί
403 5523 644 5580 dicens:
688 5521 899 5579 Sedebit
925 5521 1208 5579 solitarius
1236 5525 1287 5579 et
1314 5521 1511 5580 tacebit
1528 5539 1548 5583 .'
1595 5524 1726 5596 quia
1774 5523 1852 5581 le-

185 5616 357 5675 um:
377 5629 434 5673 se
463 5626 627 5690 super
660 5627 735 5672 se.

1976 4632 2173 4689 saeculi
2203 4638 2581 4705 tempestates
2612 4633 2815 4688 eodem
2859 4630 3105 4686 rationis
3134 4629 3289 4686 claro
3336 4638 3394 4687 et
3415 4631 3620 4688 eadem

1968 4722 2061 4777 via
2094 4723 2526 4787 mandatorum,
2561 4720 2730 4792 quasi
2760 4719 3082 4774 caelestium
3117 4719 3295 4774 ductu
3327 4721 3619 4792 siderum;

1968 4810 2104 4867 velit
2133 4814 2391 4883 seipsum
2421 4815 2479 4864 et
2506 4808 2617 4864 sibi
2666 4809 2884 4864 credita
2927 4823 3142 4879 regere,
3191 4807 3319 4880 ipsa
3348 4811 3621 4867 turbidus

1966 4898 2239 4955 violentia
2266 4912 2582 4971 percussus
2625 4901 2867 4969 cogatur
2914 4897 2986 4952 ab
3030 4896 3284 4970 incoepto
3315 4900 3619 4957 desistere.

1968 4990 2133 5053 Quod
2182 5005 2360 5060 quam
2408 4985 2707 5051 horribile,
2763 5002 2938 5057 quam
2988 4988 3237 5043 monstri
3286 4988 3479 5045 simile
3524 4991 3619 5057 sit,

1968 5077 2112 5132 nulli
2143 5076 2309 5132 facile
2323 5073 2661 5147 explicabile
2675 5079 2780 5129 est.
2799 5075 3071 5147 Legimus
3086 5078 3239 5132 enim
3263 5078 3453 5133 nobile
3478 5078 3620 5132 illud

1966 5165 2174 5238 prioris
2197 5163 2391 5222 saeculi
2411 5180 2621 5219 aurum
2637 5169 2877 5234 argento
2893 5166 3113 5220 caeteris
3147 5166 3438 5220 inferioris
3451 5164 3620 5236 pretii

1967 5253 2221 5310 metallis
2252 5253 2475 5310 sensim
2497 5256 2550 5308 et
2579 5268 2682 5325 per
2701 5256 3034 5324 temporum
3057 5252 3361 5308 intervalla
3380 5253 3621 5325 degene-

1964 5359 2148 5411 rasse,
2183 5360 2287 5399 nec
2312 5349 2431 5399 tam
2455 5343 2651 5399 subito
2684 5341 2775 5398 sui
2797 5340 3006 5397 coloris
3043 5342 3294 5413 speciem
3327 5343 3614 5400 amisisse.

1962 5433 2129 5489 Nunc
2146 5436 2363 5500 autem,
2387 5436 2452 5487 ut
2469 5431 2840 5504 praemissum
2862 5435 2969 5497 est,
2986 5435 3360 5488 monstruosa
3379 5436 3437 5488 et
3458 5432 3622 5492 inau‘

1961 5520 2083 5577 dita
2112 5520 2367 5594 quadam
2416 5536 2617 5577 rerum
2665 5518 3121 5594 perturbatione,
3173 5520 3342 5591 quasi
3388 5522 3446 5576 in
3492 5539 3615 5579 mo-

1962 5615 2181 5687 mento,
2215 5627 2250 5672 a
2279 5627 2386 5672 suo
2417 5614 2574 5672 statu
2605 5612 2889 5673 subversa
2917 5612 3056 5671 sunt
3083 5609 3320 5685 omnia;
3346 5627 3450 5670 nec
3471 5627 3619 5688 pene
