  <div class='ocr_page' id='page_1' title='image "/cluster/home/n/w/nwhite01/storage/ocr_20150623/143/hvd.32044054760038/459.png"; bbox 0 0 4086 6168; ppageno 0'>
   <div class='ocr_carea' id='block_1_1' title="bbox 478 318 596 378">
    <p class='ocr_par' dir='ltr' id='par_1_1' title="bbox 478 318 596 378">
     <span class='ocr_line' id='line_1_1' title="bbox 478 318 596 378; baseline -0.017 0"><span class='ocrx_word' id='word_1_1' title='bbox 478 318 596 378; x_wconf 87' lang='grc'>903</span> 
     </span>
    </p>
   </div>
   <div class='ocr_carea' id='block_1_2' title="bbox 1678 308 2681 372">
    <p class='ocr_par' dir='ltr' id='par_1_2' title="bbox 1678 308 2681 372">
     <span class='ocr_line' id='line_1_2' title="bbox 1678 308 2681 372; baseline -0.002 0"><span class='ocrx_word' id='word_1_2' title='bbox 1678 308 2101 372; x_wconf 78' lang='lat' dir='ltr'>GOZECHINI</span> <span class='ocrx_word' id='word_1_3' title='bbox 2147 309 2681 372; x_wconf 85' lang='lat' dir='ltr'>SCHOLASTlCl.</span> 
     </span>
    </p>
   </div>
   <div class='ocr_carea' id='block_1_3' title="bbox 3761 309 3879 370">
    <p class='ocr_par' dir='ltr' id='par_1_3' title="bbox 3761 309 3879 370">
     <span class='ocr_line' id='line_1_3' title="bbox 3761 309 3879 370; baseline 0 0"><span class='ocrx_word' id='word_1_4' title='bbox 3761 309 3879 370; x_wconf 69' lang='lat'>904</span> 
     </span>
    </p>
   </div>
   <div class='ocr_carea' id='block_1_4' title="bbox 480 440 3875 523">
    <p class='ocr_par' dir='ltr' id='par_1_4' title="bbox 480 440 3875 523">
     <span class='ocr_line' id='line_1_4' title="bbox 480 440 3875 523; baseline -0.002 -19"><span class='ocrx_word' id='word_1_5' title='bbox 480 451 793 523; x_wconf 55' lang='lat' dir='ltr'>quisquam</span> <span class='ocrx_word' id='word_1_6' title='bbox 824 450 930 513; x_wconf 90' lang='lat' dir='ltr'>est,</span> <span class='ocrx_word' id='word_1_7' title='bbox 965 446 1065 517; x_wconf 87' lang='lat' dir='ltr'>qui</span> <span class='ocrx_word' id='word_1_8' title='bbox 1099 444 1314 518; x_wconf 87' lang='lat' dir='ltr'>proprii</span> <span class='ocrx_word' id='word_1_9' title='bbox 1358 443 1581 500; x_wconf 82' lang='lat' dir='ltr'>ordinis</span> <span class='ocrx_word' id='word_1_10' title='bbox 1614 443 1699 498; x_wconf 82' lang='lat' dir='ltr'>vel</span> <span class='ocrx_word' id='word_1_11' title='bbox 1730 441 1905 498; x_wconf 86' lang='lat' dir='ltr'>ofﬁcii</span> <span class='ocrx_word' id='word_1_12' title='bbox 1938 447 2126 497; x_wconf 63' lang='lat' dir='ltr'>servet</span> <span class='ocrx_word' id='word_1_13' title='bbox 2155 446 2208 509; x_wconf 85' lang='grc' dir='ltr'><strong>Α</strong></span> <span class='ocrx_word' id='word_1_14' title='bbox 2242 443 2410 497; x_wconf 72' lang='lat' dir='ltr'>modo</span> <span class='ocrx_word' id='word_1_15' title='bbox 2464 444 2615 514; x_wconf 85' lang='lat' dir='ltr'>quod</span> <span class='ocrx_word' id='word_1_16' title='bbox 2667 442 2964 513; x_wconf 68' lang='lat' dir='ltr'>quaerebat</span> <span class='ocrx_word' id='word_1_17' title='bbox 3012 440 3247 497; x_wconf 89' lang='lat' dir='ltr'>dantem</span> <span class='ocrx_word' id='word_1_18' title='bbox 3296 443 3572 496; x_wconf 80' lang='lat' dir='ltr'>excusat:</span> <span class='ocrx_word' id='word_1_19' title='bbox 3617 446 3875 512; x_wconf 82' lang='lat' dir='ltr'>perorata</span> 
     </span>
    </p>
   </div>
   <div class='ocr_carea' id='block_1_5' title="bbox 454 532 2119 611">
    <p class='ocr_par' dir='ltr' id='par_1_5' title="bbox 454 532 2119 611">
     <span class='ocr_line' id='line_1_5' title="bbox 454 532 2119 611; baseline -0.005 -18"><span class='ocrx_word' id='word_1_20' title='bbox 454 534 737 611; x_wconf 73' lang='lat' dir='ltr'>&#39;legitima</span> <span class='ocrx_word' id='word_1_21' title='bbox 762 554 774 590; x_wconf 91' lang='lat'><strong>:</strong></span> <span class='ocrx_word' id='word_1_22' title='bbox 800 536 898 590; x_wconf 86' lang='lat' dir='ltr'>sed</span> <span class='ocrx_word' id='word_1_23' title='bbox 922 532 1310 589; x_wconf 88' lang='lat' dir='ltr'>desiderabile</span> <span class='ocrx_word' id='word_1_24' title='bbox 1329 532 1472 589; x_wconf 91' lang='lat' dir='ltr'>illud</span> <span class='ocrx_word' id='word_1_25' title='bbox 1511 532 1694 588; x_wconf 78' lang='lat' dir='ltr'>nostri</span> <span class='ocrx_word' id='word_1_26' title='bbox 1718 532 1997 604; x_wconf 84' lang='lat' dir='ltr'>temporis</span> <span class='ocrx_word' id='word_1_27' title='bbox 2020 549 2119 586; x_wconf 85' lang='lat' dir='ltr'>au-</span> 
     </span>
    </p>
   </div>
   <div class='ocr_carea' id='block_1_6' title="bbox 477 621 2121 697">
    <p class='ocr_par' dir='ltr' id='par_1_6' title="bbox 477 621 2121 697">
     <span class='ocr_line' id='line_1_6' title="bbox 477 621 2121 697; baseline -0.004 -15"><span class='ocrx_word' id='word_1_28' title='bbox 477 643 609 682; x_wconf 91' lang='lat' dir='ltr'>rum</span> <span class='ocrx_word' id='word_1_29' title='bbox 632 624 933 697; x_wconf 89' lang='lat' dir='ltr'>repentino</span> <span class='ocrx_word' id='word_1_30' title='bbox 955 624 1209 693; x_wconf 86' lang='lat' dir='ltr'>quodam</span> <span class='ocrx_word' id='word_1_31' title='bbox 1232 639 1393 688; x_wconf 84' lang='lat' dir='ltr'>casu,</span> <span class='ocrx_word' id='word_1_32' title='bbox 1433 639 1542 677; x_wconf 91' lang='lat' dir='ltr'>non</span> <span class='ocrx_word' id='word_1_33' title='bbox 1578 626 1642 677; x_wconf 93' lang='lat' dir='ltr'>ut</span> <span class='ocrx_word' id='word_1_34' title='bbox 1661 621 1825 693; x_wconf 88' lang='lat' dir='ltr'>prius</span> <span class='ocrx_word' id='word_1_35' title='bbox 1854 638 1956 692; x_wconf 90' lang='lat' dir='ltr'>per</span> <span class='ocrx_word' id='word_1_36' title='bbox 1976 626 2121 676; x_wconf 91' lang='lat' dir='ltr'>tem-</span> 
     </span>
    </p>
   </div>
   <div class='ocr_carea' id='block_1_7' title="bbox 475 709 2125 787">
    <p class='ocr_par' dir='ltr' id='par_1_7' title="bbox 475 709 2125 787">
     <span class='ocr_line' id='line_1_7' title="bbox 475 709 2125 787; baseline -0.004 -17"><span class='ocrx_word' id='word_1_37' title='bbox 475 731 682 787; x_wconf 86' lang='lat' dir='ltr'>porum</span> <span class='ocrx_word' id='word_1_38' title='bbox 736 711 1055 776; x_wconf 85' lang='lat' dir='ltr'>intervalla,</span> <span class='ocrx_word' id='word_1_39' title='bbox 1130 727 1243 765; x_wconf 89' lang='lat' dir='ltr'>non</span> <span class='ocrx_word' id='word_1_40' title='bbox 1289 709 1347 764; x_wconf 92' lang='lat' dir='ltr'>in</span> <span class='ocrx_word' id='word_1_41' title='bbox 1415 714 1724 782; x_wconf 82' lang='lat' dir='ltr'>argentum</span> <span class='ocrx_word' id='word_1_42' title='bbox 1781 709 1867 764; x_wconf 84' lang='lat' dir='ltr'>vel</span> <span class='ocrx_word' id='word_1_43' title='bbox 1918 714 2125 764; x_wconf 64' lang='lat' dir='ltr'>caetera</span> 
     </span>
    </p>
   </div>
   <div class='ocr_carea' id='block_1_8' title="bbox 475 797 2122 875">
    <p class='ocr_par' dir='ltr' id='par_1_8' title="bbox 475 797 2122 875">
     <span class='ocr_line' id='line_1_8' title="bbox 475 797 2122 875; baseline -0.005 -15"><span class='ocrx_word' id='word_1_44' title='bbox 475 802 770 875; x_wconf 81' lang='lat' dir='ltr'>quantivis</span> <span class='ocrx_word' id='word_1_45' title='bbox 800 799 971 873; x_wconf 92' lang='lat' dir='ltr'>pretii</span> <span class='ocrx_word' id='word_1_46' title='bbox 1000 797 1253 865; x_wconf 86' lang='lat' dir='ltr'>metalla,</span> <span class='ocrx_word' id='word_1_47' title='bbox 1287 799 1386 854; x_wconf 91' lang='lat' dir='ltr'>sed</span> <span class='ocrx_word' id='word_1_48' title='bbox 1422 799 1479 853; x_wconf 91' lang='lat' dir='ltr'>in</span> <span class='ocrx_word' id='word_1_49' title='bbox 1511 798 1790 870; x_wconf 79' lang='lat' dir='ltr'>stipulam</span> <span class='ocrx_word' id='word_1_50' title='bbox 1812 803 1869 853; x_wconf 91' lang='lat' dir='ltr'>et</span> <span class='ocrx_word' id='word_1_51' title='bbox 1900 798 2122 865; x_wconf 87' lang='lat' dir='ltr'>fenum,</span> 
     </span>
    </p>
   </div>
   <div class='ocr_carea' id='block_1_9' title="bbox 473 886 2121 948">
    <p class='ocr_par' dir='ltr' id='par_1_9' title="bbox 473 886 2121 948">
     <span class='ocr_line' id='line_1_9' title="bbox 473 886 2121 948; baseline -0.005 0"><span class='ocrx_word' id='word_1_52' title='bbox 473 897 574 948; x_wconf 90' lang='lat' dir='ltr'>aut</span> <span class='ocrx_word' id='word_1_53' title='bbox 603 895 758 948; x_wconf 88' lang='lat' dir='ltr'>certe</span> <span class='ocrx_word' id='word_1_54' title='bbox 785 889 843 943; x_wconf 90' lang='lat' dir='ltr'>in</span> <span class='ocrx_word' id='word_1_55' title='bbox 877 887 1130 944; x_wconf 80' lang='lat' dir='ltr'>favillam</span> <span class='ocrx_word' id='word_1_56' title='bbox 1163 891 1219 942; x_wconf 77' lang='lat' dir='ltr'>et</span> <span class='ocrx_word' id='word_1_57' title='bbox 1248 887 1502 942; x_wconf 91' lang='lat' dir='ltr'>cinerem</span> <span class='ocrx_word' id='word_1_58' title='bbox 1546 887 1786 942; x_wconf 88' lang='lat' dir='ltr'>omnino</span> <span class='ocrx_word' id='word_1_59' title='bbox 1821 886 2121 942; x_wconf 89' lang='lat' dir='ltr'>redactum</span> 
     </span>
    </p>
   </div>
   <div class='ocr_carea' id='block_1_10' title="bbox 473 974 2119 1048">
    <p class='ocr_par' dir='ltr' id='par_1_10' title="bbox 473 974 2119 1048">
     <span class='ocr_line' id='line_1_10' title="bbox 473 974 2119 1048; baseline -0.005 -11"><span class='ocrx_word' id='word_1_60' title='bbox 473 986 582 1037; x_wconf 89' lang='lat' dir='ltr'>est.</span> <span class='ocrx_word' id='word_1_61' title='bbox 615 979 688 1035; x_wconf 91' lang='lat' dir='ltr'>Ut</span> <span class='ocrx_word' id='word_1_62' title='bbox 711 977 864 1034; x_wconf 88' lang='lat' dir='ltr'>enim</span> <span class='ocrx_word' id='word_1_63' title='bbox 895 981 1110 1032; x_wconf 91' lang='lat' dir='ltr'>cunctu</span> <span class='ocrx_word' id='word_1_64' title='bbox 1138 993 1269 1048; x_wconf 68' lang='lat' dir='ltr'>quae</span> <span class='ocrx_word' id='word_1_65' title='bbox 1291 975 1562 1047; x_wconf 87' lang='lat' dir='ltr'>superius</span> <span class='ocrx_word' id='word_1_66' title='bbox 1600 974 1847 1047; x_wconf 81' lang='lat' dir='ltr'>objectis</span> <span class='ocrx_word' id='word_1_67' title='bbox 1879 974 2000 1029; x_wconf 85' lang='lat' dir='ltr'>tuis</span> <span class='ocrx_word' id='word_1_68' title='bbox 2031 990 2119 1029; x_wconf 91' lang='lat' dir='ltr'>re-</span> 
     </span>
    </p>
   </div>
   <div class='ocr_carea' id='block_1_11' title="bbox 472 1061 2119 1141">
    <p class='ocr_par' dir='ltr' id='par_1_11' title="bbox 472 1061 2119 1141">
     <span class='ocr_line' id='line_1_11' title="bbox 472 1061 2119 1141; baseline -0.006 -15"><span class='ocrx_word' id='word_1_69' title='bbox 472 1068 813 1141; x_wconf 90' lang='lat' dir='ltr'>spondendo</span> <span class='ocrx_word' id='word_1_70' title='bbox 832 1067 1150 1136; x_wconf 89' lang='lat' dir='ltr'>dequestus</span> <span class='ocrx_word' id='word_1_71' title='bbox 1168 1082 1321 1133; x_wconf 92' lang='lat' dir='ltr'>sum,</span> <span class='ocrx_word' id='word_1_72' title='bbox 1348 1064 1763 1136; x_wconf 90' lang='lat' dir='ltr'>compendiose</span> <span class='ocrx_word' id='word_1_73' title='bbox 1781 1061 2119 1134; x_wconf 89' lang='lat' dir='ltr'>recolligam</span> 
     </span>
    </p>
   </div>
   <div class='ocr_carea' id='block_1_12' title="bbox 470 1150 2117 1230">
    <p class='ocr_par' dir='ltr' id='par_1_12' title="bbox 470 1150 2117 1230">
     <span class='ocr_line' id='line_1_12' title="bbox 470 1150 2117 1230; baseline -0.005 -17"><span class='ocrx_word' id='word_1_74' title='bbox 470 1156 716 1230; x_wconf 82' lang='lat' dir='ltr'>epilogo,</span> <span class='ocrx_word' id='word_1_75' title='bbox 741 1159 1051 1228; x_wconf 85' lang='lat' dir='ltr'>postquam</span> <span class='ocrx_word' id='word_1_76' title='bbox 1078 1152 1407 1209; x_wconf 90' lang='lat' dir='ltr'>clarissima</span> <span class='ocrx_word' id='word_1_77' title='bbox 1428 1153 1542 1207; x_wconf 94' lang='lat' dir='ltr'>duo</span> <span class='ocrx_word' id='word_1_78' title='bbox 1574 1150 1840 1208; x_wconf 72' lang='lat' dir='ltr'>Ecclesia:</span> <span class='ocrx_word' id='word_1_79' title='bbox 1865 1150 2117 1205; x_wconf 90' lang='lat' dir='ltr'>lumina-</span> 
     </span>
    </p>
   </div>
   <div class='ocr_carea' id='block_1_13' title="bbox 469 1239 2119 1317">
    <p class='ocr_par' dir='ltr' id='par_1_13' title="bbox 469 1239 2119 1317">
     <span class='ocr_line' id='line_1_13' title="bbox 469 1239 2119 1317; baseline -0.005 -15"><span class='ocrx_word' id='word_1_80' title='bbox 469 1247 577 1313; x_wconf 89' lang='lat' dir='ltr'>ria,</span> <span class='ocrx_word' id='word_1_81' title='bbox 611 1263 738 1317; x_wconf 71' lang='lat' dir='ltr'>que:</span> <span class='ocrx_word' id='word_1_82' title='bbox 765 1244 943 1299; x_wconf 89' lang='lat' dir='ltr'>nimis</span> <span class='ocrx_word' id='word_1_83' title='bbox 966 1259 1094 1297; x_wconf 89' lang='lat' dir='ltr'>sero</span> <span class='ocrx_word' id='word_1_84' title='bbox 1114 1243 1266 1297; x_wconf 85' lang='lat' dir='ltr'>Deus</span> <span class='ocrx_word' id='word_1_85' title='bbox 1290 1241 1575 1310; x_wconf 84' lang='lat' dir='ltr'>accendit,</span> <span class='ocrx_word' id='word_1_86' title='bbox 1600 1245 1657 1295; x_wconf 91' lang='lat' dir='ltr'>et</span> <span class='ocrx_word' id='word_1_87' title='bbox 1694 1239 1873 1295; x_wconf 90' lang='lat' dir='ltr'>nimis</span> <span class='ocrx_word' id='word_1_88' title='bbox 1893 1243 2119 1294; x_wconf 88' lang='lat' dir='ltr'>mature</span> 
     </span>
    </p>
   </div>
   <div class='ocr_carea' id='block_1_14' title="bbox 469 1328 2118 1390">
    <p class='ocr_par' dir='ltr' id='par_1_14' title="bbox 469 1328 2118 1390">
     <span class='ocr_line' id='line_1_14' title="bbox 469 1328 2118 1390; baseline -0.005 0"><span class='ocrx_word' id='word_1_89' title='bbox 469 1336 527 1390; x_wconf 91' lang='lat' dir='ltr'>in</span> <span class='ocrx_word' id='word_1_90' title='bbox 562 1333 903 1389; x_wconf 88' lang='lat' dir='ltr'>abscondito</span> <span class='ocrx_word' id='word_1_91' title='bbox 944 1331 1110 1385; x_wconf 82' lang='lat' dir='ltr'>faciei</span> <span class='ocrx_word' id='word_1_92' title='bbox 1150 1347 1266 1384; x_wconf 69' lang='lat' dir='ltr'>suae</span> <span class='ocrx_word' id='word_1_93' title='bbox 1290 1347 1323 1384; x_wconf 90' lang='lat' dir='ltr'>a</span> <span class='ocrx_word' id='word_1_94' title='bbox 1346 1328 1789 1384; x_wconf 88' lang='lat' dir='ltr'>conturbatione</span> <span class='ocrx_word' id='word_1_95' title='bbox 1810 1328 2118 1382; x_wconf 87' lang='lat' dir='ltr'>hominum</span> 
     </span>
    </p>
   </div>
   <div class='ocr_carea' id='block_1_15' title="bbox 469 1417 2114 1489">
    <p class='ocr_par' dir='ltr' id='par_1_15' title="bbox 469 1417 2114 1489">
     <span class='ocr_line' id='line_1_15' title="bbox 469 1417 2114 1489; baseline -0.005 -11"><span class='ocrx_word' id='word_1_96' title='bbox 469 1422 797 1486; x_wconf 86' lang='lat' dir='ltr'>abscondit,</span> <span class='ocrx_word' id='word_1_97' title='bbox 830 1420 1143 1474; x_wconf 85' lang='lat' dir='ltr'>Henricum</span> <span class='ocrx_word' id='word_1_98' title='bbox 1175 1418 1303 1473; x_wconf 90' lang='lat' dir='ltr'>dico</span> <span class='ocrx_word' id='word_1_99' title='bbox 1336 1417 1660 1474; x_wconf 89' lang='lat' dir='ltr'>secundum</span> <span class='ocrx_word' id='word_1_100' title='bbox 1684 1417 2114 1489; x_wconf 82' lang='lat' dir='ltr'>imperatorem,</span> 
     </span>
    </p>
   </div>
   <div class='ocr_carea' id='block_1_16' title="bbox 468 1505 2115 1578">
    <p class='ocr_par' dir='ltr' id='par_1_16' title="bbox 468 1505 2115 1578">
     <span class='ocr_line' id='line_1_16' title="bbox 468 1505 2115 1578; baseline -0.005 -12"><span class='ocrx_word' id='word_1_101' title='bbox 468 1517 524 1566; x_wconf 89' lang='lat' dir='ltr'>et</span> <span class='ocrx_word' id='word_1_102' title='bbox 554 1508 929 1565; x_wconf 91' lang='lat' dir='ltr'>Liutboldum</span> <span class='ocrx_word' id='word_1_103' title='bbox 962 1507 1318 1578; x_wconf 56' lang='lat' dir='ltr'>Moguntina</span> <span class='ocrx_word' id='word_1_104' title='bbox 1343 1507 1499 1562; x_wconf 89' lang='lat' dir='ltr'>sedis</span> <span class='ocrx_word' id='word_1_105' title='bbox 1521 1506 2022 1578; x_wconf 67' lang='lat' dir='ltr'>protoprresulem,</span> <span class='ocrx_word' id='word_1_106' title='bbox 2056 1505 2115 1559; x_wconf 91' lang='lat' dir='ltr'>in</span> 
     </span>
    </p>
   </div>
   <div class='ocr_carea' id='block_1_17' title="bbox 468 1593 2117 1672">
    <p class='ocr_par' dir='ltr' id='par_1_17' title="bbox 468 1593 2117 1672">
     <span class='ocr_line' id='line_1_17' title="bbox 468 1593 2117 1672; baseline -0.003 -19"><span class='ocrx_word' id='word_1_107' title='bbox 468 1617 615 1672; x_wconf 88' lang='lat' dir='ltr'>quos</span> <span class='ocrx_word' id='word_1_108' title='bbox 646 1598 804 1655; x_wconf 87' lang='lat' dir='ltr'>aurei</span> <span class='ocrx_word' id='word_1_109' title='bbox 837 1597 1034 1652; x_wconf 68' lang='lat' dir='ltr'>saeculi</span> <span class='ocrx_word' id='word_1_110' title='bbox 1079 1598 1226 1651; x_wconf 82' lang='lat' dir='ltr'>fines</span> <span class='ocrx_word' id='word_1_111' title='bbox 1275 1613 1409 1651; x_wconf 90' lang='lat' dir='ltr'>cum</span> <span class='ocrx_word' id='word_1_112' title='bbox 1459 1595 1716 1651; x_wconf 88' lang='lat' dir='ltr'>maxima</span> <span class='ocrx_word' id='word_1_113' title='bbox 1758 1595 1848 1650; x_wconf 93' lang='lat' dir='ltr'>sui</span> <span class='ocrx_word' id='word_1_114' title='bbox 1890 1593 2117 1649; x_wconf 85' lang='lat' dir='ltr'>decoris</span> 
     </span>
    </p>
   </div>
   <div class='ocr_carea' id='block_1_18' title="bbox 468 1682 2114 1761">
    <p class='ocr_par' dir='ltr' id='par_1_18' title="bbox 468 1682 2114 1761">
     <span class='ocr_line' id='line_1_18' title="bbox 468 1682 2114 1761; baseline -0.004 -17"><span class='ocrx_word' id='word_1_115' title='bbox 468 1689 664 1761; x_wconf 89' lang='lat' dir='ltr'>specie</span> <span class='ocrx_word' id='word_1_116' title='bbox 692 1687 1083 1743; x_wconf 88' lang='lat' dir='ltr'>devenerunt:</span> <span class='ocrx_word' id='word_1_117' title='bbox 1132 1684 1274 1750; x_wconf 68' lang='lat' dir='ltr'>haec,</span> <span class='ocrx_word' id='word_1_118' title='bbox 1326 1685 1593 1756; x_wconf 86' lang='lat' dir='ltr'>inquam,</span> <span class='ocrx_word' id='word_1_119' title='bbox 1642 1683 1970 1739; x_wconf 90' lang='lat' dir='ltr'>clarissima</span> <span class='ocrx_word' id='word_1_120' title='bbox 1999 1682 2114 1738; x_wconf 92' lang='lat' dir='ltr'>duo</span> 
     </span>
    </p>
   </div>
   <div class='ocr_carea' id='block_1_19' title="bbox 466 1771 2109 1847">
    <p class='ocr_par' dir='ltr' id='par_1_19' title="bbox 466 1771 2109 1847">
     <span class='ocr_line' id='line_1_19' title="bbox 466 1771 2109 1847; baseline -0.004 -16"><span class='ocrx_word' id='word_1_121' title='bbox 466 1776 801 1845; x_wconf 89' lang='lat' dir='ltr'>luminaria,</span> <span class='ocrx_word' id='word_1_122' title='bbox 855 1777 1169 1847; x_wconf 85' lang='lat' dir='ltr'>postquam</span> <span class='ocrx_word' id='word_1_123' title='bbox 1229 1774 1302 1828; x_wconf 89' lang='lat' dir='ltr'>ab</span> <span class='ocrx_word' id='word_1_124' title='bbox 1360 1773 1455 1828; x_wconf 89' lang='lat' dir='ltr'>his</span> <span class='ocrx_word' id='word_1_125' title='bbox 1502 1771 1758 1828; x_wconf 89' lang='lat' dir='ltr'>tenebris</span> <span class='ocrx_word' id='word_1_126' title='bbox 1802 1772 1872 1826; x_wconf 89' lang='lat' dir='ltr'>ad</span> <span class='ocrx_word' id='word_1_127' title='bbox 1917 1787 2109 1826; x_wconf 87' lang='lat' dir='ltr'>veram</span> 
     </span>
    </p>
   </div>
   <div class='ocr_carea' id='block_1_20' title="bbox 466 1858 2114 1937">
    <p class='ocr_par' dir='ltr' id='par_1_20' title="bbox 466 1858 2114 1937">
     <span class='ocr_line' id='line_1_20' title="bbox 466 1858 2114 1937; baseline -0.005 -15"><span class='ocrx_word' id='word_1_128' title='bbox 466 1866 679 1935; x_wconf 89' lang='lat' dir='ltr'>lucem,</span> <span class='ocrx_word' id='word_1_129' title='bbox 713 1883 746 1921; x_wconf 93' lang='lat' dir='ltr'>a</span> <span class='ocrx_word' id='word_1_130' title='bbox 771 1881 887 1937; x_wconf 88' lang='lat' dir='ltr'>qua</span> <span class='ocrx_word' id='word_1_131' title='bbox 916 1863 1092 1919; x_wconf 91' lang='lat' dir='ltr'>etiam</span> <span class='ocrx_word' id='word_1_132' title='bbox 1122 1862 1237 1917; x_wconf 90' lang='lat' dir='ltr'>huc</span> <span class='ocrx_word' id='word_1_133' title='bbox 1275 1860 1609 1917; x_wconf 84' lang='lat' dir='ltr'>alluxerunt</span> <span class='ocrx_word' id='word_1_134' title='bbox 1659 1858 1785 1915; x_wconf 87' lang='lat' dir='ltr'>orbi</span> <span class='ocrx_word' id='word_1_135' title='bbox 1832 1862 2015 1927; x_wconf 58' lang='lat' dir='ltr'>terra,</span> <span class='ocrx_word' id='word_1_136' title='bbox 2048 1862 2114 1914; x_wconf 90' lang='lat' dir='ltr'>ut</span> 
     </span>
    </p>
   </div>
   <div class='ocr_carea' id='block_1_21' title="bbox 466 1948 2113 2026">
    <p class='ocr_par' dir='ltr' id='par_1_21' title="bbox 466 1948 2113 2026">
     <span class='ocr_line' id='line_1_21' title="bbox 466 1948 2113 2026; baseline -0.006 -14"><span class='ocrx_word' id='word_1_137' title='bbox 466 1972 705 2012; x_wconf 91' lang='lat' dir='ltr'>oramus</span> <span class='ocrx_word' id='word_1_138' title='bbox 735 1958 792 2010; x_wconf 91' lang='lat' dir='ltr'>et</span> <span class='ocrx_word' id='word_1_139' title='bbox 821 1958 1116 2026; x_wconf 85' lang='lat' dir='ltr'>optamus,</span> <span class='ocrx_word' id='word_1_140' title='bbox 1147 1955 1455 2023; x_wconf 87' lang='lat' dir='ltr'>assumpta</span> <span class='ocrx_word' id='word_1_141' title='bbox 1476 1954 1644 2017; x_wconf 90' lang='lat' dir='ltr'>sunt;</span> <span class='ocrx_word' id='word_1_142' title='bbox 1673 1948 1957 2022; x_wconf 91' lang='lat' dir='ltr'>quidquid</span> <span class='ocrx_word' id='word_1_143' title='bbox 1974 1948 2113 2003; x_wconf 85' lang='lat' dir='ltr'>divi-</span> 
     </span>
    </p>
   </div>
   <div class='ocr_carea' id='block_1_22' title="bbox 466 2037 2102 2116">
    <p class='ocr_par' dir='ltr' id='par_1_22' title="bbox 466 2037 2102 2116">
     <span class='ocr_line' id='line_1_22' title="bbox 466 2037 2102 2116; baseline -0.007 -14"><span class='ocrx_word' id='word_1_144' title='bbox 466 2064 551 2102; x_wconf 65' lang='lat' dir='ltr'>nas</span> <span class='ocrx_word' id='word_1_145' title='bbox 575 2043 895 2116; x_wconf 79' lang='lat' dir='ltr'>religionis,</span> <span class='ocrx_word' id='word_1_146' title='bbox 920 2041 1207 2113; x_wconf 88' lang='lat' dir='ltr'>quidquid</span> <span class='ocrx_word' id='word_1_147' title='bbox 1230 2039 1518 2111; x_wconf 81' lang='lat' dir='ltr'>aequitatis</span> <span class='ocrx_word' id='word_1_148' title='bbox 1557 2042 1613 2095; x_wconf 87' lang='lat' dir='ltr'>et</span> <span class='ocrx_word' id='word_1_149' title='bbox 1634 2038 1901 2110; x_wconf 72' lang='lat' dir='ltr'>justitia&#39;,</span> <span class='ocrx_word' id='word_1_150' title='bbox 1934 2037 2102 2109; x_wconf 89' lang='lat' dir='ltr'>quid-</span> 
     </span>
    </p>
   </div>
   <div class='ocr_carea' id='block_1_23' title="bbox 465 2124 2111 2207">
    <p class='ocr_par' dir='ltr' id='par_1_23' title="bbox 465 2124 2111 2207">
     <span class='ocr_line' id='line_1_23' title="bbox 465 2124 2111 2207; baseline -0.007 -17"><span class='ocrx_word' id='word_1_151' title='bbox 465 2134 605 2207; x_wconf 90' lang='lat' dir='ltr'>quid</span> <span class='ocrx_word' id='word_1_152' title='bbox 629 2131 959 2189; x_wconf 87' lang='lat' dir='ltr'>liberalium</span> <span class='ocrx_word' id='word_1_153' title='bbox 984 2129 1334 2195; x_wconf 90' lang='lat' dir='ltr'>studiorum,</span> <span class='ocrx_word' id='word_1_154' title='bbox 1358 2127 1641 2199; x_wconf 78' lang='lat' dir='ltr'>quidquid</span> <span class='ocrx_word' id='word_1_155' title='bbox 1666 2126 1922 2183; x_wconf 88' lang='lat' dir='ltr'>liberalis</span> <span class='ocrx_word' id='word_1_156' title='bbox 1944 2124 2111 2181; x_wconf 86' lang='lat' dir='ltr'>disci-</span> 
     </span>
    </p>
   </div>
   <div class='ocr_carea' id='block_1_24' title="bbox 464 2214 2110 2295">
    <p class='ocr_par' dir='ltr' id='par_1_24' title="bbox 464 2214 2110 2295">
     <span class='ocr_line' id='line_1_24' title="bbox 464 2214 2110 2295; baseline -0.005 -17"><span class='ocrx_word' id='word_1_157' title='bbox 464 2222 635 2295; x_wconf 73' lang='lat' dir='ltr'>plinas</span> <span class='ocrx_word' id='word_1_158' title='bbox 666 2221 883 2291; x_wconf 91' lang='lat' dir='ltr'>ubique</span> <span class='ocrx_word' id='word_1_159' title='bbox 912 2218 1160 2290; x_wconf 84' lang='lat' dir='ltr'>vigebat,</span> <span class='ocrx_word' id='word_1_160' title='bbox 1194 2220 1345 2272; x_wconf 85' lang='lat' dir='ltr'>sicut</span> <span class='ocrx_word' id='word_1_161' title='bbox 1372 2222 1512 2271; x_wconf 91' lang='lat' dir='ltr'>tunc</span> <span class='ocrx_word' id='word_1_162' title='bbox 1543 2216 1823 2287; x_wconf 90' lang='lat' dir='ltr'>temporis</span> <span class='ocrx_word' id='word_1_163' title='bbox 1855 2214 2110 2272; x_wconf 87' lang='lat' dir='ltr'>Ecclesia</span> 
     </span>
    </p>
   </div>
   <div class='ocr_carea' id='block_1_25' title="bbox 463 2304 2105 2376">
    <p class='ocr_par' dir='ltr' id='par_1_25' title="bbox 463 2304 2105 2376">
     <span class='ocr_line' id='line_1_25' title="bbox 463 2304 2105 2376; baseline -0.004 -11"><span class='ocrx_word' id='word_1_164' title='bbox 463 2316 519 2365; x_wconf 93' lang='lat' dir='ltr'>et</span> <span class='ocrx_word' id='word_1_165' title='bbox 548 2310 704 2365; x_wconf 89' lang='lat' dir='ltr'>vario</span> <span class='ocrx_word' id='word_1_166' title='bbox 734 2308 1012 2362; x_wconf 88' lang='lat' dir='ltr'>virtutum</span> <span class='ocrx_word' id='word_1_167' title='bbox 1066 2308 1268 2361; x_wconf 90' lang='lat' dir='ltr'>decore</span> <span class='ocrx_word' id='word_1_168' title='bbox 1313 2312 1368 2360; x_wconf 88' lang='lat' dir='ltr'>et</span> <span class='ocrx_word' id='word_1_169' title='bbox 1416 2304 1725 2376; x_wconf 91' lang='lat' dir='ltr'>multiplici</span> <span class='ocrx_word' id='word_1_170' title='bbox 1776 2304 2105 2359; x_wconf 88' lang='lat' dir='ltr'>liberalium</span> 
     </span>
    </p>
   </div>
   <div class='ocr_carea' id='block_1_26' title="bbox 462 2393 2107 2468">
    <p class='ocr_par' dir='ltr' id='par_1_26' title="bbox 462 2393 2107 2468">
     <span class='ocr_line' id='line_1_26' title="bbox 462 2393 2107 2468; baseline -0.003 -16"><span class='ocrx_word' id='word_1_171' title='bbox 462 2400 788 2454; x_wconf 89' lang='lat' dir='ltr'>litterarum</span> <span class='ocrx_word' id='word_1_172' title='bbox 822 2394 1137 2468; x_wconf 88' lang='lat' dir='ltr'>propagine</span> <span class='ocrx_word' id='word_1_173' title='bbox 1167 2394 1428 2461; x_wconf 86' lang='lat' dir='ltr'>ﬂorebat,</span> <span class='ocrx_word' id='word_1_174' title='bbox 1471 2410 1606 2449; x_wconf 91' lang='lat' dir='ltr'>cum</span> <span class='ocrx_word' id='word_1_175' title='bbox 1657 2395 1741 2449; x_wconf 91' lang='lat' dir='ltr'>eis</span> <span class='ocrx_word' id='word_1_176' title='bbox 1771 2393 1988 2466; x_wconf 87' lang='lat' dir='ltr'>pariter</span> <span class='ocrx_word' id='word_1_177' title='bbox 2016 2410 2107 2448; x_wconf 88' lang='lat' dir='ltr'>se-</span> 
     </span>
    </p>
   </div>
   <div class='ocr_carea' id='block_1_27' title="bbox 462 2481 2106 2559">
    <p class='ocr_par' dir='ltr' id='par_1_27' title="bbox 462 2481 2106 2559">
     <span class='ocr_line' id='line_1_27' title="bbox 462 2481 2106 2559; baseline -0.003 -18"><span class='ocrx_word' id='word_1_178' title='bbox 462 2485 648 2559; x_wconf 89' lang='lat' dir='ltr'>pulta,</span> <span class='ocrx_word' id='word_1_179' title='bbox 681 2485 798 2540; x_wconf 91' lang='lat' dir='ltr'>imo</span> <span class='ocrx_word' id='word_1_180' title='bbox 848 2484 907 2538; x_wconf 91' lang='lat' dir='ltr'>in</span> <span class='ocrx_word' id='word_1_181' title='bbox 957 2481 1165 2537; x_wconf 81' lang='lat' dir='ltr'>coelum</span> <span class='ocrx_word' id='word_1_182' title='bbox 1217 2487 1447 2554; x_wconf 90' lang='lat' dir='ltr'>recepta</span> <span class='ocrx_word' id='word_1_183' title='bbox 1494 2486 1667 2538; x_wconf 88' lang='lat' dir='ltr'>sunt:</span> <span class='ocrx_word' id='word_1_184' title='bbox 1720 2482 1801 2538; x_wconf 91' lang='lat' dir='ltr'>ita</span> <span class='ocrx_word' id='word_1_185' title='bbox 1847 2487 1910 2536; x_wconf 91' lang='lat' dir='ltr'>ut</span> <span class='ocrx_word' id='word_1_186' title='bbox 1960 2481 2106 2536; x_wconf 89' lang='lat' dir='ltr'>nihil</span> 
     </span>
    </p>
   </div>
   <div class='ocr_carea' id='block_1_28' title="bbox 461 2570 2103 2655">
    <p class='ocr_par' dir='ltr' id='par_1_28' title="bbox 461 2570 2103 2655">
     <span class='ocr_line' id='line_1_28' title="bbox 461 2570 2103 2655; baseline -0.003 -25"><span class='ocrx_word' id='word_1_187' title='bbox 461 2591 661 2630; x_wconf 91' lang='lat' dir='ltr'>eorum</span> <span class='ocrx_word' id='word_1_188' title='bbox 694 2590 839 2646; x_wconf 90' lang='lat' dir='ltr'>pene</span> <span class='ocrx_word' id='word_1_189' title='bbox 871 2570 1214 2627; x_wconf 82' lang='lat' dir='ltr'>remanserit</span> <span class='ocrx_word' id='word_1_190' title='bbox 1243 2570 1316 2655; x_wconf 48' lang='lat' dir='ltr'>in.</span> <span class='ocrx_word' id='word_1_191' title='bbox 1345 2576 1494 2628; x_wconf 91' lang='lat' dir='ltr'>terra</span> <span class='ocrx_word' id='word_1_192' title='bbox 1542 2575 1746 2643; x_wconf 67' lang='lat' dir='ltr'>praeter</span> <span class='ocrx_word' id='word_1_193' title='bbox 1787 2571 2103 2628; x_wconf 85' lang='lat' dir='ltr'>admodum</span> 
     </span>
    </p>
   </div>
   <div class='ocr_carea' id='block_1_29' title="bbox 464 2660 1780 2737">
    <p class='ocr_par' dir='ltr' id='par_1_29' title="bbox 464 2660 1780 2737">
     <span class='ocr_line' id='line_1_29' title="bbox 464 2660 1780 2737; baseline -0.003 -17"><span class='ocrx_word' id='word_1_194' title='bbox 464 2681 668 2737; x_wconf 89' lang='lat' dir='ltr'>pauca,</span> <span class='ocrx_word' id='word_1_195' title='bbox 700 2666 757 2719; x_wconf 90' lang='lat' dir='ltr'>et</span> <span class='ocrx_word' id='word_1_196' title='bbox 785 2662 906 2717; x_wconf 68' lang='lat' dir='ltr'>haec</span> <span class='ocrx_word' id='word_1_197' title='bbox 937 2666 1003 2716; x_wconf 92' lang='lat' dir='ltr'>ut</span> <span class='ocrx_word' id='word_1_198' title='bbox 1034 2661 1253 2717; x_wconf 85' lang='lat' dir='ltr'>umbrae</span> <span class='ocrx_word' id='word_1_199' title='bbox 1284 2660 1477 2716; x_wconf 87' lang='lat' dir='ltr'>inanis</span> <span class='ocrx_word' id='word_1_200' title='bbox 1518 2660 1780 2733; x_wconf 90' lang='lat' dir='ltr'>vestigia.</span> 
     </span>
    </p>
   </div>
   <div class='ocr_carea' id='block_1_30' title="bbox 534 2749 2102 2823">
    <p class='ocr_par' dir='ltr' id='par_1_30' title="bbox 534 2749 2102 2823">
     <span class='ocr_line' id='line_1_30' title="bbox 534 2749 2102 2823; baseline -0.003 -15"><span class='ocrx_word' id='word_1_201' title='bbox 534 2753 750 2808; x_wconf 79' lang='lat' dir='ltr'>XXXV.</span> <span class='ocrx_word' id='word_1_202' title='bbox 781 2755 1048 2823; x_wconf 88' lang='lat' dir='ltr'>Namque</span> <span class='ocrx_word' id='word_1_203' title='bbox 1077 2751 1135 2805; x_wconf 91' lang='lat' dir='ltr'>in</span> <span class='ocrx_word' id='word_1_204' title='bbox 1168 2749 1395 2822; x_wconf 87' lang='lat' dir='ltr'>primis,</span> <span class='ocrx_word' id='word_1_205' title='bbox 1431 2749 1490 2805; x_wconf 92' lang='lat' dir='ltr'>hi</span> <span class='ocrx_word' id='word_1_206' title='bbox 1521 2750 1621 2821; x_wconf 90' lang='lat' dir='ltr'>qui</span> <span class='ocrx_word' id='word_1_207' title='bbox 1654 2750 1711 2805; x_wconf 92' lang='lat' dir='ltr'>in</span> <span class='ocrx_word' id='word_1_208' title='bbox 1753 2750 1971 2822; x_wconf 91' lang='lat' dir='ltr'>populo</span> <span class='ocrx_word' id='word_1_209' title='bbox 2002 2750 2102 2806; x_wconf 92' lang='lat' dir='ltr'>Dei</span> 
     </span>
    </p>
   </div>
   <div class='ocr_carea' id='block_1_31' title="bbox 459 2838 2101 2913">
    <p class='ocr_par' dir='ltr' id='par_1_31' title="bbox 459 2838 2101 2913">
     <span class='ocr_line' id='line_1_31' title="bbox 459 2838 2101 2913; baseline -0.002 -16"><span class='ocrx_word' id='word_1_210' title='bbox 459 2842 838 2913; x_wconf 87' lang='lat' dir='ltr'>magistratus</span> <span class='ocrx_word' id='word_1_211' title='bbox 871 2844 927 2896; x_wconf 90' lang='lat' dir='ltr'>et</span> <span class='ocrx_word' id='word_1_212' title='bbox 973 2841 1150 2895; x_wconf 90' lang='lat' dir='ltr'>duces</span> <span class='ocrx_word' id='word_1_213' title='bbox 1198 2838 1393 2894; x_wconf 92' lang='lat' dir='ltr'>locum</span> <span class='ocrx_word' id='word_1_214' title='bbox 1441 2838 1744 2911; x_wconf 89' lang='lat' dir='ltr'>regiminis</span> <span class='ocrx_word' id='word_1_215' title='bbox 1796 2843 2101 2910; x_wconf 90' lang='lat' dir='ltr'>occupant,</span> 
     </span>
    </p>
   </div>
   <div class='ocr_carea' id='block_1_32' title="bbox 456 2920 2101 3001">
    <p class='ocr_par' dir='ltr' id='par_1_32' title="bbox 456 2920 2101 3001">
     <span class='ocr_line' id='line_1_32' title="bbox 456 2920 2101 3001; baseline -0.002 -16"><span class='ocrx_word' id='word_1_216' title='bbox 456 2931 583 2985; x_wconf 90' lang='lat' dir='ltr'>sine</span> <span class='ocrx_word' id='word_1_217' title='bbox 612 2920 874 3001; x_wconf 73' lang='lat' dir='ltr'>respectu</span> <span class='ocrx_word' id='word_1_218' title='bbox 902 2929 1001 2984; x_wconf 91' lang='lat' dir='ltr'>Dei</span> <span class='ocrx_word' id='word_1_219' title='bbox 1028 2928 1297 2995; x_wconf 90' lang='lat' dir='ltr'>videntis,</span> <span class='ocrx_word' id='word_1_220' title='bbox 1322 2928 1447 2983; x_wconf 90' lang='lat' dir='ltr'>sine</span> <span class='ocrx_word' id='word_1_221' title='bbox 1467 2931 1627 2983; x_wconf 87' lang='lat' dir='ltr'>metu</span> <span class='ocrx_word' id='word_1_222' title='bbox 1649 2926 1903 2983; x_wconf 90' lang='lat' dir='ltr'>hominis</span> <span class='ocrx_word' id='word_1_223' title='bbox 1924 2927 2101 2983; x_wconf 85' lang='lat' dir='ltr'>corri-</span> 
     </span>
    </p>
   </div>
   <div class='ocr_carea' id='block_1_33' title="bbox 455 3018 2101 3090">
    <p class='ocr_par' dir='ltr' id='par_1_33' title="bbox 455 3018 2101 3090">
     <span class='ocr_line' id='line_1_33' title="bbox 455 3018 2101 3090; baseline -0.002 -16"><span class='ocrx_word' id='word_1_224' title='bbox 455 3018 667 3090; x_wconf 87' lang='lat' dir='ltr'>gentis,</span> <span class='ocrx_word' id='word_1_225' title='bbox 692 3034 894 3074; x_wconf 91' lang='lat' dir='ltr'>omnes</span> <span class='ocrx_word' id='word_1_226' title='bbox 916 3034 1062 3089; x_wconf 91' lang='lat' dir='ltr'>pene</span> <span class='ocrx_word' id='word_1_227' title='bbox 1083 3034 1209 3089; x_wconf 80' lang='lat' dir='ltr'>quae</span> <span class='ocrx_word' id='word_1_228' title='bbox 1241 3034 1349 3073; x_wconf 90' lang='lat' dir='ltr'>sua</span> <span class='ocrx_word' id='word_1_229' title='bbox 1366 3019 1505 3071; x_wconf 92' lang='lat' dir='ltr'>sunt</span> <span class='ocrx_word' id='word_1_230' title='bbox 1526 3020 1799 3087; x_wconf 89' lang='lat' dir='ltr'>querunt,</span> <span class='ocrx_word' id='word_1_231' title='bbox 1837 3033 1949 3072; x_wconf 92' lang='lat' dir='ltr'>non</span> <span class='ocrx_word' id='word_1_232' title='bbox 1975 3033 2101 3088; x_wconf 56' lang='lat' dir='ltr'>qua</span> 
     </span>
    </p>
   </div>
   <div class='ocr_carea' id='block_1_34' title="bbox 454 3104 2101 3177">
    <p class='ocr_par' dir='ltr' id='par_1_34' title="bbox 454 3104 2101 3177">
     <span class='ocr_line' id='line_1_34' title="bbox 454 3104 2101 3177; baseline -0.001 -14"><span class='ocrx_word' id='word_1_233' title='bbox 454 3107 846 3163; x_wconf 90' lang='lat' dir='ltr'>communiter</span> <span class='ocrx_word' id='word_1_234' title='bbox 874 3111 930 3161; x_wconf 91' lang='lat' dir='ltr'>et</span> <span class='ocrx_word' id='word_1_235' title='bbox 968 3106 1254 3161; x_wconf 87' lang='lat' dir='ltr'>aliorum:</span> <span class='ocrx_word' id='word_1_236' title='bbox 1309 3106 1445 3177; x_wconf 91' lang='lat' dir='ltr'>quia</span> <span class='ocrx_word' id='word_1_237' title='bbox 1497 3122 1610 3161; x_wconf 93' lang='lat' dir='ltr'>non</span> <span class='ocrx_word' id='word_1_238' title='bbox 1660 3109 1749 3160; x_wconf 91' lang='lat' dir='ltr'>est</span> <span class='ocrx_word' id='word_1_239' title='bbox 1796 3104 1972 3160; x_wconf 89' lang='lat' dir='ltr'>timor</span> <span class='ocrx_word' id='word_1_240' title='bbox 2001 3105 2101 3162; x_wconf 89' lang='lat' dir='ltr'>Dei</span> 
     </span>
    </p>
   </div>
   <div class='ocr_carea' id='block_1_35' title="bbox 454 3180 2171 3262">
    <p class='ocr_par' dir='ltr' id='par_1_35' title="bbox 454 3180 2171 3262">
     <span class='ocr_line' id='line_1_35' title="bbox 454 3180 2171 3262; baseline -0.003 -12"><span class='ocrx_word' id='word_1_241' title='bbox 454 3200 588 3251; x_wconf 89' lang='lat' dir='ltr'>ante</span> <span class='ocrx_word' id='word_1_242' title='bbox 617 3196 817 3252; x_wconf 92' lang='lat' dir='ltr'>oculos</span> <span class='ocrx_word' id='word_1_243' title='bbox 846 3211 1046 3250; x_wconf 85' lang='lat' dir='ltr'>eorum</span> <span class='ocrx_word' id='word_1_244' title='bbox 1075 3213 1087 3262; x_wconf 87' lang='lat'><strong>;</strong></span> <span class='ocrx_word' id='word_1_245' title='bbox 1124 3199 1179 3250; x_wconf 90' lang='lat' dir='ltr'>et</span> <span class='ocrx_word' id='word_1_246' title='bbox 1209 3195 1337 3249; x_wconf 87' lang='lat' dir='ltr'>ideo</span> <span class='ocrx_word' id='word_1_247' title='bbox 1385 3194 1654 3250; x_wconf 90' lang='lat' dir='ltr'>contritio</span> <span class='ocrx_word' id='word_1_248' title='bbox 1685 3198 1740 3248; x_wconf 84' lang='lat' dir='ltr'>et</span> <span class='ocrx_word' id='word_1_249' title='bbox 1788 3193 2099 3251; x_wconf 79' lang='lat' dir='ltr'>infelicitas</span> <span class='ocrx_word' id='word_1_250' title='bbox 2133 3180 2171 3244; x_wconf 86' lang='lat' dir='ltr'><strong>C</strong></span> 
     </span>
    </p>
   </div>
   <div class='ocr_carea' id='block_1_36' title="bbox 452 3283 2092 3355">
    <p class='ocr_par' dir='ltr' id='par_1_36' title="bbox 452 3283 2092 3355">
     <span class='ocr_line' id='line_1_36' title="bbox 452 3283 2092 3355; baseline 0.001 -18"><span class='ocrx_word' id='word_1_251' title='bbox 452 3284 510 3338; x_wconf 91' lang='lat' dir='ltr'>in</span> <span class='ocrx_word' id='word_1_252' title='bbox 543 3285 651 3339; x_wconf 90' lang='lat' dir='ltr'>viis</span> <span class='ocrx_word' id='word_1_253' title='bbox 682 3300 902 3339; x_wconf 87' lang='lat' dir='ltr'>eorum.</span> <span class='ocrx_word' id='word_1_254' title='bbox 938 3284 1002 3337; x_wconf 86' lang='lat' dir='ltr'>Et</span> <span class='ocrx_word' id='word_1_255' title='bbox 1024 3284 1317 3354; x_wconf 89' lang='lat' dir='ltr'>quomodo</span> <span class='ocrx_word' id='word_1_256' title='bbox 1347 3288 1699 3354; x_wconf 85' lang='lat' dir='ltr'>cognoscent</span> <span class='ocrx_word' id='word_1_257' title='bbox 1736 3283 1887 3337; x_wconf 84' lang='lat' dir='ltr'>viam</span> <span class='ocrx_word' id='word_1_258' title='bbox 1916 3284 2092 3355; x_wconf 85' lang='lat' dir='ltr'>pacis,</span> 
     </span>
    </p>
   </div>
   <div class='ocr_carea' id='block_1_37' title="bbox 455 3370 2094 3445">
    <p class='ocr_par' dir='ltr' id='par_1_37' title="bbox 455 3370 2094 3445">
     <span class='ocr_line' id='line_1_37' title="bbox 455 3370 2094 3445; baseline 0.001 -19"><span class='ocrx_word' id='word_1_259' title='bbox 455 3373 551 3443; x_wconf 91' lang='lat' dir='ltr'>qui</span> <span class='ocrx_word' id='word_1_260' title='bbox 581 3373 878 3436; x_wconf 85' lang='lat' dir='ltr'>devorant,</span> <span class='ocrx_word' id='word_1_261' title='bbox 910 3370 1122 3441; x_wconf 88' lang='lat' dir='ltr'>inquit,</span> <span class='ocrx_word' id='word_1_262' title='bbox 1157 3370 1380 3442; x_wconf 84' lang='lat' dir='ltr'>plebem</span> <span class='ocrx_word' id='word_1_263' title='bbox 1430 3387 1620 3426; x_wconf 90' lang='lat' dir='ltr'>meam</span> <span class='ocrx_word' id='word_1_264' title='bbox 1666 3376 1729 3425; x_wconf 92' lang='lat' dir='ltr'>ut</span> <span class='ocrx_word' id='word_1_265' title='bbox 1760 3372 1953 3427; x_wconf 89' lang='lat' dir='ltr'>cibum</span> <span class='ocrx_word' id='word_1_266' title='bbox 1987 3389 2094 3445; x_wconf 86' lang='lat' dir='ltr'>pa-</span> 
     </span>
    </p>
   </div>
   <div class='ocr_carea' id='block_1_38' title="bbox 454 3458 2096 3530">
    <p class='ocr_par' dir='ltr' id='par_1_38' title="bbox 454 3458 2096 3530">
     <span class='ocr_line' id='line_1_38' title="bbox 454 3458 2096 3530; baseline 0 -15"><span class='ocrx_word' id='word_1_267' title='bbox 454 3460 545 3516; x_wconf 91' lang='lat' dir='ltr'>nis</span> <span class='ocrx_word' id='word_1_268' title='bbox 566 3462 592 3514; x_wconf 86' lang='lat'>‘?</span> <span class='ocrx_word' id='word_1_269' title='bbox 622 3460 768 3523; x_wconf 87' lang='lat' dir='ltr'>Quia</span> <span class='ocrx_word' id='word_1_270' title='bbox 797 3476 931 3514; x_wconf 89' lang='lat' dir='ltr'>vero</span> <span class='ocrx_word' id='word_1_271' title='bbox 962 3476 1075 3513; x_wconf 91' lang='lat' dir='ltr'>non</span> <span class='ocrx_word' id='word_1_272' title='bbox 1107 3464 1197 3514; x_wconf 84' lang='lat' dir='ltr'>est</span> <span class='ocrx_word' id='word_1_273' title='bbox 1240 3459 1335 3530; x_wconf 87' lang='lat' dir='ltr'>qui</span> <span class='ocrx_word' id='word_1_274' title='bbox 1388 3458 1497 3514; x_wconf 90' lang='lat' dir='ltr'>hoc</span> <span class='ocrx_word' id='word_1_275' title='bbox 1542 3459 1819 3530; x_wconf 86' lang='lat' dir='ltr'>requirat,</span> <span class='ocrx_word' id='word_1_276' title='bbox 1863 3478 1975 3516; x_wconf 90' lang='lat' dir='ltr'>non</span> <span class='ocrx_word' id='word_1_277' title='bbox 2008 3464 2096 3516; x_wconf 92' lang='lat' dir='ltr'>est</span> 
     </span>
    </p>
   </div>
   <div class='ocr_carea' id='block_1_39' title="bbox 452 3545 2092 3620">
    <p class='ocr_par' dir='ltr' id='par_1_39' title="bbox 452 3545 2092 3620">
     <span class='ocr_line' id='line_1_39' title="bbox 452 3545 2092 3620; baseline 0 -18"><span class='ocrx_word' id='word_1_278' title='bbox 452 3548 551 3620; x_wconf 88' lang='lat' dir='ltr'>qui</span> <span class='ocrx_word' id='word_1_279' title='bbox 585 3551 814 3620; x_wconf 87' lang='lat' dir='ltr'>arguat,</span> <span class='ocrx_word' id='word_1_280' title='bbox 848 3562 951 3619; x_wconf 90' lang='lat' dir='ltr'>pro</span> <span class='ocrx_word' id='word_1_281' title='bbox 1011 3545 1226 3602; x_wconf 88' lang='lat' dir='ltr'>studiis</span> <span class='ocrx_word' id='word_1_282' title='bbox 1275 3546 1607 3600; x_wconf 87' lang='lat' dir='ltr'>divinarum</span> <span class='ocrx_word' id='word_1_283' title='bbox 1658 3546 2092 3617; x_wconf 87' lang='lat' dir='ltr'>Scripturarum</span> 
     </span>
    </p>
   </div>
   <div class='ocr_carea' id='block_1_40' title="bbox 450 3634 2090 3707">
    <p class='ocr_par' dir='ltr' id='par_1_40' title="bbox 450 3634 2090 3707">
     <span class='ocr_line' id='line_1_40' title="bbox 450 3634 2090 3707; baseline 0 -15"><span class='ocrx_word' id='word_1_284' title='bbox 450 3636 821 3692; x_wconf 89' lang='lat' dir='ltr'>invaluerunt</span> <span class='ocrx_word' id='word_1_285' title='bbox 851 3635 1046 3692; x_wconf 90' lang='lat' dir='ltr'>studia</span> <span class='ocrx_word' id='word_1_286' title='bbox 1092 3635 1368 3707; x_wconf 90' lang='lat' dir='ltr'>partium,</span> <span class='ocrx_word' id='word_1_287' title='bbox 1423 3651 1525 3706; x_wconf 90' lang='lat' dir='ltr'>pro</span> <span class='ocrx_word' id='word_1_288' title='bbox 1572 3634 1853 3707; x_wconf 87' lang='lat' dir='ltr'>gravitate</span> <span class='ocrx_word' id='word_1_289' title='bbox 1882 3640 1940 3690; x_wconf 90' lang='lat' dir='ltr'>et</span> <span class='ocrx_word' id='word_1_290' title='bbox 1970 3654 2090 3692; x_wconf 86' lang='lat' dir='ltr'>mo-</span> 
     </span>
    </p>
   </div>
   <div class='ocr_carea' id='block_1_41' title="bbox 448 3722 2089 3798">
    <p class='ocr_par' dir='ltr' id='par_1_41' title="bbox 448 3722 2089 3798">
     <span class='ocr_line' id='line_1_41' title="bbox 448 3722 2089 3798; baseline -0.002 -17"><span class='ocrx_word' id='word_1_291' title='bbox 448 3726 636 3783; x_wconf 89' lang='lat' dir='ltr'>destia</span> <span class='ocrx_word' id='word_1_292' title='bbox 667 3725 987 3798; x_wconf 88' lang='lat' dir='ltr'>religionis,</span> <span class='ocrx_word' id='word_1_293' title='bbox 1019 3724 1203 3797; x_wconf 88' lang='lat' dir='ltr'>gloria</span> <span class='ocrx_word' id='word_1_294' title='bbox 1233 3728 1291 3779; x_wconf 90' lang='lat' dir='ltr'>et</span> <span class='ocrx_word' id='word_1_295' title='bbox 1309 3722 1573 3796; x_wconf 79' lang='lat' dir='ltr'>gloriatio</span> <span class='ocrx_word' id='word_1_296' title='bbox 1595 3741 1754 3779; x_wconf 70' lang='lat' dir='ltr'>vanze</span> <span class='ocrx_word' id='word_1_297' title='bbox 1783 3723 2050 3778; x_wconf 54' lang='lat' dir='ltr'>elationis</span> <span class='ocrx_word' id='word_1_298' title='bbox 2078 3741 2089 3778; x_wconf 92' lang='lat'><strong>:</strong></span> 
     </span>
    </p>
   </div>
   <div class='ocr_carea' id='block_1_42' title="bbox 450 3812 2089 3885">
    <p class='ocr_par' dir='ltr' id='par_1_42' title="bbox 450 3812 2089 3885">
     <span class='ocr_line' id='line_1_42' title="bbox 450 3812 2089 3885; baseline -0.002 -14"><span class='ocrx_word' id='word_1_299' title='bbox 450 3822 505 3871; x_wconf 88' lang='lat' dir='ltr'>et</span> <span class='ocrx_word' id='word_1_300' title='bbox 536 3816 675 3870; x_wconf 91' lang='lat' dir='ltr'>dum</span> <span class='ocrx_word' id='word_1_301' title='bbox 707 3815 925 3870; x_wconf 88' lang='lat' dir='ltr'>divitiis</span> <span class='ocrx_word' id='word_1_302' title='bbox 956 3820 1013 3868; x_wconf 92' lang='lat' dir='ltr'>et</span> <span class='ocrx_word' id='word_1_303' title='bbox 1045 3814 1352 3870; x_wconf 90' lang='lat' dir='ltr'>hororibus</span> <span class='ocrx_word' id='word_1_304' title='bbox 1380 3813 1640 3885; x_wconf 89' lang='lat' dir='ltr'>gestiunt</span> <span class='ocrx_word' id='word_1_305' title='bbox 1668 3812 1815 3868; x_wconf 88' lang='lat' dir='ltr'>alter</span> <span class='ocrx_word' id='word_1_306' title='bbox 1843 3812 2089 3868; x_wconf 83' lang='lat' dir='ltr'>alterum</span> 
     </span>
    </p>
   </div>
   <div class='ocr_carea' id='block_1_43' title="bbox 450 3902 2096 3975">
    <p class='ocr_par' dir='ltr' id='par_1_43' title="bbox 450 3902 2096 3975">
     <span class='ocr_line' id='line_1_43' title="bbox 450 3902 2096 3975; baseline -0.001 -17"><span class='ocrx_word' id='word_1_307' title='bbox 450 3905 782 3975; x_wconf 66' lang='lat' dir='ltr'>praevenire,</span> <span class='ocrx_word' id='word_1_308' title='bbox 812 3920 916 3958; x_wconf 87' lang='lat' dir='ltr'>nec</span> <span class='ocrx_word' id='word_1_309' title='bbox 946 3902 1157 3959; x_wconf 86' lang='lat' dir='ltr'>timent</span> <span class='ocrx_word' id='word_1_310' title='bbox 1202 3903 1462 3975; x_wconf 78' lang='lat' dir='ltr'>profanis</span> <span class='ocrx_word' id='word_1_311' title='bbox 1514 3902 1811 3958; x_wconf 86' lang='lat' dir='ltr'>mentibus</span> <span class='ocrx_word' id='word_1_312' title='bbox 1859 3903 2008 3957; x_wconf 88' lang='lat' dir='ltr'>odiis</span> <span class='ocrx_word' id='word_1_313' title='bbox 2039 3907 2096 3957; x_wconf 90' lang='lat' dir='ltr'>et</span> 
     </span>
    </p>
   </div>
   <div class='ocr_carea' id='block_1_44' title="bbox 449 3991 2094 4063">
    <p class='ocr_par' dir='ltr' id='par_1_44' title="bbox 449 3991 2094 4063">
     <span class='ocr_line' id='line_1_44' title="bbox 449 3991 2094 4063; baseline 0.001 -18"><span class='ocrx_word' id='word_1_314' title='bbox 449 3992 921 4047; x_wconf 87' lang='lat' dir='ltr'>contentionibus</span> <span class='ocrx_word' id='word_1_315' title='bbox 946 3992 1275 4059; x_wconf 86' lang='lat' dir='ltr'>deservire;</span> <span class='ocrx_word' id='word_1_316' title='bbox 1310 4008 1413 4047; x_wconf 91' lang='lat' dir='ltr'>nec</span> <span class='ocrx_word' id='word_1_317' title='bbox 1443 3992 1766 4063; x_wconf 87' lang='lat' dir='ltr'>quidquam</span> <span class='ocrx_word' id='word_1_318' title='bbox 1802 3992 1962 4063; x_wconf 87' lang='lat' dir='ltr'>pensi</span> <span class='ocrx_word' id='word_1_319' title='bbox 1998 3991 2094 4046; x_wconf 91' lang='lat' dir='ltr'>ha-</span> 
     </span>
    </p>
   </div>
   <div class='ocr_carea' id='block_1_45' title="bbox 451 4079 2090 4151">
    <p class='ocr_par' dir='ltr' id='par_1_45' title="bbox 451 4079 2090 4151">
     <span class='ocr_line' id='line_1_45' title="bbox 451 4079 2090 4151; baseline 0.001 -18"><span class='ocrx_word' id='word_1_320' title='bbox 451 4080 607 4146; x_wconf 86' lang='lat' dir='ltr'>bent,</span> <span class='ocrx_word' id='word_1_321' title='bbox 639 4095 772 4133; x_wconf 91' lang='lat' dir='ltr'>cum</span> <span class='ocrx_word' id='word_1_322' title='bbox 802 4080 1170 4150; x_wconf 83' lang='lat' dir='ltr'>tyrannidem</span> <span class='ocrx_word' id='word_1_323' title='bbox 1203 4080 1396 4151; x_wconf 82' lang='lat' dir='ltr'>potius</span> <span class='ocrx_word' id='word_1_324' title='bbox 1426 4096 1603 4151; x_wconf 89' lang='lat' dir='ltr'>quam</span> <span class='ocrx_word' id='word_1_325' title='bbox 1641 4079 1898 4151; x_wconf 89' lang='lat' dir='ltr'>regimen</span> <span class='ocrx_word' id='word_1_326' title='bbox 1933 4096 2090 4135; x_wconf 87' lang='lat' dir='ltr'>excr-</span> 
     </span>
    </p>
   </div>
   <div class='ocr_carea' id='block_1_46' title="bbox 450 4167 2089 4240">
    <p class='ocr_par' dir='ltr' id='par_1_46' title="bbox 450 4167 2089 4240">
     <span class='ocr_line' id='line_1_46' title="bbox 450 4167 2089 4240; baseline 0.002 -19"><span class='ocrx_word' id='word_1_327' title='bbox 450 4171 617 4222; x_wconf 83' lang='lat' dir='ltr'>ceant</span> <span class='ocrx_word' id='word_1_328' title='bbox 644 4185 657 4223; x_wconf 91' lang='lat'>:</span> <span class='ocrx_word' id='word_1_329' title='bbox 687 4167 759 4222; x_wconf 89' lang='lat' dir='ltr'>ad</span> <span class='ocrx_word' id='word_1_330' title='bbox 793 4184 968 4238; x_wconf 91' lang='lat' dir='ltr'>quem</span> <span class='ocrx_word' id='word_1_331' title='bbox 1001 4169 1243 4233; x_wconf 81' lang='lat' dir='ltr'>exitum,</span> <span class='ocrx_word' id='word_1_332' title='bbox 1275 4168 1392 4222; x_wconf 88' lang='lat' dir='ltr'>imo</span> <span class='ocrx_word' id='word_1_333' title='bbox 1431 4167 1672 4223; x_wconf 83' lang='lat' dir='ltr'>exitium</span> <span class='ocrx_word' id='word_1_334' title='bbox 1724 4168 1862 4223; x_wconf 87' lang='lat' dir='ltr'>talia</span> <span class='ocrx_word' id='word_1_335' title='bbox 1892 4186 2089 4240; x_wconf 88' lang='lat' dir='ltr'>prove-</span> 
     </span>
    </p>
   </div>
   <div class='ocr_carea' id='block_1_47' title="bbox 456 4255 2087 4328">
    <p class='ocr_par' dir='ltr' id='par_1_47' title="bbox 456 4255 2087 4328">
     <span class='ocr_line' id='line_1_47' title="bbox 456 4255 2087 4328; baseline 0 -17"><span class='ocrx_word' id='word_1_336' title='bbox 456 4255 583 4311; x_wconf 90' lang='lat' dir='ltr'>nire</span> <span class='ocrx_word' id='word_1_337' title='bbox 601 4255 849 4311; x_wconf 88' lang='lat' dir='ltr'>debeant</span> <span class='ocrx_word' id='word_1_338' title='bbox 873 4255 884 4309; x_wconf 93' lang='lat' dir='ltr'>l</span> <span class='ocrx_word' id='word_1_339' title='bbox 910 4260 1041 4309; x_wconf 68' lang='lat' dir='ltr'>Haec</span> <span class='ocrx_word' id='word_1_340' title='bbox 1063 4261 1256 4310; x_wconf 90' lang='lat' dir='ltr'>autem</span> <span class='ocrx_word' id='word_1_341' title='bbox 1280 4258 1557 4327; x_wconf 85' lang='lat' dir='ltr'>majestas</span> <span class='ocrx_word' id='word_1_342' title='bbox 1580 4263 1635 4311; x_wconf 92' lang='lat' dir='ltr'>et</span> <span class='ocrx_word' id='word_1_343' title='bbox 1660 4257 1790 4311; x_wconf 85' lang='lat' dir='ltr'>talis</span> <span class='ocrx_word' id='word_1_344' title='bbox 1812 4263 2087 4328; x_wconf 86' lang='lat' dir='ltr'>potestas,</span> 
     </span>
    </p>
   </div>
   <div class='ocr_carea' id='block_1_48' title="bbox 446 4344 2090 4416">
    <p class='ocr_par' dir='ltr' id='par_1_48' title="bbox 446 4344 2090 4416">
     <span class='ocr_line' id='line_1_48' title="bbox 446 4344 2090 4416; baseline 0 -15"><span class='ocrx_word' id='word_1_345' title='bbox 446 4346 497 4401; x_wconf 90' lang='lat' dir='ltr'>si</span> <span class='ocrx_word' id='word_1_346' title='bbox 530 4346 766 4416; x_wconf 87' lang='lat' dir='ltr'>quando</span> <span class='ocrx_word' id='word_1_347' title='bbox 808 4346 1006 4400; x_wconf 85' lang='lat' dir='ltr'>sedeat</span> <span class='ocrx_word' id='word_1_348' title='bbox 1058 4362 1157 4416; x_wconf 91' lang='lat' dir='ltr'>pro</span> <span class='ocrx_word' id='word_1_349' title='bbox 1215 4344 1518 4412; x_wconf 87' lang='lat' dir='ltr'>tribunali,</span> <span class='ocrx_word' id='word_1_350' title='bbox 1576 4349 1641 4400; x_wconf 88' lang='lat' dir='ltr'>ut</span> <span class='ocrx_word' id='word_1_351' title='bbox 1693 4346 2090 4416; x_wconf 84' lang='lat' dir='ltr'>subjectorum</span> 
     </span>
    </p>
   </div>
   <div class='ocr_carea' id='block_1_49' title="bbox 450 4433 2090 4503">
    <p class='ocr_par' dir='ltr' id='par_1_49' title="bbox 450 4433 2090 4503">
     <span class='ocr_line' id='line_1_49' title="bbox 450 4433 2090 4503; baseline 0.001 -16"><span class='ocrx_word' id='word_1_352' title='bbox 450 4434 602 4489; x_wconf 84' lang='lat' dir='ltr'>facta</span> <span class='ocrx_word' id='word_1_353' title='bbox 631 4434 837 4489; x_wconf 86' lang='lat' dir='ltr'>debeat</span> <span class='ocrx_word' id='word_1_354' title='bbox 866 4433 1217 4493; x_wconf 85' lang='lat' dir='ltr'>examinare.</span> <span class='ocrx_word' id='word_1_355' title='bbox 1268 4437 1325 4488; x_wconf 89' lang='lat' dir='ltr'>et</span> <span class='ocrx_word' id='word_1_356' title='bbox 1374 4433 1635 4503; x_wconf 75' lang='lat' dir='ltr'>neglecta</span> <span class='ocrx_word' id='word_1_357' title='bbox 1685 4434 1741 4488; x_wconf 91' lang='lat' dir='ltr'>in</span> <span class='ocrx_word' id='word_1_358' title='bbox 1787 4434 1952 4489; x_wconf 91' lang='lat' dir='ltr'>oculo</span> <span class='ocrx_word' id='word_1_359' title='bbox 1984 4452 2090 4489; x_wconf 90' lang='lat' dir='ltr'>suo</span> 
     </span>
    </p>
   </div>
   <div class='ocr_carea' id='block_1_50' title="bbox 2233 528 3875 601">
    <p class='ocr_par' dir='ltr' id='par_1_50' title="bbox 2233 528 3875 601">
     <span class='ocr_line' id='line_1_50' title="bbox 2233 528 3875 601; baseline 0.001 -17"><span class='ocrx_word' id='word_1_360' title='bbox 2233 548 2366 586; x_wconf 77' lang='lat' dir='ltr'>vero</span> <span class='ocrx_word' id='word_1_361' title='bbox 2393 549 2570 586; x_wconf 82' lang='lat' dir='ltr'>causa</span> <span class='ocrx_word' id='word_1_362' title='bbox 2590 529 2874 586; x_wconf 74' lang='lat' dir='ltr'>violentia:</span> <span class='ocrx_word' id='word_1_363' title='bbox 2897 534 2954 586; x_wconf 93' lang='lat' dir='ltr'>et</span> <span class='ocrx_word' id='word_1_364' title='bbox 2973 529 3274 601; x_wconf 88' lang='lat' dir='ltr'>rapacitati</span> <span class='ocrx_word' id='word_1_365' title='bbox 3306 528 3649 600; x_wconf 76' lang='lat' dir='ltr'>czeterisque</span> <span class='ocrx_word' id='word_1_366' title='bbox 3670 545 3875 585; x_wconf 85' lang='lat' dir='ltr'>concu-</span> 
     </span>
    </p>
   </div>
   <div class='ocr_carea' id='block_1_51' title="bbox 2232 616 3877 690">
    <p class='ocr_par' dir='ltr' id='par_1_51' title="bbox 2232 616 3877 690">
     <span class='ocr_line' id='line_1_51' title="bbox 2232 616 3877 690; baseline -0.002 -15"><span class='ocrx_word' id='word_1_367' title='bbox 2232 620 2478 676; x_wconf 89' lang='lat' dir='ltr'>rialibus</span> <span class='ocrx_word' id='word_1_368' title='bbox 2508 620 2633 675; x_wconf 88' lang='lat' dir='ltr'>suis</span> <span class='ocrx_word' id='word_1_369' title='bbox 2658 619 2851 676; x_wconf 90' lang='lat' dir='ltr'>media</span> <span class='ocrx_word' id='word_1_370' title='bbox 2872 618 3153 685; x_wconf 86' lang='lat' dir='ltr'>residens,</span> <span class='ocrx_word' id='word_1_371' title='bbox 3178 619 3248 673; x_wconf 91' lang='lat' dir='ltr'>de</span> <span class='ocrx_word' id='word_1_372' title='bbox 3268 616 3417 672; x_wconf 92' lang='lat' dir='ltr'>libro</span> <span class='ocrx_word' id='word_1_373' title='bbox 3443 616 3706 690; x_wconf 88' lang='lat' dir='ltr'>suolegit</span> <span class='ocrx_word' id='word_1_374' title='bbox 3729 618 3877 689; x_wconf 87' lang='lat' dir='ltr'>quod</span> 
     </span>
    </p>
   </div>
   <div class='ocr_carea' id='block_1_52' title="bbox 2233 705 3873 780">
    <p class='ocr_par' dir='ltr' id='par_1_52' title="bbox 2233 705 3873 780">
     <span class='ocr_line' id='line_1_52' title="bbox 2233 705 3873 780; baseline -0.001 -17"><span class='ocrx_word' id='word_1_375' title='bbox 2233 708 2310 764; x_wconf 91' lang='lat' dir='ltr'>sit</span> <span class='ocrx_word' id='word_1_376' title='bbox 2321 709 2576 780; x_wconf 87' lang='lat' dir='ltr'>justum,</span> <span class='ocrx_word' id='word_1_377' title='bbox 2603 713 2660 763; x_wconf 90' lang='lat' dir='ltr'>et</span> <span class='ocrx_word' id='word_1_378' title='bbox 2676 708 2895 764; x_wconf 88' lang='lat' dir='ltr'>eisdem</span> <span class='ocrx_word' id='word_1_379' title='bbox 2910 707 3127 779; x_wconf 86' lang='lat' dir='ltr'>juratis</span> <span class='ocrx_word' id='word_1_380' title='bbox 3156 705 3386 779; x_wconf 89' lang='lat' dir='ltr'>legibus</span> <span class='ocrx_word' id='word_1_381' title='bbox 3413 705 3525 762; x_wconf 90' lang='lat' dir='ltr'>sibi</span> <span class='ocrx_word' id='word_1_382' title='bbox 3551 706 3873 762; x_wconf 86' lang='lat' dir='ltr'>assentien-</span> 
     </span>
    </p>
   </div>
   <div class='ocr_carea' id='block_1_53' title="bbox 2230 794 3874 869">
    <p class='ocr_par' dir='ltr' id='par_1_53' title="bbox 2230 794 3874 869">
     <span class='ocr_line' id='line_1_53' title="bbox 2230 794 3874 869; baseline -0.001 -17"><span class='ocrx_word' id='word_1_383' title='bbox 2230 796 2412 864; x_wconf 91' lang='lat' dir='ltr'>tibus,</span> <span class='ocrx_word' id='word_1_384' title='bbox 2443 796 2569 869; x_wconf 86' lang='lat' dir='ltr'>lege</span> <span class='ocrx_word' id='word_1_385' title='bbox 2598 795 2996 852; x_wconf 90' lang='lat' dir='ltr'>nummularia</span> <span class='ocrx_word' id='word_1_386' title='bbox 3025 795 3085 851; x_wconf 91' lang='lat' dir='ltr'>in</span> <span class='ocrx_word' id='word_1_387' title='bbox 3115 812 3279 851; x_wconf 88' lang='lat' dir='ltr'>reum</span> <span class='ocrx_word' id='word_1_388' title='bbox 3302 795 3526 867; x_wconf 86' lang='lat' dir='ltr'>profert</span> <span class='ocrx_word' id='word_1_389' title='bbox 3546 794 3874 866; x_wconf 89' lang='lat' dir='ltr'>judicium;</span> 
     </span>
    </p>
   </div>
   <div class='ocr_carea' id='block_1_54' title="bbox 2231 882 3877 950">
    <p class='ocr_par' dir='ltr' id='par_1_54' title="bbox 2231 882 3877 950">
     <span class='ocr_line' id='line_1_54' title="bbox 2231 882 3877 950; baseline -0.001 -8"><span class='ocrx_word' id='word_1_390' title='bbox 2231 890 2290 942; x_wconf 89' lang='lat' dir='ltr'>et</span> <span class='ocrx_word' id='word_1_391' title='bbox 2314 886 2520 942; x_wconf 89' lang='lat' dir='ltr'>tandiu</span> <span class='ocrx_word' id='word_1_392' title='bbox 2550 885 2879 943; x_wconf 89' lang='lat' dir='ltr'>vinculatus</span> <span class='ocrx_word' id='word_1_393' title='bbox 2910 890 3140 941; x_wconf 91' lang='lat' dir='ltr'>tenetur</span> <span class='ocrx_word' id='word_1_394' title='bbox 3171 900 3324 950; x_wconf 91' lang='lat' dir='ltr'>reus,</span> <span class='ocrx_word' id='word_1_395' title='bbox 3357 884 3542 939; x_wconf 90' lang='lat' dir='ltr'>donec</span> <span class='ocrx_word' id='word_1_396' title='bbox 3577 882 3752 940; x_wconf 91' lang='lat' dir='ltr'>illum</span> <span class='ocrx_word' id='word_1_397' title='bbox 3782 884 3877 940; x_wconf 85' lang='lat' dir='ltr'>ab-</span> 
     </span>
    </p>
   </div>
   <div class='ocr_carea' id='block_1_55' title="bbox 2230 973 3875 1046">
    <p class='ocr_par' dir='ltr' id='par_1_55' title="bbox 2230 973 3875 1046">
     <span class='ocr_line' id='line_1_55' title="bbox 2230 973 3875 1046; baseline -0.001 -15"><span class='ocrx_word' id='word_1_398' title='bbox 2230 975 2420 1032; x_wconf 90' lang='lat' dir='ltr'>solvat</span> <span class='ocrx_word' id='word_1_399' title='bbox 2451 992 2789 1032; x_wconf 82' lang='lat' dir='ltr'>mammona</span> <span class='ocrx_word' id='word_1_400' title='bbox 2817 975 2962 1031; x_wconf 88' lang='lat' dir='ltr'>deus</span> <span class='ocrx_word' id='word_1_401' title='bbox 2987 991 2999 1030; x_wconf 93' lang='lat'><strong>:</strong></span> <span class='ocrx_word' id='word_1_402' title='bbox 3035 989 3324 1046; x_wconf 90' lang='lat' dir='ltr'>quemque</span> <span class='ocrx_word' id='word_1_403' title='bbox 3351 973 3525 1028; x_wconf 89' lang='lat' dir='ltr'>modo</span> <span class='ocrx_word' id='word_1_404' title='bbox 3555 973 3875 1029; x_wconf 82' lang='lat' dir='ltr'>Labeonem</span> 
     </span>
    </p>
   </div>
   <div class='ocr_carea' id='block_1_56' title="bbox 2226 1060 3874 1138">
    <p class='ocr_par' dir='ltr' id='par_1_56' title="bbox 2226 1060 3874 1138">
     <span class='ocr_line' id='line_1_56' title="bbox 2226 1060 3874 1138; baseline -0.001 -19"><span class='ocrx_word' id='word_1_405' title='bbox 2226 1063 2353 1138; x_wconf 89' lang='lat' dir='ltr'>lege</span> <span class='ocrx_word' id='word_1_406' title='bbox 2383 1064 2618 1121; x_wconf 84' lang='lat' dir='ltr'>Caecilia</span> <span class='ocrx_word' id='word_1_407' title='bbox 2647 1063 2865 1121; x_wconf 86' lang='lat' dir='ltr'>sufficit</span> <span class='ocrx_word' id='word_1_408' title='bbox 2893 1062 3071 1132; x_wconf 90' lang='lat' dir='ltr'>cruci,</span> <span class='ocrx_word' id='word_1_409' title='bbox 3098 1062 3269 1118; x_wconf 90' lang='lat' dir='ltr'>modo</span> <span class='ocrx_word' id='word_1_410' title='bbox 3293 1062 3569 1118; x_wconf 90' lang='lat' dir='ltr'>Catonem</span> <span class='ocrx_word' id='word_1_411' title='bbox 3594 1060 3726 1135; x_wconf 87' lang='lat' dir='ltr'>lege</span> <span class='ocrx_word' id='word_1_412' title='bbox 3755 1078 3874 1118; x_wconf 86' lang='lat' dir='ltr'>mo-</span> 
     </span>
    </p>
   </div>
   <div class='ocr_carea' id='block_1_57' title="bbox 2227 1150 3871 1223">
    <p class='ocr_par' dir='ltr' id='par_1_57' title="bbox 2227 1150 3871 1223">
     <span class='ocr_line' id='line_1_57' title="bbox 2227 1150 3871 1223; baseline -0.001 -14"><span class='ocrx_word' id='word_1_413' title='bbox 2227 1154 2447 1210; x_wconf 90' lang='lat' dir='ltr'>netaria</span> <span class='ocrx_word' id='word_1_414' title='bbox 2470 1152 2863 1209; x_wconf 90' lang='lat' dir='ltr'>donatcuruli.</span> <span class='ocrx_word' id='word_1_415' title='bbox 2895 1153 2956 1209; x_wconf 92' lang='lat' dir='ltr'>1n</span> <span class='ocrx_word' id='word_1_416' title='bbox 2984 1152 3145 1208; x_wconf 90' lang='lat' dir='ltr'>omni</span> <span class='ocrx_word' id='word_1_417' title='bbox 3163 1156 3356 1208; x_wconf 90' lang='lat' dir='ltr'>autem</span> <span class='ocrx_word' id='word_1_418' title='bbox 3378 1150 3656 1207; x_wconf 90' lang='lat' dir='ltr'>concione</span> <span class='ocrx_word' id='word_1_419' title='bbox 3698 1150 3871 1223; x_wconf 84' lang='lat' dir='ltr'>hujus</span> 
     </span>
    </p>
   </div>
   <div class='ocr_carea' id='block_1_58' title="bbox 2227 1237 3870 1315">
    <p class='ocr_par' dir='ltr' id='par_1_58' title="bbox 2227 1237 3870 1315">
     <span class='ocr_line' id='line_1_58' title="bbox 2227 1237 3870 1315; baseline -0.002 -17"><span class='ocrx_word' id='word_1_420' title='bbox 2227 1243 2533 1315; x_wconf 89' lang='lat' dir='ltr'>potestatis</span> <span class='ocrx_word' id='word_1_421' title='bbox 2561 1242 2669 1298; x_wconf 92' lang='lat' dir='ltr'>hoc</span> <span class='ocrx_word' id='word_1_422' title='bbox 2720 1240 2991 1314; x_wconf 88' lang='lat' dir='ltr'>proponit</span> <span class='ocrx_word' id='word_1_423' title='bbox 3036 1239 3360 1296; x_wconf 87' lang='lat' dir='ltr'>auctoritas</span> <span class='ocrx_word' id='word_1_424' title='bbox 3407 1237 3627 1312; x_wconf 89' lang='lat' dir='ltr'>legum,</span> <span class='ocrx_word' id='word_1_425' title='bbox 3674 1239 3737 1294; x_wconf 93' lang='lat' dir='ltr'>in</span> <span class='ocrx_word' id='word_1_426' title='bbox 3767 1239 3870 1294; x_wconf 88' lang='lat' dir='ltr'>hoc</span> 
     </span>
    </p>
   </div>
   <div class='ocr_carea' id='block_1_59' title="bbox 2226 1326 3869 1402">
    <p class='ocr_par' dir='ltr' id='par_1_59' title="bbox 2226 1326 3869 1402">
     <span class='ocr_line' id='line_1_59' title="bbox 2226 1326 3869 1402; baseline -0.002 -16"><span class='ocrx_word' id='word_1_427' title='bbox 2226 1332 2517 1387; x_wconf 86' lang='lat' dir='ltr'>consentit</span> <span class='ocrx_word' id='word_1_428' title='bbox 2546 1347 2781 1387; x_wconf 87' lang='lat' dir='ltr'>summa</span> <span class='ocrx_word' id='word_1_429' title='bbox 2791 1330 3171 1402; x_wconf 86' lang='lat' dir='ltr'>judiciorum,</span> <span class='ocrx_word' id='word_1_430' title='bbox 3198 1333 3263 1383; x_wconf 88' lang='lat' dir='ltr'>ut</span> <span class='ocrx_word' id='word_1_431' title='bbox 3286 1326 3386 1399; x_wconf 91' lang='lat' dir='ltr'>qui</span> <span class='ocrx_word' id='word_1_432' title='bbox 3406 1344 3524 1383; x_wconf 91' lang='lat' dir='ltr'>non</span> <span class='ocrx_word' id='word_1_433' title='bbox 3547 1332 3743 1400; x_wconf 89' lang='lat' dir='ltr'>potest</span> <span class='ocrx_word' id='word_1_434' title='bbox 3759 1326 3869 1383; x_wconf 86' lang='lat' dir='ltr'>sol-</span> 
     </span>
    </p>
   </div>
   <div class='ocr_carea' id='block_1_60' title="bbox 2226 1416 3868 1489">
    <p class='ocr_par' dir='ltr' id='par_1_60' title="bbox 2226 1416 3868 1489">
     <span class='ocr_line' id='line_1_60' title="bbox 2226 1416 3868 1489; baseline -0.002 -14"><span class='ocrx_word' id='word_1_435' title='bbox 2226 1437 2356 1476; x_wconf 89' lang='lat' dir='ltr'>vere</span> <span class='ocrx_word' id='word_1_436' title='bbox 2382 1421 2453 1476; x_wconf 92' lang='lat' dir='ltr'>de</span> <span class='ocrx_word' id='word_1_437' title='bbox 2479 1420 2769 1476; x_wconf 88' lang='lat' dir='ltr'>immenso</span> <span class='ocrx_word' id='word_1_438' title='bbox 2810 1435 2940 1486; x_wconf 91' lang='lat' dir='ltr'>suo,</span> <span class='ocrx_word' id='word_1_439' title='bbox 2987 1416 3172 1474; x_wconf 89' lang='lat' dir='ltr'>solvat</span> <span class='ocrx_word' id='word_1_440' title='bbox 3223 1416 3377 1488; x_wconf 90' lang='lat' dir='ltr'>quod</span> <span class='ocrx_word' id='word_1_441' title='bbox 3429 1432 3668 1489; x_wconf 86' lang='lat' dir='ltr'>compar</span> <span class='ocrx_word' id='word_1_442' title='bbox 3698 1416 3778 1472; x_wconf 87' lang='lat' dir='ltr'>sit</span> <span class='ocrx_word' id='word_1_443' title='bbox 3803 1417 3868 1472; x_wconf 89' lang='lat' dir='ltr'>de</span> 
     </span>
    </p>
   </div>
   <div class='ocr_carea' id='block_1_61' title="bbox 2226 1504 3867 1574">
    <p class='ocr_par' dir='ltr' id='par_1_61' title="bbox 2226 1504 3867 1574">
     <span class='ocr_line' id='line_1_61' title="bbox 2226 1504 3867 1574; baseline -0.001 -12"><span class='ocrx_word' id='word_1_444' title='bbox 2226 1509 2490 1565; x_wconf 90' lang='lat' dir='ltr'>dimenso</span> <span class='ocrx_word' id='word_1_445' title='bbox 2523 1525 2629 1565; x_wconf 91' lang='lat' dir='ltr'>suo</span> <span class='ocrx_word' id='word_1_446' title='bbox 2656 1525 2669 1563; x_wconf 91' lang='lat'><strong>:</strong></span> <span class='ocrx_word' id='word_1_447' title='bbox 2698 1512 2756 1563; x_wconf 92' lang='lat' dir='ltr'>et</span> <span class='ocrx_word' id='word_1_448' title='bbox 2784 1508 2833 1563; x_wconf 91' lang='lat' dir='ltr'>si</span> <span class='ocrx_word' id='word_1_449' title='bbox 2866 1524 2980 1563; x_wconf 91' lang='lat' dir='ltr'>non</span> <span class='ocrx_word' id='word_1_450' title='bbox 3015 1506 3193 1561; x_wconf 88' lang='lat' dir='ltr'>habet</span> <span class='ocrx_word' id='word_1_451' title='bbox 3238 1506 3390 1561; x_wconf 92' lang='lat' dir='ltr'>unde</span> <span class='ocrx_word' id='word_1_452' title='bbox 3436 1504 3720 1574; x_wconf 89' lang='lat' dir='ltr'>solvatur,</span> <span class='ocrx_word' id='word_1_453' title='bbox 3749 1507 3867 1562; x_wconf 88' lang='lat' dir='ltr'>sine</span> 
     </span>
    </p>
   </div>
   <div class='ocr_carea' id='block_1_62' title="bbox 2225 1596 3027 1669">
    <p class='ocr_par' dir='ltr' id='par_1_62' title="bbox 2225 1596 3027 1669">
     <span class='ocr_line' id='line_1_62' title="bbox 2225 1596 3027 1669; baseline -0.004 -16"><span class='ocrx_word' id='word_1_454' title='bbox 2225 1598 2601 1654; x_wconf 88' lang='lat' dir='ltr'>miseratione</span> <span class='ocrx_word' id='word_1_455' title='bbox 2630 1596 3027 1669; x_wconf 84' lang='lat' dir='ltr'>cruciﬁgatur.</span> 
     </span>
    </p>
   </div>
   <div class='ocr_carea' id='block_1_63' title="bbox 2295 1683 3867 1757">
    <p class='ocr_par' dir='ltr' id='par_1_63' title="bbox 2295 1683 3867 1757">
     <span class='ocr_line' id='line_1_63' title="bbox 2295 1683 3867 1757; baseline -0.001 -15"><span class='ocrx_word' id='word_1_456' title='bbox 2295 1687 2530 1744; x_wconf 80' lang='lat' dir='ltr'>XXXVI.</span> <span class='ocrx_word' id='word_1_457' title='bbox 2569 1687 2707 1742; x_wconf 90' lang='lat' dir='ltr'>Inde</span> <span class='ocrx_word' id='word_1_458' title='bbox 2737 1690 2826 1741; x_wconf 87' lang='lat' dir='ltr'>est</span> <span class='ocrx_word' id='word_1_459' title='bbox 2855 1686 3010 1757; x_wconf 75' lang='lat' dir='ltr'>quod</span> <span class='ocrx_word' id='word_1_460' title='bbox 3041 1701 3175 1741; x_wconf 93' lang='lat' dir='ltr'>cum</span> <span class='ocrx_word' id='word_1_461' title='bbox 3209 1684 3269 1739; x_wconf 91' lang='lat' dir='ltr'>in</span> <span class='ocrx_word' id='word_1_462' title='bbox 3294 1683 3578 1739; x_wconf 90' lang='lat' dir='ltr'>nundinis</span> <span class='ocrx_word' id='word_1_463' title='bbox 3601 1688 3867 1741; x_wconf 87' lang='lat' dir='ltr'>sanctum</span> 
     </span>
    </p>
   </div>
   <div class='ocr_carea' id='block_1_64' title="bbox 2223 1771 3868 1849">
    <p class='ocr_par' dir='ltr' id='par_1_64' title="bbox 2223 1771 3868 1849">
     <span class='ocr_line' id='line_1_64' title="bbox 2223 1771 3868 1849; baseline -0.002 -16"><span class='ocrx_word' id='word_1_464' title='bbox 2223 1778 2487 1833; x_wconf 90' lang='lat' dir='ltr'>videmus</span> <span class='ocrx_word' id='word_1_465' title='bbox 2509 1775 2915 1849; x_wconf 87' lang='lat' dir='ltr'>Evangelium,</span> <span class='ocrx_word' id='word_1_466' title='bbox 2936 1773 3169 1830; x_wconf 90' lang='lat' dir='ltr'>venales</span> <span class='ocrx_word' id='word_1_467' title='bbox 3197 1772 3257 1828; x_wconf 91' lang='lat' dir='ltr'>in</span> <span class='ocrx_word' id='word_1_468' title='bbox 3295 1771 3550 1829; x_wconf 89' lang='lat' dir='ltr'>Ecclesia</span> <span class='ocrx_word' id='word_1_469' title='bbox 3569 1772 3868 1830; x_wconf 84' lang='lat' dir='ltr'>columbas</span> 
     </span>
    </p>
   </div>
   <div class='ocr_carea' id='block_1_65' title="bbox 2221 1861 3864 1934">
    <p class='ocr_par' dir='ltr' id='par_1_65' title="bbox 2221 1861 3864 1934">
     <span class='ocr_line' id='line_1_65' title="bbox 2221 1861 3864 1934; baseline -0.001 -13"><span class='ocrx_word' id='word_1_470' title='bbox 2221 1870 2278 1921; x_wconf 90' lang='lat' dir='ltr'>et</span> <span class='ocrx_word' id='word_1_471' title='bbox 2306 1866 2614 1921; x_wconf 90' lang='lat' dir='ltr'>cathedras</span> <span class='ocrx_word' id='word_1_472' title='bbox 2644 1864 3043 1929; x_wconf 85' lang='lat' dir='ltr'>vendentium,</span> <span class='ocrx_word' id='word_1_473' title='bbox 3079 1879 3183 1918; x_wconf 91' lang='lat' dir='ltr'>nec</span> <span class='ocrx_word' id='word_1_474' title='bbox 3214 1861 3385 1934; x_wconf 88' lang='lat' dir='ltr'>longe</span> <span class='ocrx_word' id='word_1_475' title='bbox 3416 1862 3488 1917; x_wconf 91' lang='lat' dir='ltr'>ab</span> <span class='ocrx_word' id='word_1_476' title='bbox 3515 1861 3610 1918; x_wconf 91' lang='lat' dir='ltr'>his</span> <span class='ocrx_word' id='word_1_477' title='bbox 3630 1878 3864 1920; x_wconf 83' lang='lat' dir='ltr'>mensas</span> 
     </span>
    </p>
   </div>
   <div class='ocr_carea' id='block_1_66' title="bbox 2219 1950 3857 2025">
    <p class='ocr_par' dir='ltr' id='par_1_66' title="bbox 2219 1950 3857 2025">
     <span class='ocr_line' id='line_1_66' title="bbox 2219 1950 3857 2025; baseline -0.002 -15"><span class='ocrx_word' id='word_1_478' title='bbox 2219 1954 2775 2019; x_wconf 88' lang='lat' dir='ltr'>nummulariorum,</span> <span class='ocrx_word' id='word_1_479' title='bbox 2809 1970 2926 2025; x_wconf 87' lang='lat' dir='ltr'>qua</span> <span class='ocrx_word' id='word_1_480' title='bbox 2954 1951 3128 2009; x_wconf 89' lang='lat' dir='ltr'>hodie</span> <span class='ocrx_word' id='word_1_481' title='bbox 3158 1968 3264 2008; x_wconf 89' lang='lat' dir='ltr'>nec</span> <span class='ocrx_word' id='word_1_482' title='bbox 3305 1952 3491 2023; x_wconf 88' lang='lat' dir='ltr'>gratis</span> <span class='ocrx_word' id='word_1_483' title='bbox 3537 1950 3857 2023; x_wconf 81' lang='lat' dir='ltr'>quidquam</span> 
     </span>
    </p>
   </div>
   <div class='ocr_carea' id='block_1_67' title="bbox 2220 2038 3857 2115">
    <p class='ocr_par' dir='ltr' id='par_1_67' title="bbox 2220 2038 3857 2115">
     <span class='ocr_line' id='line_1_67' title="bbox 2220 2038 3857 2115; baseline -0.004 -16"><span class='ocrx_word' id='word_1_484' title='bbox 2220 2044 2524 2115; x_wconf 88' lang='lat' dir='ltr'>accipitur,</span> <span class='ocrx_word' id='word_1_485' title='bbox 2558 2059 2660 2098; x_wconf 91' lang='lat' dir='ltr'>nec</span> <span class='ocrx_word' id='word_1_486' title='bbox 2692 2041 2872 2114; x_wconf 88' lang='lat' dir='ltr'>gratis</span> <span class='ocrx_word' id='word_1_487' title='bbox 2902 2041 3112 2097; x_wconf 90' lang='lat' dir='ltr'>datur:</span> <span class='ocrx_word' id='word_1_488' title='bbox 3147 2057 3281 2096; x_wconf 92' lang='lat' dir='ltr'>cum</span> <span class='ocrx_word' id='word_1_489' title='bbox 3312 2039 3457 2107; x_wconf 64' lang='lat' dir='ltr'>haec,</span> <span class='ocrx_word' id='word_1_490' title='bbox 3488 2040 3751 2111; x_wconf 89' lang='lat' dir='ltr'>inquam,</span> <span class='ocrx_word' id='word_1_491' title='bbox 3778 2038 3857 2094; x_wconf 87' lang='lat' dir='ltr'>vi-</span> 
     </span>
    </p>
   </div>
   <div class='ocr_carea' id='block_1_68' title="bbox 2219 2127 3862 2202">
    <p class='ocr_par' dir='ltr' id='par_1_68' title="bbox 2219 2127 3862 2202">
     <span class='ocr_line' id='line_1_68' title="bbox 2219 2127 3862 2202; baseline -0.002 -15"><span class='ocrx_word' id='word_1_492' title='bbox 2219 2132 2338 2188; x_wconf 90' lang='lat' dir='ltr'>dim</span> <span class='ocrx_word' id='word_1_493' title='bbox 2350 2149 2438 2202; x_wconf 90' lang='lat' dir='ltr'>us,</span> <span class='ocrx_word' id='word_1_494' title='bbox 2469 2130 2768 2198; x_wconf 62' lang='lat' dir='ltr'>ettentius,</span> <span class='ocrx_word' id='word_1_495' title='bbox 2791 2145 3067 2184; x_wconf 89' lang='lat' dir='ltr'>vacamus</span> <span class='ocrx_word' id='word_1_496' title='bbox 3093 2145 3296 2184; x_wconf 86' lang='lat' dir='ltr'>omnes</span> <span class='ocrx_word' id='word_1_497' title='bbox 3318 2129 3443 2184; x_wconf 83' lang='lat' dir='ltr'>foro</span> <span class='ocrx_word' id='word_1_498' title='bbox 3470 2145 3647 2201; x_wconf 89' lang='lat' dir='ltr'>quam</span> <span class='ocrx_word' id='word_1_499' title='bbox 3665 2127 3862 2194; x_wconf 83' lang='lat' dir='ltr'>ehem,</span> 
     </span>
    </p>
   </div>
   <div class='ocr_carea' id='block_1_69' title="bbox 2216 2218 3864 2291">
    <p class='ocr_par' dir='ltr' id='par_1_69' title="bbox 2216 2218 3864 2291">
     <span class='ocr_line' id='line_1_69' title="bbox 2216 2218 3864 2291; baseline -0.002 -14"><span class='ocrx_word' id='word_1_500' title='bbox 2216 2220 2446 2277; x_wconf 88' lang='lat' dir='ltr'>cautius</span> <span class='ocrx_word' id='word_1_501' title='bbox 2478 2219 2673 2277; x_wconf 92' lang='lat' dir='ltr'>usuris</span> <span class='ocrx_word' id='word_1_502' title='bbox 2703 2235 2881 2291; x_wconf 89' lang='lat' dir='ltr'>quam</span> <span class='ocrx_word' id='word_1_503' title='bbox 2911 2218 3238 2291; x_wconf 83' lang='lat' dir='ltr'>scripturis,</span> <span class='ocrx_word' id='word_1_504' title='bbox 3282 2218 3609 2289; x_wconf 89' lang='lat' dir='ltr'>impensius</span> <span class='ocrx_word' id='word_1_505' title='bbox 3640 2234 3864 2274; x_wconf 84' lang='lat' dir='ltr'>merca-</span> 
     </span>
    </p>
   </div>
   <div class='ocr_carea' id='block_1_70' title="bbox 2216 2305 3861 2383">
    <p class='ocr_par' dir='ltr' id='par_1_70' title="bbox 2216 2305 3861 2383">
     <span class='ocr_line' id='line_1_70' title="bbox 2216 2305 3861 2383; baseline -0.002 -18"><span class='ocrx_word' id='word_1_506' title='bbox 2216 2310 2360 2368; x_wconf 89' lang='lat' dir='ltr'>tioni</span> <span class='ocrx_word' id='word_1_507' title='bbox 2393 2327 2571 2383; x_wconf 88' lang='lat' dir='ltr'>quam</span> <span class='ocrx_word' id='word_1_508' title='bbox 2604 2306 2907 2380; x_wconf 91' lang='lat' dir='ltr'>religioni:</span> <span class='ocrx_word' id='word_1_509' title='bbox 2950 2307 3139 2379; x_wconf 87' lang='lat' dir='ltr'>magis</span> <span class='ocrx_word' id='word_1_510' title='bbox 3188 2305 3499 2379; x_wconf 89' lang='lat' dir='ltr'>implendis</span> <span class='ocrx_word' id='word_1_511' title='bbox 3545 2306 3861 2380; x_wconf 87' lang='lat' dir='ltr'>capacibus</span> 
     </span>
    </p>
   </div>
   <div class='ocr_carea' id='block_1_71' title="bbox 2218 2394 3857 2471">
    <p class='ocr_par' dir='ltr' id='par_1_71' title="bbox 2218 2394 3857 2471">
     <span class='ocr_line' id='line_1_71' title="bbox 2218 2394 3857 2471; baseline -0.002 -16"><span class='ocrx_word' id='word_1_512' title='bbox 2218 2399 2586 2471; x_wconf 90' lang='lat' dir='ltr'>marsurpiis,</span> <span class='ocrx_word' id='word_1_513' title='bbox 2620 2414 2798 2470; x_wconf 88' lang='lat' dir='ltr'>quam</span> <span class='ocrx_word' id='word_1_514' title='bbox 2830 2396 3211 2469; x_wconf 84' lang='lat' dir='ltr'>assequendis</span> <span class='ocrx_word' id='word_1_515' title='bbox 3239 2394 3582 2452; x_wconf 89' lang='lat' dir='ltr'>liberalibus</span> <span class='ocrx_word' id='word_1_516' title='bbox 3612 2396 3857 2452; x_wconf 88' lang='lat' dir='ltr'>studiis:</span> 
     </span>
    </p>
   </div>
   <div class='ocr_carea' id='block_1_72' title="bbox 2215 2482 3859 2558">
    <p class='ocr_par' dir='ltr' id='par_1_72' title="bbox 2215 2482 3859 2558">
     <span class='ocr_line' id='line_1_72' title="bbox 2215 2482 3859 2558; baseline -0.002 -14"><span class='ocrx_word' id='word_1_517' title='bbox 2215 2494 2272 2544; x_wconf 93' lang='lat' dir='ltr'>et</span> <span class='ocrx_word' id='word_1_518' title='bbox 2299 2488 2539 2545; x_wconf 89' lang='lat' dir='ltr'>omnino</span> <span class='ocrx_word' id='word_1_519' title='bbox 2571 2487 2769 2545; x_wconf 87' lang='lat' dir='ltr'>missis</span> <span class='ocrx_word' id='word_1_520' title='bbox 2798 2486 2890 2541; x_wconf 91' lang='lat' dir='ltr'>his</span> <span class='ocrx_word' id='word_1_521' title='bbox 2921 2503 3047 2558; x_wconf 62' lang='lat' dir='ltr'>quas</span> <span class='ocrx_word' id='word_1_522' title='bbox 3079 2482 3408 2557; x_wconf 84' lang='lat' dir='ltr'>evangelica</span> <span class='ocrx_word' id='word_1_523' title='bbox 3444 2484 3683 2551; x_wconf 87' lang='lat' dir='ltr'>veritas,</span> <span class='ocrx_word' id='word_1_524' title='bbox 3723 2500 3859 2557; x_wconf 88' lang='lat' dir='ltr'>apo-</span> 
     </span>
    </p>
   </div>
   <div class='ocr_carea' id='block_1_73' title="bbox 2214 2573 3860 2645">
    <p class='ocr_par' dir='ltr' id='par_1_73' title="bbox 2214 2573 3860 2645">
     <span class='ocr_line' id='line_1_73' title="bbox 2214 2573 3860 2645; baseline -0.004 -10"><span class='ocrx_word' id='word_1_525' title='bbox 2214 2579 2418 2635; x_wconf 91' lang='lat' dir='ltr'>stolica</span> <span class='ocrx_word' id='word_1_526' title='bbox 2483 2576 2794 2645; x_wconf 89' lang='lat' dir='ltr'>institutio,</span> <span class='ocrx_word' id='word_1_527' title='bbox 2857 2580 3194 2631; x_wconf 89' lang='lat' dir='ltr'>sanctorum</span> <span class='ocrx_word' id='word_1_528' title='bbox 3251 2575 3487 2630; x_wconf 85' lang='lat' dir='ltr'>Patrum</span> <span class='ocrx_word' id='word_1_529' title='bbox 3543 2573 3860 2630; x_wconf 80' lang='lat' dir='ltr'>auctoritas</span> 
     </span>
    </p>
   </div>
   <div class='ocr_carea' id='block_1_74' title="bbox 2214 2661 3856 2735">
    <p class='ocr_par' dir='ltr' id='par_1_74' title="bbox 2214 2661 3856 2735">
     <span class='ocr_line' id='line_1_74' title="bbox 2214 2661 3856 2735; baseline -0.004 -11"><span class='ocrx_word' id='word_1_530' title='bbox 2214 2665 2623 2724; x_wconf 89' lang='lat' dir='ltr'>ecclesiasticis</span> <span class='ocrx_word' id='word_1_531' title='bbox 2654 2665 2846 2721; x_wconf 81' lang='lat' dir='ltr'>sanxit</span> <span class='ocrx_word' id='word_1_532' title='bbox 2865 2663 3213 2735; x_wconf 90' lang='lat' dir='ltr'>disciplinis,</span> <span class='ocrx_word' id='word_1_533' title='bbox 3235 2661 3605 2718; x_wconf 71' lang='lat' dir='ltr'>saecularium</span> <span class='ocrx_word' id='word_1_534' title='bbox 3627 2662 3856 2718; x_wconf 87' lang='lat' dir='ltr'>deside-</span> 
     </span>
    </p>
   </div>
   <div class='ocr_carea' id='block_1_75' title="bbox 2214 2751 3861 2824">
    <p class='ocr_par' dir='ltr' id='par_1_75' title="bbox 2214 2751 3861 2824">
     <span class='ocr_line' id='line_1_75' title="bbox 2214 2751 3861 2824; baseline -0.002 -13"><span class='ocrx_word' id='word_1_535' title='bbox 2214 2758 2299 2813; x_wconf 93' lang='lat' dir='ltr'>rio</span> <span class='ocrx_word' id='word_1_536' title='bbox 2329 2756 2470 2811; x_wconf 89' lang='lat' dir='ltr'>adeo</span> <span class='ocrx_word' id='word_1_537' title='bbox 2517 2753 2838 2819; x_wconf 89' lang='lat' dir='ltr'>inhiamus,</span> <span class='ocrx_word' id='word_1_538' title='bbox 2889 2751 3261 2808; x_wconf 90' lang='lat' dir='ltr'>cumulandis</span> <span class='ocrx_word' id='word_1_539' title='bbox 3309 2751 3526 2808; x_wconf 90' lang='lat' dir='ltr'>divitiis</span> <span class='ocrx_word' id='word_1_540' title='bbox 3575 2751 3861 2824; x_wconf 84' lang='lat' dir='ltr'>tantisper</span> 
     </span>
    </p>
   </div>
   <div class='ocr_carea' id='block_1_76' title="bbox 2212 2840 3858 2917">
    <p class='ocr_par' dir='ltr' id='par_1_76' title="bbox 2212 2840 3858 2917">
     <span class='ocr_line' id='line_1_76' title="bbox 2212 2840 3858 2917; baseline -0.004 -16"><span class='ocrx_word' id='word_1_541' title='bbox 2212 2860 2585 2917; x_wconf 88' lang='lat' dir='ltr'>occupamur,</span> <span class='ocrx_word' id='word_1_542' title='bbox 2621 2859 2685 2897; x_wconf 91' lang='lat' dir='ltr'>ac</span> <span class='ocrx_word' id='word_1_543' title='bbox 2713 2842 2761 2898; x_wconf 88' lang='lat' dir='ltr'>si</span> <span class='ocrx_word' id='word_1_544' title='bbox 2793 2840 2893 2896; x_wconf 91' lang='lat' dir='ltr'>tali</span> <span class='ocrx_word' id='word_1_545' title='bbox 2926 2842 3108 2912; x_wconf 89' lang='lat' dir='ltr'>pretio</span> <span class='ocrx_word' id='word_1_546' title='bbox 3149 2840 3325 2896; x_wconf 91' lang='lat' dir='ltr'>vitam</span> <span class='ocrx_word' id='word_1_547' title='bbox 3374 2846 3656 2895; x_wconf 70' lang='lat' dir='ltr'>aeternam</span> <span class='ocrx_word' id='word_1_548' title='bbox 3705 2856 3858 2897; x_wconf 89' lang='lat' dir='ltr'>mer-</span> 
     </span>
    </p>
   </div>
   <div class='ocr_carea' id='block_1_77' title="bbox 2212 2927 3858 3000">
    <p class='ocr_par' dir='ltr' id='par_1_77' title="bbox 2212 2927 3858 3000">
     <span class='ocr_line' id='line_1_77' title="bbox 2212 2927 3858 3000; baseline -0.004 -10"><span class='ocrx_word' id='word_1_549' title='bbox 2212 2935 2329 2991; x_wconf 85' lang='lat' dir='ltr'>cari</span> <span class='ocrx_word' id='word_1_550' title='bbox 2375 2950 2721 2990; x_wconf 78' lang='lat' dir='ltr'>mereamur.</span> <span class='ocrx_word' id='word_1_551' title='bbox 2774 2934 2961 2996; x_wconf 87' lang='lat' dir='ltr'>Quare</span> <span class='ocrx_word' id='word_1_552' title='bbox 3008 2930 3150 2986; x_wconf 84' lang='lat' dir='ltr'>hoc!</span> <span class='ocrx_word' id='word_1_553' title='bbox 3188 2927 3325 3000; x_wconf 89' lang='lat' dir='ltr'>quia</span> <span class='ocrx_word' id='word_1_554' title='bbox 3369 2928 3520 2984; x_wconf 91' lang='lat' dir='ltr'>tanti</span> <span class='ocrx_word' id='word_1_555' title='bbox 3566 2933 3858 3000; x_wconf 87' lang='lat' dir='ltr'>quantum</span> 
     </span>
    </p>
   </div>
   <div class='ocr_carea' id='block_1_78' title="bbox 2212 3017 3746 3089">
    <p class='ocr_par' dir='ltr' id='par_1_78' title="bbox 2212 3017 3746 3089">
     <span class='ocr_line' id='line_1_78' title="bbox 2212 3017 3746 3089; baseline -0.004 -10"><span class='ocrx_word' id='word_1_556' title='bbox 2212 3024 2429 3080; x_wconf 89' lang='lat' dir='ltr'>habeas</span> <span class='ocrx_word' id='word_1_557' title='bbox 2459 3023 2560 3078; x_wconf 81' lang='lat' dir='ltr'>sis.</span> <span class='ocrx_word' id='word_1_558' title='bbox 2590 3020 2792 3077; x_wconf 79' lang='lat' dir='ltr'>Omnis</span> <span class='ocrx_word' id='word_1_559' title='bbox 2825 3020 2979 3074; x_wconf 83' lang='lat' dir='ltr'>enim</span> <span class='ocrx_word' id='word_1_560' title='bbox 3013 3034 3123 3087; x_wconf 87' lang='lat' dir='ltr'>res,</span> <span class='ocrx_word' id='word_1_561' title='bbox 3157 3022 3221 3073; x_wconf 91' lang='lat' dir='ltr'>ut</span> <span class='ocrx_word' id='word_1_562' title='bbox 3248 3018 3330 3072; x_wconf 89' lang='lat' dir='ltr'>ait</span> <span class='ocrx_word' id='word_1_563' title='bbox 3358 3033 3535 3089; x_wconf 90' lang='lat' dir='ltr'>quem</span> <span class='ocrx_word' id='word_1_564' title='bbox 3556 3017 3746 3073; x_wconf 90' lang='lat' dir='ltr'>nosti:</span> 
     </span>
    </p>
   </div>
   <div class='ocr_carea' id='block_1_79' title="bbox 2366 3148 3859 3212">
    <p class='ocr_par' dir='ltr' id='par_1_79' title="bbox 2366 3148 3859 3212">
     <span class='ocr_line' id='line_1_79' title="bbox 2366 3148 3859 3212; baseline -0.003 -10"><span class='ocrx_word' id='word_1_565' title='bbox 2366 3155 2562 3211; x_wconf 82' lang='lat' dir='ltr'>Virtus,</span> <span class='ocrx_word' id='word_1_566' title='bbox 2609 3152 2766 3207; x_wconf 82' lang='lat' dir='ltr'>fama,</span> <span class='ocrx_word' id='word_1_567' title='bbox 2802 3152 2982 3210; x_wconf 85' lang='lat' dir='ltr'>decus,</span> <span class='ocrx_word' id='word_1_568' title='bbox 3014 3150 3195 3199; x_wconf 84' lang='lat' dir='ltr'>divina</span> <span class='ocrx_word' id='word_1_569' title='bbox 3222 3149 3565 3212; x_wconf 85' lang='lat' dir='ltr'>humanaque</span> <span class='ocrx_word' id='word_1_570' title='bbox 3619 3148 3859 3212; x_wconf 81' lang='lat' dir='ltr'>pulchris</span> 
     </span>
    </p>
   </div>
   <div class='ocr_carea' id='block_1_80' title="bbox 2366 3211 3602 3276">
    <p class='ocr_par' dir='ltr' id='par_1_80' title="bbox 2366 3211 3602 3276">
     <span class='ocr_line' id='line_1_80' title="bbox 2366 3211 3602 3276; baseline -0.006 -9"><span class='ocrx_word' id='word_1_571' title='bbox 2366 3216 2569 3267; x_wconf 79' lang='lat' dir='ltr'>Divitiis</span> <span class='ocrx_word' id='word_1_572' title='bbox 2598 3218 2810 3275; x_wconf 87' lang='lat' dir='ltr'>parent,</span> <span class='ocrx_word' id='word_1_573' title='bbox 2831 3227 2965 3276; x_wconf 87' lang='lat' dir='ltr'>quas</span> <span class='ocrx_word' id='word_1_574' title='bbox 2994 3213 3113 3276; x_wconf 86' lang='lat' dir='ltr'>quis</span> <span class='ocrx_word' id='word_1_575' title='bbox 3141 3212 3490 3276; x_wconf 66' lang='lat' dir='ltr'>contraxerit,</span> <span class='ocrx_word' id='word_1_576' title='bbox 3513 3211 3602 3260; x_wconf 85' lang='lat' dir='ltr'>ille</span> 
     </span>
    </p>
   </div>
   <div class='ocr_carea' id='block_1_81' title="bbox 2361 3274 3729 3338">
    <p class='ocr_par' dir='ltr' id='par_1_81' title="bbox 2361 3274 3729 3338">
     <span class='ocr_line' id='line_1_81' title="bbox 2361 3274 3729 3338; baseline -0.005 -10"><span class='ocrx_word' id='word_1_577' title='bbox 2361 3280 2543 3328; x_wconf 86' lang='lat' dir='ltr'>Clarus</span> <span class='ocrx_word' id='word_1_578' title='bbox 2576 3274 2691 3332; x_wconf 83' lang='lat' dir='ltr'>erit.</span> <span class='ocrx_word' id='word_1_579' title='bbox 2726 3274 2896 3338; x_wconf 74' lang='lat' dir='ltr'>fertis,</span> <span class='ocrx_word' id='word_1_580' title='bbox 2922 3274 3118 3338; x_wconf 76' lang='lat' dir='ltr'>justus,</span> <span class='ocrx_word' id='word_1_581' title='bbox 3150 3274 3380 3338; x_wconf 86' lang='lat' dir='ltr'>sapiens,</span> <span class='ocrx_word' id='word_1_582' title='bbox 3423 3274 3582 3323; x_wconf 83' lang='lat' dir='ltr'>etiam</span> <span class='ocrx_word' id='word_1_583' title='bbox 3611 3286 3729 3333; x_wconf 88' lang='lat' dir='ltr'>rex,</span> 
     </span>
    </p>
   </div>
   <div class='ocr_carea' id='block_1_82' title="bbox 2355 3337 2900 3404">
    <p class='ocr_par' dir='ltr' id='par_1_82' title="bbox 2355 3337 2900 3404">
     <span class='ocr_line' id='line_1_82' title="bbox 2355 3337 2900 3404; baseline -0.009 -13"><span class='ocrx_word' id='word_1_584' title='bbox 2355 3343 2418 3391; x_wconf 85' lang='lat' dir='ltr'>Et</span> <span class='ocrx_word' id='word_1_585' title='bbox 2451 3338 2709 3404; x_wconf 87' lang='lat' dir='ltr'>quidquid</span> <span class='ocrx_word' id='word_1_586' title='bbox 2741 3337 2900 3387; x_wconf 83' lang='lat' dir='ltr'>volet.</span> 
     </span>
    </p>
   </div>
   <div class='ocr_carea' id='block_1_83' title="bbox 2203 3460 3860 3537">
    <p class='ocr_par' dir='ltr' id='par_1_83' title="bbox 2203 3460 3860 3537">
     <span class='ocr_line' id='line_1_83' title="bbox 2203 3460 3860 3537; baseline -0.003 -15"><span class='ocrx_word' id='word_1_587' title='bbox 2203 3468 2348 3522; x_wconf 88' lang='lat' dir='ltr'>Cum</span> <span class='ocrx_word' id='word_1_588' title='bbox 2377 3480 2512 3537; x_wconf 89' lang='lat' dir='ltr'>ergo</span> <span class='ocrx_word' id='word_1_589' title='bbox 2545 3480 2611 3518; x_wconf 85' lang='lat' dir='ltr'>ex</span> <span class='ocrx_word' id='word_1_590' title='bbox 2641 3480 2708 3519; x_wconf 90' lang='lat' dir='ltr'>ea</span> <span class='ocrx_word' id='word_1_591' title='bbox 2756 3480 2882 3536; x_wconf 70' lang='lat' dir='ltr'>quae</span> <span class='ocrx_word' id='word_1_592' title='bbox 2931 3461 3220 3519; x_wconf 88' lang='lat' dir='ltr'>malorum</span> <span class='ocrx_word' id='word_1_593' title='bbox 3269 3460 3533 3517; x_wconf 89' lang='lat' dir='ltr'>omnium</span> <span class='ocrx_word' id='word_1_594' title='bbox 3565 3460 3736 3516; x_wconf 81' lang='lat' dir='ltr'>radix</span> <span class='ocrx_word' id='word_1_595' title='bbox 3769 3464 3860 3517; x_wconf 86' lang='lat' dir='ltr'>est</span> 
     </span>
    </p>
   </div>
   <div class='ocr_carea' id='block_1_84' title="bbox 2205 3549 3857 3623">
    <p class='ocr_par' dir='ltr' id='par_1_84' title="bbox 2205 3549 3857 3623">
     <span class='ocr_line' id='line_1_84' title="bbox 2205 3549 3857 3623; baseline -0.003 -12"><span class='ocrx_word' id='word_1_596' title='bbox 2205 3554 2466 3620; x_wconf 88' lang='lat' dir='ltr'>avaritia,</span> <span class='ocrx_word' id='word_1_597' title='bbox 2509 3553 2631 3609; x_wconf 66' lang='lat' dir='ltr'>haec</span> <span class='ocrx_word' id='word_1_598' title='bbox 2676 3551 2974 3609; x_wconf 87' lang='lat' dir='ltr'>horribilis</span> <span class='ocrx_word' id='word_1_599' title='bbox 3018 3552 3321 3623; x_wconf 81' lang='lat' dir='ltr'>spinarum</span> <span class='ocrx_word' id='word_1_600' title='bbox 3374 3549 3517 3607; x_wconf 83' lang='lat' dir='ltr'>silva</span> <span class='ocrx_word' id='word_1_601' title='bbox 3559 3555 3857 3623; x_wconf 82' lang='lat' dir='ltr'>emergat,</span> 
     </span>
    </p>
   </div>
   <div class='ocr_carea' id='block_1_85' title="bbox 2204 3639 3858 3713">
    <p class='ocr_par' dir='ltr' id='par_1_85' title="bbox 2204 3639 3858 3713">
     <span class='ocr_line' id='line_1_85' title="bbox 2204 3639 3858 3713; baseline -0.004 -12"><span class='ocrx_word' id='word_1_602' title='bbox 2204 3644 2388 3711; x_wconf 86' lang='lat' dir='ltr'>facile,</span> <span class='ocrx_word' id='word_1_603' title='bbox 2421 3643 2538 3699; x_wconf 90' lang='lat' dir='ltr'>imo</span> <span class='ocrx_word' id='word_1_604' title='bbox 2566 3640 2862 3710; x_wconf 86' lang='lat' dir='ltr'>horribile,</span> <span class='ocrx_word' id='word_1_605' title='bbox 2895 3646 2984 3697; x_wconf 90' lang='lat' dir='ltr'>est</span> <span class='ocrx_word' id='word_1_606' title='bbox 3003 3641 3200 3697; x_wconf 90' lang='lat' dir='ltr'>videre</span> <span class='ocrx_word' id='word_1_607' title='bbox 3223 3639 3333 3697; x_wconf 87' lang='lat' dir='ltr'>hoc</span> <span class='ocrx_word' id='word_1_608' title='bbox 3354 3640 3642 3713; x_wconf 90' lang='lat' dir='ltr'>spinetum</span> <span class='ocrx_word' id='word_1_609' title='bbox 3663 3655 3858 3712; x_wconf 86' lang='lat' dir='ltr'>quem</span> 
     </span>
    </p>
   </div>
   <div class='ocr_carea' id='block_1_86' title="bbox 2205 3728 3859 3802">
    <p class='ocr_par' dir='ltr' id='par_1_86' title="bbox 2205 3728 3859 3802">
     <span class='ocr_line' id='line_1_86' title="bbox 2205 3728 3859 3802; baseline -0.002 -14"><span class='ocrx_word' id='word_1_610' title='bbox 2205 3735 2459 3788; x_wconf 78' lang='lat' dir='ltr'>fructum</span> <span class='ocrx_word' id='word_1_611' title='bbox 2492 3734 2654 3787; x_wconf 86' lang='lat' dir='ltr'>forat.</span> <span class='ocrx_word' id='word_1_612' title='bbox 2691 3731 2829 3787; x_wconf 90' lang='lat' dir='ltr'>Inde</span> <span class='ocrx_word' id='word_1_613' title='bbox 2856 3736 2946 3787; x_wconf 90' lang='lat' dir='ltr'>est</span> <span class='ocrx_word' id='word_1_614' title='bbox 2976 3730 3131 3801; x_wconf 91' lang='lat' dir='ltr'>quod</span> <span class='ocrx_word' id='word_1_615' title='bbox 3164 3731 3307 3785; x_wconf 90' lang='lat' dir='ltr'>dum</span> <span class='ocrx_word' id='word_1_616' title='bbox 3332 3728 3708 3802; x_wconf 85' lang='lat' dir='ltr'>acquirendis</span> <span class='ocrx_word' id='word_1_617' title='bbox 3740 3729 3859 3785; x_wconf 86' lang='lat' dir='ltr'>im-</span> 
     </span>
    </p>
   </div>
   <div class='ocr_carea' id='block_1_87' title="bbox 2206 3817 3858 3893">
    <p class='ocr_par' dir='ltr' id='par_1_87' title="bbox 2206 3817 3858 3893">
     <span class='ocr_line' id='line_1_87' title="bbox 2206 3817 3858 3893; baseline -0.001 -18"><span class='ocrx_word' id='word_1_618' title='bbox 2206 3820 2745 3889; x_wconf 69' lang='lat' dir='ltr'>moramurstudiis,</span> <span class='ocrx_word' id='word_1_619' title='bbox 2762 3820 2819 3874; x_wconf 91' lang='lat' dir='ltr'>in</span> <span class='ocrx_word' id='word_1_620' title='bbox 2838 3818 3248 3893; x_wconf 85' lang='lat' dir='ltr'>comparandis</span> <span class='ocrx_word' id='word_1_621' title='bbox 3268 3817 3858 3875; x_wconf 82' lang='lat' dir='ltr'>honoribusinvieem</span> 
     </span>
    </p>
   </div>
   <div class='ocr_carea' id='block_1_88' title="bbox 2203 3906 3859 3984">
    <p class='ocr_par' dir='ltr' id='par_1_88' title="bbox 2203 3906 3859 3984">
     <span class='ocr_line' id='line_1_88' title="bbox 2203 3906 3859 3984; baseline -0.002 -18"><span class='ocrx_word' id='word_1_622' title='bbox 2203 3914 2643 3984; x_wconf 79' lang='lat' dir='ltr'>praecurrentes,</span> <span class='ocrx_word' id='word_1_623' title='bbox 2678 3925 2793 3964; x_wconf 91' lang='lat' dir='ltr'>non</span> <span class='ocrx_word' id='word_1_624' title='bbox 2842 3907 3063 3965; x_wconf 89' lang='lat' dir='ltr'>honore</span> <span class='ocrx_word' id='word_1_625' title='bbox 3111 3907 3358 3965; x_wconf 89' lang='lat' dir='ltr'>invicem</span> <span class='ocrx_word' id='word_1_626' title='bbox 3406 3906 3859 3980; x_wconf 80' lang='lat' dir='ltr'>praevenientes,</span> 
     </span>
    </p>
   </div>
   <div class='ocr_carea' id='block_1_89' title="bbox 2203 3996 3863 4071">
    <p class='ocr_par' dir='ltr' id='par_1_89' title="bbox 2203 3996 3863 4071">
     <span class='ocr_line' id='line_1_89' title="bbox 2203 3996 3863 4071; baseline -0.003 -16"><span class='ocrx_word' id='word_1_627' title='bbox 2203 4002 2445 4071; x_wconf 88' lang='lat' dir='ltr'>antiqua</span> <span class='ocrx_word' id='word_1_628' title='bbox 2474 3998 2678 4054; x_wconf 65' lang='lat' dir='ltr'>divinae</span> <span class='ocrx_word' id='word_1_629' title='bbox 2710 3997 3010 4071; x_wconf 87' lang='lat' dir='ltr'>religionis</span> <span class='ocrx_word' id='word_1_630' title='bbox 3040 3996 3350 4053; x_wconf 90' lang='lat' dir='ltr'>immutata</span> <span class='ocrx_word' id='word_1_631' title='bbox 3392 3996 3559 4066; x_wconf 87' lang='lat' dir='ltr'>facie,</span> <span class='ocrx_word' id='word_1_632' title='bbox 3611 4002 3863 4070; x_wconf 77' lang='lat' dir='ltr'>paterna</span> 
     </span>
    </p>
   </div>
   <div class='ocr_carea' id='block_1_90' title="bbox 2204 4082 3861 4158">
    <p class='ocr_par' dir='ltr' id='par_1_90' title="bbox 2204 4082 3861 4158">
     <span class='ocr_line' id='line_1_90' title="bbox 2204 4082 3861 4158; baseline -0.002 -16"><span class='ocrx_word' id='word_1_633' title='bbox 2204 4086 2442 4143; x_wconf 89' lang='lat' dir='ltr'>moralis</span> <span class='ocrx_word' id='word_1_634' title='bbox 2464 4083 2785 4157; x_wconf 72' lang='lat' dir='ltr'>disciplina:</span> <span class='ocrx_word' id='word_1_635' title='bbox 2809 4100 2954 4158; x_wconf 91' lang='lat' dir='ltr'>pene</span> <span class='ocrx_word' id='word_1_636' title='bbox 2975 4084 3033 4139; x_wconf 93' lang='lat' dir='ltr'>in</span> <span class='ocrx_word' id='word_1_637' title='bbox 3056 4082 3317 4140; x_wconf 87' lang='lat' dir='ltr'>fabulam</span> <span class='ocrx_word' id='word_1_638' title='bbox 3341 4084 3577 4140; x_wconf 89' lang='lat' dir='ltr'>redacta</span> <span class='ocrx_word' id='word_1_639' title='bbox 3614 4084 3861 4141; x_wconf 84' lang='lat' dir='ltr'>institu-</span> 
     </span>
    </p>
   </div>
   <div class='ocr_carea' id='block_1_91' title="bbox 2200 4171 3861 4243">
    <p class='ocr_par' dir='ltr' id='par_1_91' title="bbox 2200 4171 3861 4243">
     <span class='ocr_line' id='line_1_91' title="bbox 2200 4171 3861 4243; baseline -0.002 -11"><span class='ocrx_word' id='word_1_640' title='bbox 2200 4177 2376 4243; x_wconf 90' lang='lat' dir='ltr'>tione,</span> <span class='ocrx_word' id='word_1_641' title='bbox 2400 4176 2578 4230; x_wconf 85' lang='lat' dir='ltr'>frater</span> <span class='ocrx_word' id='word_1_642' title='bbox 2603 4174 2764 4229; x_wconf 88' lang='lat' dir='ltr'>fratri</span> <span class='ocrx_word' id='word_1_643' title='bbox 2787 4174 3138 4240; x_wconf 88' lang='lat' dir='ltr'>invidemus,</span> <span class='ocrx_word' id='word_1_644' title='bbox 3161 4171 3308 4229; x_wconf 89' lang='lat' dir='ltr'>alter</span> <span class='ocrx_word' id='word_1_645' title='bbox 3333 4172 3501 4229; x_wconf 89' lang='lat' dir='ltr'>alteri</span> <span class='ocrx_word' id='word_1_646' title='bbox 3528 4172 3861 4230; x_wconf 84' lang='lat' dir='ltr'>mordenda</span> 
     </span>
    </p>
   </div>
   <div class='ocr_carea' id='block_1_92' title="bbox 2202 4260 3864 4337">
    <p class='ocr_par' dir='ltr' id='par_1_92' title="bbox 2202 4260 3864 4337">
     <span class='ocr_line' id='line_1_92' title="bbox 2202 4260 3864 4337; baseline -0.002 -16"><span class='ocrx_word' id='word_1_647' title='bbox 2202 4266 2593 4337; x_wconf 89' lang='lat' dir='ltr'>derogamus:</span> <span class='ocrx_word' id='word_1_648' title='bbox 2647 4262 2892 4319; x_wconf 90' lang='lat' dir='ltr'>invicem</span> <span class='ocrx_word' id='word_1_649' title='bbox 2953 4266 3294 4318; x_wconf 89' lang='lat' dir='ltr'>accusantes</span> <span class='ocrx_word' id='word_1_650' title='bbox 3359 4260 3642 4317; x_wconf 89' lang='lat' dir='ltr'>intestina</span> <span class='ocrx_word' id='word_1_651' title='bbox 3701 4261 3864 4317; x_wconf 83' lang='lat' dir='ltr'>bella</span> 
     </span>
    </p>
   </div>
   <div class='ocr_carea' id='block_1_93' title="bbox 2203 4349 3862 4423">
    <p class='ocr_par' dir='ltr' id='par_1_93' title="bbox 2203 4349 3862 4423">
     <span class='ocr_line' id='line_1_93' title="bbox 2203 4349 3862 4423; baseline -0.004 -13"><span class='ocrx_word' id='word_1_652' title='bbox 2203 4370 2523 4421; x_wconf 88' lang='lat' dir='ltr'>movemus,</span> <span class='ocrx_word' id='word_1_653' title='bbox 2553 4352 2740 4409; x_wconf 86' lang='lat' dir='ltr'>acutis</span> <span class='ocrx_word' id='word_1_654' title='bbox 2770 4351 3076 4407; x_wconf 82' lang='lat' dir='ltr'>verborum</span> <span class='ocrx_word' id='word_1_655' title='bbox 3108 4349 3351 4423; x_wconf 92' lang='lat' dir='ltr'>spiculis</span> <span class='ocrx_word' id='word_1_656' title='bbox 3390 4349 3643 4406; x_wconf 86' lang='lat' dir='ltr'>fratrum</span> <span class='ocrx_word' id='word_1_657' title='bbox 3673 4349 3862 4406; x_wconf 78' lang='lat' dir='ltr'>corda</span> 
     </span>
    </p>
   </div>
   <div class='ocr_carea' id='block_1_94' title="bbox 2202 4438 3860 4510">
    <p class='ocr_par' dir='ltr' id='par_1_94' title="bbox 2202 4438 3860 4510">
     <span class='ocr_line' id='line_1_94' title="bbox 2202 4438 3860 4510; baseline -0.003 -11"><span class='ocrx_word' id='word_1_658' title='bbox 2202 4443 2593 4510; x_wconf 88' lang='lat' dir='ltr'>confodimus;</span> <span class='ocrx_word' id='word_1_659' title='bbox 2612 4442 2776 4498; x_wconf 91' lang='lat' dir='ltr'>dolos</span> <span class='ocrx_word' id='word_1_660' title='bbox 2798 4440 2858 4496; x_wconf 94' lang='lat' dir='ltr'>in</span> <span class='ocrx_word' id='word_1_661' title='bbox 2882 4441 3051 4497; x_wconf 90' lang='lat' dir='ltr'>corde</span> <span class='ocrx_word' id='word_1_662' title='bbox 3071 4445 3373 4502; x_wconf 84' lang='lat' dir='ltr'>versantes</span> <span class='ocrx_word' id='word_1_663' title='bbox 3401 4438 3860 4495; x_wconf 87' lang='lat' dir='ltr'>simulationem</span> 
     </span>
    </p>
   </div>
   <div class='ocr_carea' id='block_1_95' title="bbox 446 4522 3861 4609">
    <p class='ocr_par' dir='ltr' id='par_1_95' title="bbox 446 4522 3861 4609">
     <span class='ocr_line' id='line_1_95' title="bbox 446 4522 3861 4609; baseline -0.002 -32"><span class='ocrx_word' id='word_1_664' title='bbox 446 4524 606 4578; x_wconf 89' lang='lat' dir='ltr'>trabe</span> <span class='ocrx_word' id='word_1_665' title='bbox 636 4524 707 4577; x_wconf 92' lang='lat' dir='ltr'>de</span> <span class='ocrx_word' id='word_1_666' title='bbox 744 4522 911 4577; x_wconf 92' lang='lat' dir='ltr'>oculo</span> <span class='ocrx_word' id='word_1_667' title='bbox 958 4522 1199 4577; x_wconf 73' lang='lat' dir='ltr'>alterius</span> <span class='ocrx_word' id='word_1_668' title='bbox 1246 4524 1525 4577; x_wconf 78' lang='lat' dir='ltr'>festucam</span> <span class='ocrx_word' id='word_1_669' title='bbox 1578 4540 1797 4581; x_wconf 70' lang='lat' dir='ltr'>eruere.</span> <span class='ocrx_word' id='word_1_670' title='bbox 1851 4523 2093 4580; x_wconf 80' lang='lat' dir='ltr'>avaritia</span> <span class='ocrx_word' id='word_1_671' title='bbox 2124 4547 2167 4609; x_wconf 67' lang='grc' dir='ltr'>Ι)</span> <span class='ocrx_word' id='word_1_672' title='bbox 2200 4531 2259 4587; x_wconf 77' lang='lat' dir='ltr'>in</span> <span class='ocrx_word' id='word_1_673' title='bbox 2286 4531 2474 4595; x_wconf 59' lang='lat' dir='ltr'>vultu,</span> <span class='ocrx_word' id='word_1_674' title='bbox 2512 4530 2801 4585; x_wconf 72' lang='lat' dir='ltr'>fallaciam</span> <span class='ocrx_word' id='word_1_675' title='bbox 2834 4530 2889 4584; x_wconf 80' lang='lat' dir='ltr'>in</span> <span class='ocrx_word' id='word_1_676' title='bbox 2913 4528 3105 4584; x_wconf 74' lang='lat' dir='ltr'>verbis</span> <span class='ocrx_word' id='word_1_677' title='bbox 3136 4527 3586 4599; x_wconf 61' lang='lat' dir='ltr'>proferimus,et</span> <span class='ocrx_word' id='word_1_678' title='bbox 3604 4527 3861 4582; x_wconf 76' lang='lat' dir='ltr'>omnino</span> 
     </span>
    </p>
   </div>
   <div class='ocr_carea' id='block_1_96' title="bbox 442 4610 2089 4682">
    <p class='ocr_par' dir='ltr' id='par_1_96' title="bbox 442 4610 2089 4682">
     <span class='ocr_line' id='line_1_96' title="bbox 442 4610 2089 4682; baseline 0.001 -17"><span class='ocrx_word' id='word_1_679' title='bbox 442 4627 636 4666; x_wconf 90' lang='lat' dir='ltr'>comes</span> <span class='ocrx_word' id='word_1_680' title='bbox 667 4611 725 4665; x_wconf 91' lang='lat' dir='ltr'>in</span> <span class='ocrx_word' id='word_1_681' title='bbox 758 4612 952 4666; x_wconf 88' lang='lat' dir='ltr'>medio</span> <span class='ocrx_word' id='word_1_682' title='bbox 980 4620 1178 4666; x_wconf 88' lang='lat' dir='ltr'>astans</span> <span class='ocrx_word' id='word_1_683' title='bbox 1204 4610 1491 4664; x_wconf 82' lang='lat' dir='ltr'>declamat</span> <span class='ocrx_word' id='word_1_684' title='bbox 1512 4620 1777 4682; x_wconf 58' lang='lat' dir='ltr'>qum-rtus</span> <span class='ocrx_word' id='word_1_685' title='bbox 1811 4613 2089 4675; x_wconf 84' lang='lat' dir='ltr'>;exsudat</span> 
     </span>
    </p>
   </div>
   <div class='ocr_carea' id='block_1_97' title="bbox 442 4700 2089 4771">
    <p class='ocr_par' dir='ltr' id='par_1_97' title="bbox 442 4700 2089 4771">
     <span class='ocr_line' id='line_1_97' title="bbox 442 4700 2089 4771; baseline 0.002 -19"><span class='ocrx_word' id='word_1_686' title='bbox 442 4715 671 4769; x_wconf 86' lang='lat' dir='ltr'>causas,</span> <span class='ocrx_word' id='word_1_687' title='bbox 724 4700 812 4755; x_wconf 84' lang='lat' dir='ltr'>fas</span> <span class='ocrx_word' id='word_1_688' title='bbox 859 4705 914 4755; x_wconf 92' lang='lat' dir='ltr'>et</span> <span class='ocrx_word' id='word_1_689' title='bbox 967 4700 1148 4768; x_wconf 88' lang='lat' dir='ltr'>nefas,</span> <span class='ocrx_word' id='word_1_690' title='bbox 1200 4716 1363 4755; x_wconf 80' lang='lat' dir='ltr'>sacra</span> <span class='ocrx_word' id='word_1_691' title='bbox 1407 4703 1463 4754; x_wconf 90' lang='lat' dir='ltr'>et</span> <span class='ocrx_word' id='word_1_692' title='bbox 1512 4700 1754 4771; x_wconf 87' lang='lat' dir='ltr'>profana</span> <span class='ocrx_word' id='word_1_693' title='bbox 1803 4700 1855 4754; x_wconf 88' lang='lat' dir='ltr'>in</span> <span class='ocrx_word' id='word_1_694' title='bbox 1900 4702 2089 4756; x_wconf 88' lang='lat' dir='ltr'>medio</span> 
     </span>
    </p>
   </div>
   <div class='ocr_carea' id='block_1_98' title="bbox 446 4785 2084 4859">
    <p class='ocr_par' dir='ltr' id='par_1_98' title="bbox 446 4785 2084 4859">
     <span class='ocr_line' id='line_1_98' title="bbox 446 4785 2084 4859; baseline 0.003 -20"><span class='ocrx_word' id='word_1_695' title='bbox 446 4785 642 4841; x_wconf 89' lang='lat' dir='ltr'>haberi</span> <span class='ocrx_word' id='word_1_696' title='bbox 671 4788 969 4857; x_wconf 86' lang='lat' dir='ltr'>deplorat:</span> <span class='ocrx_word' id='word_1_697' title='bbox 997 4789 1427 4844; x_wconf 77' lang='lat' dir='ltr'>miserationem</span> <span class='ocrx_word' id='word_1_698' title='bbox 1457 4788 1747 4859; x_wconf 70' lang='lat' dir='ltr'>judicum,</span> <span class='ocrx_word' id='word_1_699' title='bbox 1773 4789 2084 4844; x_wconf 85' lang='lat' dir='ltr'>auctorita—</span> 
     </span>
    </p>
   </div>
   <div class='ocr_carea' id='block_1_99' title="bbox 448 4872 2084 4948">
    <p class='ocr_par' dir='ltr' id='par_1_99' title="bbox 448 4872 2084 4948">
     <span class='ocr_line' id='line_1_99' title="bbox 448 4872 2084 4948; baseline 0.003 -22"><span class='ocrx_word' id='word_1_700' title='bbox 448 4876 564 4927; x_wconf 93' lang='lat' dir='ltr'>tem</span> <span class='ocrx_word' id='word_1_701' title='bbox 596 4872 813 4945; x_wconf 89' lang='lat' dir='ltr'>legum,</span> <span class='ocrx_word' id='word_1_702' title='bbox 829 4876 967 4945; x_wconf 87' lang='lat' dir='ltr'>jura</span> <span class='ocrx_word' id='word_1_703' title='bbox 990 4876 1180 4930; x_wconf 84' lang='lat' dir='ltr'>divina</span> <span class='ocrx_word' id='word_1_704' title='bbox 1201 4882 1258 4931; x_wconf 89' lang='lat' dir='ltr'>et</span> <span class='ocrx_word' id='word_1_705' title='bbox 1278 4878 1537 4931; x_wconf 85' lang='lat' dir='ltr'>humana</span> <span class='ocrx_word' id='word_1_706' title='bbox 1559 4876 1835 4948; x_wconf 91' lang='lat' dir='ltr'>implorat</span> <span class='ocrx_word' id='word_1_707' title='bbox 1856 4896 1869 4944; x_wconf 92' lang='lat'>;</span> <span class='ocrx_word' id='word_1_708' title='bbox 1893 4889 1946 4931; x_wconf 84' lang='lat' dir='ltr'>et</span> <span class='ocrx_word' id='word_1_709' title='bbox 1972 4878 2084 4933; x_wconf 90' lang='lat' dir='ltr'>nisi</span> 
     </span>
    </p>
   </div>
   <div class='ocr_carea' id='block_1_100' title="bbox 443 4960 2084 5037">
    <p class='ocr_par' dir='ltr' id='par_1_100' title="bbox 443 4960 2084 5037">
     <span class='ocr_line' id='line_1_100' title="bbox 443 4960 2084 5037; baseline 0.004 -23"><span class='ocrx_word' id='word_1_710' title='bbox 443 4960 502 5015; x_wconf 90' lang='lat' dir='ltr'>id</span> <span class='ocrx_word' id='word_1_711' title='bbox 544 4961 697 5033; x_wconf 90' lang='lat' dir='ltr'>quod</span> <span class='ocrx_word' id='word_1_712' title='bbox 751 4964 1035 5034; x_wconf 87' lang='lat' dir='ltr'>arguitur,</span> <span class='ocrx_word' id='word_1_713' title='bbox 1087 4964 1144 5018; x_wconf 90' lang='lat' dir='ltr'>in</span> <span class='ocrx_word' id='word_1_714' title='bbox 1194 4963 1415 5020; x_wconf 88' lang='lat' dir='ltr'>loculos</span> <span class='ocrx_word' id='word_1_715' title='bbox 1467 4965 1755 5021; x_wconf 90' lang='lat' dir='ltr'>nummati</span> <span class='ocrx_word' id='word_1_716' title='bbox 1798 4964 1953 5021; x_wconf 90' lang='lat' dir='ltr'>illius</span> <span class='ocrx_word' id='word_1_717' title='bbox 1983 4967 2084 5037; x_wconf 91' lang='lat' dir='ltr'>qui</span> 
     </span>
    </p>
   </div>
   <div class='ocr_carea' id='block_1_101' title="bbox 443 5049 2085 5127">
    <p class='ocr_par' dir='ltr' id='par_1_101' title="bbox 443 5049 2085 5127">
     <span class='ocr_line' id='line_1_101' title="bbox 443 5049 2085 5127; baseline 0.002 -21"><span class='ocrx_word' id='word_1_718' title='bbox 443 5049 772 5119; x_wconf 88' lang='lat' dir='ltr'>incesserit,</span> <span class='ocrx_word' id='word_1_719' title='bbox 798 5052 969 5108; x_wconf 86' lang='lat' dir='ltr'>fuerit</span> <span class='ocrx_word' id='word_1_720' title='bbox 993 5053 1286 5123; x_wconf 84' lang='lat' dir='ltr'>punitum,</span> <span class='ocrx_word' id='word_1_721' title='bbox 1315 5054 1805 5125; x_wconf 59' lang='lat' dir='ltr'>perturbationem</span> <span class='ocrx_word' id='word_1_722' title='bbox 1833 5072 2085 5127; x_wconf 85' lang='lat' dir='ltr'>conque—</span> 
     </span>
    </p>
   </div>
   <div class='ocr_carea' id='block_1_102' title="bbox 443 5138 2084 5212">
    <p class='ocr_par' dir='ltr' id='par_1_102' title="bbox 443 5138 2084 5212">
     <span class='ocr_line' id='line_1_102' title="bbox 443 5138 2084 5212; baseline 0.005 -19"><span class='ocrx_word' id='word_1_723' title='bbox 443 5138 592 5195; x_wconf 89' lang='lat' dir='ltr'>ritur</span> <span class='ocrx_word' id='word_1_724' title='bbox 623 5141 742 5197; x_wconf 87' lang='lat' dir='ltr'>fore</span> <span class='ocrx_word' id='word_1_725' title='bbox 771 5140 1032 5197; x_wconf 89' lang='lat' dir='ltr'>omnium</span> <span class='ocrx_word' id='word_1_726' title='bbox 1055 5143 1433 5212; x_wconf 86' lang='lat' dir='ltr'>judiciorum.</span> <span class='ocrx_word' id='word_1_727' title='bbox 1462 5144 1577 5199; x_wconf 82' lang='lat' dir='ltr'>lioc</span> <span class='ocrx_word' id='word_1_728' title='bbox 1608 5154 1803 5199; x_wconf 79' lang='lat' dir='ltr'>autem</span> <span class='ocrx_word' id='word_1_729' title='bbox 1828 5144 2084 5201; x_wconf 87' lang='lat' dir='ltr'>tonitruo</span> 
     </span>
    </p>
   </div>
   <div class='ocr_carea' id='block_1_103' title="bbox 441 5230 2083 5304">
    <p class='ocr_par' dir='ltr' id='par_1_103' title="bbox 441 5230 2083 5304">
     <span class='ocr_line' id='line_1_103' title="bbox 441 5230 2083 5304; baseline 0.002 -21"><span class='ocrx_word' id='word_1_730' title='bbox 441 5230 667 5285; x_wconf 91' lang='lat' dir='ltr'>cunctis</span> <span class='ocrx_word' id='word_1_731' title='bbox 713 5234 930 5286; x_wconf 90' lang='lat' dir='ltr'>terrore</span> <span class='ocrx_word' id='word_1_732' title='bbox 992 5230 1296 5302; x_wconf 90' lang='lat' dir='ltr'>perculsis,</span> <span class='ocrx_word' id='word_1_733' title='bbox 1344 5232 1473 5304; x_wconf 87' lang='lat' dir='ltr'>ipsa</span> <span class='ocrx_word' id='word_1_734' title='bbox 1534 5232 1830 5304; x_wconf 90' lang='lat' dir='ltr'>utrimque</span> <span class='ocrx_word' id='word_1_735' title='bbox 1879 5250 2083 5288; x_wconf 90' lang='lat' dir='ltr'>susur-</span> 
     </span>
    </p>
   </div>
   <div class='ocr_carea' id='block_1_104' title="bbox 440 5318 2084 5395">
    <p class='ocr_par' dir='ltr' id='par_1_104' title="bbox 440 5318 2084 5395">
     <span class='ocr_line' id='line_1_104' title="bbox 440 5318 2084 5395; baseline 0.005 -24"><span class='ocrx_word' id='word_1_736' title='bbox 440 5318 592 5373; x_wconf 91' lang='lat' dir='ltr'>ranti</span> <span class='ocrx_word' id='word_1_737' title='bbox 624 5318 863 5375; x_wconf 79' lang='lat' dir='ltr'>inclinat</span> <span class='ocrx_word' id='word_1_738' title='bbox 893 5337 1116 5387; x_wconf 91' lang='lat' dir='ltr'>aurem,</span> <span class='ocrx_word' id='word_1_739' title='bbox 1149 5322 1380 5393; x_wconf 91' lang='lat' dir='ltr'>utrique</span> <span class='ocrx_word' id='word_1_740' title='bbox 1430 5322 1577 5393; x_wconf 88' lang='lat' dir='ltr'>parti</span> <span class='ocrx_word' id='word_1_741' title='bbox 1626 5321 1888 5393; x_wconf 90' lang='lat' dir='ltr'>linguam</span> <span class='ocrx_word' id='word_1_742' title='bbox 1923 5328 2084 5395; x_wconf 89' lang='lat' dir='ltr'>aptat</span> 
     </span>
    </p>
   </div>
   <div class='ocr_carea' id='block_1_105' title="bbox 442 5406 2080 5482">
    <p class='ocr_par' dir='ltr' id='par_1_105' title="bbox 442 5406 2080 5482">
     <span class='ocr_line' id='line_1_105' title="bbox 442 5406 2080 5482; baseline 0.004 -22"><span class='ocrx_word' id='word_1_743' title='bbox 442 5406 723 5475; x_wconf 90' lang='lat' dir='ltr'>venalem,</span> <span class='ocrx_word' id='word_1_744' title='bbox 795 5415 1112 5482; x_wconf 81' lang='lat' dir='ltr'>utrumque</span> <span class='ocrx_word' id='word_1_745' title='bbox 1183 5415 1409 5466; x_wconf 91' lang='lat' dir='ltr'>torvum</span> <span class='ocrx_word' id='word_1_746' title='bbox 1474 5414 1766 5481; x_wconf 91' lang='lat' dir='ltr'>retorquet</span> <span class='ocrx_word' id='word_1_747' title='bbox 1823 5411 2080 5480; x_wconf 89' lang='lat' dir='ltr'>oculum,</span> 
     </span>
    </p>
   </div>
   <div class='ocr_carea' id='block_1_106' title="bbox 443 5494 2086 5571">
    <p class='ocr_par' dir='ltr' id='par_1_106' title="bbox 443 5494 2086 5571">
     <span class='ocr_line' id='line_1_106' title="bbox 443 5494 2086 5571; baseline 0.006 -23"><span class='ocrx_word' id='word_1_748' title='bbox 443 5494 672 5565; x_wconf 90' lang='lat' dir='ltr'>utrique</span> <span class='ocrx_word' id='word_1_749' title='bbox 703 5498 1063 5567; x_wconf 90' lang='lat' dir='ltr'>promittenti</span> <span class='ocrx_word' id='word_1_750' title='bbox 1102 5515 1370 5571; x_wconf 88' lang='lat' dir='ltr'>rapacem</span> <span class='ocrx_word' id='word_1_751' title='bbox 1424 5498 1668 5570; x_wconf 90' lang='lat' dir='ltr'>porrigit</span> <span class='ocrx_word' id='word_1_752' title='bbox 1716 5516 1995 5557; x_wconf 89' lang='lat' dir='ltr'>manum:</span> <span class='ocrx_word' id='word_1_753' title='bbox 2029 5506 2086 5558; x_wconf 92' lang='lat' dir='ltr'>et</span> 
     </span>
    </p>
   </div>
   <div class='ocr_carea' id='block_1_107' title="bbox 439 5587 2079 5664">
    <p class='ocr_par' dir='ltr' id='par_1_107' title="bbox 439 5587 2079 5664">
     <span class='ocr_line' id='line_1_107' title="bbox 439 5587 2079 5664; baseline 0.003 -22"><span class='ocrx_word' id='word_1_754' title='bbox 439 5598 615 5661; x_wconf 85' lang='lat' dir='ltr'>quem</span> <span class='ocrx_word' id='word_1_755' title='bbox 663 5587 834 5645; x_wconf 89' lang='lat' dir='ltr'>modo</span> <span class='ocrx_word' id='word_1_756' title='bbox 884 5588 1041 5662; x_wconf 86' lang='lat' dir='ltr'>quod</span> <span class='ocrx_word' id='word_1_757' title='bbox 1088 5588 1417 5661; x_wconf 88' lang='lat' dir='ltr'>concupivit</span> <span class='ocrx_word' id='word_1_758' title='bbox 1465 5587 1775 5646; x_wconf 86' lang='lat' dir='ltr'>habentem</span> <span class='ocrx_word' id='word_1_759' title='bbox 1823 5595 2079 5664; x_wconf 87' lang='lat' dir='ltr'>accusat,</span> 
     </span>
    </p>
   </div>
   <div class='ocr_carea' id='block_1_108' title="bbox 2198 4615 3862 4689">
    <p class='ocr_par' dir='ltr' id='par_1_108' title="bbox 2198 4615 3862 4689">
     <span class='ocr_line' id='line_1_108' title="bbox 2198 4615 3862 4689; baseline -0.003 -14"><span class='ocrx_word' id='word_1_760' title='bbox 2198 4620 2269 4675; x_wconf 84' lang='lat' dir='ltr'>ad</span> <span class='ocrx_word' id='word_1_761' title='bbox 2303 4619 2578 4689; x_wconf 87' lang='lat' dir='ltr'>injuriam</span> <span class='ocrx_word' id='word_1_762' title='bbox 2611 4618 2904 4673; x_wconf 88' lang='lat' dir='ltr'>mandatis</span> <span class='ocrx_word' id='word_1_763' title='bbox 2932 4615 3032 4672; x_wconf 89' lang='lat' dir='ltr'>Dei</span> <span class='ocrx_word' id='word_1_764' title='bbox 3062 4616 3260 4671; x_wconf 89' lang='lat' dir='ltr'>omnia</span> <span class='ocrx_word' id='word_1_765' title='bbox 3280 4615 3559 4670; x_wconf 86' lang='lat' dir='ltr'>mandata</span> <span class='ocrx_word' id='word_1_766' title='bbox 3579 4615 3719 4685; x_wconf 86' lang='lat' dir='ltr'>ejus</span> <span class='ocrx_word' id='word_1_767' title='bbox 3739 4629 3862 4688; x_wconf 68' lang='lat' dir='ltr'>pra</span> 
     </span>
    </p>
   </div>
   <div class='ocr_carea' id='block_1_109' title="bbox 2200 4702 3865 4781">
    <p class='ocr_par' dir='ltr' id='par_1_109' title="bbox 2200 4702 3865 4781">
     <span class='ocr_line' id='line_1_109' title="bbox 2200 4702 3865 4781; baseline -0.004 -17"><span class='ocrx_word' id='word_1_768' title='bbox 2200 4707 2448 4781; x_wconf 91' lang='lat' dir='ltr'>pecunia</span> <span class='ocrx_word' id='word_1_769' title='bbox 2478 4706 2638 4779; x_wconf 86' lang='lat' dir='ltr'>parvi</span> <span class='ocrx_word' id='word_1_770' title='bbox 2660 4706 2964 4761; x_wconf 86' lang='lat' dir='ltr'>habemus.</span> <span class='ocrx_word' id='word_1_771' title='bbox 2985 4705 3282 4761; x_wconf 86' lang='lat' dir='ltr'>Postremo</span> <span class='ocrx_word' id='word_1_772' title='bbox 3302 4720 3506 4759; x_wconf 85' lang='lat' dir='ltr'>omnes</span> <span class='ocrx_word' id='word_1_773' title='bbox 3533 4702 3781 4760; x_wconf 81' lang='lat' dir='ltr'>levitate</span> <span class='ocrx_word' id='word_1_774' title='bbox 3807 4707 3865 4759; x_wconf 88' lang='lat' dir='ltr'>et</span> 
     </span>
    </p>
   </div>
   <div class='ocr_carea' id='block_1_110' title="bbox 2199 4791 3862 4867">
    <p class='ocr_par' dir='ltr' id='par_1_110' title="bbox 2199 4791 3862 4867">
     <span class='ocr_line' id='line_1_110' title="bbox 2199 4791 3862 4867; baseline -0.005 -14"><span class='ocrx_word' id='word_1_775' title='bbox 2199 4814 2431 4853; x_wconf 92' lang='lat' dir='ltr'>morum</span> <span class='ocrx_word' id='word_1_776' title='bbox 2461 4794 3053 4867; x_wconf 90' lang='lat' dir='ltr'>inconstantia,quasi</span> <span class='ocrx_word' id='word_1_777' title='bbox 3086 4794 3311 4849; x_wconf 91' lang='lat' dir='ltr'>arundo</span> <span class='ocrx_word' id='word_1_778' title='bbox 3333 4793 3521 4849; x_wconf 91' lang='lat' dir='ltr'>ventis</span> <span class='ocrx_word' id='word_1_779' title='bbox 3551 4792 3705 4848; x_wconf 90' lang='lat' dir='ltr'>adeo</span> <span class='ocrx_word' id='word_1_780' title='bbox 3729 4791 3862 4862; x_wconf 85' lang='lat' dir='ltr'>agi-</span> 
     </span>
    </p>
   </div>
   <div class='ocr_carea' id='block_1_111' title="bbox 2198 4879 3864 4954">
    <p class='ocr_par' dir='ltr' id='par_1_111' title="bbox 2198 4879 3864 4954">
     <span class='ocr_line' id='line_1_111' title="bbox 2198 4879 3864 4954; baseline -0.005 -12"><span class='ocrx_word' id='word_1_781' title='bbox 2198 4890 2413 4952; x_wconf 90' lang='lat' dir='ltr'>tamur,</span> <span class='ocrx_word' id='word_1_782' title='bbox 2454 4890 2519 4941; x_wconf 92' lang='lat' dir='ltr'>ut</span> <span class='ocrx_word' id='word_1_783' title='bbox 2564 4885 2622 4939; x_wconf 93' lang='lat' dir='ltr'>in</span> <span class='ocrx_word' id='word_1_784' title='bbox 2674 4900 2790 4954; x_wconf 90' lang='lat' dir='ltr'>quo</span> <span class='ocrx_word' id='word_1_785' title='bbox 2836 4883 3021 4954; x_wconf 83' lang='lat' dir='ltr'>pridie</span> <span class='ocrx_word' id='word_1_786' title='bbox 3062 4883 3364 4937; x_wconf 88' lang='lat' dir='ltr'>studiosus</span> <span class='ocrx_word' id='word_1_787' title='bbox 3412 4881 3740 4937; x_wconf 89' lang='lat' dir='ltr'>vehemens</span> <span class='ocrx_word' id='word_1_788' title='bbox 3771 4879 3864 4935; x_wconf 84' lang='lat' dir='ltr'>vel</span> 
     </span>
    </p>
   </div>
   <div class='ocr_carea' id='block_1_112' title="bbox 2198 4968 3861 5044">
    <p class='ocr_par' dir='ltr' id='par_1_112' title="bbox 2198 4968 3861 5044">
     <span class='ocr_line' id='line_1_112' title="bbox 2198 4968 3861 5044; baseline -0.006 -13"><span class='ocrx_word' id='word_1_789' title='bbox 2198 4979 2349 5031; x_wconf 88' lang='lat' dir='ltr'>certe</span> <span class='ocrx_word' id='word_1_790' title='bbox 2374 4974 2594 5029; x_wconf 89' lang='lat' dir='ltr'>nimius</span> <span class='ocrx_word' id='word_1_791' title='bbox 2609 4973 2807 5040; x_wconf 88' lang='lat' dir='ltr'>fueris,</span> <span class='ocrx_word' id='word_1_792' title='bbox 2824 4972 3103 5044; x_wconf 82' lang='lat' dir='ltr'>postridie</span> <span class='ocrx_word' id='word_1_793' title='bbox 3123 4987 3193 5027; x_wconf 91' lang='lat' dir='ltr'>ne</span> <span class='ocrx_word' id='word_1_794' title='bbox 3218 4970 3454 5042; x_wconf 90' lang='lat' dir='ltr'>quidem</span> <span class='ocrx_word' id='word_1_795' title='bbox 3477 4968 3861 5025; x_wconf 82' lang='lat' dir='ltr'>memineris.</span> 
     </span>
    </p>
   </div>
   <div class='ocr_carea' id='block_1_113' title="bbox 2197 5056 3869 5135">
    <p class='ocr_par' dir='ltr' id='par_1_113' title="bbox 2197 5056 3869 5135">
     <span class='ocr_line' id='line_1_113' title="bbox 2197 5056 3869 5135; baseline -0.004 -17"><span class='ocrx_word' id='word_1_796' title='bbox 2197 5064 2265 5118; x_wconf 91' lang='lat' dir='ltr'>Et</span> <span class='ocrx_word' id='word_1_797' title='bbox 2286 5063 2423 5135; x_wconf 89' lang='lat' dir='ltr'>quid</span> <span class='ocrx_word' id='word_1_798' title='bbox 2447 5079 2622 5133; x_wconf 88' lang='lat' dir='ltr'>super</span> <span class='ocrx_word' id='word_1_799' title='bbox 2642 5060 2735 5115; x_wconf 90' lang='lat' dir='ltr'>his</span> <span class='ocrx_word' id='word_1_800' title='bbox 2758 5077 3065 5133; x_wconf 81' lang='lat' dir='ltr'>Speramus</span> <span class='ocrx_word' id='word_1_801' title='bbox 3095 5060 3355 5115; x_wconf 86' lang='lat' dir='ltr'>futurum</span> <span class='ocrx_word' id='word_1_802' title='bbox 3377 5058 3406 5113; x_wconf 87' lang='lat'><strong>?</strong></span> <span class='ocrx_word' id='word_1_803' title='bbox 3437 5061 3594 5113; x_wconf 92' lang='lat' dir='ltr'>certe</span> <span class='ocrx_word' id='word_1_804' title='bbox 3626 5056 3778 5125; x_wconf 85' lang='lat' dir='ltr'>hoc,</span> <span class='ocrx_word' id='word_1_805' title='bbox 3800 5061 3869 5113; x_wconf 90' lang='lat' dir='ltr'>ut</span> 
     </span>
    </p>
   </div>
   <div class='ocr_carea' id='block_1_114' title="bbox 2198 5145 3867 5221">
    <p class='ocr_par' dir='ltr' id='par_1_114' title="bbox 2198 5145 3867 5221">
     <span class='ocr_line' id='line_1_114' title="bbox 2198 5145 3867 5221; baseline -0.002 -16"><span class='ocrx_word' id='word_1_806' title='bbox 2198 5151 2345 5207; x_wconf 89' lang='lat' dir='ltr'>facto</span> <span class='ocrx_word' id='word_1_807' title='bbox 2376 5150 2447 5207; x_wconf 89' lang='lat' dir='ltr'>de</span> <span class='ocrx_word' id='word_1_808' title='bbox 2478 5148 2768 5206; x_wconf 90' lang='lat' dir='ltr'>resticulis</span> <span class='ocrx_word' id='word_1_809' title='bbox 2800 5148 3026 5221; x_wconf 86' lang='lat' dir='ltr'>ﬂagello</span> <span class='ocrx_word' id='word_1_810' title='bbox 3054 5164 3255 5204; x_wconf 89' lang='lat' dir='ltr'>omnes</span> <span class='ocrx_word' id='word_1_811' title='bbox 3286 5146 3634 5218; x_wconf 85' lang='lat' dir='ltr'>hujusmodi</span> <span class='ocrx_word' id='word_1_812' title='bbox 3658 5145 3867 5202; x_wconf 81' lang='lat' dir='ltr'>Domi-</span> 
     </span>
    </p>
   </div>
   <div class='ocr_carea' id='block_1_115' title="bbox 2196 5235 3867 5309">
    <p class='ocr_par' dir='ltr' id='par_1_115' title="bbox 2196 5235 3867 5309">
     <span class='ocr_line' id='line_1_115' title="bbox 2196 5235 3867 5309; baseline -0.004 -13"><span class='ocrx_word' id='word_1_813' title='bbox 2196 5257 2308 5296; x_wconf 89' lang='lat' dir='ltr'>nus</span> <span class='ocrx_word' id='word_1_814' title='bbox 2339 5240 2533 5309; x_wconf 79' lang='lat' dir='ltr'>ejiciat</span> <span class='ocrx_word' id='word_1_815' title='bbox 2563 5238 2635 5294; x_wconf 88' lang='lat' dir='ltr'>de</span> <span class='ocrx_word' id='word_1_816' title='bbox 2666 5238 2905 5309; x_wconf 88' lang='lat' dir='ltr'>templo.</span> <span class='ocrx_word' id='word_1_817' title='bbox 2956 5235 3138 5292; x_wconf 80' lang='lat' dir='ltr'>Valde</span> <span class='ocrx_word' id='word_1_818' title='bbox 3181 5236 3356 5292; x_wconf 91' lang='lat' dir='ltr'>etiam</span> <span class='ocrx_word' id='word_1_819' title='bbox 3400 5236 3739 5291; x_wconf 88' lang='lat' dir='ltr'>timeodum</span> <span class='ocrx_word' id='word_1_820' title='bbox 3772 5237 3867 5291; x_wconf 86' lang='lat' dir='ltr'>est</span> 
     </span>
    </p>
   </div>
   <div class='ocr_carea' id='block_1_116' title="bbox 2196 5323 3869 5401">
    <p class='ocr_par' dir='ltr' id='par_1_116' title="bbox 2196 5323 3869 5401">
     <span class='ocr_line' id='line_1_116' title="bbox 2196 5323 3869 5401; baseline -0.004 -17"><span class='ocrx_word' id='word_1_821' title='bbox 2196 5328 2407 5401; x_wconf 79' lang='lat' dir='ltr'>triplex</span> <span class='ocrx_word' id='word_1_822' title='bbox 2436 5326 2579 5383; x_wconf 93' lang='lat' dir='ltr'>illud</span> <span class='ocrx_word' id='word_1_823' title='bbox 2611 5326 3135 5383; x_wconf 86' lang='lat' dir='ltr'>animadversionis</span> <span class='ocrx_word' id='word_1_824' title='bbox 3184 5323 3502 5397; x_wconf 83' lang='lat' dir='ltr'>ﬂagellum,</span> <span class='ocrx_word' id='word_1_825' title='bbox 3553 5323 3721 5396; x_wconf 89' lang='lat' dir='ltr'>quod</span> <span class='ocrx_word' id='word_1_826' title='bbox 3756 5340 3869 5396; x_wconf 85' lang='lat' dir='ltr'>per</span> 
     </span>
    </p>
   </div>
   <div class='ocr_carea' id='block_1_117' title="bbox 2196 5412 3867 5490">
    <p class='ocr_par' dir='ltr' id='par_1_117' title="bbox 2196 5412 3867 5490">
     <span class='ocr_line' id='line_1_117' title="bbox 2196 5412 3867 5490; baseline -0.003 -17"><span class='ocrx_word' id='word_1_827' title='bbox 2196 5417 2538 5490; x_wconf 89' lang='lat' dir='ltr'>prophetam</span> <span class='ocrx_word' id='word_1_828' title='bbox 2569 5414 2783 5489; x_wconf 90' lang='lat' dir='ltr'>populo</span> <span class='ocrx_word' id='word_1_829' title='bbox 2813 5413 3101 5487; x_wconf 90' lang='lat' dir='ltr'>peccatori</span> <span class='ocrx_word' id='word_1_830' title='bbox 3130 5414 3415 5471; x_wconf 89' lang='lat' dir='ltr'>Dominus</span> <span class='ocrx_word' id='word_1_831' title='bbox 3444 5412 3729 5479; x_wconf 83' lang='lat' dir='ltr'>intentat,</span> <span class='ocrx_word' id='word_1_832' title='bbox 3765 5412 3867 5469; x_wconf 79' lang='lat' dir='ltr'>di-</span> 
     </span>
    </p>
   </div>
   <div class='ocr_carea' id='block_1_118' title="bbox 2193 5502 3868 5578">
    <p class='ocr_par' dir='ltr' id='par_1_118' title="bbox 2193 5502 3868 5578">
     <span class='ocr_line' id='line_1_118' title="bbox 2193 5502 3868 5578; baseline -0.001 -17"><span class='ocrx_word' id='word_1_833' title='bbox 2193 5523 2329 5562; x_wconf 93' lang='lat' dir='ltr'>cens</span> <span class='ocrx_word' id='word_1_834' title='bbox 2356 5524 2368 5562; x_wconf 91' lang='lat'>:</span> <span class='ocrx_word' id='word_1_835' title='bbox 2400 5507 2530 5563; x_wconf 77' lang='lat' dir='ltr'>Ecce</span> <span class='ocrx_word' id='word_1_836' title='bbox 2551 5522 2645 5578; x_wconf 82' lang='lat' dir='ltr'>ego</span> <span class='ocrx_word' id='word_1_837' title='bbox 2690 5505 2949 5562; x_wconf 76' lang='lat' dir='ltr'>inducam</span> <span class='ocrx_word' id='word_1_838' title='bbox 2991 5520 3155 5576; x_wconf 79' lang='lat' dir='ltr'>super</span> <span class='ocrx_word' id='word_1_839' title='bbox 3194 5519 3281 5560; x_wconf 73' lang='lat' dir='ltr'>eo:</span> <span class='ocrx_word' id='word_1_840' title='bbox 3326 5502 3599 5573; x_wconf 79' lang='lat' dir='ltr'>gladium,</span> <span class='ocrx_word' id='word_1_841' title='bbox 3649 5503 3868 5574; x_wconf 68' lang='lat' dir='ltr'>fama</span> 
     </span>
    </p>
   </div>
   <div class='ocr_carea' id='block_1_119' title="bbox 2190 5591 3869 5676">
    <p class='ocr_par' dir='ltr' id='par_1_119' title="bbox 2190 5591 3869 5676">
     <span class='ocr_line' id='line_1_119' title="bbox 2190 5591 3869 5676; baseline -0.004 -18"><span class='ocrx_word' id='word_1_842' title='bbox 2190 5599 2241 5659; x_wconf 78' lang='lat' dir='ltr'>et</span> <span class='ocrx_word' id='word_1_843' title='bbox 2262 5600 2492 5676; x_wconf 80' lang='lat' dir='ltr'>pestem,</span> <span class='ocrx_word' id='word_1_844' title='bbox 2523 5600 2577 5655; x_wconf 82' lang='lat' dir='ltr'>et</span> <span class='ocrx_word' id='word_1_845' title='bbox 2596 5594 2910 5671; x_wconf 79' lang='lat' dir='ltr'>disperdam</span> <span class='ocrx_word' id='word_1_846' title='bbox 2922 5610 3011 5653; x_wconf 81' lang='lat' dir='ltr'>eos</span> <span class='ocrx_word' id='word_1_847' title='bbox 3040 5595 3101 5652; x_wconf 78' lang='lat' dir='ltr'>in</span> <span class='ocrx_word' id='word_1_848' title='bbox 3129 5608 3347 5653; x_wconf 80' lang='lat' dir='ltr'>omnem</span> <span class='ocrx_word' id='word_1_849' title='bbox 3376 5599 3618 5667; x_wconf 72' lang='lat' dir='ltr'>ventum.</span> <span class='ocrx_word' id='word_1_850' title='bbox 3648 5591 3869 5666; x_wconf 81' lang='lat' dir='ltr'>Hujus</span> 
     </span>
    </p>
   </div>
  </div>
