4086 6168
294 333 410 396 905

1442 338 1828 400 EPISTULA
1872 337 1978 399 AD
2025 314 2561 404 WALCHERUM.

3586 355 3702 416 906

291 470 486 522 autem
520 463 735 537 ﬂagelli
771 467 1051 539 quosdam
1090 468 1256 539 quasi
1291 485 1479 523 ramos
1514 473 1569 522 et
1591 469 1948 539 praenuntius
1976 473 2029 537 Α
2061 470 2346 525 cautelam
2378 469 2674 526 custodiae.
2728 472 2844 527 Hoc
2876 477 3067 528 autem
3100 474 3323 542 feceris,
3374 481 3423 534 si
3467 490 3707 544 cunctas

288 554 552 609 videmus
600 555 821 610 sensim
875 557 944 611 de
994 560 1149 611 terra
1179 557 1337 622 Oriri,
1384 558 1618 627 quando
1668 556 1950 629 paulatim

287 643 532 697 conterit
561 642 845 698 Dominus
875 643 1154 700 baculum
1207 645 1376 716 panis
1407 649 1464 699 et
1496 645 1756 700 laetitiam
1805 645 1947 711 vini,

287 731 426 785 dum
460 731 612 786 inter
659 731 1024 788 Christianos
1056 734 1331 788 audimus
1363 733 1484 805 geri
1513 733 1666 789 bella
1714 738 1770 790 et
1800 735 1950 790 sedi-

283 817 494 887 tiones,
527 834 705 890 super
733 820 1092 877 Cliristianos
1116 838 1480 894 paganorum
1506 823 1738 879 crebras
1760 823 1948 878 incur-

281 907 497 963 siones.
550 907 711 964 Unde
761 909 938 964 datur
987 911 1197 982 conjici
1249 911 1306 965 id
1366 912 1522 981 quod
1577 915 1777 978 restat,
1832 911 1944 967 nisi

278 997 636 1052 correctione
672 1003 872 1053 nostra
903 998 1253 1070 prepitietur
1305 1003 1478 1064 Deus,
1514 1016 1625 1054 non
1658 1000 1758 1053 diu
1800 999 1944 1054 dila-

276 1090 404 1140 tum
439 1084 530 1140 iri.

349 1173 618 1229 XXXVII.
657 1174 678 1230 I
708 1191 886 1243 nunc,
924 1175 1100 1231 frater
1131 1192 1236 1248 age
1268 1181 1468 1232 contra
1494 1177 1677 1231 otium
1711 1179 1766 1230 et
1788 1176 1946 1248 quie-

273 1267 420 1331 tem,
450 1266 508 1318 et
549 1263 648 1334 qui
680 1280 746 1318 ea
789 1263 898 1319 hoc
949 1267 1212 1336 tempore
1257 1265 1636 1335 concupiscit,
1682 1281 1824 1319 voca
1854 1265 1940 1336 pi-

272 1368 452 1424 grum
477 1357 531 1406 et
564 1353 886 1407 socordem.
908 1355 975 1408 Et
998 1370 1028 1408 o
1053 1353 1302 1421 utinam,
1327 1353 1650 1426 desperatis
1673 1353 1938 1408 laborum

271 1440 555 1512 praemiis,
587 1457 654 1494 ea
683 1441 978 1512 potiamur
1023 1445 1224 1513 optata
1271 1447 1326 1496 et
1357 1442 1579 1497 salubri
1623 1441 1814 1513 quiete
1847 1442 1937 1496 cui

270 1545 390 1583 non
423 1529 588 1585 labor
635 1530 930 1595 succedat,
983 1531 1083 1585 sed
1135 1531 1322 1602 gloria
1371 1531 1610 1586 accedat
1641 1531 1698 1585 in
1730 1534 1936 1586 senatu

268 1617 532 1674 calcatis
557 1618 759 1674 curia!
793 1619 852 1674 Si
885 1619 1049 1689 quid,
1085 1621 1278 1686 frater,
1314 1620 1497 1675 nostri
1529 1619 1765 1683 rectius,
1799 1636 1934 1673 can-

265 1707 469 1773 didus,
505 1707 775 1778 imperti:
813 1708 860 1761 si
897 1725 1034 1774 non,
1070 1713 1230 1763 utere
1277 1724 1528 1781 mecum.
1563 1709 1723 1773 Quod
1756 1707 1804 1762 si
1836 1725 1933 1779 ge-

2059 561 2172 613 tuae
2203 558 2450 613 civitatis
2476 564 2692 630 portas,
2725 576 2928 615 omnes
2952 561 3128 633 hujus
3170 562 3336 619 luteas
3383 567 3590 626 domus
3624 571 3702 629 fe-

2059 652 2308 713 nestras,
2341 648 2604 702 custodia
2635 647 2984 704 humilitatis
3016 651 3124 704 sub
3157 668 3284 706 sera
3314 658 3370 708 et
3391 655 3581 727 sigillo
3602 659 3703 718 ha-

2058 737 2196 791 beas
2224 753 2235 789 :
2273 737 2320 790 si
2353 741 2592 790 cunctos
2625 736 2803 807 hujus
2834 737 3028 793 fictilis
3059 740 3180 794 vasi
3212 741 3398 798 exitus
3429 749 3485 799 et
3513 745 3707 806 aditus

2055 824 2338 879 virtutum
2366 824 2660 896 repagulis
2707 826 2960 893 manias,
2996 845 3067 882 ne
3103 828 3192 883 vel
3245 831 3431 886 exitus
3462 833 3553 889 his
3605 837 3706 908 qui

2056 913 2216 968 intus
2247 916 2568 981 servantur,
2601 912 2685 967 vel
2719 914 2913 969 aditus
2944 920 3136 986 pateat
3157 917 3250 972 his
3275 921 3373 990 qui
3407 922 3544 978 foris
3568 923 3708 980 insi~

2055 1001 2322 1056 diantur:
2360 1001 2497 1071 quia
2528 1001 2577 1055 si
2609 1001 2875 1057 elationis
2904 1002 3132 1059 levitate
3183 1007 3320 1062 foris
3350 1007 3591 1066 effluant
3637 1029 3705 1069 ea

2053 1105 2180 1160 qua:
2213 1090 2371 1143 intus
2403 1090 2547 1144 bene
2575 1096 2948 1162 congesserat
2977 1109 3218 1163 Operosa
3240 1111 3449 1150 manus
3471 1097 3703 1154 solliciti

2053 1175 2291 1243 laboris,
2353 1178 2626 1232 continuo
2671 1196 2757 1248 ea,
2810 1185 2912 1234 aut
2950 1181 3207 1247 difficile,
3249 1187 3350 1238 aut
3397 1203 3700 1258 nunquam

2052 1264 2439 1336 recolligenda
2468 1266 2763 1338 disperdet
2785 1271 2842 1322 et
2862 1267 3169 1340 dissipabit
3186 1276 3391 1328 ventus
3413 1275 3699 1346 superbiai

2050 1352 2108 1406 in
2147 1354 2527 1425 perditionem
2555 1373 2670 1409 sua:
2693 1355 2985 1411 vanitatis.
3020 1357 3078 1412 Si
3097 1376 3228 1414 vero
3253 1378 3285 1414 a
3307 1361 3444 1415 foris
3468 1366 3698 1432 patente

2049 1442 2208 1496 aditu
2230 1443 2470 1514 maligni
2495 1443 2805 1516 irruperint
2829 1444 3130 1512 hostes,ea
3151 1465 3275 1519 qua
3299 1449 3550 1520 plurimo
3565 1470 3699 1507 cum

2050 1530 2243 1586 labore
2267 1531 2426 1586 intus
2451 1533 2680 1604 gessisti
2706 1533 2988 1589 violenter
3008 1535 3304 1607 diripient,
3326 1538 3469 1593 nihil
3491 1539 3700 1611 reliqui

2047 1619 2192 1674 victo
2227 1625 2432 1691 praeter
2462 1621 2787 1692 gehennam
2823 1623 3116 1679 facientes.
3142 1625 3390 1682 Proinde
3411 1628 3696 1700 quidquid

2045 1709 2364 1779 gratiarum
2399 1709 2454 1763 in
2489 1712 2548 1764 fe
2595 1709 2875 1766 divinitus
2928 1712 3204 1768 collatum
3261 1719 3368 1781 est,
3411 1716 3697 1788 quidquid

262 1811 482 1850 nerosa
513 1794 1016 1866 magnanimitatis
1035 1800 1148 1850 tua:
1172 1796 1451 1852 fortitudo
1479 1796 1668 1851 adhuc
1693 1796 1784 1851 his
1818 1813 1930 1851 non
1963 1832 2008 1896 Β
2044 1795 2219 1850 divini
2238 1796 2570 1851 munerisin
2593 1798 2863 1854 thesauro
2877 1801 3243 1856 conscientiae
3263 1806 3374 1856 tua:
3389 1803 3697 1859 collectum

260 1883 626 1955 acquiescat,
673 1888 732 1938 et
761 1901 890 1939 eam
942 1883 1084 1938 nihil
1119 1884 1370 1939 arduum
1419 1885 1652 1957 aggredi
1696 1885 1926 1956 pigeat:

258 1971 452 2026 alium
485 1988 660 2043 quam
691 1989 784 2027 me
814 1972 920 2026 tibi
970 1989 1163 2043 quiere
1195 1973 1617 2038 Ferentarium,
1669 1973 1806 2044 quia
1835 1988 1928 2028 me

256 2061 374 2117 hoc
423 2065 685 2132 tempore
735 2061 794 2114 in
843 2077 1041 2132 pugna
1091 2078 1203 2116 non
1251 2061 1492 2117 habebis
1523 2061 1786 2117 socium:
1839 2060 1926 2115 vel

253 2165 458 2221 quare
485 2149 740 2204 alterum
791 2149 1088 2217 Martium,
1139 2149 1233 2205 cui
1263 2167 1414 2221 opus
1438 2149 1544 2205 hoc
1567 2149 1924 2216 committas,

254 2238 355 2292 cui
388 2244 588 2294 tamen
619 2237 790 2293 bonis
815 2236 998 2294 initiis
1030 2238 1300 2294 meliores
1329 2243 1589 2304 eventus,
1633 2255 1809 2310 quam
1841 2237 1923 2292 illi

255 2327 530 2382 Romano
559 2327 806 2382 tribuas.
842 2328 958 2398 Ego
990 2343 1121 2382 vero
1145 2327 1279 2381 licet
1306 2326 1363 2380 in
1397 2326 1496 2381 illo
1526 2344 1702 2398 quam
1736 2325 1921 2393 ferali,

249 2421 382 2470 tam
414 2415 642 2470 diutino
671 2414 1000 2470 vinculatus
1048 2431 1299 2485 carcere,
1331 2415 1695 2486 quantalibet
1724 2420 1923 2486 potero

248 2505 463 2559 effetas
483 2504 638 2560 vires
665 2502 898 2559 solabor
919 2502 1144 2574 quiete:
1169 2507 1225 2558 et
1239 2520 1407 2574 spero
1432 2504 1585 2574 quod
1605 2502 1922 2574 aliquando

249 2593 502 2648 tandem
535 2591 832 2658 exaudiar,
858 2595 914 2669 et
944 2591 1121 2662 longa
1142 2596 1350 2663 optatae
1375 2591 1676 2646 missionis
1703 2592 1922 2646 ducens

248 2681 540 2753 suspiria,
572 2681 622 2736 si
655 2697 768 2735 non
814 2680 1113 2747 emeritus,
1166 2679 1373 2736 saltem
1425 2680 1698 2746 emissus,
1751 2679 1922 2734 alicui

246 2769 649 2825 transcribam
681 2785 810 2824 mea
853 2768 1044 2824 tristia
1094 2784 1292 2839 regna.
1325 2767 1479 2823 Nihil
1533 2785 1666 2823 vero
1700 2769 1760 2823 in
1790 2773 1920 2824 voto

249 2873 387 2912 meo
419 2873 668 2930 ponens,
700 2861 801 2912 aut
845 2856 1128 2912 voluntati
1183 2857 1541 2928 relinquens,
1594 2873 1685 2910 me
1728 2855 1919 2910 lutum

249 2963 433 3002 suum
465 2961 535 3001 ex
566 2951 682 3001 toto
713 2946 1013 3000 committo
1045 2944 1223 3017 figulo
1256 2961 1382 2999 meo
1411 2961 1422 2998 :
1460 2945 1582 3016 ipse
1615 2962 1706 2999 me
1739 2945 1922 3015 fingat

248 3036 314 3090 in
349 3040 478 3090 rota
509 3034 803 3090 saecularis
835 3033 1078 3099 ordinis,
1111 3043 1283 3105 prout
1314 3033 1529 3088 sederit
1559 3032 1919 3103 beneplacito

250 3141 404 3180 suo:
439 3129 742 3194 utcunque
772 3140 864 3178 me
915 3124 1044 3194 ejus
1093 3126 1286 3178 tornet
1314 3121 1592 3192 potentia,
1636 3120 1782 3175 nihil
1817 3121 1917 3175 ad-

2039 1888 2145 1954 est,
2172 1901 2276 1938 nec
2302 1884 2443 1938 mihi
2469 1885 2792 1956 imputetur
2815 1886 3094 1958 plantanti
3118 1895 3174 1943 et
3195 1890 3428 1961 riganti,
3453 1907 3558 1945 nec
3589 1891 3696 1947 tibi

2037 1973 2201 2026 terrae
2235 1973 2486 2028 ubertim
2520 1973 2893 2029 fructiticanti
2920 1992 2930 2029 :
2965 1977 3063 2030 sed
3096 1981 3284 2032 totum
3308 1979 3594 2034 referatur
3621 1981 3694 2035 ad

2038 2064 2266 2115 Patrem
2299 2059 2614 2128 luminum,
2648 2079 2680 2115 a
2709 2078 2823 2132 quo
2854 2068 2943 2117 est
2971 2080 3142 2120 omne
3163 2067 3365 2121 datum
3405 2067 3694 2139 optimum

2037 2153 2094 2204 et
2120 2166 2292 2204 omne
2323 2151 2544 2204 donum
2577 2151 2921 2222 perfectum.

2109 2235 2344 2293 XXXIX.
2381 2239 2617 2294 Possem
2649 2239 2887 2310 quidem
2937 2241 3177 2297 uberius
3209 2247 3264 2298 et
3305 2243 3536 2316 plenius
3562 2261 3694 2318 per-

2037 2326 2302 2381 fectionis
2340 2332 2449 2382 tuae
2482 2345 2700 2382 munus
2752 2329 3141 2400 applaudere:
3190 2332 3288 2386 sed
3321 2338 3558 2404 propter
3589 2350 3690 2389 no-

2033 2417 2154 2468 tam
2188 2415 2603 2470 assentationis
2649 2433 2763 2470 non
2812 2418 3033 2488 patitur
3080 2420 3338 2490 gravitas
3370 2422 3690 2479 modestia).

2036 2502 2274 2557 Librum
2307 2509 2502 2560 autem
2526 2521 2698 2576 quem
2723 2505 2866 2560 mihi
2891 2507 3204 2579 scripsisti,
3227 2526 3518 2582 quemque
3542 2511 3691 2567 mihi

2035 2592 2341 2646 scribendo
2375 2593 2737 2648 occasionem
2768 2594 2978 2662 fecisti,
3005 2595 3062 2650 in
3095 2612 3211 2666 quo
3239 2597 3383 2651 mihi
3414 2599 3692 2656 articulos

2035 2678 2374 2751 digitorum,
2425 2681 2624 2737 oculos
2655 2688 2710 2736 et
2758 2682 3047 2753 animum,
3089 2683 3396 2740 inclinium
3428 2687 3687 2755 cervicis,

2033 2766 2292 2823 laborem
2323 2769 2552 2840 capitis,
2586 2770 2703 2824 imo
2735 2775 2791 2825 te
2814 2774 2998 2825 totum
3035 2767 3229 2827 animo
3261 2789 3390 2828 meo
3419 2773 3688 2831 insinua-

2033 2856 2108 2910 sti
2135 2874 2148 2922 ;
2184 2856 2240 2910 in
2293 2858 2674 2912 exterioribus
2697 2859 2843 2914 meis
2866 2876 2980 2913 non
3017 2859 3248 2916 invenio
3280 2862 3434 2917 unde
3465 2864 3688 2934 possim

2031 2961 2098 2999 ex
2157 2962 2321 3016 aequo
2385 2962 2845 3018 recompensare,
2895 2946 2981 3002 vel
3027 2947 3295 3020 plurimae
3344 2951 3689 3024 benignitati

2033 3037 2141 3086 tuae
2174 3033 2450 3089 talionem
2485 3035 2742 3088 reddere.
2797 3035 2908 3090 Sed
2959 3035 3216 3107 primum
3268 3040 3458 3111 rogari
3511 3041 3580 3095 ab
3621 3058 3686 3097 eo

2029 3120 2137 3174 tibi
2170 3121 2418 3191 restitui,
2451 3139 2485 3176 a
2516 3139 2629 3193 quo
2663 3123 2781 3177 haec
2805 3129 2859 3178 et
2899 3125 3096 3178 omnia
3135 3142 3262 3196 quae
3310 3127 3491 3183 habes
3532 3129 3687 3185 bona

251 3230 420 3284 dam,
452 3213 564 3268 nisi
593 3193 854 3268 solemne
905 3211 1048 3267 illud
1079 3211 1422 3266 obedientiae
1472 3210 1711 3265 verbum
1738 3225 1751 3264 :
1804 3209 1920 3264 Fiat
1949 3193 1992 3259 C
2033 3209 2327 3280 accepisti,
2365 3215 2430 3264 ut
2461 3211 2529 3265 ad
2554 3211 2801 3265 invicem
2835 3212 3014 3282 hujus
3046 3193 3461 3271 benevolentia
3493 3216 3686 3272 aureis

260 3303 520 3358 voluntas
550 3304 690 3356 tuas.

336 3389 634 3445 XXXVIII.
667 3389 929 3457 Constat,
984 3389 1179 3454 frater,
1212 3405 1502 3460 quorsum
1538 3387 1938 3442 aberravimus

261 3495 558 3550 quorsum
587 3496 621 3534 a
652 3477 791 3533 recti
824 3477 1056 3532 itineris
1089 3477 1244 3532 linea
1272 3493 1514 3532 cursum
1546 3481 1812 3531 nostrum
1847 3476 1938 3531 de-

251 3567 575 3624 tersimus:
630 3566 908 3638 quoniam
943 3582 1036 3620 me
1064 3565 1358 3620 abduxisti
1411 3565 1704 3636 ignarum,
1738 3565 1928 3636 adque

253 3657 573 3712 verborum
596 3654 944 3728 diverticula
966 3670 1058 3710 me
1080 3654 1306 3710 traxisti
1330 3653 1634 3709 dulcedine
1656 3657 1766 3708 tuae
1789 3653 1926 3708 elia-

254 3745 462 3800 ritatis
493 3745 743 3800 ebrium.
779 3743 923 3798 Vide
980 3743 1178 3810 frater,
1223 3746 1286 3798 ut
1330 3741 1640 3813 diligenter
1670 3743 1821 3812 vide,
1857 3759 1934 3798 ne

254 3834 405 3888 dum
425 3833 692 3904 quaedam
710 3832 1136 3903 scripturarum
1153 3831 1584 3886 sideraincaute
1599 3833 1927 3910 sequimur,

250 3923 313 3977 in
338 3926 546 3978 cautes
577 3926 632 3977 et
663 3926 850 3993 syrtes
881 3920 1071 3976 adacti
1106 3919 1513 3991 Charybdeum
1559 3920 1932 3974 incurramus

250 4010 662 4082 naufragium.
697 4010 858 4076 Vide,
910 4010 1175 4079 inquam,
1227 4010 1456 4064 etiamsi
1510 4009 1708 4064 minus
1741 4008 1927 4077 libito,

250 4118 330 4156 ne
364 4100 591 4156 dictum
623 4099 702 4154 sit
729 4098 988 4170 amplius
1017 4097 1200 4163 licito,
1225 4097 1365 4168 quia
1396 4097 1608 4169 flagelli
1640 4097 1813 4168 plaga
1857 4096 1928 4150 li-

250 4206 463 4245 vorem
521 4187 677 4254 facit,
729 4186 1024 4259 tlagellum
1084 4186 1294 4258 linguae
1361 4185 1708 4241 comminuit
1772 4201 1925 4240 ossa.

251 4278 515 4335 Proinde
535 4278 662 4347 jam
696 4293 851 4332 nunc
892 4275 1031 4330 illuc
1065 4276 1264 4331 redeat
1311 4274 1517 4341 oratio,
1569 4275 1722 4328 unde
1765 4273 1928 4340 abiit,

253 4373 316 4424 et
346 4369 423 4423 ad
453 4371 512 4422 te
542 4370 882 4432 revertatur,
917 4365 1071 4420 unde
1101 4365 1292 4436 prima
1312 4364 1441 4435 ejus
1472 4363 1763 4435 scaturigo
1797 4378 1929 4433 pro-

258 4456 435 4511 ﬂuit:
470 4459 529 4510 et
555 4455 698 4525 quia
726 4471 760 4509 a
787 4453 1070 4508 charitate
1093 4451 1348 4524 cmpit,in
1373 4452 1656 4506 charitate
1679 4451 1925 4506 desinat.

2045 3298 2328 3353 bonorum
2361 3316 2603 3371 operum
2644 3299 2852 3356 litteris
2883 3317 3092 3356 nomen
3125 3306 3294 3358 tuum
3324 3304 3694 3360 scribaturin

2045 3386 2190 3442 libro
2221 3387 2369 3442 vitm.
2404 3387 2545 3442 Dein
2587 3405 2700 3442 non
2754 3389 3093 3445 dormitabit
3123 3396 3323 3446 nostra
3353 3408 3491 3464 erga
3513 3396 3568 3450 te
3598 3382 3695 3449 de-

2042 3476 2194 3530 votio
2227 3480 2522 3548 perpetua,
2558 3477 2604 3531 si
2639 3478 3006 3548 permodeste
3036 3479 3352 3536 succinctis
3390 3482 3566 3538 rebus
3595 3498 3697 3537 n0-

2042 3565 2202 3630 stris,
2236 3569 2523 3636 quantum
2575 3565 2806 3638 utrique
2841 3572 3108 3622 nostrum
3142 3569 3212 3623 ad
3255 3569 3531 3626 honorem
3563 3587 3698 3627 con-

2040 3655 2234 3719 ducat,
2269 3654 2684 3709 remunerandi
2719 3655 3023 3711 subluceat
3057 3657 3304 3712 occasio.

2110 3743 2222 3798 XL.
2255 3747 2384 3798 Jam
2436 3744 2671 3799 tandem
2704 3743 2796 3799 his
2829 3761 2954 3814 qua:
3004 3745 3249 3799 dicenda
3293 3751 3478 3812 erant,
3526 3750 3700 3817 prout

2040 3832 2272 3903 negotia
2317 3832 2708 3903 patiebantur,
2741 3831 3049 3902 explicitis,
3096 3831 3358 3887 calamus
3406 3849 3466 3888 se
3507 3837 3696 3890 totum

2040 3937 2184 3974 novo
2216 3920 2422 3974 scribae
2453 3917 2749 3989 scalpello,
2780 3935 2893 3972 non
2926 3918 3190 3985 Judaico,
3226 3922 3324 3975 sed
3350 3919 3696 3978 scholastice

2039 4025 2198 4064 more
2227 4007 2642 4075 circumcidat;
2677 4011 2733 4063 et
2764 4008 2835 4062 ad
2875 4013 2930 4063 te
2963 4008 3382 4080 recipiendum,
3427 4010 3694 4066 salutan-

2039 4098 2200 4163 dum,
2235 4096 2431 4152 festive
2462 4095 2823 4162 habendum,
2875 4112 2992 4150 non
3040 4099 3327 4168 quantum
3361 4095 3558 4162 latius,
3593 4086 3695 4155 Sed

2039 4191 2257 4256 quanto
2287 4184 2507 4239 lautius
2538 4183 2706 4248 valet,
2746 4184 3039 4256 accingat;
3075 4185 3212 4256 quia
3241 4189 3316 4255 te,
3351 4203 3525 4258 quem
3556 4187 3698 4243 inte-

2039 4274 2162 4329 rius
2192 4273 2252 4328 in
2301 4273 2623 4328 visceribus
2670 4273 2811 4328 Jesu
2843 4273 3055 4328 Christi
3105 4278 3272 4329 teneo
3304 4275 3692 4346 complexum,

2040 4379 2073 4417 a
2105 4363 2242 4417 foris
2275 4379 2388 4416 non
2426 4362 2868 4428 dimittam,nisi
2900 4361 3399 4434 lauteacceptum:
3426 4365 3695 4433 sciasque

2040 4451 2166 4521 ejus
2196 4451 2362 4522 dapis
2393 4455 2448 4505 te
2479 4467 2606 4506 esse
2655 4451 2996 4520 debitorem,
3030 4451 3198 4520 cujus
3247 4455 3301 4505 te
3334 4450 3502 4505 nobis
3533 4451 3693 4506 festi-

262 4543 542 4600 Charitas
592 4559 723 4598 vero
773 4558 1076 4613 nunquam
1124 4540 1369 4606 excidat,
1425 4541 1524 4595 sed
1568 4539 1661 4593 hic
1710 4548 1838 4594 sata
1874 4543 1932 4594 et
1966 4560 2010 4623 Β
2042 4556 2178 4594 vum
2210 4539 2525 4594 exhibuisti
2555 4539 2853 4594 convivam
2886 4544 2942 4593 et
2991 4554 3364 4592 assessorem.
3408 4536 3609 4593 Saluto
3641 4543 3694 4594 te

261 4637 649 4698 crementata,
688 4646 882 4686 veram
936 4631 1026 4685 sui
1077 4629 1501 4701 plenitudinem
1552 4628 1845 4699 praeripiat
1877 4627 1934 4683 in

263 4722 386 4777 vita
417 4727 650 4775 aeterna.
690 4720 764 4774 De
797 4718 1083 4789 probitate
1099 4722 1294 4772 autem
1328 4722 1450 4781 tua,
1476 4717 1778 4788 gravitate,
1815 4732 1938 4770 mo-

266 4809 462 4864 destia
493 4813 550 4863 et
578 4805 926 4874 constantia,
961 4805 1146 4876 deque
1173 4805 1394 4860 caeteris
1426 4805 1587 4858 bona:
1639 4803 1765 4857 vitae
1816 4805 1939 4857 fun-

263 4897 571 4953 ctionibus
602 4897 748 4951 satis
781 4894 837 4948 in
864 4894 1264 4965 superioribus
1295 4894 1515 4947 dictum
1552 4892 1662 4946 sit:
1699 4893 1768 4946 de
1799 4892 1929 4946 affe-

263 4987 462 5041 ctione
490 5002 623 5040 vero
656 4988 777 5051 tua,
806 4983 1229 5044 benevolentia,
1250 4982 1586 5052 czeterisque
1610 4980 1938 5036 liumanita-

265 5075 348 5130 tis
371 5074 606 5139 ofﬁciis,
641 5089 828 5143 neque
862 5072 973 5140 hic,
1011 5087 1200 5143 neque
1232 5071 1312 5125 ibi
1354 5071 1498 5126 satis
1534 5086 1791 5141 unquam
1824 5069 1938 5126 dici

265 5162 505 5235 poterit.
540 5161 657 5216 Hoc
704 5166 933 5215 tantum
972 5160 1077 5214 tibi
1124 5160 1427 5232 imprecer,
1482 5163 1546 5213 ut
1605 5176 1836 5230 semper
1883 5158 1939 5212 in

269 5249 488 5306 melius
534 5253 591 5304 et
635 5249 831 5320 majus
873 5249 1166 5319 proficias,
1221 5250 1401 5303 donec
1434 5248 1504 5303 ad
1538 5263 1667 5302 eam
1717 5246 1941 5317 aspires

267 5338 558 5395 crementi
583 5337 1032 5409 plenitudinem,
1057 5337 1115 5391 in
1136 5353 1253 5409 qua
1270 5336 1495 5392 nullum
1521 5335 1938 5391 detrimentum

268 5428 679 5501 pertimescas.
707 5427 878 5481 Porro
902 5425 1056 5481 hunc
1074 5427 1210 5497 quia
1229 5425 1676 5481 desiderabilem
1702 5424 1936 5480 thesau-

268 5532 412 5576 rum
442 5515 503 5572 in
535 5514 699 5570 ﬁctili
729 5528 864 5570 vase
900 5530 1117 5584 servas,
1160 5533 1274 5572 non
1323 5515 1577 5571 otiosum
1623 5513 1770 5570 duco
1801 5513 1850 5570 si
1883 5519 1936 5570 te

270 5603 825 5674 commonefaciam,
859 5608 923 5658 ut
970 5603 1278 5679 diligenter
1317 5604 1594 5662 adhibeas
1641 5602 1936 5677 pervigilis

611 5731 883 5802 Pareo:n
927 5729 1188 5799 CXLIII.

2045 4645 2177 4683 cum
2211 4629 2434 4700 paucis,
2480 4627 2614 4682 licet
2645 4630 2755 4684 sim
2789 4644 2919 4681 cum
2966 4625 3205 4680 multis:
3241 4625 3378 4696 quia
3409 4626 3494 4682 vel
3525 4627 3697 4698 pauci

2049 4722 2185 4773 sunt
2214 4718 2498 4789 indigenm
2531 4718 2658 4786 eius
2690 4733 2863 4787 quam
2893 4731 3057 4770 servo
3088 4713 3346 4782 colonia,
3373 4716 3470 4786 qui
3504 4715 3699 4772 norint

2049 4813 2268 4876 quanta
2299 4805 2578 4861 virtutum
2610 4805 2740 4858 dote
2772 4801 3128 4857 industrium
3152 4803 3380 4858 ornaris
3411 4804 3696 4873 animum,

2047 4894 2130 4948 vel
2165 4894 2331 4965 pauci
2364 4898 2504 4948 sunt
2535 4893 2670 4947 boui
2697 4908 2885 4945 rerum
2921 4891 3327 4963 aestimatores,
3356 4894 3454 4964 qui
3487 4911 3697 4951 sanum

2049 4984 2118 5038 de
2151 4985 2323 5038 rebus
2355 4984 2543 5037 ferant
2578 4980 2891 5050 judicium.
2925 4980 2984 5034 Si
3013 4981 3169 5036 enim
3203 4985 3257 5036 te
3288 4988 3612 5050 noscerent,
3644 4981 3701 5037 et

2049 5073 2118 5126 de
2149 5077 2202 5127 te
2244 5089 2348 5143 pro
2381 5071 2602 5125 meritis
2643 5068 2998 5124 mstimarent
3047 5068 3106 5122 hi
3163 5069 3263 5140 qui
3310 5071 3493 5126 multa
3545 5072 3698 5124 bona

2051 5165 2333 5215 noverunt
2363 5165 2418 5215 et
2439 5161 2704 5224 oderunt,
2745 5159 3001 5227 profecto
3033 5161 3086 5213 te
3107 5163 3392 5212 amarent.
3426 5157 3624 5211 Saluto
3645 5160 3701 5212 te

2049 5265 2183 5304 cum
2200 5249 2290 5303 his
2307 5247 2776 5320 cooperatoribus
2795 5245 3031 5311 nostris,
3049 5246 3146 5316 qui
3163 5246 3232 5299 ad
3247 5247 3459 5300 bonam
3470 5245 3701 5317 frugem

2047 5338 2300 5400 instituti
2332 5338 2402 5391 de
2427 5335 2725 5392 academia
2755 5338 2954 5388 nostra
2983 5334 3391 5399 ascenderunt,
3424 5337 3480 5387 et
3511 5331 3567 5387 in
3592 5331 3703 5390 loci

2045 5432 2197 5481 certe
2237 5424 2548 5498 prmcipuis
2581 5421 2903 5497 magisterii
2931 5421 3268 5476 cathedram
3302 5421 3413 5477 sibi
3445 5422 3702 5480 vindica-

2043 5521 2266 5572 verunt.
2293 5513 2492 5570 Saluto
2523 5519 2580 5569 te
2612 5530 2746 5569 cum
2777 5507 3085 5568 tirunculis
3107 5509 3345 5579 nostris,
3380 5511 3478 5584 qui
3511 5512 3707 5578 adhuc

2046 5604 2106 5662 in
2129 5603 2377 5664 scholari
2405 5604 2696 5662 desudant
2718 5603 3011 5679 palaestra;
3044 5598 3481 5662 nobilissimum
3505 5601 3706 5682 utique

3307 5729 3387 5813 29.
