4086 6168
427 287 549 350 907

1503 275 1830 341 JOANNIS
1878 273 2335 336 SABINENSIS
2380 269 2756 333 EPLSCOPI.

426 423 588 477 bona;
633 416 844 474 indolis
893 414 1114 482 florem,
1165 413 1265 484 qui
1320 413 1392 468 ad
1452 414 1659 466 nutum
1715 409 1831 463 oris
1881 409 2063 462 nostri
2095 410 2148 475 Α
2181 407 2415 461 nomine
2446 404 2654 460 humili
2687 405 2892 459 fratres
2924 419 3103 473 meos,
3133 419 3247 459 non
3270 419 3418 475 quos
3447 419 3582 458 caro
3613 407 3665 458 et
3693 420 3812 459 san-

427 511 685 564 fructum
712 522 886 562 suum
908 504 1226 560 meditatur
1246 501 1420 557 etiam
1445 499 1553 555 sub
1580 498 1764 554 ferula
1787 515 1797 551 :
1819 514 2066 570 quorum

426 598 536 654 etsi
583 595 819 652 nomina
878 594 982 649 tibi
1035 592 1254 664 scripta
1308 590 1548 662 legeres,
1609 592 1806 643 tamen
1866 586 2070 641 notitia

426 702 672 752 careres,
701 701 835 738 cum
886 682 1088 738 faciem
1131 681 1429 752 ignorares
1483 680 1602 743 Quo
1654 682 1848 731 tamen
1897 676 2069 730 verbo

428 791 520 830 me
550 774 673 846 ipse
704 788 982 844 coargue:
1009 771 1146 841 quia
1178 768 1226 822 si
1249 768 1533 838 cujusque
1556 765 1818 820 notitiam
1843 782 1910 819 ex
1929 765 2071 819 facie

429 863 676 932 metiris,
705 877 810 916 nec
845 863 900 914 te
922 859 1070 913 nosti
1100 859 1314 929 ipsum,
1347 872 1480 910 cum
1505 854 1707 909 faciem
1731 859 1891 908 tuam
1923 871 2073 908 nun-

429 967 606 1024 quam
629 947 996 1020 ipsevideris.
1017 945 1216 1000 Saluto
1238 949 1292 999 te
1324 960 1499 1015 super
1520 943 1715 997 omnia
1735 959 1803 996 ea
1823 943 2077 1013 genuina

385 1100 396 1110 ί
427 1039 856 1108 charitate,qua
875 1041 927 1090 te
947 1036 1003 1090 in
1023 1031 1681 1103 cunabulisdisciplinm,
1702 1030 2074 1085 elementario

428 1127 772 1183 eruditionis
795 1125 942 1181 lacte
974 1125 1208 1191 nutrivi,
1240 1127 1298 1177 et
1327 1123 1393 1176 ad
1431 1121 1684 1176 solidum
1717 1119 2073 1190 perfectioris

427 1215 699 1272 doctrinm
725 1214 921 1270 cibum
953 1229 1139 1285 usque
1169 1209 1432 1284 perduxi,
1467 1214 1530 1264 ut
1559 1210 1629 1263 de
1676 1212 1879 1262 caetero
1911 1224 2074 1262 coms

427 1304 613 1361 milito
643 1319 809 1358 meus
838 1301 898 1356 in
931 1301 1073 1370 acie,
1107 1303 1163 1355 et
1192 1297 1542 1354 concolonus
1572 1297 1629 1350 in
1660 1295 1876 1361 labore,
1912 1311 2073 1350 com-

427 1392 731 1463 municeps
782 1389 926 1445 mihi
977 1388 1059 1443 sis
1104 1403 1366 1458 supernae
1417 1384 1685 1451 civitatis,
1733 1388 1790 1438 et
1821 1382 2073 1438 coharcs

426 1485 652 1536 aeternae
684 1476 1058 1533 haereditatis.
1095 1475 1394 1531 Salutatus
1416 1489 1550 1544 ergo
1595 1472 1788 1526 saluta
1837 1489 1904 1525 ex
1946 1487 2072 1526 meo

2178 494 2310 568 guis
2341 494 2399 549 in
2431 512 2604 549 unam
2630 493 2771 548 mihi
2819 493 3224 566 congeneravit
3264 492 3686 566 cognationem,
3718 495 3811 549 sed

2177 601 2325 655 quos
2356 601 2507 655 aqua
2550 589 2604 638 et
2634 583 2852 655 Spiritu
2884 583 2938 637 in
2992 600 3170 638 unam
3204 600 3434 638 mecum
3466 583 3815 655 regeneravit

2178 672 2578 743 adoptionem:
2605 675 2667 726 ut
2683 672 3007 728 cohaarcdes
3021 672 3230 727 Christi
3252 673 3308 726 in
3324 688 3501 745 regno
3519 671 3617 726 Dei
3639 671 3815 727 Patris

2178 766 2527 816 testamento
2541 761 2846 832 sanguinis
2859 762 2985 832 ejus
2999 767 3213 816 sortem
3231 761 3589 834 accipiamus
3602 765 3814 816 aeterna;

2183 851 2582 905 beatitudinis.
2635 849 2834 905 Saluto
2865 867 3000 922 ergo
3023 855 3214 922 patres
3245 855 3301 904 et
3321 850 3591 905 dominos
3623 851 3816 905 fratres

2183 944 2239 993 et
2268 938 2486 993 amicos
2511 957 2522 1006 ;
2553 942 2744 1010 patres
2765 955 2903 993 cura
2920 938 3240 1010 regiminis,
3260 938 3528 994 dominos
3549 938 3819 1012 dignitate

2183 1026 2573 1097 prailationis;
2611 1027 2815 1082 fratres
2848 1027 2904 1081 in
2935 1027 3048 1083 Deo
3091 1032 3305 1098 patres,
3347 1028 3566 1083 amicos
3595 1028 3656 1082 in
3689 1028 3818 1083 eba-

2180 1115 2604 1183 ritate.Saluta,
2621 1114 2883 1187 inquam,
2909 1132 3389 1188 unumquemque
3409 1134 3635 1187 eorum,
3660 1120 3818 1190 prout

2183 1205 2336 1260 nosti
2372 1221 2594 1260 mecum
2626 1222 2752 1260 esse
2782 1204 2868 1260 vel
2899 1208 3113 1260 tecum.
3147 1205 3428 1262 Salutatio
3461 1223 3590 1262 mea
3632 1207 3710 1262 sit
3753 1207 3816 1261 ad

2185 1312 2283 1350 vos
2329 1311 2556 1363 omnes,
2607 1297 2671 1347 ut
2717 1310 2782 1348 eo
2821 1294 3130 1364 adjuvante
3180 1294 3237 1349 in
3288 1311 3461 1366 quem
3513 1295 3816 1362 credimus,

2185 1383 2404 1454 pariter
2431 1383 2618 1436 simus
2649 1385 2870 1436 acterna:
2900 1381 3028 1437 vitae
3058 1387 3376 1438 consortes.
3408 1388 3612 1439 Amen.

427 1611 2660 1642 ψ

1838 1745 1984 1785 ANNO
2024 1744 2224 1785 DOHINI
2265 1746 2422 1783 MLIX.
2628 1752 2636 1760 '

1626 1927 2652 2088 JOANNES

1373 2199 2112 2294 SABINENSIS
2177 2199 2896 2294 EPISCOPUS.

1489 2470 1994 2564 NOTITIA
2063 2468 2768 2561 HISTOBICA.

1638 2674 1934 2746 (UGHELLI,
1973 2674 2137 2729 Italia
2165 2689 2348 2739 sacra,
2393 2673 2437 2736 Ι,
2478 2672 2606 2728 459.

1911 2803 2326 2814 *—

501 2907 757 2963 Joannes
769 2906 980 2963 Joanni
997 2906 1278 2962 suffectus
1296 2909 1403 2970 est,
1417 2905 1756 2976 electusque
1778 2893 2087 2977 episcopus
2117 2909 2165 2973 Β
2197 2903 2449 2958 maxima
2475 2907 2809 2975 tempestas.
2833 2904 2954 2968 Quo
2977 2904 3096 2960 viso
3116 2907 3426 2978 episcopus
3442 2910 3690 2965 secessit
3707 2927 3739 2966 a
3753 2911 3835 2966 via

437 2993 752 3052 cardinalis
779 2995 1117 3052 Sabinensis
1141 3013 1174 3050 a
1197 2996 1386 3050 Leone
1431 2994 1518 3049 ΙΧ.
1551 2995 1809 3050 Romano
1843 2993 2085 3049 concilio

439 3083 703 3140 interfuit
724 3084 833 3140 sub
862 3083 1096 3140 Nicolao
1118 3084 1356 3152 lI,anno
1380 3083 1535 3138 1059.
1557 3084 1676 3138 Sub
1699 3083 2019 3159 Alexandro
2040 3084 2087 3138 II

437 3190 467 3229 e
497 3173 642 3229 vivis
671 3172 963 3228 eximitur.
985 3174 1170 3244 Hujus
1199 3172 1442 3228 Joannis
1471 3172 1806 3227 Sabinensis
1829 3172 2086 3244 episcopi

434 3262 494 3317 in
527 3261 864 3317 monasterii
886 3261 1176 3316 Farfensis
1209 3260 1516 3332 indignum
1550 3261 1797 3325 facinus,
1830 3267 2004 3332 atque
2026 3260 2083 3314 in

437 3367 570 3406 eum
602 3350 859 3404 divinam
891 3349 1170 3403 ultionem
1203 3350 1404 3403 recitat
1451 3365 1776 3420 anonymus
1821 3349 2083 3405 Vaticani

433 3435 650 3492 codicis
679 3437 750 3491 de
780 3435 1170 3491 destructione
1203 3436 1493 3491 Farfensis
1514 3438 1849 3492 monasterii
1878 3455 2029 3492 anno
2051 3439 2085 3492 3

438 3524 645 3580 Leonis
687 3523 774 3578 IX.
827 3546 854 3574 ‹‹
900 3523 1285 3594 Temporibus
1333 3524 1536 3579 Leonis
1591 3543 1773 3596 papas,
1830 3529 2083 3580 Joannes

439 3611 782 3670 Sabinensis
809 3611 1138 3683 episcopus,
1171 3611 1271 3682 qui
1309 3611 1698 3666 insidiabatur
1732 3614 2082 3668 monasterio

441 3701 700 3759 Farfensi
730 3717 833 3774 pro
881 3700 1125 3756 decimis
1158 3705 1213 3755 et
1250 3700 1643 3756 oblationibus
1697 3705 2083 3771 mortuorum,

437 3792 691 3848 maxime
713 3807 817 3864 pro
864 3788 1126 3845 ecclesia.
1161 3790 1218 3845 S.
1266 3789 1468 3862 Angeli
1507 3790 1564 3844 in
1597 3791 1832 3858 Toncia,
1866 3793 1937 3846 de
1968 3809 2086 3862 qua

435 3879 576 3936 olim
607 3881 820 3936 fecerat
859 3879 1124 3950 iniquam
1172 3878 1632 3934 convenientiam
1681 3896 1816 3934 cum
1849 3881 2084 3936 domino

431 3969 630 4040 Ugone
663 3968 892 4032 abbate,
943 3968 1044 4038 qui
1085 3969 1349 4023 eamdem
1397 3967 1724 4024 ecclesiam.
1776 3973 1830 4022 S.
1887 3969 2089 4042 Angeli

429 4055 622 4112 tenuit
649 4060 706 4110 et
742 4056 1004 4126 possedit
1033 4054 1092 4109 in
1141 4057 1467 4111 dominium
1501 4056 1678 4127 hujus
1724 4059 2084 4127 monasterii,

433 4160 613 4215 quam
630 4141 1092 4198 convenientiam
1116 4142 1242 4198 ideo
1265 4144 1542 4209 diximus,
1567 4145 1705 4215 quia
1725 4148 2085 4217 temporibus

430 4232 500 4290 D.
531 4231 772 4288 Adriani
804 4231 1151 4340 ILpontiﬁcis
1189 4231 1567 4330 lldebrandus
1614 4234 1732 4331 dux
1778 4251 1880 4306 per
1909 4253 2083 4292 suum
2115 4273 2157 4340 C

431 4325 784 4395 praeceptum
814 4319 950 4375 huic
978 4319 1326 4375 monasterio
1368 4321 1674 4376 concessit.
1717 4322 1846 4377 Haec
1887 4325 2085 4381 omnia

431 4411 739 4484 ignorabat
781 4408 1055 4482 praal'atus
1085 4408 1248 4482 Hugo
1281 4409 1482 4475 abbas,
1517 4414 1713 4480 utpote
1761 4411 2085 4484 alienigena

429 4501 539 4569 vir,
570 4505 626 4556 et
655 4499 992 4572 praedictam
1016 4497 1387 4553 concordiam
1410 4498 1481 4552 ab
1500 4498 1769 4570 episcopo
1801 4502 2080 4572 suscepit,

429 4589 716 4646 nesciens.
734 4592 933 4660 Itaque
957 4585 1270 4659 prazdictus
1290 4585 1595 4658 episcopus
1619 4588 1931 4644 insurrcxit
1954 4595 2085 4662 post

430 4677 561 4745 hoc,
611 4681 667 4733 et
720 4677 792 4732 ad
839 4676 1104 4732 eamdem
1149 4675 1452 4731 ecclesiam
1485 4677 1542 4731 S.
1602 4677 1807 4748 Angeli
1860 4686 2083 4734 armata

430 4781 608 4821 manu
647 4764 915 4836 perrexit,
961 4765 1089 4834 ejus
1142 4764 1319 4820 altare
1367 4782 1640 4821 amovens
1689 4767 1992 4834 destruxit,
2027 4773 2083 4824 et

430 4850 708 4924 reliquias
738 4868 807 4907 ex
827 4851 925 4907 illo
977 4853 1322 4909 abstrahens
1372 4870 1566 4909 secum
1618 4855 1978 4925 asper-lavit;
2027 4862 2083 4912 et

431 4957 565 4997 cum
601 4941 736 4996 inde
762 4940 837 4994 nd
869 4940 1226 5012 episcopium
1276 4946 1674 5008 reverteretur,
1719 4945 1909 5000 subito
1941 4945 2080 5002 cmlo

430 5031 649 5106 optime
679 5033 940 5089 serenato
971 5033 1096 5085 orta
1123 5034 1212 5086 est
1227 5046 1409 5103 aquae,
1435 5031 1737 5104 grandinis
1759 5039 1813 5088 et
1833 5033 2080 5106 fulguris

2198 2992 2257 3046 in
2289 2993 2601 3063 quemdam
2647 2992 2836 3048 locum
2885 2994 2986 3064 qui
3035 2995 3248 3050 dicitur
3299 3001 3460 3063 Area,
3516 3003 3573 3053 et
3617 3016 3833 3056 moram

2197 3081 2627 3151 aliquantulum
2663 3081 2742 3135 ibi
2775 3098 2908 3137 cum
2941 3082 3084 3153 ipsis
3116 3083 3379 3156 reliquiis
3411 3085 3570 3141 fecit.
3624 3087 3837 3144 Accidit

2196 3173 2336 3224 tunc
2360 3169 2579 3240 grande
2611 3169 2961 3225 miraculum
3012 3172 3068 3226 in
3101 3172 3227 3243 ipso
3276 3171 3398 3229 loco
3431 3175 3528 3229 ubi
3579 3175 3833 3249 reliquiae

2197 3259 2532 3326 manebant,
2567 3259 2645 3313 nil
2681 3259 2886 3330 pluviae
2931 3261 3013 3316 vel
3063 3261 3366 3332 grandinis
3413 3264 3492 3318 ibi
3535 3267 3831 3323 cecidisse.

2195 3347 2469 3403 Cessante
2515 3365 2644 3402 vero
2700 3352 3062 3420 tempestate,
3108 3351 3280 3405 rediit
3323 3353 3395 3408 ad
3434 3354 3833 3426 episcopatum

2195 3451 2328 3490 cum
2358 3452 2567 3506 magno
2599 3453 2826 3506 pavore.
2858 3437 3052 3492 Altera
3073 3444 3268 3494 autem
3300 3441 3410 3510 die,
3437 3441 3544 3496 hoc
3574 3460 3705 3500 cum
3739 3462 3839 3500 au-

2191 3523 2341 3578 diret
2369 3524 2434 3578 D.
2471 3525 2800 3580 Bernardus
2821 3525 3003 3582 abbas
3025 3526 3295 3597 Ortanus,
3322 3529 3495 3601 elegit
3521 3535 3836 3602 quemdam

2193 3615 2552 3685 episcopum,
2588 3614 2687 3685 qui
2719 3621 2855 3670 tunc
2887 3615 3029 3671 forte
3059 3615 3463 3689 hospitabatur
3491 3620 3547 3674 in
3583 3621 3688 3677 boc
3709 3639 3836 3678 meo

2195 3702 2469 3771 nasterio,
2514 3703 2584 3756 de
2641 3702 3098 3761 Ultramontanis
3147 3707 3432 3777 partibus,
3483 3715 3540 3764 et
3580 3710 3836 3767 collectis

2195 3791 2440 3845 abbatiae
2487 3790 2625 3845 viris
2673 3796 2729 3846 et
2771 3793 3039 3848 fidelibus
3086 3794 3374 3851 militibus
3407 3814 3539 3853 sum
3586 3800 3835 3856 maxime

2194 3878 2411 3933 honore
2441 3880 2786 3936 reaedilicare
2803 3881 3029 3936 studuit
3058 3882 3253 3954 ipsum
3284 3885 3482 3953 altare,
3516 3889 3752 3961 magnis
3781 3893 3833 3944 et

2195 3967 2500 4039 praecipuis
2532 3968 2611 4022 ibi
2644 3969 2954 4027 reconditis
2972 3970 3257 4042 reliquiis.
3291 3974 3478 4046 Super
3505 3993 3690 4047 quam
3721 3994 3836 4034 rem

2195 4058 2506 4129 praedictus
2536 4059 2846 4131 episcopus
2874 4059 3040 4116 valde
3066 4062 3363 4118 condoluit
3401 4064 3712 4124 Sabinensi
3744 4067 3838 4122 Ec-

2195 4146 2404 4214 clesiae,
2438 4152 2493 4202 et
2513 4147 2650 4217 quia
2677 4147 2858 4203 altare
2881 4147 3077 4220 ipsum
3099 4151 3461 4207 destruxerat
3489 4160 3546 4209 et
3565 4155 3837 4226 reliquias

2197 4240 2608 4308 asportaverat,
2641 4235 2769 4308 ipsa
2801 4242 2964 4293 nocte
2987 4254 3299 4309 percussus
3329 4246 3439 4308 est,
3470 4247 3528 4298 et
3558 4261 3747 4300 unum
3763 4247 3839 4299 to-

2195 4325 2311 4380 tius
2362 4324 2516 4380 latus
2565 4325 2822 4397 corporis
2861 4327 3301 4400 obstupescens,
3359 4331 3541 4387 donec
3601 4332 3832 4396 advixit,

2192 4413 2382 4485 periit.
2417 4414 2551 4469 Post
2580 4413 2687 4469 hoc
2719 4414 2934 4472 veritus
2965 4421 3022 4472 et
3050 4433 3266 4488 pavens
3295 4437 3472 4492 super
3501 4421 3637 4493 hoc,
3668 4426 3726 4479 et
3754 4421 3836 4477 ni-

2195 4503 2305 4558 mis
2335 4502 2556 4570 dolens,
2591 4520 2694 4574 pro
2721 4503 3098 4560 tediﬁcatione
3120 4523 3297 4578 quam
3332 4513 3390 4563 D.
3426 4510 3610 4568 abbas
3643 4516 3838 4568 noster

2195 4591 2314 4646 ﬁeri
2343 4591 2665 4658 studuerat,
2700 4593 2770 4646 ad
2824 4593 3094 4648 eumdem
3141 4593 3333 4650 locum
3373 4596 3688 4670 episcopus
3719 4615 3836 4672 per-

2192 4679 2353 4746 rexit,
2387 4685 2441 4734 et
2472 4680 2930 4736 abstractisinde
2944 4682 3105 4738 novis
3127 4699 3274 4753 quas
3305 4683 3524 4742 invenit
3545 4686 3834 4759 reliquiis,

2191 4769 2410 4838 priores
2469 4767 2589 4822 illic
2627 4767 2941 4825 honorifice
2985 4771 3340 4842 recondidit;
3385 4774 3458 4829 de
3512 4775 3662 4846 ipsis
3711 4790 3834 4831 vero

2192 4857 2352 4911 novis
2368 4856 2631 4926 reliquiis
2644 4857 2702 4912 in
2722 4875 2827 4912 suo
2840 4857 3131 4930 episcopio
3143 4859 3475 4918 altariolum
3489 4869 3835 4920 construens

2189 4946 2564 5015 consecravit,
2596 4950 2652 5000 et
2676 4947 2912 5001 demum
2941 4947 3002 5002 in
3050 4948 3116 5003 D.
3165 4950 3434 5006 abbatem
3483 4958 3751 5010 nostrum
3777 4953 3833 5008 in

2189 5036 2406 5107 synodo
2439 5033 2954 5106 proclamationem
2987 5037 3069 5092 sic
3099 5037 3252 5097 fecit.
3291 5061 3319 5087 ››
