4086 6168
247 352 372 413 909

1106 355 1602 430 QUERIMONIA
1644 355 1957 419 CONTRA
2002 358 2461 424 FARFENSES
2507 360 2799 425 MONAC.

3534 368 3655 431 9l0

1032 663 2091 825 QUEBIMONIA
2179 664 2866 801 JOANNIS

1560 906 1974 963 SABINENSIS
2010 906 2326 963 EPISCOPI

984 1057 1210 1121 Contra
1236 1057 1554 1139 Far/enses
1579 1057 1889 1119 monachos
1919 1058 1980 1119 in
2008 1057 2230 1140 synodo
2260 1058 2530 1122 Romana
2557 1062 2709 1122 anni
2733 1064 2908 1125 1051.

3222 1204 3225 1213 ι

684 1233 890 1305 (ΜΑΝει
932 1234 1136 1291 Cancri.
1174 1235 1320 1301 XIX,
1350 1238 1477 1303 797,
1512 1252 1582 1291 ex
1611 1235 1893 1291 Chronico

1989 1235 2201 1303 irfensi,
2234 1239 2360 1294 Iter.
2392 1238 2517 1294 Ital.
2552 1238 2781 1310 Script.,
2815 1240 2912 1306 III,
2946 1256 3009 1309 ιι,
3041 1240 3192 1311 581.)

1736 1411 2142 1424 ———

303 1526 520 1583 Audiat
550 1528 832 1584 Dominus
871 1532 929 1584 et
973 1530 1158 1585 totius
1200 1530 1525 1601 regni.......
1559 1532 1891 1587 moderator
1915 1533 1968 1599 Α
2003 1530 2399 1587 ministerium
2431 1548 2627 1588 meum
2659 1532 2740 1588 ita
2770 1533 3041 1588 tractavit
3089 1537 3153 1587 ut
3200 1533 3425 1602 decuit,
3459 1549 3648 1606 neque

229 1617 629 1689 equissimus,
659 1617 749 1672 vel
779 1618 980 1690 prima:
1009 1618 1167 1674 sedis
1197 1618 1528 1691 episcopus,
1564 1620 1882 1690 audiatque

229 1710 444 1762 cuncta
454 1704 576 1762 haec
592 1710 796 1762 sancta
817 1708 1097 1779 synodus,
1112 1707 1511 1781 percipiatque
1515 1710 1740 1780 justam
1756 1725 1883 1781 pro-

226 1794 639 1851 clamationem
673 1812 850 1866 quam
884 1795 1031 1851 facio
1062 1812 1239 1868 super
1258 1797 1527 1853 abbatem
1545 1797 1879 1869 Pharphen-

226 1900 378 1949 sem,
413 1900 447 1939 a
478 1900 593 1955 quo
621 1883 840 1939 multas
869 1888 927 1940 et
947 1901 1156 1956 passus
1186 1901 1319 1940 sum
1338 1889 1395 1940 et
1410 1885 1874 1957 patiorinjurias.

222 1973 610 2044 Estquaedam
629 1971 874 2028 ecclesia
896 1973 953 2027 in
971 1973 1190 2028 honore
1219 1973 1277 2028 S.
1311 1973 1607 2029 Michaelis
1632 1973 1875 2029 archan—

218 2060 362 2135 geli,
397 2060 514 2117 sita
541 2059 602 2116 in
634 2065 831 2116 monte
862 2060 962 2133 qui
992 2061 1203 2117 dicitur
1230 2062 1467 2127 Tancia,
1499 2062 1768 2117 videlicet
1816 2062 1875 2116 in

216 2150 569 2223 episcopatu
626 2166 776 2217 meo,
835 2166 962 2221 quat
1012 2150 1167 2221 juris
1216 2151 1329 2206 mei
1360 2151 1734 2222 episcopatus
1762 2153 1872 2216 est,

214 2241 398 2311 cujus
428 2238 630 2295 altaris
660 2242 862 2294 auctor
890 2242 946 2294 et
966 2239 1264 2294 dedicator
1283 2239 1537 2294 creditur
1554 2238 1737 2293 fuisse
1762 2236 1875 2292 Sil-

206 2333 416 2386 vester
470 2326 849 2384 beatissimus
904 2327 1084 2398 hujus
1140 2327 1304 2383 almae
1336 2327 1493 2383 sedis
1522 2327 1869 2399 episcopus;

205 2434 404 2491 super
433 2416 587 2488 quod
618 2415 799 2471 altare
831 2431 946 2471 non
977 2420 1065 2471 est
1107 2416 1326 2471 veritus
1382 2414 1566 2471 abbas
1595 2413 1695 2468 ille
1725 2430 1872 2470 ausu

201 2505 539 2564 temerario
567 2503 879 2560 maceriam
901 2504 1138 2570 addere,
1170 2510 1228 2559 et
1273 2520 1453 2576 supra
1492 2503 1637 2558 tanti
1670 2519 1872 2559 conse-

199 2594 471 2654 cratoris
499 2592 778 2649 violatam
822 2592 1319 2649 consecrationem
1373 2592 1586 2647 missas
1620 2608 1723 2663 per
1748 2608 1871 2647 mo-

200 2685 447 2745 nachos
480 2700 619 2739 suos
643 2686 898 2748 cantare,
928 2681 1091 2738 nullo
1120 2681 1208 2737 vel
1236 2682 1481 2737 faciente
1509 2679 1597 2736 vel
1630 2680 1874 2751 jubente

201 2776 523 2850 episwpo.
561 2776 635 2827 De
665 2770 909 2827 ecclesia
938 2775 1135 2827 autem
1172 2770 1274 2825 illa
1321 2770 1516 2825 nescio
1570 2785 1673 2841 per
1696 2784 1872 2840 quem

201 2866 516 2929 datorem,
546 2860 917 2964 medietatem
944 2859 1169 2916 obtinet
1206 2858 1450 2964 eqclesia
1496 2858 1720 2913 Sanctae
1752 2858 1872 2964 lita-
1904 2899 1952 2964 Β

202 2954 333 3021 riae,
371 2951 553 3022 cujus
576 2950 701 3023 ipse
737 2949 921 3005 abbas
967 2953 1094 3016 est;
1145 2947 1517 3004 medietatem
1565 2962 1698 3001 vero
1729 2945 1872 3001 alte-

203 3058 342 3098 ram
370 3039 752 3111 episcopatus
772 3036 1033 3111 possidet
1054 3053 1239 3093 meus.
1262 3036 1371 3091 Sed
1394 3053 1461 3091 ex
1478 3035 1573 3090 hic
1595 3033 1873 3089 medieta-

204 3132 383 3187 tibus
414 3128 570 3183 inter
598 3143 691 3183 me
719 3135 777 3182 et
807 3126 1077 3182 abbatem
1114 3126 1415 3197 Hugonem
1442 3122 1575 3179 talis
1598 3122 1875 3194 obligatio

206 3221 378 3276 facta
407 3222 519 3284 est,
550 3220 616 3272 ut
641 3232 874 3288 semper
899 3214 959 3270 in
989 3219 1250 3286 tempore
1279 3209 1771 3285 quadragesimali
1818 3213 1877 3265 et

206 3309 271 3363 in
307 3321 525 3361 mense
553 3303 705 3360 Maio
740 3319 906 3359 meus
935 3302 1017 3359 ibi
1048 3319 1182 3359 cum
1229 3318 1337 3357 suo
1394 3300 1663 3355 minister
1692 3299 1889 3365 sedet,

205 3393 455 3452 caeteris
482 3409 612 3448 vero
644 3392 1008 3465 temporibus
1040 3390 1202 3447 solus
1238 3407 1382 3445 suus
1412 3388 1490 3444 ibi
1523 3388 1686 3444 sedet
1706 3386 1878 3442 mini-

210 3490 363 3553 ster,
398 3499 434 3537 a
464 3498 580 3553 quo
610 3481 725 3537 tria
751 3481 923 3536 xenia
952 3480 1013 3535 in
1046 3496 1200 3536 anno
1231 3479 1528 3534 haberem.
1559 3478 1629 3532 Et
1676 3477 1729 3532 si
1760 3493 1875 3532 un-

219 3586 403 3643 quam
436 3568 622 3625 abbas
651 3568 746 3625 ille
776 3574 878 3624 aut
907 3568 1120 3641 aliquis
1151 3583 1455 3624 successor
1474 3567 1602 3637 ejus
1620 3570 1877 3620 autvena

224 3662 388 3716 deret
416 3658 617 3725 alicui,
650 3663 752 3714 aut
776 3659 1039 3723 donaret,
1087 3660 1189 3712 aut
1241 3660 1474 3728 propter
1504 3654 1875 3720 beneﬁcium,

226 3752 325 3804 aut
357 3764 601 3820 quoquo
634 3748 805 3803 modo
826 3746 1285 3819 ipsiusecclesiee
1299 3746 1669 3801 medietatem
1686 3759 1877 3808 suam,

233 3843 367 3894 tunc
400 3837 474 3893 ad
506 3852 699 3892 meam
730 3852 1116 3907 meorumque
1147 3850 1556 3890 successorum
1587 3832 1881 3889 deveniret

232 3926 668 3999 proprietatem.
701 3926 772 3981 Et
800 3925 849 3981 si
881 3941 987 3997 ego
1019 3923 1103 3980 vel
1136 3922 1350 3995 aliquis
1379 3939 1685 3978 successor
1713 3936 1881 3976 meus

232 4016 300 4071 de
328 4014 648 4071 medietate
676 4013 869 4086 ipsius
899 4012 1153 4069 ecclesiae
1185 4029 1313 4084 quae
1366 4016 1455 4067 est
1502 4011 1615 4066 mei
1653 4009 1883 4082 episco-

232 4108 427 4176 patus,
477 4101 700 4174 aliquid
746 4102 863 4158 tale
906 4102 1198 4169 fecissem,
1247 4104 1388 4155 tunc
1434 4099 1564 4170 ipsa
1600 4097 1885 4154 medietas

233 4194 303 4249 ad
331 4191 569 4249 abbatis
599 4192 893 4248 deveniret
920 4189 1355 4264 proprietatem.
1389 4188 1458 4243 Et
1478 4203 1609 4243 ecce
1629 4187 1883 4242 domnus

230 4282 356 4355 ipse
414 4281 601 4339 abbas
655 4281 715 4336 in
771 4280 867 4336 his
921 4280 1198 4336 omnibus
1257 4276 1484 4343 cecidit,
1518 4276 1657 4348 quia
1688 4291 1879 4347 neque

1990 1620 2283 1691 promissa
2313 1620 2483 1677 xenia
2515 1621 2697 1687 misit,
2730 1622 2831 1677 sed
2884 1621 3254 1677 medietatem
3299 1639 3469 1678 suam
3501 1623 3645 1680 dua-

1990 1708 2102 1763 bus
2136 1708 2233 1763 Dei
2266 1708 2495 1764 ancillis
2525 1709 2706 1764 dedit.
2738 1710 2896 1765 Arsit
2925 1709 3202 1781 praedicta
3250 1709 3498 1765 ecclesia
3529 1728 3648 1767 una

1989 1796 2238 1865 dierum,
2272 1802 2328 1852 et
2350 1802 2482 1869 post
2502 1796 2971 1852 combustionem
2999 1796 3166 1852 duxit
3186 1796 3281 1853 ille
3301 1798 3642 1871 episcopum

1989 1885 2457 1957 Siphoniensem,
2490 1890 2566 1951 et,
2596 1902 2692 1940 me
2724 1885 2958 1941 nolente
2988 1888 3045 1941 et
3074 1885 3390 1957 nesciente,
3440 1893 3663 1944 conse-'

1987 1973 2167 2028 cravit
2195 1986 2344 2029 eam.
2378 1972 2521 2028 Cum
2551 1990 2685 2029 vero
2716 1990 2836 2029 una
2856 1974 3086 2029 dierum
3110 1975 3286 2030 sciret
3305 1991 3399 2031 me
3418 1975 3640 2032 iturum

1986 2061 2108 2117 fore
2139 2062 2210 2116 ad
2243 2062 2560 2133 quemdam
2591 2060 2808 2129 locum,
2835 2061 2950 2117 mei
2972 2062 3221 2118 senioris
3232 2063 3504 2134 jussione
3533 2064 3643 2120 im-

1988 2149 2222 2221 plenda,
2257 2150 2482 2221 paravit
2510 2151 2791 2206 adversus
2824 2167 2919 2206 me
2948 2150 3218 2220 insidias,
3269 2156 3329 2208 et
3375 2152 3545 2220 tales,
3578 2157 3644 2210 ut

1985 2239 2033 2293 si
2066 2255 2158 2294 me
2192 2242 2408 2309 posset,
2441 2239 2749 2306 occideret,
2784 2243 2888 2295 aut
2915 2239 2965 2295 si
2988 2256 3102 2295 non
3152 2246 3371 2311 posset,
3396 2242 3638 2298 domum

1982 2319 2042 2382 in
2084 2344 2201 2400 qua
2230 2327 2354 2400 ipse
2386 2332 2559 2382 noctu
2586 2330 2863 2399 jacerem,
2896 2328 3168 2384 incendio
3215 2334 3639 2389 concremaret.

1982 2417 2164 2487 Cujus
2194 2416 2431 2472 nefariae
2461 2416 2892 2473 adinventionis
2935 2417 3157 2474 exstitit
3203 2422 3406 2475 auctor
3432 2419 3641 2477 Petrus

1985 2504 2333 2571 monachus,
2396 2506 2496 2577 qui
2555 2505 2772 2561 dicitur
2827 2507 2899 2562 de
2956 2506 3290 2577 Laurentio,
3321 2511 3542 2564 etcum
3573 2526 3641 2566 eo

1990 2595 2175 2650 Datus
2234 2595 2304 2649 de
2360 2594 2592 2662 Uberto,
2653 2596 2845 2651 Teuzo
2900 2595 2971 2651 de
3029 2595 3242 2663 Berizo,
3300 2594 3640 2654 Albertinus

1982 2682 2392 2750 Adulterinus,
2430 2683 2700 2747 Barocco,
2754 2686 2961 2739 Petrus
3019 2681 3407 2751 Castellanus,
3454 2672 3637 2740 Raino

1984 2772 2054 2827 de
2086 2770 2438 2840 Crescentio,
2472 2770 2655 2826 Follia
2682 2770 2936 2826 Joannes
2964 2770 3285 2838 Ferrarius,
3316 2770 3635 2828 Rainaldus

1983 2860 2053 2915 de
2083 2859 2348 2915 Guidone
2379 2859 2736 2930 presbytero,
2768 2863 2824 2913 et
2851 2857 3149 2914 Azolinus.
3174 2858 3359 2915 Unius
3380 2859 3633 2933 denique

1983 2948 2096 3003 mei
2147 2946 2632 3019 archipresbyteri
2691 2946 2898 3002 silvam
2950 2946 3157 3002 incidit
3208 2947 3283 3003 ob
3335 2947 3445 3005 hoc
3474 2950 3630 3021 quod

1984 3052 2181 3091 meum
2215 3034 2446 3090 ﬁdelem
2478 3034 2647 3089 illum
2677 3034 2964 3106 cognovit,
2995 3051 3122 3106 quae
3153 3052 3271 3092 non
3301 3037 3498 3094 minus
3527 3054 3632 3095 va-

1984 3124 2091 3179 luit
2121 3140 2299 3196 quam
2314 3129 2548 3178 centum
2562 3122 2761 3178 libras.
2777 3123 2940 3195 Cepit
2952 3125 3266 3196 quemdam
3281 3126 3627 3183 servientem

1987 3216 2285 3281 meum,et
2331 3212 2469 3283 quia
2525 3211 2670 3266 dixit
2721 3228 2783 3267 se
2838 3229 3057 3282 meum,
3118 3229 3267 3281 esse,
3300 3214 3544 3270 abstulit
3573 3214 3627 3271 ei

1984 3318 2202 3373 equum
2225 3305 2283 3356 et
2302 3301 2499 3356 omnia
2519 3301 2870 3356 vestimenta
2894 3303 3044 3373 ejus.
3072 3302 3355 3358 Praeterea
3374 3302 3633 3359 decimas

1985 3407 2188 3447 omnes
2216 3407 2342 3461 quae
2375 3390 2517 3445 mihi
2543 3390 2854 3462 pertinent,
2874 3406 2981 3446 nec
2998 3407 3112 3446 non
3131 3394 3188 3446 et
3204 3395 3427 3463 partem
3442 3408 3633 3448 meam

1985 3480 2058 3535 de
2089 3479 2258 3534 bonis
2289 3482 2678 3547 mortuorum,
2710 3478 3050 3551 ubicunque
3104 3479 3274 3548 valet,
3317 3480 3636 3548 contendit,

1988 3568 2241 3623 maxime
2270 3572 2467 3623 tamen
2500 3566 2560 3622 in
2593 3568 2948 3623 Bucciniano
2976 3573 3034 3623 et
3087 3567 3397 3640 Vulpanio.
3448 3569 3550 3624 His
3579 3572 3640 3624 et

1986 3656 2117 3712 aliis
2145 3657 2217 3711 ab
2242 3673 2309 3712 eo
2342 3658 2549 3712 abbate
2580 3674 2820 3729 pressus
2842 3656 3316 3722 adversitatibus,
3343 3656 3638 3727 proclamo

1988 3762 2082 3801 me
2114 3745 2531 3818 super,iillum,
2569 3761 2835 3816 quaerens
2865 3744 3326 3799 misericordiam
3358 3747 3634 3812 vestram,

1989 3839 2055 3889 ut
2086 3851 2200 3890 non
2233 3834 2444 3890 sinatis
2474 3832 2789 3887 Ecclesiam
2824 3848 3036 3898 meam,
3068 3830 3187 3886 imo
3234 3835 3355 3886 tam
3385 3838 3637 3887 vestram

1990 3940 2167 3994 quam
2200 3939 2410 3989 meam,
2427 3920 2606 3976 tantis
2619 3921 2689 3975 ad
2698 3919 2997 3975 versitatib
3007 3937 3073 3976 us
3090 3919 3318 3992 gravari
3337 3920 3639 3993 tantisque

1991 4010 2278 4067 molestiis
2309 4008 2630 4079 molestari,
2664 4011 2765 4065 sed
2797 4009 2993 4081 potius
3012 4008 3258 4065 liberata
3277 4011 3640 4082 aperturba—

1991 4099 2252 4156 tionibus
2281 4099 2427 4154 tanti
2460 4098 2904 4171 perturbatoris,
2935 4100 3130 4172 grates
3159 4098 3295 4155 inde
3351 4100 3639 4158 maximas

1995 4188 2113 4244 Deo
2144 4187 2459 4243 reddamus
2489 4191 2547 4243 et
2572 4186 2736 4243 vobis
2764 4188 2863 4259 (1).

299 4425 379 4496 (4)
412 4423 627 4496 His‘ita
672 4422 947 4496 recitatis,
979 4420 1312 4494 quaesitum,
1345 4424 1455 4496 est
1487 4419 1560 4475 ab
1607 4418 1886 4496 advocato
1916 4406 1958 4472 C
1997 4420 2118 4496 tica
2138 4418 2498 4496 professione
2529 4419 2825 4496 antiquior
2854 4423 2911 4475 et
2937 4418 3192 4496 anterior
3215 4434 3318 4490 per
3326 4416 3535 4496 gmnia
3555 4416 3639 4471 in-

228 4490 458 4552 domini
488 4494 717 4551 abbatis
746 4498 812 4549 ut
836 4490 1087 4549 domnus
1114 4508 1284 4565 papa,
1299 4494 1502 4565 sancta
1516 4490 1734 4565 synodo
1749 4507 1883 4565 con-

230 4567 496 4636 cedente,
526 4566 794 4622 inducias
826 4561 1289 4637 permitteret'ad
1343 4561 1578 4637 singula
1624 4578 1754 4633 quae
1782 4563 1883 4637 _Sa-

231 4633 498 4721 binensis
519 4633 845 4721 episcopus
878 4636 1357 4721 conclamaverat,
1380 4633 1574 4721 vernis
1620 4640 1679 4721 et
1707 4633 1887 4714 subti-

230 4706 839 4782 liusinvestigandum
863 4713 919 4763 et
940 4707 1433 4782 respondendum.
1458 4706 1620 4782 Tunc
1637 4706 1891 4782 benigna

232 4782 551 4863 largitione
582 4775 959 4863 permissum_
983 4775 1091 4835 est.
1141 4779 1395 4863 Aderant
1442 4781 1639 4863 autem
1669 4775 1887 4863 ibidem

235 4847 549 4932 utriusque
579 4847 761 4934 partis
790 4850 961 4907 amici
984 4850 1308 4934 veraciores
1333 4854 1388 4903 et
1414 4847 1640 4934 paciﬁci
1659 4851 1888 4934 scruta:

234 4929 415 4991 tores,
452 4917 553 4994 qui
576 4917 735 4995 ipsas
754 4938 842 4995 res
868 4922 1145 4995 canonice
1164 4917 1538 4995 indagantes,
1565 4917 1891 4973 retulerunt

230 4997 457 5051 domno
491 4994 653 5066 papae
685 4994 839 5066 quod
870 5009 993 5066 per
1021 4994 1204 5065 legem
1264 4994 1350 5046 vel
1377 5063 1384 5066 _
1410 5006 1615 5066 sacros.
1634 5005 1888 5066 canones

226 5060 510 5139 judicare
533 5060 723 5139 vellet'3
756 5080 828 5119 ne
870 5060 1321 5139 iambaa'partes
1374 5063 1430 5116 in
1472 5060 1890 5139 detrimentum

233 5131 658 5211 gravissimum
691 5136 1046 5211 de_venirent,
1069 5131 1332 5211 videlicet
1374 5138 1605 5211 propter
1628 5131 1885 5211 violatio-

235 5204 375 5266 nem
407 5215 467 5264 et
494 5206 950 5263 destructionem
982 5207 1183 5262 altaris
1212 5212 1269 5262 et
1320 5204 1704 5276 reliquiarum
1736 5205 1886 5273 ejus,

235 5296 391 5353 quas
418 5280 646 5336 auferre
674 5278 832 5353 idem
865 5276 1207 5353 Sabi‘nensis
1255 5277 1564 5353 episcopus
1607 5290 1891 5353 praesum-

233 5345 381 5426 psit,
412 5357 467 5407 et
495 5354 746 5426 propter
785 5345 1413 5426 deprzedatione_s__sive
1454 5345 1890 5426 incendianqu'aa

273 5415 633 5480 ostmod'um'
651 5415 1117 5477 domni'abbatis
1142 5418 1399 5473 militum
1432 5417 1719 5473 exercitus
1738 5415 1889 5472 fecit.

281 5512 386 5554 am
419 5493 746 5569 proprietas
774 5490 1029 5552 ecclesias
1051 5506 1155 5566 pro
1168 5488 1553 5563 acquisitione
1571 5492 1629 5548 et
1651 5487 1897 5550 authen-

1992 4489 2164 4547 venta
2192 4494 2282 4546 est
2309 4490 2488 4562 hujus
2517 4489 2699 4546 nostri
2733 4490 3072 4562 monasterii
3104 4489 3301 4562 fuisse.
3326 4491 3445 4543 Hoc
3474 4503 3639 4544 sum-

1996 4579 2130 4617 mus
2160 4561 2370 4634 praesul
2391 4559 2613 4617 certius
2643 4562 3000 4634 discernens,
3051 4559 3227 4634 litem
3260 4559 3473 4631 ipsam,
3506 4574 3639 4634 pro-

1994 4628 2294 4706 utcunque
2324 4634 2538 4706 potuit,
2561 4635 2765 4706 sedare
2816 4632 2970 4698 fecit,
2993 4636 3051 4706 et
3075 4630 3260 4706 edidit
3284 4628 3639 4706 monasterio

1995 4705 2132 4761 huic
2164 4701 2431 4761 mirabile
2452 4704 2815 4776 privilegium
2833 4720 2950 4776 sua:
2969 4702 3074 4773 pia
3098 4701 3642 4776 confirmationisde

1995 4777 2261 4832 omnium
2282 4772 2465 4847 hujus
2483 4772 2821 4847 monasterii
2844 4772 3130 4847 bonorum
3155 4772 3644 4847 acquisitionibus

1996 4848 2292 4929 liberrime
2333 4843 2719 4929 possidendis:
2755 4843 3013 4929 penique
3043 4848 3175 4929 post
3220 4843 3462 4929 longum
3494 4850 3643 4929 tem-

2000 4936 2131 4991 pus,
2164 4916 2380 4974 nostris
2410 4918 2631 4972 scilicet
2661 4916 2886 4991 rlicbus,
2924 4916 3005 4971 ita
3035 4916 3290 4973 Vidimus
3317 4916 3374 4973 et
3419 4916 3642 4991 audivi-

1998 4987 2131 5045 inus
2164 4991 2502 5046 referentem
2534 4992 2591 5043 et
2618 4987 2944 5060 certissime
2972 4992 3286 5045 testantem
3327 4988 3644 5060 quemdam

1998 5062 2163 5116 Rom.
2198 5063 2373 5132 episc.
2408 5060 2643 5115 nomine
2676 5059 2931 5126 Petrum,
2955 5060 3083 5130 jam
3141 5061 3319 5132 nimis
3344 5057 3641 5132 _vetul_um,

1999 5133 2099 5203 qui
2134 5128 2324 5203 Roma:
2358 5132 2694 5186 morabatur
2722 5132 2877 5203 apud
2917 5128 3194 5203 Sanctum
3253 5128 3644 5203 Vincentium,

1989 5198 2161 5273 juxta
2192 5202 2491 5258 ecclesiam
2525 5198 2788 5256 sanctam
2821 5202 2972 5256 beati
3008 5201 3158 5256 Petri
3207 5198 3474 5273 apostoli,
3517 5213 3643 5273 om:

2000 5270 2117 5337 nia,
2152 5277 2216 5328 ut
2270 5290 2453 5344 supra
2508 5273 2784 5344 diximus,
2840 5289 3036 5327 coram
3094 5288 3174 5344 se
3211 5270 3559 5335 examinata,
3589 5272 3648 5326 et

2001 5344 2251 5399 diflinita
2280 5342 2461 5401 fuisse
2490 5349 2547 5401 et
2575 5343 2940 5417 privilegium
2974 5344 3057 5399 sic
3088 5342 3331 5399 editum.
3366 5343 3647 5417 (Sequitur

2001 5416 2369 5472 vrivileaz‘um.

1996 5432 2369 5490 prz'vuegzum.
