4090 6176
217 327 335 397 913

1514 328 1834 394 ΝΟΤΙΤΙΑ
1876 327 2295 393 HISTORICA
2310 374 2324 391 .

3503 336 3625 401 9H

219 467 423 535 situm,
453 462 569 523 tria
589 460 966 539 potissimum
997 463 1192 539 capita
1217 466 1293 522 De
1322 466 1602 533 azimo,De
1638 464 1866 522 sabbato
1892 464 1950 531 Α
1980 464 2258 521 nonnulis
2288 464 2460 524 annis
2489 464 2928 541 amplissimum
2957 484 3175 527 munus
3193 465 3623 530 bibliothecarii

218 562 269 615 et
279 558 499 630 Nuptiis
508 555 843 613 sacerdotum
855 554 1336 628 complectentem
1346 554 1544 620 .Quem
1561 558 1863 627 Augustus

217 645 601 719 orthodoxus,
631 661 765 703 cum
796 648 1002 717 praeter
1049 644 1295 701 convitia
1341 650 1397 700 et
1446 661 1670 700 errores
1722 644 1864 700 nihil

216 733 389 793 solidi
421 738 524 791 aut
552 735 680 791 sani
711 733 1267 809 contineret,legatis
1290 732 1865 795 suadentibus,ﬂam-

217 824 331 884 mis
362 823 526 880 exuri
550 824 752 896 jussit.
787 823 983 878 Rebus
1014 822 1095 878 ita
1122 822 1487 895 compositis,
1519 839 1651 878 cum
1685 822 1861 877 Hum-

215 913 421 970 bertus
451 930 585 969 cum
619 911 855 985 collegis
871 911 1122 983 jamjam
1144 911 1370 967 abitum
1394 911 1641 967 Romam
1663 928 1865 967 versus

214 1006 469 1076 pararet,
503 999 749 1057 Michael
780 999 1133 1073 patriarcha,
1165 999 1254 1055 vir
1283 998 1864 1072 impius,fraudulen-

212 1097 311 1149 tus
341 1094 400 1148 et
429 1089 699 1157 callidus,
718 1087 898 1144 libelli
928 1088 1227 1145 exustione
1257 1092 1585 1145 commotus
1616 1089 1863 1161 impera-

215 1186 399 1238 torem
432 1178 594 1247 adiit,
628 1183 868 1234 acturus
897 1178 968 1235 de
1001 1177 1209 1251 legatis
1240 1176 1649 1245 retinendis,eo
1672 1177 1786 1234 ﬁne
1804 1182 1868 1233 ut

215 1270 272 1326 in
304 1271 533 1327 Sanctae
563 1266 791 1341 Sephiae
822 1266 1108 1339 templum
1131 1266 1240 1322 sub
1259 1266 1453 1340 aliquo
1493 1266 1864 1323 comitiorum

217 1357 759 1433 congregandorum
789 1358 1065 1429 praetextu
1088 1355 1399 1410 introducti
1423 1372 1458 1410 a
1476 1354 1693 1428 populo
1711 1355 1867 1410 saxis

217 1447 637 1520 impeterentur
664 1447 722 1501 et
751 1443 898 1500 risui
931 1448 1360 1515 exponerentur
1388 1448 1588 1499 contra
1608 1445 1711 1515 jus
1729 1460 1867 1516 gen-

218 1536 386 1605 tium,
421 1534 539 1609 imo
576 1532 839 1590 naturale
869 1536 927 1589 et
956 1531 1239 1587 divinum.
1273 1534 1345 1587 At
1367 1532 1865 1605 prudentissimus

217 1626 537 1703 imperator
546 1637 881 1696 perversam
894 1620 1195 1677 Michaelis
1207 1625 1461 1685 mentem
1475 1621 1865 1678 subodoratus

216 1712 679 1784 seandalumque
710 1710 917 1767 exinde
948 1709 1237 1766 oriturum
1281 1710 1625 1782 praevidens,
1674 1709 1865 1783 impiae

154 1806 165 1825 ‘
217 1801 478 1885 petitioni
530 1799 866 1856 nullatenus
915 1797 1189 1855 assentiri
1218 1798 1418 1855 voluit.
1468 1798 1618 1864 Quin
1667 1799 1864 1872 potius
1895 1834 1944 1899 B

219 1884 391 1965 regiis
421 1891 672 1946 donatos
702 1887 1471 1961 muneribus,prosperaque
1499 1891 1868 1960 precatus,ut

218 1981 275 2039 in
305 1980 462 2039 viam
494 1994 581 2046 se,
611 1976 729 2033 Deo
761 1977 929 2044 duce,
965 1975 1192 2041 darent,
1224 1975 1493 2032 hortatus
1524 1980 1629 2032 est.

284 2069 526 2126 Interim
544 2065 788 2122 Michael
814 2069 967 2121 artos
989 2081 1127 2120 suas
1141 2063 1336 2120 clusas
1350 2064 1650 2137 egerrime
1675 2065 1866 2121 ferens

218 2160 286 2215 ad
319 2174 501 2215 novas
532 2154 844 2215 struendas
873 2152 1121 2209 insidias
1150 2169 1491 2222 conversus,
1512 2152 1736 2209 litteras
1766 2154 1866 2209 de-

220 2248 305 2304 dit
334 2247 406 2302 ad
441 2246 679 2302 Petrum
732 2241 1122 2317 patriarcham
1166 2241 1617 2311 Antiochenum,
1665 2241 1865 2298 effreni

220 2336 446 2392 calamo
472 2333 533 2389 in
558 2332 946 2391 Humhertum
981 2334 1038 2386 et
1065 2331 1254 2386 socios
1285 2330 1568 2386 detonans
1599 2335 1868 2402 atque,ut

218 2414 317 2482 eos
342 2423 519 2479 velati
550 2421 758 2478 Graecae
790 2419 1089 2492 religionis
1123 2422 1552 2492 contemptores
1583 2423 1641 2475 et
1668 2419 1867 2477 hostes

219 2511 595 2584 interciperet
618 2508 1080 2579 muneribusque
1128 2505 1426 2580 spoliaret,
1463 2508 1771 2564 mandans.
1794 2510 1868 2564 At

220 2602 429 2658 Petrus
458 2599 783 2673 legatorum
818 2596 1207 2652 innocentiam
1236 2601 1596 2669 perspectam
1619 2596 1864 2664 habens,

220 2688 503 2765 neglectis
540 2685 842 2743 Michaelis
892 2684 1193 2755 injuriosis
1250 2684 1565 2749 mandatis,
1624 2701 1723 2742 eos
1752 2702 1868 2756 qua

219 2777 412 2849 decuit
442 2774 807 2834 humanitate
837 2771 1079 2845 excepit,
1114 2773 1395 2845 novisque
1438 2778 1640 2829 auctos
1662 2789 1865 2829 mune-

221 2867 384 2922 ribus
416 2881 552 2935 eum
582 2863 802 2919 honore
827 2860 1071 2917 dimisit.

287 2956 455 3010 Anno
488 2952 627 3010 1055
656 2955 899 3006 Romam
926 2948 1156 3021 allapsi,
1186 2948 1312 3006 loco
1344 2949 1554 3006 Leonis
1575 2950 1865 3006 demortui

223 3043 518 3099 Victorem
566 3039 635 3107 Il,
667 3040 739 3094 ad
771 3037 1000 3094 clavum
1045 3036 1314 3093 Ecclesiae
1362 3038 1657 3094 sedentem
1704 3038 1866 3094 inve-

225 3135 454 3198 nerunt,
489 3146 525 3185 a
549 3145 685 3202 quo,
718 3126 921 3200 paucis
951 3126 1270 3198 interjectis
1311 3126 1634 3195 mensibus,
1683 3127 1863 3183 Hum-

222 3220 422 3282 bertus
453 3218 525 3274 ad
562 3200 909 3274 Cassinense
956 3214 1377 3271 monasterium
1428 3215 1731 3288 ablegatus
1778 3200 1939 3272 estC

226 3310 294 3365 ob
325 3324 490 3364 acres
512 3305 934 3363 monachorum
955 3303 1356 3361 dissensiones
1377 3304 1436 3359 in
1470 3320 1649 3360 causa
1679 3305 1866 3360 intru-

225 3396 272 3454 si
299 3396 455 3454 Petri
483 3394 712 3451 abbatis
740 3397 987 3450 exortes.
1025 3395 1208 3461 Quam
1241 3397 1437 3448 tamen
1484 3393 1866 3460 Humbertus,

225 3480 430 3558 sponte
459 3483 774 3557 praelatura
801 3483 1039 3538 cedente
1068 3482 1258 3550 Petro,
1300 3486 1474 3554 atque
1520 3483 1579 3536 in
1607 3483 1735 3553 ejus
1778 3482 1867 3538 lo-

226 3592 356 3632 cum
377 3572 804 3632 monachorum
834 3572 1151 3645 suffragiis,
1185 3572 1427 3628 suﬂ'ecto
1447 3572 1739 3629 Friderico
1766 3573 1870 3628 Lo-

226 3663 464 3735 thai'eno
493 3659 808 3728 cardinale,
839 3660 1008 3716 facile
1036 3676 1103 3715 co
1121 3660 1386 3733 nposuit.

288 3751 425 3808 Vita
454 3750 655 3807 functo
684 3748 911 3805 Victore
951 3750 1023 3819 Il,
1074 3748 1263 3804 tribus
1312 3747 1693 3806 electionibus
1743 3751 1870 3806 Ste-

225 3841 402 3913 phani
432 3838 655 3896 scilicet
681 3838 748 3905 X,
778 3836 1002 3893 Nicolai
1034 3837 1105 3904 II,
1140 3840 1196 3893 et
1224 3836 1534 3893 Alexandri
1576 3840 1645 3907 II,
1682 3839 1871 3911 ponti-

224 3929 401 3987 ﬁcum
433 3945 541 3991 suo
571 3926 852 4000 suffragio
880 3924 1286 3992 interfuit,sub
1308 3942 1559 3998 quorum
1582 3927 1869 4001 regimine

1972 558 2029 610 et
2057 555 2388 612 cancellarii
2417 555 2742 614 incredibili
2772 557 2946 615 laude
2974 562 3032 615 et
3072 558 3413 617 dexteritate
3467 577 3624 618 exer-

1973 660 2130 700 cens.
2163 646 2330 700 Anno
2361 644 2568 701 salutis
2603 646 2761 715 1059,
2795 648 2969 719 jussu
3000 647 3223 706 Nicolai
3256 647 3304 706 ΙΙ
3326 652 3386 709 et
3413 652 3621 723 synodi

1974 734 2403 801 Lateranensis,
2437 734 2791 808 praescripsit
2818 735 3132 793 formulam
3178 738 3315 797 fidei
3362 756 3621 812 pronun-

1973 822 2234 878 tiandam
2267 823 2325 878 in
2356 822 2600 878 concilio
2629 841 2663 879 a
2702 824 3047 896 Bercngario
3098 810 3382 887 haeretica
3414 810 3620 901 resipi-

1975 910 2276 967 scientiam
2298 916 2424 967 tum
2447 912 2700 985 ﬁngente
2726 930 2922 969 coram
2934 913 3202 969 ducentis
3218 915 3461 987 triginta
3497 917 3621 990 epi-

1975 999 2168 1071 scopis
2189 1004 2248 1055 et
2269 1000 2622 1072 praelatis.At
2643 1018 2777 1059 cum
2802 1002 3190 1076 Berengarius
3209 1002 3374 1061 ﬁnito
3397 1006 3622 1074 synodo

1976 1089 2045 1142 ad
2080 1087 2265 1143 instar
2294 1089 2458 1145 canis
2486 1089 2703 1162 impuri
2732 1090 2804 1145 ad
2834 1090 3122 1147 vomitum
3157 1090 3449 1159 rediisset,
3480 1108 3624 1151 voce

1976 1192 2040 1231 ac
2070 1175 2217 1248 style
2249 1175 2511 1248 plaustra
2540 1177 2926 1233 convitiorum
2956 1183 3083 1255 tum
3116 1179 3176 1235 in
3205 1180 3618 1248 Humbertum,

1973 1268 2099 1319 tum
2132 1264 2191 1318 in
2226 1264 2538 1320 Ecclesiam
2572 1266 2898 1322 Romanam
2926 1269 3280 1334 exoneravit,
3331 1272 3621 1342 quemad—

1975 1352 2214 1407 modum
2239 1353 2366 1423 jam
2398 1353 2683 1426 allegatus
2714 1354 3075 1411 Lanfrancus
3114 1360 3392 1419 strenuus
3424 1357 3623 1417 Eccle-

1975 1439 2072 1496 siae
2098 1445 2155 1497 et
2183 1441 2488 1498 Humberti
2519 1442 2791 1499 defensor
2813 1446 3143 1499 attestatur.

2046 1532 2361 1602 Assumpto
2414 1532 2483 1587 ad
2542 1531 2951 1604 pontiﬁcatum
3024 1534 3134 1589 sub
3197 1534 3435 1593 nomine
3484 1535 3623 1601 .Ste-

1974 1618 2154 1691 phani
2184 1619 2229 1673 X
2261 1619 2549 1676 Friderico
2590 1621 2934 1690 Lothareno,
2986 1621 3074 1683 vel
3126 1622 3216 1695 (ut
3262 1623 3512 1681 Baronio
3565 1628 3627 1682 et

1976 1708 2106 1765 aliis
2137 1707 2343 1781 placet,
2372 1709 2612 1767 sedente
2662 1710 2719 1765 in
2775 1710 2928 1766 Petri
2975 1710 3261 1773 cathedra
3296 1712 3624 1771 Alexandro

1976 1797 2156 1869 hujus
2186 1797 2443 1854 nominis
2477 1798 2544 1865 II,
2578 1798 2936 1854 Humbcrtus
2984 1798 3213 1872 legatus
3242 1800 3302 1856 in
3353 1800 3623 1875 Angliam

1974 1886 2324 1953 destinatur,
2386 1885 2486 1941 ubi
2539 1891 2855 1942 convocatu
2909 1887 3153 1943 concilio
3200 1889 3261 1945 in
3312 1889 3624 1960 presentia

1973 1975 2154 2031 totius
2183 1974 2321 2030 cleri
2350 1974 2655 2047 Anglicani
2681 1979 2840 2032 sexto
2872 1976 3011 2032 Idus
3048 1976 3266 2048 Aprilis
3295 1993 3451 2034 anno
3481 1978 3626 2034 4072

1974 2063 2383 2136 gravissimam
2415 2062 2577 2119 litem
2603 2064 2757 2120 inter
2800 2062 3091 2121 Ecclesias
3137 2066 3620 2124 Cantuariensem

1974 2156 2031 2207 et
2058 2152 2476 2208 Eboracensem
2511 2169 2687 2225 super
2716 2152 2971 2224 primatu
3002 2157 3262 2213 exortam
3294 2157 3461 2212 tanta
3489 2157 3623 2213 dex-

1972 2240 2206 2296 teritate
2234 2242 2581 2314 composuit,
2613 2245 2678 2296 ut
2703 2241 2961 2298 Thomas
3009 2242 3394 2301 Eboracensis
3421 2244 3623 2301 Eccle-

1976 2329 2074 2384 sizs
2106 2330 2352 2385 antistes
2383 2332 2512 2402 ejus
2543 2330 3027 2402 persuasionibus
3058 2335 3116 2388 et
3135 2332 3465 2399 rationibus
3490 2349 3624 2395 con-

1973 2418 2161 2474 victus
2194 2418 2511 2491 primatum
2533 2417 2937 2475 Cantuariensi
2956 2419 3626 2494 adjudicatum,puhlica

1974 2507 2083 2562 hac
2106 2507 2325 2564 emissa
2354 2507 2733 2579 professione,
2778 2512 2971 2564 ratum
3020 2508 3326 2566 habuerit:
3363 2532 3392 2560 «
3451 2510 3627 2567 Decet

1976 2596 2217 2651 omnino
2247 2595 2644 2652 Christianum
2677 2613 2970 2669 quemque
3000 2596 3348 2654 Christianis
3393 2596 3623 2670 legibus

1976 2684 2279 2754 subiacere
2304 2688 2743 2756 ;pr0ptereaego
2757 2684 3015 2740 Thomas
3026 2684 3412 2742 Eboracensis
3431 2685 3621 2741 Eccle—

1976 2774 2072 2828 sia:
2104 2773 2590 2845 metropolitanus
2618 2773 2868 2839 antistes
2891 2774 3018 2844 jam
3048 2773 3372 2843 ordinatus,
3406 2774 3623 2831 auditis

1975 2862 2342 2936 cognitisque
2372 2861 2715 2929 rationibus,
2748 2860 3078 2917 absolutam
3118 2861 3245 2930 tibi,
3279 2862 3621 2932 Lanfrance,

1974 2950 2410 3007 Cantuariensis
2440 2949 2894 3022 archiepiscope,
2925 2948 3163 3021 tuisque
3183 2951 3625 3009 successoribus

1976 3042 2047 3097 de
2076 3039 2355 3096 canonica
2386 3038 2714 3094 obedientia
2746 3038 3168 3110 professionem
3191 3040 3338 3097 facio
3360 3046 3439 3109 ;et
3457 3041 3625 3113 quid—

1976 3128 2117 3201 quid
2150 3145 2185 3183 a
2212 3134 2286 3195 te,
2318 3126 2404 3183 vel
2438 3128 2511 3183 ab
2540 3126 2625 3183 eis
2649 3128 2815 3198 justo
2843 3144 2910 3184 ac
2960 3128 3235 3185 canonice
3282 3128 3621 3200 injunetum

1978 3217 2123 3274 mihi
2156 3217 2350 3284 fuerit,
2382 3221 2753 3272 servaturum
2780 3232 2874 3273 me
2902 3215 3197 3289 promitto.
3233 3239 3264 3267 »

2048 3306 2294 3361 Romam
2307 3304 2961 3378 compositaAnglorum
2974 3305 3293 3378 praesulum
3314 3305 3415 3363 lite
3436 3320 3624 3363 rever-

1976 3412 2101 3459 sus,
2136 3394 2365 3450 dierum
2394 3411 2461 3449 ac
2492 3393 2857 3460 meritorum,
2886 3393 3412 3467 plenus,perceptis
3437 3394 3628 3452 Eccle-

1978 3484 2075 3539 sia:
2122 3483 2508 3540 sacramentis
2563 3483 2636 3538 ad
2692 3500 2937 3556 superos
2984 3483 3308 3541 translatus
3337 3486 3428 3541 est
3453 3484 3627 3542 tertio

1977 3573 2172 3629 Nonas
2204 3572 2361 3640 Maii,
2393 3589 2546 3628 anno
2576 3589 2611 3628 a
2638 3576 2809 3645 partu
2837 3572 3101 3646 Virginis
3143 3574 3302 3629 1064.
3352 3573 3628 3646 Sepultus

1980 3661 2039 3716 in
2089 3661 2330 3719 basilica
2373 3661 2876 3727 Constantiniana,
2925 3677 3160 3717 summo
3215 3659 3491 3732 pontiﬁce
3544 3660 3628 3716 ita

1983 3752 2504 3823 mandanto,prope
2534 3766 2774 3821 corpora
2793 3747 3195 3820 SS.virginum
3215 3750 3273 3804 et
3301 3752 3628 3818 martyrum

1984 3840 2260 3896 Materna:
2285 3844 2343 3894 et
2373 3837 2737 3895 Secundinaa.

1079 4051 3634 4080 sum

1396 4159 1905 4253 NOTITIA
1970 4160 2469 4254 ALTERA

1211 4336 1463 4407 (FABRIC.
1499 4336 1763 4393 Biblioth.
1800 4336 1937 4393 med.
1968 4340 2021 4392 et
2049 4340 2153 4408 inf.
2186 4340 2328 4407 Lat.,
2360 4340 2457 4406 IV,
2487 4337 2638 4407 306.)

300 4559 683 4625 Humbertus,
715 4574 783 4613 ex
815 4557 1101 4613 monacho
1132 4558 1257 4614 ord.
1291 4557 1581 4614 Bened.in
1613 4558 1879 4615 Mediano
1913 4563 1959 4626 Β
1991 4563 2032 4615 t.
2060 4560 2137 4615 XI
2164 4559 2387 4625 Colon.,
2420 4564 2477 4615 et
2505 4564 2647 4615 tom.
2678 4558 2859 4613 XVIII
2888 4557 3096 4628 Lugd.,
3149 4571 3281 4627 pag.
3331 4553 3460 4620 389,
3508 4554 3636 4624 405,

231 4647 590 4705 S.Mansneti
623 4646 888 4703 coenobio
918 4645 1214 4702 Tullensis
1244 4646 1532 4715 diceeesis,
1552 4647 1736 4702 Iactus
1759 4665 1881 4702 (επιιό

232 4735 448 4793 dinalis
478 4737 552 4791 ab
582 4735 840 4791 an.1049
868 4740 926 4790 et
955 4736 1264 4807 episcopus
1296 4735 1465 4791 Siva
1494 4736 1763 4792 Candidas
1788 4753 1881 4791 an.

234 4823 364 4880 4051
404 4824 617 4880 Leonis
643 4824 715 4879 IX
735 4824 808 4880 ad
831 4825 1242 4895 imperatorem
1265 4823 1883 4880 CPol.Cunstantinum

236 4913 692 4971 Monomachum
712 4913 981 4987 legatus;
1012 4912 1221 4968 deinde
1253 4929 1287 4967 a
1314 4912 1541 4968 Victore
1572 4914 1619 4967 ΙΙ
1644 4914 1885 4969 an.1057

237 5003 458 5062 missus
486 5004 562 5059 ad
592 5001 1029 5073 componendas
1061 5000 1192 5057 lites
1223 5001 1280 5055 in
1313 5001 1671 5057 monasterio
1725 5002 1885 5057 Casi-

241 5091 507 5161 nensi,de
539 5106 655 5162 quo
686 5089 795 5145 Leo
825 5089 1112 5145 Ostiensis
1144 5088 1225 5143 lib
1258 5106 1299 5142 ιι
1323 5088 1588 5144 Chronici
1611 5089 1886 5145 Casinen-

241 5179 343 5235 sis.
375 5178 743 5236 c.88.Praeter
771 5178 898 5249 ejus
930 5177 1149 5249 scripta
1179 5195 1294 5232 non
1323 5176 1613 5233 inerudite
1634 5178 1890 5234 adversus

243 5266 447 5324 Greco:
501 5267 667 5326 Mich.
731 5266 1101 5335 Cerularium,
1143 5270 1375 5323 Leonem
1420 5266 1788 5322 Achrz'denum
1841 5269 1890 5322 et

242 5357 486 5413 Nicetam
515 5358 881 5423 Pectoratum,
914 5354 1148 5428 vulgata
1176 5371 1210 5410 a
1257 5354 1503 5411 Baronio
1551 5356 1624 5411 ad
1667 5372 1889 5411 annum

245 5446 402 5516 1054,
431 5451 493 5502 et
518 5446 582 5503 in
612 5445 932 5521 appendice
963 5444 1036 5501 ad
1064 5448 1291 5500 tomum
1324 5444 1397 5499 XI
1428 5444 1742 5500 Annalium
1773 5449 1831 5501 et
1860 5463 1894 5501 a

242 5537 474 5595 Canisio
502 5541 547 5593 t.
580 5536 657 5594 VI
686 5537 1029 5594 Lectionum
1059 5534 1353 5606 antiquar.
1390 5534 1453 5606 (t.
1500 5534 1574 5590 III
1621 5534 1894 5593 editionis

243 5642 399 5687 nom
430 5625 814 5701 Basnagianaa
842 5643 902 5699 p.
933 5626 1060 5698 277)
1091 5628 1150 5682 et
1177 5624 1238 5680 in
1260 5621 1634 5681 Bibliothecis
1655 5623 1893 5682 Patrum

1994 4650 2119 4704 415.
2153 4647 2480 4704 Novissime
2509 4646 2638 4716 ejus
2669 4648 2835 4701 libros
2863 4650 2972 4699 tres
3001 4643 3257 4698 adversus
3297 4641 3641 4700 Simoniacos

1995 4756 2062 4794 ex
2092 4736 2445 4793 bibliotheca
2492 4735 2882 4791 Laurentiana
2930 4730 3148 4804 publici
3186 4730 3342 4804 juris
3370 4730 3507 4787 fecit
3528 4731 3641 4788 Ed-

1997 4827 2256 4880 mundus
2287 4826 2565 4889 Martene,
2600 4827 2741 4876 tom.
2774 4821 2841 4873 V.
2873 4820 3307 4878 Anecdotorum
3334 4836 3470 4893 pag,
3500 4821 3642 4877 633-

1995 4915 2120 4970 844.
2157 4916 2217 4969 Ιη
2253 4913 2397 4968 libro
2430 4911 2596 4967 tertio
2628 4915 2755 4965 octo
2786 4908 3042 4982 capitula
3069 4912 3367 4981 postrema
3409 4908 3644 4966 deside-

1997 5008 2218 5057 rantur.
2258 5001 2598 5073 sz'nosulus,
2631 5014 2806 5069 quem
2856 5015 2912 5069 p.
2961 4999 3069 5053 647
3114 4996 3476 5070 perstringit,
3527 5013 3642 5052 non

1996 5091 2225 5146 videtur
2255 5107 2381 5146 esse
2413 5105 2624 5144 nomen
2656 5086 2915 5143 hominis
2937 5085 3364 5160 proprium,sed
3384 5085 3646 5156 positum

1998 5178 2243 5234 convicii
2262 5177 2387 5233 loco
2417 5178 2474 5231 in
2496 5175 2829 5249 spinosiora
2849 5174 3166 5231 adversarii
3185 5170 3647 5230 acumina.Idem

1998 5267 2355 5323 Humbertus
2390 5263 2814 5337 praescripsisse
2837 5264 3091 5319 traditur
3110 5259 3461 5332 Berengario
3480 5259 3648 5330 ejura

2000 5356 2219 5410 tionem
2253 5355 2309 5409 in
2342 5354 2584 5410 concilio
2614 5353 2779 5408 Rom.
2814 5368 2909 5406 an.
2943 5352 3105 5419 4059,
3137 5366 3264 5421 quas
3295 5347 3647 5421 incipitzEgo

2002 5445 2384 5513 Berengarz'us,
2417 5431 2593 5515 atque
2624 5443 2799 5499 etiam
2827 5442 3045 5497 inserta
3081 5443 3172 5496 est
3216 5438 3453 5495 Decreto
3497 5435 3652 5494 Gra-

2000 5532 2163 5601 tiani,
2198 5532 2333 5588 dist.
2366 5535 2419 5600 2,
2453 5531 2533 5587 De
2564 5530 3021 5597 consecratione,
3056 5544 3107 5584 c.
3138 5528 3229 5584 42.
