4090 6176
454 304 572 367 927

1464 301 1951 370 HUMBERTUS
1998 304 2064 366 S.
2112 302 2185 366 R.
2233 298 2305 366 E.
2351 295 2846 366 CARDINALIS.

455 443 554 514 qui
575 457 645 498 en
669 457 774 499 son
797 443 986 515 temps
1010 440 1280 515 regarddt
1303 454 1530 497 comma
1550 437 1739 494 nulles
1761 438 1846 494 les
1867 438 2097 494 ordina-
2125 441 2181 506 Α
2279 438 2340 492 6°
2369 435 2672 493 ciaconius
2698 436 2872 508 (Rom.
2922 435 3080 493 Pent.
3111 433 3253 504 Vit.,
3309 434 3353 492 t.
3385 433 3426 510 l,
3469 451 3528 510 p.
3569 435 3725 510 797),
3755 439 3844 496 Ul-

457 531 611 587 tions
638 531 1056 604 simoniaques.
1093 532 1175 587 On
1209 549 1241 586 a
1269 548 1342 585 vu
1374 545 1485 601 que
1515 527 1568 583 le
1616 543 1764 599 pape
1792 524 2023 582 Nicolas
2052 526 2102 580 ΙΙ

455 620 656 678 établit
683 621 739 678 la
769 624 955 677 meme
987 622 1159 677 chose
1183 621 1326 675 dans
1353 637 1428 674 un
1451 619 1522 673 de
1553 634 1646 672 ses
1672 617 1900 672 décrets
1933 617 2094 686 (BAL.

457 711 624 774 Mica,
655 716 696 766 t.
721 711 842 771 VII,
878 729 930 782 p.
963 713 1052 775 68,
1088 727 1136 764 c.
1160 711 1214 780 9)
1243 713 1334 777 ;et
1365 707 1708 780 peut-étrey
1731 705 1887 760 fut-il
1911 705 2098 760 deter-

457 801 612 855 miné
642 818 746 872 par
774 801 1061 869 l’ouvrago
1090 798 1449 852 d’Humbert.
1593 817 1604 825 ·

525 893 623 943 Cet
653 905 921 959 ouvrage,
947 891 1116 958 apros
1136 891 1277 951 tout,
1306 890 1393 941 est
1417 886 1528 939 fort
1551 901 1758 957 propro
1781 886 1814 937 a
1849 883 2098 956 inspirer

456 995 568 1032 une
600 978 844 1031 horreur
873 976 1149 1030 salutaire
1180 993 1328 1047 pour
1357 975 1411 1029 18
1453 973 1697 1030 simonie
1727 992 1738 1040 ;
1775 975 1808 1027 a
1856 989 1924 1028 en
1958 971 2100 1051 faire.

454 1067 637 1121 sentir
656 1064 947 1120 toulesles
970 1064 1149 1118 suitcs
1169 1064 1580 1136 pernicieuses,
1607 1066 1658 1117 et
1683 1067 1714 1116 8
1738 1060 2096 1117 montrerles

452 1155 668 1228 grands
719 1171 892 1208 maux
940 1153 1147 1225 qu’elle
1198 1155 1348 1207 nvn’t
1392 1153 1492 1205 dos
1540 1151 1656 1206 lors
1704 1152 1910 1206 caus-es
1949 1150 2096 1205 dans

345 1237 363 1255 '
453 1232 700 1316 l‘Eglise.
738 1244 780 1297 Il
813 1247 901 1298 est
930 1244 1000 1297 do
1021 1243 1153 1314 plus
1184 1243 1318 1297 écrit
1349 1258 1480 1295 avoc
1507 1259 1580 1295 un
1607 1240 1691 1295 air
1731 1240 1801 1294 de
1825 1240 1973 1311 piété
1995 1239 2093 1310 qui

450 1333 682 1398 touche,
707 1337 763 1387 et
785 1349 896 1386 une
918 1332 1199 1386 certaines
1215 1331 1486 1402 politcsse
1499 1330 1597 1402 qui
1617 1329 1930 1400 n’étaitpns
1943 1328 2097 1383 alors

450 1437 782 1476 commune.
820 1420 858 1474 ll
890 1438 924 1492 γ
954 1421 1076 1474 ade
1107 1419 1460 1491 l‘éloquence
1492 1424 1546 1473 et
1577 1435 1691 1473 une
1722 1418 1943 1490 grande
1973 1420 2098 1472 éru-

450 1510 656 1565 dition.
692 1509 962 1564 L’autrur
990 1527 1023 1580 y
1053 1508 1163 1563 cite
1213 1507 1595 1580 quolquefois,
1645 1506 1683 1560 il
1736 1512 1822 1562 est
1850 1507 1992 1574 vrai,
2027 1507 2097 1562 de

450 1598 678 1654 fausses
714 1598 924 1670 pieces,
958 1596 1126 1668 telles
1157 1613 1269 1668 que
1299 1597 1383 1652 les
1414 1595 1731 1651 décretales
1779 1595 2097 1650 attribuées

393 1701 396 1704 ’
449 1705 562 1744 aux
592 1687 874 1760 premiers
923 1702 1121 1758 papas.
1166 1685 1208 1740 ll
1258 1688 1445 1756 paruit
1488 1683 1630 1756 qu’il
1680 1683 1834 1738 avait
1865 1687 2098 1738 surtout

447 1778 749 1848 beaucoup
778 1776 838 1831 lu
870 1776 955 1877 les
988 1774 1212 1847 poésies
1244 1775 1314 1830 de
1347 1775 1405 1829 S.
1440 1775 1704 1846 Prosper,
1749 1778 1805 1827 et
1845 1772 1984 1844 qu’il
2013 1771 2097 1828 les
2125 1812 2173 1877 B

447 1865 673 1940 goﬁtait
701 1863 1204 1936 singulieremcnt.

516 1959 576 2012 5°
611 1956 840 2023 Richer,
872 1955 1266 2026 chroniqueur
1297 1954 1366 2008 de
1395 1954 1652 2008 Senones
1687 1952 1935 2022 (Chron.,
1967 1949 2092 2016 1.11,

449 2062 493 2099 c.
533 2046 640 2111 4ij,
670 2049 723 2100 et
755 2045 895 2099 Jnan
929 2047 1000 2100 de
1048 2045 1240 2116 Bayon
1287 2042 1508 2111 (CALM.,
1559 2040 1720 2105 ibid.,
1772 2057 1827 2111 p.
1861 2040 1972 2110 69),
2007 2042 2091 2094 at-

447 2136 753 2191 tribuenta
767 2133 1165 2188 Humbcrtdes
1183 2131 1316 2202 bym
1327 2147 1427 2184 nes
1445 2134 1501 2184 et
1521 2133 1716 2183 autres
1737 2129 1926 2200 pieces
1948 2144 2094 2200 pour

448 2224 531 2280 les
553 2224 750 2280 ofﬁces
776 2223 845 2276 de
867 2222 1056 2276 divers
1074 2220 1685 2283 saints,nommément
1706 2218 1764 2272 S.
1790 2216 2090 2289 Cyriaque,

448 2318 704 2382 martyr;
738 2311 794 2366 S.
829 2307 1120 2379 Grégoire,
1155 2324 1339 2378 pape;
1373 2307 1432 2361 S.
1469 2304 1718 2371 Hidulfe,
1761 2309 1816 2359 S.
1850 2304 2091 2370 Déodat,

449 2401 507 2454 S.
549 2398 890 2466 Colomban,
939 2397 1124 2450 sainle
1169 2395 1402 2460 Othilie,
1452 2394 1661 2466 vierge.
1712 2393 1785 2448 Ils
1832 2393 2094 2463 ajoutent

448 2487 852 2559 qu’Humbert,
878 2487 1048 2556 apres
1079 2483 1163 2539 les
1191 2483 1351 2538 avoir
1381 2483 1738 2553 composées,
1771 2481 1855 2536 les
1877 2497 2094 2554 envoya

447 2575 678 2633 ensuite
709 2578 742 2629 a
777 2574 1032 2639 Brunon,
1064 2575 1278 2642 evequc
1307 2572 1378 2626 de
1409 2570 1578 2641 Toul,
1611 2573 1668 2624 et
1698 2570 1906 2641 depuis
1946 2587 2094 2642 pape

448 2681 587 2721 sous
617 2663 669 2719 le
699 2679 833 2718 nom
867 2662 938 2716 de
971 2663 1116 2716 Léon
1154 2660 1244 2727 IX,
1278 2661 1390 2715 afin
1424 2659 1561 2731 qu’il
1587 2658 1670 2714 les
1692 2663 1851 2714 notet
1871 2676 1940 2714 en
1965 2675 2092 2714 mu-

447 2755 635 2826 sique,
668 2769 740 2807 ou
773 2768 842 2807 en
870 2749 1254 2822 plain-ebant.
1282 2748 1428 2804 Mais
1448 2748 1693 2814 Wibert,
1719 2747 1996 2803 historien
2022 2748 2093 2802 do

447 2860 510 2899 ce
543 2858 708 2914 pape,
745 2839 842 2912 qui
865 2839 1033 2894 vivait
1065 2839 1135 2894 de
1163 2855 1267 2894 son
1299 2842 1506 2909 temps,
1531 2836 1610 2891 lui
1635 2837 1824 2892 donne
1851 2836 2093 2891 diserte-

449 2935 606 2987 ment
632 2945 726 2985 ces
752 2929 963 3000 pieces,
986 2931 1112 2982 tant
1133 2943 1279 2999 pour
1299 2925 1352 2982 le
1387 2927 1520 2982 fond
1560 2940 1672 2998 que
1695 2942 1841 2997 pour
1859 2924 1915 2980 18
1934 2929 2090 2980 note.

448 3021 642 3095 (MAB.,
673 3018 810 3084 Act.,
846 3022 886 3072 t.
921 3017 1008 3080 IX,
1041 3033 1093 3088 p.
1129 3017 1217 3084 64,
1262 3033 1320 3070 n.
1359 3016 1463 3087 l3.)

447 3171 870 3182 _..—__-——-

446 3189 870 3200 _.___———-

2209 525 2365 582 doini
2389 526 2532 598 (Ath.
2566 527 2741 592 Rom.,
2781 542 2839 598 p.
2863 524 3010 597 349.)
3050 528 3107 582 et
3142 523 3426 598 quelques
3465 529 3661 583 autres
3691 529 3844 584 attri-

2208 615 2389 671 buent
2415 614 2572 672 aussi
2597 619 2630 670 a
2655 615 2940 670 Humbert
2961 632 3038 670 un
3061 613 3626 672 recueildediverses
3647 615 3845 673 histoi-

2207 721 2297 760 res
2318 704 2492 777 qu’ils
2509 721 2581 760 ne
2607 704 2906 776 spéciﬁent
2927 703 3088 776 point
3109 721 3180 760 au
3191 707 3459 760 trement.
3483 705 3850 780 Vassebourg

2207 793 2290 848 lui
2330 794 2521 850 donne
2547 810 2693 866 pour
2720 792 2852 848 titre
2873 809 2885 848 :
2910 794 3181 848 Historia!
3201 792 3266 847 de
3287 794 3568 861 Ilumbert,
3592 795 3848 850 cardinal

2205 883 2270 938 de
2300 882 2466 938 Sicile
2491 887 2578 949 ;et
2600 882 2652 937 Ie
2673 886 2876 938 savant
2901 882 3038 938 dom
3059 881 3282 937 Calmet
3303 899 3453 938 nous
3484 883 3694 938 avertit
3715 884 3844 956 qu’il

2206 971 2373 1044 s’agit
2393 972 2463 1026 de
2483 971 2766 1027 l’histoire
2782 970 2883 1026 des
2903 970 3083 1026 abbés
3107 971 3178 1026 de
3199 970 3681 1042 Mnyenmoutier.
3707 972 3844 1028 Mais

2202 1079 2352 1116 nous
2383 1077 2558 1116 avons
2590 1062 2817 1116 montré
2837 1076 2907 1115 en
2940 1076 3044 1116 son
3077 1057 3191 1114 lieu
3224 1077 3338 1131 que
3359 1063 3450 1116 cet
3468 1077 3723 1134 συντ-886
3749 1079 3842 1134 ap-

2205 1150 2458 1223 partient
2489 1153 2522 1205 a
2549 1148 2860 1215 Valcande,
2895 1147 3089 1204 moine
3131 1149 3203 1205 de
3251 1164 3314 1204 ce
3360 1152 3716 1217 monastére,
3749 1151 3840 1222 qui

2208 1239 2482 1295 ﬂorissait
2513 1242 2686 1294 avanvt
2715 1238 3018 1293 Humbert.

2274 1333 2334 1382 7°
2358 1331 2463 1384 Les
2493 1332 2730 1384 auteurs
2760 1328 2895 1398 déja
2916 1327 3078 1394 cités,
3120 1331 3176 1382 et
3222 1327 3478 1382 d'autres
3517 1331 3691 1402 apres
3720 1346 3839 1395 eux,

2206 1417 2437 1475 veulent
2465 1433 2670 1473 encore
2702 1415 2842 1473 faire
2872 1416 3140 1471 honueur
3167 1419 3201 1471 a
3223 1421 3387 1471 notre
3417 1417 3681 1472 cardinal
3716 1417 3838 1475 d’un

2208 1505 2622 1562 commentaire
2659 1521 2760 1561 sur
2789 1503 2846 1560 la
2875 1503 3030 1577 regle
3061 1503 3132 1560 de
3161 1504 3218 1560 S.
3252 1504 3569 1577 Augustin.
3603 1505 3748 1561 Mais
3774 1507 3842 1562 ils

2207 1594 2557 1650 confondent
2588 1593 2658 1649 ici
2689 1593 2992 1660 Humbert,
3021 1593 3239 1664 éveque
3276 1594 3346 1648 de
3375 1591 3841 1664 BIanche-Selve,

2206 1699 2341 1738 aveo
2394 1682 2693 1751 Humbert,
2741 1681 3071 1753 cinquieme
3107 1681 3341 1754 général
3411 1681 3482 1738 de
3525 1680 3732 1739 l’ordre
3777 1684 3842 1740 de

2205 1771 2764 1843 Saint-Dominique,
2797 1771 2898 1843 qui
2926 1773 3014 1827 est
3044 1769 3095 1826 le
3145 1770 3421 1827 véritable
3452 1776 3655 1828 auteur
3682 1773 3753 1829 de
3782 1789 3843 1829 ce

2205 1861 2641 1917 eommentaire.

2275 1953 2334 2004 8°
2365 1950 2528 2004 Enﬁn
2579 1949 2786 2004 Oldoni
2838 1948 3090 2005 attribue
3137 1966 3212 2004 au
3262 1949 3510 2005 cardinal
3558 1951 3830 2006 Humbert

2205 2056 2281 2095 un
2315 2038 2476 2100 écrit.
2509 2055 2578 2094 en
2613 2038 2812 2094 faveur
2840 2039 2910 2093 de
2937 2037 2993 2093 la
3019 2037 3292 2110 virginité
3321 2039 3656 2110 perpétuelle
3685 2040 3757 2095 de
3774 2038 3835 2095 la

2203 2129 2389 2184 sainte
2409 2127 2633 2199 Vierge,
2658 2130 2852 2182 contre
2873 2143 3017 2182 ceux
3038 2127 3136 2199 qui
3164 2126 3222 2182 la
3242 2127 3669 2183 combattaient.
3691 2127 3841 2184 C’est

2204 2234 2276 2272 au
2307 2220 2457 2273 reste
2477 2232 2539 2270 ce
2564 2213 2702 2286 qu’il
2727 2233 2797 2271 ne
2819 2232 3033 2287 prouve
3055 2215 3237 2288 point,
3269 2220 3325 2271 et
3346 2217 3446 2288 qui
3469 2233 3541 2272 ne
3563 2232 3624 2272 se
3645 2221 3841 2272 trouve

2203 2304 2376 2361 établi
2401 2304 2558 2360 nulle
2580 2307 2710 2375 part
2730 2303 2986 2360 ailleurs.
3009 2304 3154 2360 Mais
3171 2321 3244 2360 on
3260 2322 3331 2360 ne
3358 2309 3498 2377 peut
3517 2304 3602 2359 lui
3623 2306 3842 2360 refuser

2203 2395 2259 2450 la
2294 2394 2625 2449 traduction
2658 2393 2727 2448 de
2759 2391 2996 2450 lalettre
3017 2394 3092 2448 du
3114 2394 3440 2466 patriarche
3467 2393 3675 2450 Michel
3698 2399 3752 2450 et
3780 2395 3844 2450 de

2202 2483 2459 2553 l’évéque
2497 2483 2643 2536 Léon
2674 2485 2708 2536 8
2733 2484 2874 2538 Jean
2908 2483 2978 2536 de
3017 2482 3216 2552 Trani,
3263 2482 3398 2538 telle
3445 2483 3657 2555 qu’elle
3697 2501 3759 2540 se
3788 2483 3843 2538 lil

2204 2574 2237 2627 a
2265 2571 2320 2626 la
2352 2573 2466 2626 tete
2487 2571 2558 2626 de
2581 2570 2638 2624 Ia
2654 2572 2895 2643 réponse
2925 2570 3065 2642 qu’il
3096 2588 3133 2644 y
3152 2571 3235 2638 ﬁt,
3259 2571 3843 2644 puisquel'historien

2203 2661 2280 2715 du
2306 2677 2451 2732 pape
2473 2659 2626 2715 saint
2648 2660 2799 2714 Leon
2823 2659 2892 2715 1X
2915 2658 3066 2715 lalui
3089 2661 3300 2716 donne.
3319 2662 3514 2732 (Mam,
3530 2663 3670 2727 Act.,
3697 2666 3740 2717 t.
3761 2663 3842 2731 IX,

2202 2751 2372 2821 p.76,
2397 2766 2455 2804 n.
2479 2749 2559 2819 9.)
2591 2749 2676 2804 On
2708 2765 2742 2804 a
2769 2747 2854 2804 dit
2883 2749 3041 2804 aussi
3081 2748 3215 2820 plus
3248 2749 3393 2805 haut
3423 2767 3536 2821 que
3567 2751 3845 2807 Humbert

2204 2839 2358 2893 avait
2386 2838 2589 2893 dressé
2614 2836 2669 2891 la
2699 2837 3021 2909 profession
3053 2838 3126 2894 de
3156 2839 3231 2894 foi
3263 2855 3375 2910 que
3398 2839 3690 2913 Bérenger
3715 2857 3846 2898 sou-

2203 2926 2405 2982 scrivit
2433 2942 2502 2982 en
2537 2925 2697 2988 1059.

1197 3276 1701 3369 NOTITIA
1769 3222 2065 3367 ALIA
2133 3274 2302 3367 EX
2372 3274 3081 3376 GALLANDO.

1459 3478 1741 3548 (Biblioth.
1777 3487 1880 3534 vet.
1914 3483 2093 3547 Patr.,
2124 3477 2350 3551 Proleg.
2387 3479 2458 3535 ad
2493 3482 2636 3535 tom.
2670 3479 2837 3551 XIV.)

1110 3756 1197 3818 De
1226 3754 1557 3818 Ilumberto
1590 3755 1767 3818 Silvae
1798 3754 2085 3818 Candida:
2113 3757 2378 3840 episcopo
2409 3765 2469 3818 et
2493 3755 2564 3817 de
2593 3755 2806 3818 Nz'ceta
2835 3756 3174 3818 Pectorato.

513 3933 1892 3991 FuitHumbertusmonachusTullensisordinis
1911 3933 1968 3990 S.
1990 3934 2089 3991 Be-
2118 3936 2160 4002 C
2199 3934 2382 3990 disset
2409 3933 2675 3990 libellum
2708 3936 2910 3990 contra
2936 3933 3192 4002 Latinos,
3226 3951 3401 4007 quem
3445 3935 3629 4014 habes
3671 3937 3840 4008 infra.

443 4023 676 4078 nedicti.
699 4025 774 4077 Ex
795 4023 1170 4095 Lotharingia
1189 4024 1432 4078 Romam
1451 4023 1608 4078 venit
1625 4039 1757 4078 cum
1792 4024 1978 4078 Leone
1996 4023 2086 4088 IX,

442 4127 594 4165 anno
612 4111 766 4164 1049.
791 4111 920 4164 Mox
942 4111 1252 4165 cardinalis
1274 4116 1503 4167 creatus
1531 4111 1872 4167 Sublacensi
1897 4127 2088 4166 mona-

443 4198 622 4254 sterio
655 4199 988 4271 praeﬁcitur.
1019 4200 1154 4253 Erat
1183 4199 1376 4254 Graece
1403 4201 1611 4255 doctus
1638 4217 1649 4255 :
1673 4200 1916 4272 ideoque
1938 4216 2088 4255 anno

443 4288 583 4344 4043
617 4287 818 4343 Latine
848 4289 1014 4343 vertit
1043 4286 1320 4359 epistolas
1354 4289 1560 4343 Leonis
1593 4288 1863 4344 Acridani
1895 4295 1952 4344 et
1983 4288 2088 4344 Mi-

443 4377 665 4434 chaelis
697 4375 976 4433 Cerularii
1010 4377 1079 4432 ad
1104 4376 1387 4432 Joannem
1409 4378 1788 4433 Tranensem.
1813 4378 1955 4433 Cum
1978 4377 2092 4449 epi-

443 4483 656 4538 scopus
668 4466 834 4522 Silva:
848 4463 1118 4521 Candida:
1132 4465 1473 4537 designatus
1501 4465 1727 4532 fuisset,
1757 4465 2089 4538 insequenti

443 4573 595 4611 anno
613 4557 746 4610 1055
768 4554 1261 4626 mittiturlegatus
1279 4555 1840 4626 Constantinopolim
1858 4555 1929 4610 ad
1945 4572 2090 4611 com-

444 4646 798 4716 pescendum
813 4644 1180 4700 schisma.Re
1203 4643 1410 4699 infecta
1430 4643 1672 4699 Romam
1694 4661 1959 4702 reversus
1980 4648 2086 4700 est.

443 4735 603 4786 Anno
637 4733 774 4788 1059
806 4734 914 4787 sub
947 4732 1183 4788 Nicolao
1233 4749 1381 4804 papa
1430 4734 1829 4805 composuisse
1878 4733 2091 4788 dicitur

445 4819 758 4874 formulam
791 4822 1177 4890 abjurationis
1217 4821 1568 4893 Bercngarii,
1603 4826 1660 4877 et
1706 4827 1837 4894 post
1868 4839 2088 4876 annum

445 4907 698 4977 denique
731 4909 867 4961 1061
898 4909 1132 4964 obiisse.
1176 4910 1320 4964 Cum
1369 4915 1522 4965 esset
1568 4909 2087 4982 Constantinopoli,

443 4998 682 5067 rogatus
715 5011 748 5048 a
767 4995 1147 5050 Constantino
1168 4997 1550 5054 Monomacho
1575 4998 1811 5070 scripsit
1831 4999 2090 5069 disputa-

442 5083 661 5140 tionem
694 5083 844 5138 inter
892 5083 1218 5138 Romanum
1251 5090 1306 5140 ct
1352 5086 2083 5158 Constantinopolitanum.

443 5174 705 5246 Cumque
723 5172 951 5228 Nicetas
973 5177 1310 5229 Pectoratus
1339 5174 1898 5246 Simeonisjunioris
1920 5175 2090 5231 disci-

444 5263 640 5336 pulus,
663 5269 719 5319 et
738 5262 795 5319 in
824 5262 1084 5320 ccenobio
1106 5263 1298 5319 Studii
1320 5263 1641 5320 monachus
1663 5263 1942 5320 infamem
1965 5265 2085 5320 edi-

2197 4023 2355 4078 hunc
2384 4022 2655 4078 eumdem
2670 4023 3210 4078 acriterconfutavit
3227 4024 3597 4084 Humbertus.
3622 4025 3843 4084 Accidit

2198 4112 2307 4167 hoc
2338 4115 2469 4167 ante
2500 4128 2719 4167 annum
2764 4129 2818 4166 x1
2862 4109 3250 4169 Monomachi.
3302 4112 3567 4188 Namque
3597 4131 3664 4172 eo
3697 4133 3841 4172 anno

2199 4217 2333 4257 cum
2361 4201 2454 4256 die
2484 4200 2608 4273 ipso
2641 4201 2698 4256 S.
2730 4201 2975 4256 Joannis
3007 4201 3275 4274 Baptista
3307 4203 3653 4261 accessisset
3675 4204 3842 4260 Hum-

2199 4291 2398 4346 bertus
2430 4290 2734 4362 ceterique
2764 4289 2938 4362 legati
2969 4291 3041 4347 ad
3082 4290 3368 4356 Studense
3399 4293 3841 4357 monasterium.

2200 4380 2534 4434 Pectoratus
2564 4395 2738 4434 suum
2763 4377 2932 4434 illum
2953 4378 3235 4435 infamem
3256 4379 3768 4446 anathematizavit
3786 4381 3844 4436 li-

2199 4467 2417 4523 bellum
2445 4484 2457 4521 :
2483 4468 2637 4538 quod
2657 4466 2938 4540 postridie
2958 4468 3086 4540 ejus
3108 4467 3223 4524 diei
3259 4468 3470 4524 iterum
3511 4469 3669 4527 fecit.
3705 4470 3842 4526 Hinc

2200 4559 2271 4612 ab
2285 4555 2369 4612 eis
2391 4555 2450 4611 in
2465 4555 2939 4612 communionem
2963 4560 3249 4629 receptus,
3274 4558 3514 4624 eﬂ‘ectus
3534 4564 3840 4614 esteorum

2200 4645 2521 4705 famaliaris
2542 4646 2789 4722 amicus.
2817 4649 3021 4702 Utrum
3041 4646 3495 4719 perseveraverit
3515 4646 3838 4706 Graecorum

2200 4733 2400 4790 laudes
2431 4734 2490 4788 in
2541 4733 2933 4807 suspicionem
2978 4734 3298 4792 adducunt.
3348 4735 3838 4794 Commentarium

2199 4840 2433 4896 quoque
2463 4840 2665 4878 eorum
2695 4841 2822 4895 quae
2851 4828 3053 4880 contra
3099 4823 3440 4880 Michaelem
3473 4823 3839 4899 reliquosque

2199 4913 2271 4968 ab
2304 4911 2694 4984 apocrisiariis
2723 4915 2886 4987 gesta
2915 4916 3072 4983 sunt,
3102 4912 3342 4986 scriptis
3369 4914 3838 4971 antecedentibus

2199 5001 2616 5071 subjunximus
2629 5017 2697 5057 ex
2707 4999 2938 5058 Casinio
2956 5001 3321 5073 Basnagiano
3345 5001 3697 5076 desumptis.
3716 5001 3838 5076 Agi-

2195 5093 2294 5145 tur
2314 5090 2372 5144 in
2396 5089 2515 5146 illis
2540 5106 2552 5145 :
2574 5091 2654 5146 De
2679 5107 2880 5164 azymo
2901 5091 3246 5164 praesertim,
3273 5091 3343 5146 de
3365 5090 3638 5168 caelibatu
3663 5106 3839 5147 sacer-

2199 5178 2400 5234 dotum
2429 5183 2487 5234 et
2515 5178 2915 5236 observatione
2961 5179 3200 5236 Sabbati
3249 5179 3308 5236 in
3362 5177 3833 5254 Quadragesima.
