4086 6168
284 327 408 393 929

1266 324 1687 401 Abvutts'us
1718 323 2189 406 animosam
2233 324 2714 408 CALUMNlAS.

3556 340 3697 426 -93’0

1365 586 2608 776 HUMBERTUS

1529 874 1892 963 SILVIE
1949 876 2463 967 CANDIDfE

440 1055 1351 1195 ADVERSUS
1454 1059 2441 1190 GRECORUM
2532 1069 3557 1198 CALUMNIAS.

1356 1254 1669 1327 (Cauno,
1692 1257 1951 1315 BibliOth.
1986 1263 2072 1315 vet
2096 1264 2252 1317 Patr.
2286 1259 2433 1330 XIV,
2469 1262 2617 1333 192.)

1774 1393 2189 1405 _—

285 1486 642 1586 Calumnia
670 1487 1145 1586 episcoporum
1171 1478 1508 1586 Michaelis
1535 1476 2287 1578 Constantinopolitani,
2315 1500 2378 1560 et
2426 1498 2667 1562 Leonis
2719 1496 3025 1563 Arridani
3066 1501 3425 1581 [Acridani]
3476 1504 3702 1586 pervi-

381 1576 624 1668 c_aciter
662 1575 1136 1668 exhalantium
1174 1580 1527 1663 pestiferas
1553 1585 1818 1649 meﬁtes
1847 1575 2232 1668 (mephites)
2256 1586 2672 1651 diversarum
2702 1575 3080 1665 haereseon,
3124 1575 3447 1656 adversus
3476 1575 3705 1657 sancta
3806 1624 3815 1629 ί

397 1666 755 1753 Romanam
799 1665 1169 1732 Ecclesiam
1208 1670 1770 1754 apostolicamque
1808 1665 2064 1747 sedem.
2108 1665 2247 1739 imo
2285 1679 2517 1739 contra
2548 1694 2818 1740 omnem
2852 1677 3158 1743 Latinam
3221 1686 3283 1743 et
3316 1679 3702 1747 Occidenta-

384 1754 518 1855 lem
557 1754 944 1855 Ecclesiam.
989 1756 1152 1855 Ilaec
1174 1759 1450 1843 quidem
1486 1762 1850 1855 calumnia,
1923 1762 2150 1855 Graeco
2190 1780 2503 1855 sermone
2536 1765 2737 1838 edita,
2783 1772 2846 1828 et
2911 1766 3145 1830 .lonnni
3218 1771 3547 1835 Kanuensi
3615 1771 3704 1855 (6)

381 1844 694 1931 episcopo
722 1845 791 1909 in
832 1846 1363 1930 suggilationem
1423 1851 1732 1915 omnium
1799 1851 2199 1916 Latinorum
2274 1853 2553 1931 directa,
2615 1871 2770 1916 cum
2840 1855 3072 1918 fuisset
3144 1856 3343 1919 Traui
3402 1844 3705 1924 exhibita

379 1935 579 1998 fratri.
604 1932 999 2013 Humberto,
1033 1941 1280 2023 sancta;
1319 1937 1632 2004 Ecclesiae
1664 1940 1861 2005 Silvae
1921 1938 2229 2005 Candidas
2298 1941 2639 2024 episcopo,
2703 1942 2772 2003 in
2842 1941 3154 2006 Latinum
3224 1949 3325 2008 est
3380 1947 3705 2012 translata

378 2027 531 2107 ejus
572 2025 817 2101 studio,
860 2029 1061 2108 atque
1089 2025 1307 2099 delata
1326 2028 1607 2095 domino
1637 2028 1842 2095 Leoni
1883 2048 2090 2093 nono.
2127 2027 2286 2106 Quin
2326 2030 2528 2093 etiam
2561 2031 2668 2092 hic
2695 2030 2774 2093 ad
2834 2032 3163 2095 cautelam
3218 2033 3589 2099 multorum
3638 2042 3705 2101 et

380 2113 714 2189 notitiam,
742 2110 885 2179 non”
921 2118 1148 2180 autem
1177 2116 1258 2180 ad
1289 2116 1649 2182 utilitatem
1680 2118 1976 2201 aliquam
2008 2118 2287 2195 inserta,
2330 2119 2589 2182 cunctis
2631 2119 2802 2182 scire
2832 2120 3214 2185 volentibus
3260 2122 3551 2188 ﬁdeliter
3600 2130 3703 2190 est

378 2206 803 2268 conservata.

363 2332 588 2388 ΜῐαΑΒῑ.
613 2331 960 2389 universalis
1014 2332 1349 2406 patriarcha
1403 2350 1561 2390 novas
1606 2334 1822 2403 Romae,
1881 2339 1939 2392 et
1966 2337 2022 2403 Α
2052 2333 2137 2391 dit
2165 2336 2458 2407 quomodo
2488 2352 2556 2392 ea
2586 2354 2713 2409 quae
2755 2337 2978 2393 Veteris
3040 2340 3277 2396 fuerunt
3334 2341 3704 2400 Testamenti

294 2421 410 2478 Leo
430 2414 907 2494 archiepiscopus
925 2421 1142 2478 Arridae
1165 2422 1423 2493 [Acridai]
1450 2423 1784 2496 metropolis
1803 2422 1938 2480 Bul-

292 2511 595 2582 garorum,
625 2503 837 2566 dilecto
869 2509 1032 2566 fratri
1062 2510 1270 2567 JOANNI
1316 2511 1611 2567 Kanuensi
1641 2512 1935 2584 episcopo.

366 2594 407 2654 Ι.
442 2593 546 2654 Dei
576 2598 792 2671 magna
820 2597 1053 2655 dilectio
1082 2603 1140 2654 et
1186 2599 1453 2670 jucunda
1498 2599 1938 2672 compositionis

289 2681 515 2744 viscera
534 2681 742 2744 ﬂexere
770 2680 879 2743 nos
908 2687 1164 2743 scribere
1213 2688 1287 2743 ad
1325 2691 1487 2744 tuam
1545 2689 1938 2756 Sanctitatem,

296 2783 354 2831 et
397 2792 503 2848 per
546 2780 605 2832 te
633 2776 708 2833 ad
742 2774 1042 2831 universos
1097 2775 1391 2848 principes
1443 2778 1815 2834 sacerdotum
1884 2780 1941 2833 et

295 2863 627 2922 sacci-dotes
664 2860 1042 2931 Francorum,
1068 2869 1126 2921 et
1155 2862 1475 2922 monachos
1505 2871 1563 2922 et
1580 2866 1849 2939 populos,
1881 2872 1940 2923 et

301 2955 372 3010 ad
400 2955 602 3027 ipsum
631 2953 1188 3010 reverendissimum
1220 2970 1454 3026 papam,
1513 2960 1570 3010 et
1624 2955 1941 3012 memorari

296 3043 366 3099 de
423 3043 648 3116 azymis
698 3047 756 3099 et
784 3036 1067 3109 sabbatis,
1135 3058 1262 3113 quae
1320 3043 1560 3115 mystice
1606 3044 1943 3100 indecenter

300 3131 630 3199 custoditis,
662 3136 721 3186 et
748 3130 1197 3186 communicatis
1224 3130 1465 3187 Judatis.
1487 3131 1717 3187 Etenim
1741 3150 1943 3206 azyma

300 3226 360 3276 et
388 3220 638 3276 sabbata
667 3214 779 3291 ipsi
810 3218 1105 3275 custodire
1136 3243 1167 3278 a
1206 3210 1402 3293 Moyse
1424 3219 1579 3291 jussi
1611 3225 1784 3278 sunt:
1838 3239 1940 3278 no-

308 3314 500 3364 strum
526 3324 660 3365 vero
680 3307 903 3381 pascha
930 3306 1200 3364 Christus
1229 3313 1338 3364 est.
1375 3309 1507 3376 Qui,
1538 3313 1604 3365 ut
1634 3316 1749 3366 nun
1775 3311 1944 3382 juxta

309 3397 496 3470 legem
526 3396 883 3453 inveniretur
911 3397 1303 3464 adversarius,
1335 3401 1392 3454 et
1411 3396 1793 3455 circumcisus
1833 3403 1941 3467 est,

305 3489 360 3541 et
387 3484 574 3558 legale
600 3480 819 3559 pascha
847 3476 1158 3542 celebravit
1186 3485 1481 3557 primitus.
1506 3487 1619 3555 Sic,
1645 3486 1743 3543 illo
1765 3488 1947 3544 disce-

302 3574 492 3643 dente,
526 3579 793 3631 nostrum
826 3591 1039 3631 novum
1073 3580 1347 3647 operatus
1376 3581 1484 3632 e'st.
1514 3575 1584 3631 Et
1619 3576 1729 3633 hoc
1760 3578 1945 3633 mani-

2048 2420 2365 2480 cessavere.
2397 2425 2655 2496 Aspicite
2683 2425 2978 2497 quomodo
3010 2444 3218 2499 panem
3252 2446 3464 2502 corpus
3526 2448 3701 2488 suum

2047 2511 2159 2566 sub
2188 2511 2344 2568 Novo
2377 2512 2750 2569 Testamento
2776 2515 3017 2570 vocavit.
3052 2517 3167 2572 Nos
3198 2518 3436 2589 quidem
3483 2536 3694 2592 panem

2048 2615 2154 2654 nos
2178 2608 2328 2674 ἄρτον
2357 2600 2630 2657 dicimus.
2661 2615 2833 2675 Ἀρτος
2864 2609 3060 2659 autem
3080 2604 3495 2676 interpretatur
3514 2610 3696 2665 eleva-

2045 2688 2134 2743 tus
2163 2694 2215 2744 et
2241 2705 2460 2745 sursum
2482 2694 2728 2761 portatus
2756 2708 2792 2747 α
2844 2694 3109 2762 fermento
3153 2701 3206 2748 et
3255 2695 3396 2759 sale,
3454 2696 3693 2752 calorem

2046 2786 2097 2833 et
2125 2779 2487 2834 elevationem
2512 2778 2733 2835 habens.
2756 2780 2982 2851 Azymaa
3013 2784 3207 2835 autem
3243 2780 3386 2836 nihil
3416 2783 3691 2841 distenta

2046 2864 2240 2938 lapide
2266 2866 2392 2922 sine
2409 2867 2626 2932 anima,
2650 2872 2706 2921 et
2723 2865 3057 2923 lutolateris
3073 2867 3344 2924 deorsum
3366 2872 3688 2941 conjunctae

2049 2957 2213 3009 terrae
2247 2959 2304 3008 et
2333 2956 2483 3010 sicco
2516 2955 2638 3010 luto
2670 2960 3039 3028 comparatae.
3077 2958 3233 3022 Quas
3273 2958 3502 3031 Moyses
3554 2976 3691 3017 cum

2050 3043 2542 3099 amaritudinibus
2574 3044 2875 3100 comedere
2909 3044 3141 3100 miseris
3169 3046 3389 3103 Judzeis
3421 3049 3599 3104 semel
3632 3049 3693 3104 in

2050 3148 2203 3187 anno
2231 3130 2419 3204 legem
2451 3132 2781 3201 constituit;
2814 3132 3090 3205 quoniam
3125 3133 3290 3190 malae
3312 3137 3604 3206 passionis
3636 3143 3696 3192 et

2051 3218 2447 3298 tribulationis
2477 3219 2744 3293 symbola
2773 3224 3231 3298 suntgatnostru
3244 3240 3296 3277 m
3323 3224 3539 3295 pascha
3555 3241 3697 3297 gau-

2051 3308 2216 3363 dium
2247 3312 2305 3364 et
2323 3295 2524 3364 reatitia
2554 3312 2741 3365 totum
2792 3315 2899 3377 est,
2932 3314 2990 3365 et
3019 3295 3222 3366 extolit
3258 3328 3365 3369 nos
3415 3313 3486 3368 ab
3520 3295 3700 3369 humo

2054 3401 2288 3469 prepter
2318 3397 2601 3469 gaudium
2643 3398 2714 3453 ad
2747 3397 2980 3463 caalum,
3023 3400 3176 3455 sicut
3207 3405 3264 3456 et
3322 3403 3699 3471 fermentum,

2054 3490 2290 3557 propter
2313 3485 2615 3558 proprium
2637 3485 2911 3554 calorem,
2945 3504 3178 3559 panem,
3211 3488 3309 3561 qui
3345 3491 3510 3561 panis
3542 3492 3702 3546 omni

2053 3575 2336 3630 suavitate
2366 3574 2620 3646 repletus
2650 3578 2759 3630 est.
2792 3576 3017 3648 Azymae
3040 3593 3174 3632 vero
3195 3595 3382 3649 neque
3397 3579 3701 3651 sa|,neque

304 3660 513 3764 festum
544 3670 633 3720 est
659 3663 722 3720 in
737 3663 1062 3765 .Evangelio
1095 3665 1426 3765 secundum
1453 3665 1789 3721 Matthaeum
1817 3684 1829 3733 ;
1872 3662 1944 3721 de
1979 3701 2025 3765 Β
2056 3663 2406 3765 fermentum
2441 3662 2740 3765 habentes,
2776 3662 2967 3719 lutum
2999 3672 3087 3763 est
3118 3666 3370 3721 aridum.
3429 3669 3544 3721 Aut
3581 3678 3699 3723 non

298 3748 542 3824 mystica
554 3767 721 3809 cana
736 3752 980 3824 loquens
995 3752 1465 3825 cvangelista,sic
1483 3769 1714 3826 quoque
1727 3754 1945 3826 inquit:

305 3861 327 3889 ι
359 3841 557 3898 Prima
584 3847 779 3899 autem
814 3843 907 3897 die
938 3856 1276 3914 azymorum
1327 3856 1623 3899 accessere
1675 3842 1946 3916 discipuli

291 3931 366 3986 ad
399 3930 605 3987 Jesum
634 3930 895 3986 dicentes
924 3930 976 3985 ei
1001 3946 1015 3985 :
1050 3928 1159 3986 Ubi
1187 3928 1273 3985 vis
1304 3945 1580 4001 paremus
1624 3930 1731 3986 tibi
1762 3947 1948 3987 come-

294 4019 431 4075 dere
461 4018 846 4092 pascha?Qui
878 4018 992 4075 ait:
1027 4020 1107 4075 Ite
1162 4019 1236 4074 ad
1288 4018 1585 4075 civitatem
1635 4022 1704 4074 ad
1740 4036 1945 4092 quem-

287 4109 448 4177 dam,
482 4112 541 4163 et
569 4107 741 4163 dicite
756 4106 840 4164 ei:
876 4108 1134 4178 Tempus
1160 4123 1358 4163 meum
1381 4123 1560 4180 prope
1590 4109 1864 4181 est,apud
1891 4113 1945 4164 te

285 4198 441 4254 facio
474 4197 694 4270 pascha
723 4213 855 4252 cum
882 4195 1191 4269 discipulis
1221 4196 1388 4252 meis.
1426 4218 1453 4246 ››
1498 4197 1569 4251 Et
1597 4200 1731 4269 post
1760 4196 1944 4269 pusil-

284 4286 450 4342 lum:
487 4307 515 4337 ‹‹
548 4289 801 4358 Vespere
831 4289 1028 4341 autem
1059 4285 1211 4340 facto
1227 4282 1635 4340 discumdebat
1651 4301 1783 4341 cum
1806 4286 1946 4342 duo-

281 4373 504 4430 decim.
536 4377 625 4445 Et,
652 4372 961 4430 edentibus
991 4372 1129 4441 illis,
1163 4372 1345 4430 dixit:
1378 4374 1585 4441 Amen,
1622 4390 1792 4430 amen
1814 4374 1943 4431 dico

280 4462 475 4531 vobis,
512 4463 649 4535 quia
678 4479 832 4519 unus
863 4467 1123 4519 vestrum
1158 4474 1253 4517 me
1280 4461 1609 4518 traditurus
1666 4466 1776 4518 est.
1810 4485 1840 4513 »
1873 4464 1944 4519 Et

274 4556 420 4625 post
449 4551 754 4623 pusillum,
787 4550 1015 4607 dicente
1041 4550 1073 4607 J
1082 4550 1222 4607 uda:
1257 4572 1285 4601 «
1319 4551 1617 4623 Numquid
1647 4566 1751 4624 ego
1782 4569 1938 4618 sum,

280 4640 510 4697 Rabbi!
542 4661 571 4691 η
599 4640 746 4697 dixit
770 4640 860 4696 ei:
887 4663 914 4690 «
946 4641 1031 4695 Tu
1064 4638 1281 4695 dixisti.
1319 4661 1349 4689 »
1394 4639 1518 4695 Huc
1548 4656 1806 4712 usque,o
1839 4640 1939 4697 Dei

276 4730 579 4801 homines,
608 4728 880 4785 universa
906 4728 1113 4801 legalis
1140 4728 1372 4801 paschae
1403 4733 1562 4784 sunt.
1609 4729 1822 4785 Deinde
1873 4746 1942 4787 ea

276 4835 414 4891 quae
429 4818 659 4889 mystici
680 4822 739 4875 et
767 4817 951 4874 nostri
979 4821 1118 4873 sunt
1140 4816 1369 4872 addidit
1386 4816 1765 4891 ;evangelista
1779 4819 1938 4873 enim

275 4905 434 4961 dixit
456 4922 471 4962 :
496 4927 526 4955 α
559 4905 874 4961 Edentibus
888 4904 1233 4971 autemillis,
1266 4905 1488 4978 accepit
1509 4906 1683 4961 Jesus
1704 4923 1935 4978 panem,

276 4995 460 5068 fregit
488 4997 546 5050 et
574 4994 734 5052 dedit
763 4994 1071 5067 discipulis
1102 4992 1247 5062 suis,
1273 4997 1329 5050 et
1359 4993 1543 5049 dixit:
1577 4993 1835 5067 Accipite
1883 4999 1940 5051 et

2057 3751 2307 3808 audistis
2329 3752 2530 3808 Jesum
2566 3752 2853 3807 dicentem
2886 3752 3193 3823 discipulis
3225 3755 3368 3808 suis.
3427 3755 3573 3817 Quia
3610 3772 3702 3811 ros

2054 3842 2182 3896 estis
2202 3840 2286 3895 sal
2316 3843 2517 3895 terrm?
2545 3840 2614 3895 Et
2638 3840 2915 3911 quoniam
2950 3839 3145 3894 Simile
3172 3849 3250 3895 est
3279 3857 3507 3911 regnum
3538 3843 3699 3899 ccelo-

2056 3945 2182 3983 rum
2207 3931 2493 4000 fermento,
2525 3927 2666 3998 quod
2709 3928 2982 3997 accipiens
3042 3929 3248 3983 mulier
3305 3930 3583 3987 abscondit
3640 3933 3700 3987 in

2050 4019 2260 4088 farinae
2286 4017 2416 4071 satis
2433 4016 2630 4081 tribus,
2663 4031 2834 4086 usque
2861 4014 2991 4070 dum
3027 4019 3451 4088 fermentaretur
3497 4024 3703 4075 totum?

2056 4105 2356 4161 Mulierem
2382 4108 2646 4160 sanctam
2671 4103 2984 4160 Ecclesiam
3000 4110 3183 4161 vocat.
3199 4107 3351 4162 Satis
3365 4125 3498 4163 vero
3509 4108 3703 4165 tribus

2053 4193 2244 4249 modis
2275 4192 2533 4265 repletis,
2569 4193 2795 4248 Patrem
2826 4196 2884 4249 et
2910 4194 3121 4249 Filium
3154 4199 3212 4250 et
3253 4196 3538 4269 Spiritum
3573 4215 3704 4253 san-

2051 4287 2244 4339 ctum:
2278 4298 2531 4353 quorum
2550 4298 2924 4354 nequaquam
2958 4282 3261 4339 lutulentae
3292 4302 3505 4358 azyma:
3554 4290 3696 4341 sunt

2052 4371 2390 4443 participes.
2433 4371 2585 4426 Dicit
2613 4371 2769 4427 enim
2801 4374 2859 4427 et
2888 4372 3067 4428 David
3123 4373 3213 4428 de.
3246 4373 3511 4429 Christo:
3546 4372 3620 4428 Tu
3646 4389 3701 4427 es

2048 4460 2294 4517 sacerdos
2326 4462 2383 4516 in
2441 4462 2720 4518 aeternum
2760 4461 3055 4517 secundum
3112 4461 3361 4516 ordinem
3419 4461 3695 4517 Melchise-

2048 4548 2198 4605 dech.
2232 4549 2339 4616 Qui
2363 4554 2498 4605 ante
2526 4550 2817 4605 Abraham
2851 4554 2907 4605 et
2936 4549 3193 4620 Moysen,
3219 4547 3347 4603 οωῐί
3368 4552 3426 4603 et
3454 4552 3620 4603 terra:
3637 4554 3695 4604 et

2048 4642 2387 4694 caaterarum
2418 4644 2820 4694 creaturarum
2852 4654 3176 4709 agnoscens
3226 4637 3431 4703 Deum,
3488 4648 3692 4692 exaur-

2048 4743 2192 4799 gens
2220 4727 2435 4783 obtulit
2462 4725 2545 4781 illi
2568 4741 2775 4798 panem
2807 4731 2864 4780 et
2894 4725 3113 4780 vinum.
3149 4726 3279 4781 Ideo
3310 4724 3696 4783 dicitdivinus

2045 4815 2389 4887 Apostolus:
2418 4838 2445 4864 «
2473 4813 2755 4877 Quoniam
2770 4812 2816 4867 si
2832 4815 3260 4870 consummatio
3281 4813 3691 4887 perleviticum

2046 4904 2434 4959 sacerdotium
2456 4906 2597 4968 erat,
2624 4919 2737 4956 non
2757 4903 3081 4959 secundum
3104 4904 3368 4961 ordinem
3398 4903 3695 4961 Melchise-

2045 4994 2188 5049 dech
2222 4993 2491 5048 sacerdos
2516 4991 2784 5047 Christus
2827 4985 3055 5049 dicetur
3102 4994 3284 5067 (Hebr.
3356 5012 3459 5061 v11,
3518 4995 3628 5062 11).
3667 5016 3695 5042 ››

278 5066 612 5151 comedite;
644 5082 752 5138 hoc
783 5087 874 5139 est
893 5066 1103 5155 corpus
1135 5099 1354 5151 meum,
1400 5083 1556 5155 quod
1612 5066 1733 5154 pro
1773 5083 1938 5139 vobis
1967 5066 2010 5133 C
2048 5082 2118 5138 Et
2148 5081 2288 5154 quia
2322 5104 2342 5130 α
2368 5078 2651 5135 translato
2683 5082 3006 5137 sacerdotio
3038 5099 3273 5139 necesse
3306 5087 3396 5138 est
3432 5086 3497 5137 ut
3547 5080 3694 5149 legis

282 5171 572 5227 tradetur.
602 5174 674 5227 Et
704 5171 998 5244 accipiens
1026 5170 1291 5239 calicem,
1317 5171 1536 5245 gratias
1552 5170 1689 5244 egit,
1704 5174 1758 5226 et
1780 5171 1942 5229 dedit

282 5257 428 5328 illis,
458 5259 696 5316 dicens:
724 5260 913 5317 Bibite
941 5276 1011 5316 ex
1038 5277 1105 5317 eo
1134 5264 1359 5329 omnes,
1422 5259 1517 5316 hic
1573 5262 1662 5315 est
1698 5260 1940 5333 sanguis

284 5364 456 5405 meus
485 5347 629 5404 Novi
650 5349 1007 5406 testamenti.
1039 5371 1068 5400 υ
1098 5349 1352 5406 Dicenda
1383 5348 1542 5405 enim
1573 5350 1704 5405 novi
1743 5352 1938 5406 osten-

353 5473 430 5546 (6)
464 5473 799 5546 Legendum
835 5471 1115 5546 Tranensi,
1150 5472 1260 5530 fuit
1287 5466 1764 5546 enimTrapénsis
1812 5473 1939 5545 epi-

284 5517 884 5621 gcéﬁagﬁ’d'iﬁﬁ'eié
903 5517 1761 5621 smaéaitia’i‘ctaa';ti:
1805 5517 1940 5621 ξίίὲιι

286 5616 500 5679 Θτὼσίε
513 5616 745 5690 faveret,
760 5618 819 5678 in
831 5618 1050 5697 eosque
1061 5616 1406 5697 propensior
1415 5619 1594 5692 esset,
1628 5616 1933 5696 depOsitus

2046 5168 2354 5226 translatio
2384 5169 2486 5224 ﬁat
2508 5167 2691 5240 (Ibid.,
2725 5168 2837 5241 42),
2870 5192 2898 5222 ››
2923 5188 3051 5243 quae
3069 5171 3158 5227 lex
3181 5165 3697 5227 lutulentaconsti-

2045 5259 2161 5314 tuit
2191 5259 2379 5315 azima
2404 5257 2626 5313 Judaeis
2658 5259 2974 5315 custodire.

2048 5472 2462 5548 estaNicolao
2496 5474 2567 5538 ll,
2624 5472 2684 5529 in
2746 5473 2969 5548 synodo
3026 5473 3271 5548 Apuliae,
3327 5479 3393 5531 ut
3444 5480 3697 5534 testatur

2047 5548 2255 5604 Petrus
2284 5546 2623 5605 Damianus.
