4086 6168
423 283 535 346 931

1427 270 1916 337 HUMBERTUS
1962 270 2029 330 s.
2060 255 2151 329 Ἠ.
2196 267 2272 331 E.
2315 267 2819 332 GABDINALIS.‘

3706 267 3835 328 932

502 416 564 470 ll.
592 414 751 469 Idem
772 412 897 483 ipse
928 424 1183 465 manuus
1200 407 1419 465 Paulus
1448 404 1863 464 adCorinthios
1884 404 2071 475 prima
2100 403 2155 469 Α
2259 402 2345 458 1V.
2382 403 2681 466 Quomodo
2713 404 2909 457 autem
2942 403 3000 456 et
3027 399 3314 457 sut‘focata
3343 398 3403 455 hi
3433 397 3584 454 tales
3639 415 3834 456 come-

426 501 682 576 Epistola
711 516 779 555 ex
807 498 900 554 his
927 497 1174 570 loquens
1204 497 1316 553 ait:
1351 519 1371 545 α
1400 496 1653 560 Fratres,
1684 509 1790 566 ego
1833 491 2067 563 accepia

429 590 677 647 Domino
697 588 850 660 quod
885 591 942 642 et
969 586 1183 642 tradidi
1251 585 1453 641 vobis:
1480 584 1760 656 quoniam
1792 580 2075 638 Dominus

424 680 484 734 in
516 681 683 734 nocte
712 693 828 748 qua
860 674 1222 740 tradebatur,
1255 672 1478 745 accepit
1508 688 1718 745 panem
1755 673 1812 725 et
1853 668 2075 741 gratias

425 784 604 839 agens
636 765 805 837 fregit
834 771 891 820 et
943 762 1126 830 dixit;
1182 762 1425 834 accipite
1484 765 1540 816 et
1597 758 1901 824 comedite,
1962 756 2073 812 hoc

423 861 513 912 est
539 870 753 926 corpus
786 869 983 907 meum
1017 851 1171 922 quod
1209 866 1310 923 pro
1340 849 1505 905 vobis
1525 849 1819 904 tradetur:
1847 846 1955 901 hoc
1986 847 2072 902 fa-

422 943 533 998 cite
565 941 628 996 in
660 957 850 997 meam
884 938 1531 995 commemorationem.
1570 935 1853 991 Similiter
1899 938 1955 990 et
2002 935 2074 989 de

421 1028 638 1086 calice:
673 1029 777 1084 Hic
807 1032 897 1084 est
927 1027 1075 1083 calix
1103 1027 1327 1082 Novum
1360 1027 1802 1082 Testamentum
1834 1022 1893 1078 in
1945 1038 2071 1078 meo

421 1119 736 1191 sanguine:
758 1118 866 1173 hoc
882 1118 1048 1173 facite
1074 1115 1535 1188 quotiescunque
1551 1113 1762 1169 bibctis
1780 1111 1836 1166 in
1879 1128 2071 1167 meam

421 1206 1031 1264 commemorationem
1044 1249 1056 1260 .
1116 1204 1583 1274 Quotiescunque
1640 1199 2071 1257 manducabitis

419 1314 629 1368 panem
659 1297 814 1351 hunc
846 1301 902 1351 et
932 1294 1171 1350 calicem
1187 1292 1474 1348 bibetisin
1495 1308 1681 1347 meam
1713 1306 2069 1346 commemo-

421 1386 726 1451 rationem,
763 1387 1007 1438 mortem
1047 1381 1273 1437 Domini
1301 1378 1723 1436 annuntiabitis
1755 1380 1803 1451 (Ι
1827 1378 1946 1434 Cor.
1980 1395 2060 1442 x1,

416 1473 632 1542 23-26).
670 1494 697 1519 ››
727 1472 952 1541 Azymze
981 1487 1113 1525 vero
1153 1485 1385 1541 quoque
1440 1466 2055 1523 commemorationem

420 1560 636 1615 habent
656 1559 776 1627 Dei,
814 1576 1002 1630 neque
1035 1565 1284 1614 mortem
1308 1557 1467 1612 illius
1499 1556 1876 1621 annuntiant,
1908 1555 2066 1610 sicut

420 1649 683 1705 Mosaicae
711 1652 769 1704 et
797 1654 932 1704 ante
956 1646 1129 1703 'mille
1151 1648 1583 1719 quadragentos
1614 1662 1798 1702 annos
1830 1662 1898 1699 ex
1947 1643 2071 1715 lege

420 1738 776 1794 constitutae:
801 1742 857 1793 et
887 1753 987 1809 per
1018 1737 1242 1792 Novum
1276 1737 1742 1801 Testamentum,
1802 1733 1912 1788 hoc
1959 1738 2066 1798 est,

421 1845 523 1900 per
542 1833 810 1883 sanctum
844 1825 1214 1898 Evangelium
1231 1828 1287 1880 et
1302 1841 1400 1897 per
1420 1824 1715 1880 Christum
1745 1821 2061 1878 maledicta:

417 1922 473 1974 et
495 1915 803 1973 derelictae.

490 2011 589 2062 III.
627 2006 882 2062 Sabbata
910 2021 1044 2060 vero
1067 2003 1358 2075 quomodo
1390 2002 1447 2057 in
1482 1999 1943 2072 Quadragesima
1963 1999 2062 2070 ju-

420 2096 584 2152 daice
614 2093 980 2151 observatis?
1023 2094 1139 2147 Aut
1194 2110 1309 2147 non
1342 2090 1590 2148 audistis
1647 2087 2062 2162 evangelistam

415 2185 785 2256 loquentem;
818 2181 957 2252 quia
987 2183 1356 2235 transeuntes
1385 2177 1657 2251 discipuli
1690 2178 1749 2232 in
1800 2176 2061 2234 sabbatis

416 2275 715 2343 coeperunt
744 2269 851 2324 iter
876 2283 1046 2340 agere
1070 2267 1377 2323 evellentes
1409 2266 1600 2339 spicas
1651 2271 1708 2322 et
1756 2265 2062 2321 comeden-

415 2360 542 2415 tes‘?
572 2358 850 2413 Dicebant
878 2361 1074 2412 autem
1104 2356 1291 2411 Judaei
1341 2356 1413 2411 ad
1471 2354 1795 2411 Christum:
1824 2377 1849 2404 ‹‹
1885 2352 2061 2408 Vides

416 2447 560 2521 quid
592 2446 693 2502 isti
744 2446 984 2501 fecerint
1042 2445 1304 2500 sabbatis
1324 2445 1351 2499 ‘?
1382 2467 1409 2494 n
1443 2443 1551 2507 Qui
1582 2443 1755 2498 dixit:
1790 2464 1819 2495 ‹‹
1848 2442 2058 2498 Etiam.

414 2540 528 2592 Aut
547 2535 786 2592 nescitis
818 2534 959 2607 quid
988 2534 1104 2607 egit
1138 2533 1317 2589 David
1350 2550 1479 2587 cum
1522 2531 1769 2588 esuriret
1799 2531 1944 2603 ipse,
2003 2535 2062 2585 et

417 2626 517 2698 qui
548 2642 681 2682 cum
713 2641 779 2680 eo
810 2623 1016 2680 erant?
1039 2622 1331 2695 quomodo
1353 2621 1591 2677 intravit
1619 2621 1677 2676 in
1692 2619 2062 2692 templum,et

417 2732 597 2789 panes
631 2711 1047 2787 propositionis
1079 2710 1348 2778 comedit,
1379 2731 1408 2761 »
1440 2715 1496 2766 et
1524 2714 1746 2765 caetera.
1796 2710 1865 2765 Et
1921 2708 2060 2780 quia

417 2828 444 2854 ‹‹
471 2804 783 2861 sabbatum
799 2799 1344 2874 propterhominem
1368 2800 1584 2855 factum
1608 2802 1718 2866 est,
1744 2815 1859 2854 non
1880 2797 2056 2853 homo

416 2895 649 2965 propter
705 2892 1036 2946 sabbatum.
1074 2912 1101 2938 ››
1134 2888 1241 2955 Qui
1281 2892 1336 2944 et
1364 2889 1654 2955 dicebant,
1689 2909 1717 2938 «
1776 2886 2051 2959 quoniam

414 2982 590 3037 homo
624 2982 730 3036 iste
761 2996 876 3034 non
898 2984 985 3035 est
1001 2995 1063 3034 ex
1098 2978 1379 3050 Deo,quia
1398 2977 1706 3033 sabbatum
1730 2993 1844 3030 non
1865 2979 2057 3031 custo-

414 3071 499 3126 dit
529 3070 714 3140 (Marc.
750 3086 810 3138 ιι,
838 3068 929 3136 23,
963 3084 1162 3139 seqq.;
1197 3068 1324 3122 Luc.
1347 3084 1423 3134 v1,
1458 3068 1481 3120 1
1511 3067 1720 3137 seqq).
1754 3086 1781 3115 »
1816 3063 2052 3120 Etinte-

2189 490 2356 559 dunt,
2390 492 2447 545 in
2481 490 2696 563 quibus
2754 488 2998 561 sanguis
3051 488 3328 545 tenetur?
3356 490 3442 544 An
3499 487 3745 544 nescitis
3774 491 3839 545 ut

2189 580 2381 636 omnis
2403 578 2677 636 animalis
2698 578 2941 652 sanguis
2970 578 3170 634 anima
3189 576 3377 650 ipsius
3407 576 3503 643 sit,
3535 580 3594 632 et
3614 577 3718 649 qui
3750 594 3840 634 co-

2181 669 2428 726 mederit
2453 667 2762 741 sanguinis
2792 668 3052 724 animam
3082 666 3383 723 comedit?
3404 666 3476 721 Et
3506 665 3727 722 idcirco
3758 682 3842 723 se-

2196 759 2453 814 cundum
2473 758 2584 814 hoc
2611 773 2715 813 nec
2741 756 2985 830 gentiles
3003 773 3070 813 ex
3083 760 3204 813 toto
3217 759 3375 813 sunt.
3400 754 3488 812 Illi
3505 754 3668 812 enim
3692 756 3841 812 occi-

2186 847 2354 914 dunt,
2386 850 2489 903 aut
2508 845 2810 920 plagantes
2840 846 3173 902 comedunt.
3348 847 3351 851 ⁴

2253 936 2321 990 ν.
2358 935 2499 992 Item
2513 934 2748 991 alleluia
2764 935 2822 990 in
2845 933 3304 1007 Quadragesima
3319 950 3437 990 non
3452 932 3837 1006 psallitis,sed

2184 1024 2363 1082 semel
2396 1025 2451 1080 id
2484 1025 2703 1099 pascha
2732 1025 3174 1080 tantummodo:
3210 1023 3364 1097 quod
3398 1022 3835 1096 interpretatur,

2182 1116 2449 1170 Dominus
2476 1115 2647 1182 venit,
2673 1113 2913 1183 ιαιιάαιε,
2948 1114 3217 1186 hymnum
3244 1112 3427 1180 dicite,
3457 1116 3510 1168 et
3531 1111 3837 1169 benedicitc

2176 1205 2248 1259 ei.
2272 1208 2417 1276 Ergo
2461 1203 2787 1260 secundum
2818 1203 2928 1260 hoc
2956 1219 3146 1276 neque
3200 1203 3442 1270 Domini,
3496 1204 3829 1274 Dominum,

2182 1308 2371 1364 neque
2405 1291 2722 1349 Benedictus
2751 1293 2846 1364 qui
2903 1294 3070 1357 venit,
3112 1290 3385 1364 psallitis.
3413 1291 3486 1347 Et
3504 1290 3673 1347 istud
3702 1307 3831 1348 vero

2181 1380 2415 1437 alleluia
2444 1381 2722 1437 Hebraice
2753 1382 2974 1437 dictum
3004 1384 3111 1437 est.
3308 1440 3311 1441 ν

2252 1471 2347 1525 VI.
2382 1470 2497 1526 Cur
2524 1474 2757 1526 tantum
2786 1471 3187 1543 deceptionem
3218 1469 3432 1524 horum
3464 1468 3679 1525 talium
3711 1486 3824 1525 non

2181 1559 2439 1631 aspicitis
2464 1576 2567 1615 nec
2598 1558 2941 1633 intelligitis,
2990 1576 3177 1631 neque
3233 1558 3527 1631 corrigitis
3585 1558 3832 1632 populos

2180 1653 2236 1702 et
2264 1648 2671 1720 vosmetipsos,
2706 1647 2857 1703 sicut
2881 1647 2981 1719 qui
3035 1649 3249 1704 debent
3270 1647 3527 1719 judicari
3558 1664 3629 1704 ex
3678 1646 3771 1703 his
3798 1664 3831 1704 a

2182 1736 2295 1791 Deo
2321 1739 2343 1790 Ρ
2374 1736 2498 1791 Non
2532 1735 2939 1808 derclinquitis
2971 1737 3123 1808 quod
3160 1736 3375 1792 dicitur
3403 1738 3559 1808 quod
3586 1737 3697 1795 hoc
3723 1741 3830 1794 Pe-

2179 1828 2307 1879 trus
2340 1829 2395 1879 et
2428 1824 2775 1880 Benedictus
2806 1828 2862 1880 et
2886 1824 3104 1880 Paulus
3138 1829 3194 1881 et
3241 1826 3429 1881 czeteri
3458 1825 3821 1891 docuerunt?

2174 1913 2455 1984 Decipitis
2483 1930 2586 1968 vos
2613 1912 2772 1984 ipsos
2802 1917 2859 1967 et
2885 1912 3166 1985 populum
3199 1914 3257 1967 in
3299 1913 3446 1970 istis.
3492 1916 3622 1980 Quas
3676 1930 3815 1971 vero

2173 2000 2402 2073 scripsi,
2433 2017 2499 2056 ea
2556 2004 2695 2056 sunt
2749 2017 2876 2072 quae
2936 2000 3139 2056 Petrus
3178 2005 3236 2058 et
3264 2001 3478 2057 Paulus
3516 2005 3575 2056 et
3625 2001 3822 2057 caeteri

2181 2088 2427 2161 apostoli
2460 2093 2516 2145 et
2543 2089 2811 2145 Christus
2842 2090 3059 2158 docuit,
3103 2093 3162 2146 et
3190 2093 3393 2146 sancta
3423 2088 3684 2146 Ecclesia
3728 2106 3824 2147 ca-

2171 2178 2395 2233 tholica
2423 2178 2685 2250 suscepit
2714 2183 2770 2234 et
2801 2179 3057 2234 custodit
3096 2178 3383 2251 religiose.
3416 2178 3548 2243 Quae
3609 2183 3671 2235 et
3724 2195 3824 2235 vos

2172 2267 2413 2323 correcti
2448 2266 2754 2323 custodite.
2786 2268 3036 2340 Azymas
3064 2284 3199 2324 vero
3243 2272 3300 2324 et
3344 2268 3646 2324 custodias
3696 2267 3823 2325 sab«

2171 2355 2441 2410 batorum
2470 2356 2735 2428 projicite
2754 2356 2984 2411 miseris
3014 2356 3264 2426 Judazis;
3299 2355 3575 2412 similiter
3606 2361 3669 2414 et
3699 2356 3820 2412 suf-

2175 2444 2361 2500 focata
2388 2444 2654 2500 barbaris
2683 2445 2977 2517 gentibus,
3012 2451 3074 2499 ut
3100 2447 3309 2501 fiamus
3332 2444 3463 2517 puri
3495 2445 3555 2500 in
3589 2450 3755 2501 recta
3769 2448 3824 2501 et

2170 2532 2551 2589 immaculata
2582 2533 2714 2599 ﬁde,
2749 2539 2805 2589 et
2834 2551 2989 2588 unus
3020 2550 3157 2605 grex
3181 2534 3355 2589 unius
3380 2534 3643 2605 pastoris
3666 2533 3824 2589 Chri-

2169 2621 2264 2677 sti.
2301 2621 2484 2692 Cujus
2514 2621 2572 2676 in
2607 2638 2776 2677 cruce
2797 2621 2990 2678 divin.)
3006 2623 3295 2696 sanguine
3317 2622 3591 2679 inebriati
3623 2622 3822 2680 lauda-

2166 2726 2299 2765 mus
2313 2711 2444 2782 puri
2483 2727 2628 2782 pure
2659 2710 2887 2766 Patrem
2918 2715 2973 2766 et
3001 2710 3209 2767 Filium
3242 2716 3299 2767 et
3326 2710 3618 2784 Spiritum
3682 2728 3818 2768 san-

2166 2803 2346 2854 ctum.
2383 2798 2662 2855 Universa
2693 2800 2957 2856 Mosaicae
2998 2799 3143 2873 legis
3170 2805 3226 2856 et
3275 2801 3347 2857 ab
3404 2816 3470 2856 eo
3522 2800 3822 2857 custodita

2163 2887 2631 2960 derelinqucntes
2677 2887 2803 2943 sine
2857 2889 2972 2945 Deo
3035 2889 3275 2956 Judaeis,
3338 2889 3439 2961 qui
3505 2888 3595 2945 vel
3678 2887 3809 2946 caici

2162 2978 2568 3049 perquirentes
2581 2977 2878 3033 Christum
2895 2977 3094 3034 lumen
3109 2979 3812 3050 amiserunt,permanen-

2163 3069 2249 3121 tes
2265 3065 2322 3120 in
2350 3066 2576 3133 umbra,
2598 3066 2750 3121 sicut
2773 3065 3116 3138 insipientes
3132 3066 3569 3138 perpetuo.Haec
3588 3075 3819 3136 autem,

415 3133 546 3213 rum
577 3133 850 3230 loquente
881 3133 1109 3211 Christo
1141 3155 1196 3209 in
1250 3133 1510 3220 sabbato,
1561 3133 1764 3225 etvqui
1812 3168 2055 3207 manum
2085 3133 2128 3200 (ἶ
2169 3154 2343 3209 homo
2374 3154 2496 3219 Dei,
2526 3160 2583 3209 et
2614 3133 2912 3211 multoties
2944 3156 3069 3228 ipse
3093 3133 3457 3228 cumpopulo
3488 3133 3819 3228 agnoscens

414 3247 667 3303 habebat
684 3245 906 3300 aridam
939 3244 1211 3299 similiter
1241 3248 1296 3299 et
1312 3261 1378 3299 eo
1409 3243 1507 3314 qui
1542 3240 1819 3297 daemonis
1878 3240 2055 3312 spiri-

413 3340 538 3389 tum
571 3333 842 3397 habebat,
875 3333 933 3386 in
962 3333 1208 3386 sabbato
1224 3332 1526 3399 mundato,
1549 3329 2055 3385 murmurantibus

412 3421 630 3476 Judzeis
660 3425 717 3475 et
745 3418 962 3475 sinﬂlia
991 3419 1342 3485 dicentibus,
1373 3419 1514 3473 dicit
1544 3418 1847 3473 Christus:
1876 3441 1902 3467 (ι
1942 3418 2052 3490 Hy-

416 3509 671 3581 pocritae,
706 3505 1116 3577 unusquisque
1148 3509 1404 3562 vestrum
1440 3523 1551 3561 non
1596 3506 1765 3561 solvit
1820 3506 2051 3561 asinum

414 3615 448 3654 a
477 3612 754 3671 praesepe,
787 3599 889 3651 aut
919 3595 1123 3649 bovem
1154 3611 1352 3658 suum,
1403 3599 1458 3649 et
1515 3594 1676 3648 ducit
1719 3594 2055 3665 adnquare?

415 3689 563 3760 (Luc.
598 3704 697 3741 κη.
734 3685 846 3755 15).
874 3706 901 3732 ››
936 3682 1335 3755 Etparalytico
1354 3682 1807 3754 similiterquem
1842 3701 2051 3737 sanum

415 3776 565 3833 fecit.
600 3774 806 3830 Etideo
827 3774 883 3827 hi
912 3772 1271 3844 quisabbata
1297 3788 1427 3826 cum
1458 3772 1675 3845 azymis
1697 3775 2050 3837 OUFltHltt.;‘.l,

413 3882 601 3937 neque
620 3863 807 3919 Judaei
840 3879 1027 3934 neque
1043 3861 1358 3935 Christiani
1374 3862 1648 3927 sunt,sed
1677 3861 1899 3916 similes
1917 3868 2057 3916 sunt

409 3953 705 4025 leopardo,
741 3951 894 4006 sicut
925 3950 1067 4006 dicit
1089 3967 1339 4023 magnus
1370 3950 1829 4021 Basilius,cujus
1859 3949 2056 4023 capilli

414 4058 518 4098 nec
552 4039 698 4111 nigri
732 4042 890 4108 sunt,
924 4055 1029 4094 nec
1060 4038 1173 4095 albi
1200 4032 1456 4095 omnino.

2165 3243 2413 3298 docuisti
2445 3258 2592 3308 esse,
2618 3246 2677 3298 et
2704 3247 2998 3300 correctus
3011 3244 3298 3315 scripsisti
3316 3243 3521 3299 multis
3547 3243 3810 3300 similem

2164 3331 2646 3387 consuetudinem
2676 3332 3049 3389 habentibus.
3082 3333 3149 3387 Et
3177 3336 3243 3387 ut
3284 3332 3503 3389 habeas
3560 3332 3817 3390 salutem

2162 3420 2368 3475 animae
2400 3424 2534 3485 tuae,
2568 3420 2733 3476 mitte
2764 3420 3128 3494 principibus
3145 3422 3516 3477 sacerdotum
3538 3426 3594 3477 et
3612 3438 3812 3478 sacer-

2162 3509 2420 3573 dotibus,
2454 3514 2511 3565 et
2539 3510 2748 3580 adjura
2787 3513 2851 3565 ut
2874 3525 2976 3582 per
3004 3508 3126 3564 hmc
3158 3510 3385 3582 seipsos
3413 3508 3732 3581 corrigant,
3751 3512 3818 3566 et

2165 3598 2259 3652 Dei
2294 3597 2596 3669 populum,
2628 3602 2693 3653 ut
2721 3598 2819 3654 Dei
2847 3598 3172 3654 mercedem
3202 3598 3261 3654 in
3292 3598 3423 3654 istis
3451 3598 3695 3654 habeas.
3743 3597 3821 3653 Et

2164 3688 2211 3741 si
2244 3685 2351 3741 hoc
2384 3686 2608 3757 feceris,
2621 3702 2878 3759 propono
2905 3690 2962 3742 et
2985 3704 3086 3760 per
3101 3688 3416 3742 secundam
3432 3687 3813 3758 scriptionem

2165 3776 2385 3844 majora
2414 3780 2469 3831 et
2502 3776 2843 3847 perfectiora
2872 3775 2966 3832 his
2990 3776 3093 3831 tibi
3124 3776 3397 3843 scribere,
3482 3775 3624 3831 ﬁdei
3685 3790 3816 3831 vera

2164 3863 2494 3919 ostensione
2532 3868 2589 3919 et
2636 3865 3005 3922 firmamento
3046 3864 3380 3920 animarum
3436 3881 3542 3936 pro
3594 3865 3814 3937 quibus

2164 3951 2434 4007 Christus
2466 3953 2662 4025 posuit
2692 3953 2948 4010 animam
2974 3970 3164 4010 suam.

1019 4192 1335 4253 TEXTUS
1366 4192 1926 4256 PREFATORUM
1959 4194 2647 4257 SYCOPIIANTARUM
2677 4194 3193 4258 EXPLICATUR.

413 4328 649 4411 Incipit
689 4325 1034 4410 responsio
1078 4326 1301 4390 fratris
1341 4326 1691 4392 Humberti
1741 4335 1988 4393 sanctae
2044 4329 2356 4394 Ecclesiae
2384 4328 2580 4394 Silvae
2640 4326 2944 4393 Candidas
2973 4328 3132 4392 dicti
3204 4329 3525 4411 episcopi,
3604 4330 3818 4393 instar

501 4417 752 4498 dialogi
803 4418 882 4480 ad
923 4417 1068 4498 ipso
1098 4415 1326 4479 Latine
1366 4418 1739 4498 coiiscripta
1775 4419 2285 4499 :ipocrisariatus
2324 4419 2429 4482 sui
2468 4422 2770 4499 tempore
2828 4416 3423 4499 Constantinopoli.
3483 4415 3569 4480 Et
3617 4421 3816 4500 jussu

497 4508 929 4589 imperatoris
970 4505 1265 4585 religiosi
1309 4513 1368 4568 et
1414 4508 1764 4566 orthodoxi
1809 4505 2229 4570 Constantini
2268 4506 2683 4570 Menemachi
2726 4506 2950 4570 Graece
2986 4508 3184 4580 edita,
3231 4507 3355 4570 sub
3417 4507 3815 4570 nominibus

501 4594 1211 4678 Constantinopolitani
1253 4598 1318 4658 et
1363 4594 1855 4672 Romaiii,anno
1900 4596 2160 4659 Domini
2192 4596 2552 4660 millesimo
2584 4595 3146 4678 quinquagesimo
3189 4599 3450 4678 quarto.

484 4753 522 4807 l.
549 4752 843 4806 ltomnus.
882 4750 1261 4822 Praefulgente
1293 4751 1481 4823 gratia
1511 4755 1725 4807 sanctae
1755 4756 1811 4806 et
1834 4751 2043 4806 indivi-
2081 4771 2126 4835 υ
2159 4752 2323 4818 Quod
2344 4753 2699 4825 ﬁgurateper
2717 4750 2950 4823 Moysen
2968 4749 3594 4822 Dominusinquit,ubi
3616 4754 3805 4807 vectes

408 4840 535 4893 duae
566 4838 891 4905 Trinitatis,
955 4840 1012 4893 in
1061 4840 1231 4909 cujus
1263 4856 1437 4894 manu
1469 4856 1575 4895 nos
1632 4845 1688 4893 et
1746 4855 2046 4895 sermones
2158 4840 2371 4912 quibus
2393 4856 2527 4895 arca
2556 4838 3351 4911 portaretur,circulisipsius
3376 4839 3817 4910 semperinesse

410 4926 616 4992 nostri,
646 4925 920 4995 hincjam
958 4928 1335 4998 aggredimur
1364 4944 1709 4998 responsum
1743 4928 1797 4982 in
1838 4928 2047 4983 litteris
2156 4928 2465 5000 praecepit:
2505 4943 2610 4982 nec
2641 4944 2901 4998 unquam
2934 4927 3157 4982 extrahi
3190 4927 3262 4983 ab
3283 4927 3390 4993 eis,
3420 4944 3491 4982 ne
3507 4944 3629 4999 qua
3649 4941 3813 4983 mora

410 5018 467 5071 et
487 5013 955 5071 cavillationibus
986 5015 1221 5069 vestris:
1257 5020 1319 5069 ut
1376 5015 1564 5086 palam
1603 5016 1675 5070 sit
1735 5033 1840 5069 nos
1891 5015 2049 5071 illius

2160 5016 2321 5071 ﬁeret
2350 5016 2826 5088 quotiescunque
2857 5031 3054 5070 arcam
3084 5014 3306 5071 elevare
3336 5030 3576 5070 necesse
3634 5019 3809 5070 esset.

409 5104 624 5160 summi
660 5103 811 5159 Petri
837 5102 1151 5174 disciplina
1179 5102 1456 5169 eruditos,
1490 5105 1588 5176 qui
1625 5105 1799 5159 dixit:
1834 5128 1859 5153 ‹‹
1908 5104 2049 5159 Sitis
2156 5107 2303 5160 Area
2332 5105 2569 5176 quidem
2603 5106 2871 5159 sanctam
2912 5102 3269 5160 Ecclesiam:
3304 5101 3509 5159 circuli
3542 5104 3675 5173 ejus
3725 5100 3811 5156 di-

410 5192 595 5266 parati
627 5208 858 5264 semper
885 5193 957 5248 ad
991 5192 1450 5248 satisfactionem
1483 5193 1641 5249 omni
1660 5193 1920 5266 poscenti
1951 5210 2052 5249 vos

410 5280 691 5335 rationem
723 5280 795 5335 de
826 5296 894 5334 ea
923 5281 1127 5351 quaein
1158 5279 1323 5335 vobis
1344 5284 1433 5335 est
1461 5297 1582 5352 spe,
1603 5297 1737 5335 cum
1767 5280 2055 5337 modestia

410 5370 467 5422 et
495 5365 704 5422 timore
735 5368 1155 5423 conscientiam
1188 5368 1470 5424 habentes
1500 5369 1750 5423 bonam:
1787 5373 1853 5423 ut
1879 5367 1939 5423 in
1987 5385 2053 5425 eo

411 5452 565 5526 quod
598 5452 911 5509 detrahunt
932 5455 1556 5522 vobis,cont‘undantur
1577 5453 1675 5526 qui
1696 5453 2056 5513 calumnian-

410 5546 507 5601 tur
532 5544 786 5601 vestram
823 5542 1041 5603 bonam
1072 5544 1131 5602 in
1180 5543 1409 5604 Christo
1465 5542 1988 5604 conversationem.
2022 5568 2053 5603 ››

2157 5192 2355 5249 vinam
2384 5193 2747 5265 Scripturam
2768 5209 2782 5260 ;
2802 5196 2995 5248 vectes
3014 5193 3142 5264 ejus
3174 5192 3521 5264 praepositos
3543 5189 3812 5246 Ecclesia

2162 5282 2516 5354 significant,
2547 5297 2698 5353 quos
2728 5297 2959 5353 semper
2977 5282 3211 5354 expedit
3257 5297 3433 5337 sacrm
3494 5278 3808 5351 Scriptum

2161 5370 2465 5425 insistere:
2496 5385 2567 5425 ne
2590 5370 2877 5442 pudenter
2906 5372 3045 5423 tunc
3072 5368 3255 5425 velint
3284 5368 3526 5437 discere,
3575 5366 3809 5440 quando

2155 5458 2283 5531 jam
2306 5458 2377 5513 ad
2409 5457 2816 5515 exaltationem
2847 5460 3060 5515 sanctas
3089 5457 3354 5515 Ecclesia:
3386 5457 3600 5514 debent
3651 5471 3813 5529 que-

2165 5547 2387 5608 stiones
2407 5547 2806 5625 quorumlibet
2834 5545 3105 5609 enodare.
3134 5546 3299 5608 Unde
3327 5544 3682 5606 calumniam
3714 5558 3810 5602 ve-
