4086 6168
202 307 306 370 933

1171 306 1587 373 ADVERSUS
1637 309 2094 374 GRECORUM
2138 313 2613 376 CALUMNIAS.

3472 327 3589 386 934

202 447 376 496 stram
409 438 670 496 seriatim
705 439 1050 510 discussuri,
1081 443 1152 497 ab
1185 441 1371 515 ipsius
1397 443 1566 498 initio
1597 461 1710 499 non
1751 445 1840 516 pi-
1871 445 1924 510 Α
1955 462 2127 501 omne
2159 448 2309 518 quod
2345 448 2558 503 dicitur
2580 453 2752 519 Deus,
2782 455 2880 506 aut
2901 453 3052 522 quod
3082 453 3308 511 colitur.
3333 461 3396 512 In
3419 460 3588 528 cujus

198 529 476 602 gritamur
497 528 696 584 ordiri.

263 647 510 718 Insuper
527 649 591 701 ut
605 645 976 702 manifestius
991 651 1184 703 vestra
1199 647 1355 702 dicta
1370 663 1403 702 a
1416 648 1632 704 nostris
1649 665 1836 705 secer-

199 739 435 801 nantur,
464 738 656 790 vestra
685 734 890 802 obelis,
925 741 1122 791 nostra
1153 740 1348 792 autem
1381 736 1675 793 asteriscis
1700 755 1838 809 prte-

198 826 492 878 notantur.
524 823 636 878 Sed
668 823 904 878 tandem
923 824 1229 880 videamus
1259 824 1430 896 quale
1459 826 1537 880 sit
1567 825 1710 881 illud
1742 844 1838 882 ve-

197 916 326 968 stras
357 911 667 967 calumnias
699 912 1068 984 prommium,
1098 929 1212 984 quo
1260 911 1572 969 laborastis
1611 915 1839 972 audito-

197 1017 316 1056 rem
347 1004 610 1056 vestrum
641 1000 869 1056 efficere
899 1000 1264 1070 benevolum,
1298 1001 1382 1057 ita
1409 1001 1654 1058 dicendo
1679 1020 1692 1058 :

265 1123 334 1178 II.
369 1123 1113 1180 CONSTANTINOPOLITANUS.
1143 1124 1242 1181 Dei
1277 1140 1491 1197 magna
1522 1125 1752 1182 dilectio
1784 1131 1841 1182 et

189 1213 460 1282 jucunda
491 1211 918 1283 compassionis
965 1212 1188 1268 viscera
1234 1213 1517 1269 ﬂexerunt
1562 1232 1667 1270 nos
1698 1215 1840 1270 scri-

196 1301 327 1356 bere
370 1301 442 1356 ad
507 1303 668 1355 tuam
721 1299 1114 1367 sanctitatem,
1146 1305 1201 1355 et
1218 1317 1320 1372 per
1349 1305 1405 1356 te
1435 1303 1507 1357 ad
1540 1303 1840 1359 universos

195 1388 492 1461 principes
521 1389 912 1455 sacerdotum,
945 1392 1002 1443 et
1031 1389 1362 1445 sacerdotes
1393 1390 1745 1446 Francorum
1785 1394 1843 1446 et

199 1477 512 1533 monachos
541 1480 600 1532 et
659 1475 925 1548 populos,
958 1480 1016 1532 et
1073 1478 1145 1532 ad
1201 1477 1394 1549 ipsum
1429 1479 1839 1534 reverendissi-

195 1581 359 1621 mum
393 1582 604 1638 papam
636 1581 648 1620 :
683 1570 739 1621 et
765 1566 1074 1620 memorari
1108 1566 1178 1620 de
1210 1567 1428 1638 azymis
1475 1571 1530 1622 et
1559 1567 1838 1634 sabbatis,

195 1671 327 1727 qme
360 1655 599 1727 mystice
626 1653 968 1710 indecenter
986 1654 1296 1709 custoditis
1314 1659 1371 1710 et
1396 1656 1840 1712 communicatis

191 1743 440 1799 Judasis.
475 1743 694 1799 Etenim
728 1759 930 1815 azyma
960 1747 1017 1799 et
1047 1743 1290 1799 sabbata
1319 1743 1430 1816 ipsi
1463 1745 1754 1800 custodire
1807 1762 1842 1800 a

193 1833 398 1905 Moyse
420 1831 568 1903 jussi
589 1835 748 1888 sunt.

262 1948 363 2004 III.
419 1948 724 2005 ROMANUS.
785 1948 866 2004 Ex
916 1949 1025 2004 hac
1081 1951 1274 2005 vestra
1328 1949 1662 2021 praefatione
1693 1951 1844 2006 sicut

192 2034 573 2109 profitemini,
603 2037 973 2093 crederemus
993 2054 1096 2094 vos
1126 2036 1376 2093 salutem
1407 2039 1586 2094 totius
1625 2039 1843 2095 Latinae

191 2142 293 2180 seu
327 2123 708 2181 occidentalis
741 2124 1005 2182 Ecclesia:
1036 2142 1142 2198 pro
1185 2125 1312 2182 sola
1362 2143 1576 2200 magna
1622 2127 1721 2182 Dei
1755 2127 1842 2182 di-

191 2213 442 2270 lectione
470 2230 761 2285 quazrere:
796 2215 844 2270 si
877 2215 1164 2270 sciremus
1193 2232 1294 2270 vos
1325 2219 1574 2271 vestram
1619 2220 1844 2272 vestro-

192 2319 450 2374 rumque
483 2319 599 2359 non
631 2302 942 2375 negligere.
975 2303 1121 2359 Cum
1153 2320 1286 2360 vero
1301 2321 1402 2360 vos
1423 2304 1581 2376 ipsos
1604 2309 1660 2360 et
1679 2305 1842 2360 vobis

189 2391 550 2448 commissos
580 2390 912 2464 negligatis,
948 2396 1013 2447 ut
1042 2393 1325 2449 nefandos
1372 2393 1687 2462 Jacobitas,
1725 2395 1842 2449 imo

187 2479 684 2554 Theupascbitas,
719 2497 820 2536 seu
851 2480 999 2537 alias
1028 2481 1434 2538 hereticorum
1456 2487 1668 2554 pestes,
1695 2483 1846 2538 inter

186 2588 286 2626 vos
323 2573 383 2626 et
412 2585 592 2641 penes
622 2585 724 2625 vos
755 2568 1058 2638 habeatis;
1087 2586 1276 2643 neque
1296 2587 1498 2626 eorum
1529 2571 1841 2640 consortia,

189 2675 387 2732 neque
418 2657 731 2730 colloquia,
763 2675 949 2730 neque
979 2659 1240 2715 convivia
1270 2677 1372 2716 seu
1432 2659 1646 2731 pariter
1677 2677 1842 2716 orare

190 2747 468 2805 devitetis
489 2764 502 2802 :
525 2747 818 2820 quomodo
839 2747 1047 2803 saltem
1069 2748 1504 2820 suspicabimur
1523 2765 1624 2805 vos
1647 2748 1844 2821 aliqua

191 2837 510 2894 dilectione
539 2835 640 2892 Dei
700 2840 799 2892 aut
853 2835 1100 2909 proximi
1161 2837 1532 2908 praemonitos
1592 2840 1844 2912 compati

191 2932 412 2983 nostras
445 2925 778 2998 perditioni,
811 2926 961 2980 sicut
992 2925 1209 2997 putatis
1231 2925 1258 2980 ‘P
1287 2927 1355 2981 Et
1386 2942 1563 2998 quare
1595 2928 1664 2982 ad
1700 2945 1842 3000 prae-

191 3021 437 3089 ceptum
470 3013 705 3088 gloriosi
742 3013 925 3082 Pauli,
958 3013 1041 3069 sic
1073 3030 1242 3069 aures
1259 3014 1708 3086 praecordiorum
1742 3017 1845 3071 ob-

189 3103 483 3171 durastis,
516 3107 584 3157 ut
641 3103 930 3157 dicentem
985 3119 1098 3157 non
1159 3101 1508 3158 advertatis:
1544 3127 1569 3151 ‹‹
1605 3103 1844 3159 Ηωιιυῑῑ-

1947 551 2028 588 ari
2049 535 2294 606 egentior
2320 541 2514 592 monte
2533 537 2940 606 consistentes,
2967 544 3022 594 et
3044 558 3109 595 ex
3133 544 3440 612 supercilio
3462 547 3588 617 ejus

1947 624 2144 678 omnia
2177 625 2379 680 subter
2400 627 2701 697 vosjacere
2724 633 3076 701 reputantes,
3105 631 3276 686 dictis
3297 649 3398 688 vos
3416 635 3590 691 ﬂexos

1946 711 2271 768 visceribus
2303 730 2428 768 com
2441 714 2730 785 passionis
2763 716 3013 772 scribere
3030 721 3256 774 cunctis
3278 723 3591 778 sacerdoti-

1946 799 2059 853 bus
2094 800 2445 856 Francorum
2473 807 2530 856 et
2563 805 3046 860 reverendissimo
3092 825 3272 879 papae.
3334 811 3446 865 Sed
3480 829 3591 867 non

1947 887 2141 943 solum
2184 889 2430 944 Romani
2488 896 2545 945 et
2599 883 2952 948 Francorum
3009 899 3358 966 sacerdotes,
3392 916 3592 956 verum

1948 975 2122 1031 etiam
2147 979 2339 1034 omnis
2371 979 2571 1034 Latina
2599 981 2849 1036 Ecclesia
2884 983 2951 1037 de
2985 991 3182 1040 monte
3215 988 3425 1043 domus
3477 990 3591 1045 Do-

1949 1065 2094 1120 mini
2119 1065 2355 1137 clamat,
2385 1069 2549 1124 vobis
2584 1072 2985 1126 contradiccns
3017 1089 3027 1125 :
3057 1096 3082 1120 ‹‹
3112 1075 3170 1128 In
3199 1076 3438 1131 Domino
3457 1095 3593 1133 con-

1950 1155 2104 1208 lido:
2141 1157 2444 1218 Quomodo
2477 1157 2671 1211 dicitis
2701 1160 2909 1213 anima:
2944 1179 3101 1228 morr,
3153 1165 3506 1236 transmigra
3536 1168 3594 1222 in

1951 1247 2210 1298 montem
2238 1243 2391 1300 sicut
2422 1263 2623 1317 passer
2647 1247 2673 1300 ?
2706 1271 2731 1296 ››
2765 1251 2997 1314 (Ι³.ςιι[1η.
3031 1253 3182 1320 x,2.)
3207 1253 3423 1308 Tamen
3457 1271 3591 1311 eum

1950 1348 2122 1402 quem
2156 1350 2366 1404 papam
2401 1335 2947 1390 reverendissimum
2983 1338 3232 1410 dixistis,
3267 1345 3508 1399 revereri
3540 1349 3596 1402 te

1951 1437 2064 1473 non
2098 1421 2373 1476 detestari
2397 1422 2701 1478 debuistis.

2022 1509 2111 1562 IV.
2152 1510 2311 1572 Quod
2347 1515 2541 1565 autem
2575 1513 2948 1584 impudenter
3009 1517 3449 1575 calumniamini
3492 1540 3598 1579 nos

1951 1599 2385 1654 communicare
2414 1599 2631 1655 Judzris
2671 1603 3036 1658 obse.vando
3084 1608 3269 1678 typice
3313 1627 3514 1682 azyma
3544 1618 3600 1668 et

1950 1687 2565 1758 sabbatum,phrenesi
2599 1689 2912 1746 inveterata
2943 1694 3297 1752 arbitramur
3326 1700 3468 1758 adeo
3497 1720 3599 1762 vos

1876 1813 1921 1875 Β
1953 1774 2277 1846 perdidisse
2299 1792 2537 1831 sensum
2573 1781 2635 1831 ut
2666 1795 2768 1832 nec
2802 1781 3018 1835 factum
3053 1787 3310 1840 vestrum
3359 1790 3597 1860 respici-

1954 1862 2029 1917 tis
2046 1879 2149 1916 nec
2171 1862 2414 1918 dictum.
2436 1866 2794 1936 Quapropter
2812 1869 3132 1925 suademus
3155 1872 3316 1928 vobis
3330 1877 3476 1930 utad
3501 1893 3598 1932 cor

1951 1949 2224 2018 redeatis,
2261 1956 2317 2006 et
2349 1952 2826 2009 animadvertatis
2858 1957 2996 2027 quid
3030 1957 3088 2012 in
3147 1961 3336 2017 Exodo
3367 1964 3596 2038 Moyses

1942 2038 2148 2108 jubeat
2176 2039 2246 2094 de
2277 2041 2532 2112 azymis:
2569 2065 2594 2091 ‹‹
2629 2042 2829 2098 Arimo
2862 2062 3081 2114 mense,
3116 2054 3326 2118 quarta
3369 2054 3598 2111 decima

1952 2127 2045 2181 die
2077 2127 2296 2183 mensis
2331 2129 2400 2183 ad
2433 2146 2734 2201 vesperum
2770 2135 3086 2189 comedetis
3145 2154 3363 2210 azyma,
3409 2159 3597 2215 usque

1953 2215 2022 2269 ad
2052 2215 2388 2272 vicesimam
2423 2217 2670 2288 primam
2708 2221 2970 2290 ejusdem
3018 2228 3238 2280 mensis
3287 2229 3357 2284 ad
3390 2247 3595 2303 vespe-

1954 2319 2100 2357 ram.
2136 2304 2368 2375 Septem
2402 2305 2609 2362 diebus
2649 2306 3062 2366 fermentatum
3123 2331 3236 2369 non
3271 2316 3600 2377 invenietur

1953 2391 2009 2446 in
2045 2392 2319 2449 domibus
2353 2395 2576 2450 vestris.
2627 2396 2734 2459 Qui
2783 2399 3101 2455 comederit
3157 2404 3596 2478 fermentatum,

1953 2479 2164 2552 peribit
2194 2482 2390 2536 anima
2421 2485 2548 2554 ejus
2581 2483 2651 2539 de
2683 2490 2833 2541 cuztu
2865 2487 3062 2557 Israel,
3105 2494 3221 2547 tam
3258 2494 3328 2550 dc
3359 2497 3598 2554 advenis

1954 2585 2131 2639 quam
2166 2570 2236 2625 de
2269 2570 2558 2643 indigenis
2590 2577 2779 2628 terrae.
2813 2575 2995 2630 Omne
3021 2578 3454 2653 fermentatum,
3483 2603 3598 2643 non

1959 2658 2299 2727 comedetis,
2332 2659 2387 2714 in
2425 2662 2650 2716 cunctis
2680 2662 3142 2722 habitationibus
3167 2670 3374 2726 vestris
3403 2689 3599 2730 come-

1953 2749 2100 2804 detis
2133 2764 2335 2819 azyma
2389 2749 2594 2816 (Exod.
2655 2767 2758 2820 x11,
2822 2752 3002 2820 18,19,
3038 2755 3146 2824 20).
3177 2777 3202 2802 ››
3265 2757 3409 2814 Item
3444 2763 3597 2818 unde

1955 2835 2262 2908 superius:
2296 2860 2321 2885 ‹‹
2357 2836 2593 2908 Septem
2627 2838 2833 2893 diebus
2850 2845 3404 2911 azymacomedetis.
3427 2848 3488 2903 In
3504 2849 3597 2905 die

1955 2925 2145 2996 prima
2177 2941 2289 2978 non
2323 2925 2429 2979 erit
2460 2925 2875 2982 fermentatum
2911 2928 2968 2982 in
3029 2929 3301 2988 domibus
3366 2937 3593 2994 vestris.

1955 3013 2297 3082 Quicunque
2328 3013 2643 3068 comederit
2674 3015 3110 3084 fermentatum,
3147 3021 3359 3090 peribit
3402 3026 3600 3082 anima

1955 3101 2056 3155 illa
2087 3102 2156 3154 de
2190 3099 2388 3167 Israel,
2409 3118 2442 3155 a
2464 3101 2653 3172 prima
2675 3102 2765 3158 die
2784 3121 2968 3174 usque
2988 3106 3058 3159 ad
3082 3107 3235 3162 diem
3262 3113 3595 3183 septimam.

189 3210 331 3250 cum
366 3191 666 3248 hominem
702 3194 832 3261 post
859 3207 1038 3246 unam
1068 3193 1125 3245 et
1156 3190 1472 3245 secundam
1492 3191 1845 3248 admonitio-
1878 3178 1920 3243 C
1962 3190 2093 3244 Dies
2152 3188 2339 3259 prima
2396 3191 2506 3244 erit
2561 3197 2764 3247 sancta
2819 3197 2993 3263 atque
3028 3178 3344 3264 solemnis;
3393 3207 3448 3256 et
3473 3204 3599 3260 dies

189 3300 332 3338 nem
371 3279 564 3336 devita
583 3279 611 3334 ?
628 3279 644 3351 (
664 3281 765 3334 Tit.
788 3297 872 3346 ιιι,
897 3281 1002 3348 10.)
1022 3301 1047 3326 ››
1068 3278 1230 3334 Unde
1252 3278 1377 3350 ipse
1396 3279 1632 3344 Paulus,
1657 3281 1848 3336 sciens

189 3369 365 3444 quod
395 3367 558 3423 nulla
587 3385 723 3440 pars
755 3371 909 3422 esset
941 3366 1091 3422 fideli
1126 3383 1258 3421 eum
1293 3366 1534 3434 infideli,
1570 3370 1846 3425 Irenaeum

187 3464 247 3515 et
281 3456 583 3512 Philetum
640 3456 932 3510 devitavit.
992 3459 1060 3508 Et
1117 3454 1419 3510 Timotheo
1453 3455 1847 3513 Alexandrum

188 3547 474 3603 arar-ium
507 3545 758 3600 devitarc
788 3544 1080 3616 prwcepit.
1115 3544 1229 3599 Cur
1248 3545 1422 3599 etiam
1447 3561 1560 3600 non
1585 3546 1847 3602 animad-

189 3634 428 3692 vertitis
459 3616 694 3690 beatum
742 3633 1027 3687 Joannem
1081 3637 1499 3688 contestantem
1533 3634 1804 3690 fidelibus
1834 3655 1846 3691 :

192 3750 217 3774 α
250 3725 313 3780 Si
349 3723 489 3795 quis
519 3723 675 3778 venit
701 3721 769 3776 ad
802 3738 902 3775 vos
925 3727 980 3774 et
1007 3720 1156 3775 hanc
1178 3721 1502 3776 doctrinam
1523 3739 1636 3778 non
1662 3724 1846 3794 affert,

191 3813 382 3869 nolite
414 3828 552 3867 eum
587 3810 839 3879 recipere
857 3809 911 3862 in
937 3809 1201 3872 domum,
1226 3824 1330 3864 nec
1353 3827 1452 3864 ave
1474 3811 1521 3866 ei
1556 3812 1846 3870 dixeritis:

190 3903 298 3968 Qui
337 3901 502 3956 enim
537 3899 676 3953 dicit
697 3915 817 3964 ave,
843 3897 1240 3952 communicat
1255 3899 1528 3970 operibus
1551 3900 1710 3957 illius
1735 3919 1852 3957 ma-

187 3990 381 4064 lignis
403 3989 432 4044 ?
461 4012 490 4038 ››
523 3989 592 4058 (II
621 3988 778 4043 Joan.
819 3988 880 4040 10
908 3989 965 4041 et
999 3986 1109 4054 11.)
1138 3988 1243 4042 Ast
1271 4003 1392 4054 vos,
1454 3988 1621 4059 quasi
1653 3991 1851 4046 omnia

188 4079 429 4135 munda
458 4077 768 4131 immunda
799 4075 918 4130 sint
945 4074 1127 4144 vobis,
1161 4075 1347 4131 oculis
1405 4080 1607 4131 contra
1657 4094 1756 4134 vos
1794 4082 1850 4134 et

189 4172 395 4223 vestra
423 4163 641 4220 clausis
673 4167 935 4218 sanctam
968 4163 1290 4219 Romanam
1321 4166 1380 4219 et
1409 4179 1640 4219 omnem
1699 4166 1848 4222 occi-

187 4253 499 4310 dentalem
530 4252 847 4308 Ecclesiam
881 4251 1162 4323 pollutam
1195 4251 1401 4308 heresi
1457 4257 1516 4308 et
1541 4253 1848 4310 Judaismo

188 4340 604 4414 proclamatis,
635 4344 691 4396 et
720 4340 878 4396 velut
908 4341 1222 4412 quamdam
1242 4341 1732 4397 abominationem
1757 4343 1850 4398 de-

183 4431 421 4486 vitatis.
456 4429 534 4484 Ex
564 4445 681 4500 qua
710 4433 829 4483 tam
859 4444 1008 4483 cmca
1039 4433 1096 4482 et
1125 4427 1409 4483 hactenus
1449 4428 1711 4485 inaudita
1739 4447 1846 4486 au-

1959 3276 2207 3348 septima
2235 3277 2436 3332 eadem
2470 3278 2776 3334 festivitate
2807 3283 3173 3352 venerabilis,
3237 3287 3379 3342 nihil
3412 3291 3602 3362 Operis

1960 3366 2180 3422 facietis
2211 3367 2268 3420 in
2303 3367 2407 3432 eis,
2442 3367 2698 3438 exceptis
2729 3368 2822 3424 his
2854 3386 2980 3440 quas
3011 3373 3081 3426 ad
3109 3377 3454 3432 vescendum
3482 3397 3604 3450 per-

1958 3454 2165 3520 tinent,
2225 3459 2280 3509 et
2337 3455 2718 3510 observabitis
2777 3473 2980 3529 azyma
3058 3462 3242 3531 (Ibid,
3308 3467 3509 3538 15-17).
3576 3493 3601 3516 ››

1960 3545 2100 3598 Item
2133 3543 2192 3598 in
2225 3543 2627 3614 sequentibus,
2662 3545 2880 3600 scilicet
2908 3549 2962 3602 in
3000 3551 3258 3620 capitulo
3292 3556 3460 3610 tertio
3505 3559 3603 3614 dc-

1959 3633 2110 3688 cimo
2140 3634 2401 3702 ejusdem
2456 3634 2627 3689 Exodi
2681 3635 2928 3690 dicitur:
2983 3639 3212 3710 Septem
3266 3642 3474 3699 diebus
3508 3663 3600 3701 ve-

1960 3722 2138 3778 sceris
2169 3723 2407 3794 azymis,
2442 3727 2498 3778 et
2530 3724 2586 3779 in
2615 3723 2706 3776 die
2739 3725 2990 3795 septima
3010 3727 3349 3785 solemnitas
3373 3732 3600 3788 Domini

1959 3811 2086 3864 erit.
2124 3814 2337 3881 Azyma
2359 3811 2646 3866 comedes.
2672 3812 2901 3881 Septem
2925 3814 3132 3868 diebus
3162 3833 3273 3870 non
3301 3822 3605 3890 apparebit

1960 3898 2110 3968 apud
2133 3903 2186 3952 te
2205 3897 2439 3968 aliquod
2465 3898 2900 3963 fermentatum,
2929 3916 3033 3954 nec
3054 3901 3109 3954 in
3138 3903 3362 3960 cunctis
3386 3907 3603 3966 finibus

1957 3987 2077 4042 tuis
2107 3985 2307 4056 (Exod.
2330 3985 2518 4051 xm,6,
2537 3983 2616 4057 7).
2634 3987 2813 4040 nitem
2835 4004 2846 4041 :
2867 4009 2892 4036 ‹‹
2909 3987 3347 4048 Solemnitatem
3364 4011 3595 4068 azymo-

1958 4093 2087 4130 rum
2105 4075 2398 4130 custodies
2415 4091 2426 4129 :
2443 4074 2676 4145 Septem
2699 4073 2905 4131 diebus
2927 4080 3195 4136 comedes
3219 4097 3440 4154 azyma,
3457 4085 3610 4144 sicut

1958 4161 2202 4235 praecepi
2218 4161 2341 4230 tibi,
2357 4161 2412 4215 in
2431 4167 2687 4232 tempore
2703 4165 2912 4220 messis
2926 4182 3139 4222 novoru
3151 4172 3606 4246 m(E.rodxxx1v,

1960 4253 2074 4322 18).
2112 4273 2138 4299 »
2171 4251 2238 4304 Et
2259 4250 2316 4306 in
2338 4250 2591 4306 Levitico
2617 4269 2628 4306 :
2654 4275 2680 4301 «
2708 4252 2906 4309 Mense
2924 4256 3131 4326 primo,
3149 4267 3358 4328 quarta
3382 4263 3606 4322 decima

1957 4341 2049 4396 die
2064 4339 2367 4395 mensisad
2383 4357 2677 4411 vesperam
2695 4341 2878 4397 Phase
2890 4343 3118 4400 Domini
3135 4351 3242 4401 est:
3259 4353 3316 4403 et
3330 4349 3387 4402 in
3402 4351 3608 4421 quinta

1957 4429 2184 4485 decima
2201 4429 2291 4484 die
2315 4430 2534 4485 mensis
2558 4429 2755 4500 hujus,
2777 4431 3118 4488 solemnitas
3140 4453 3477 4507 azymorum
3499 4440 3605 4496 Do-

184 4521 368 4576 dacig
384 4519 458 4573 ad
483 4516 779 4589 bocproru
792 4515 959 4588 pistis
977 4520 1397 4572 utcunctorum
1421 4516 1844 4586 haereticorum,
1879 4539 1925 4602 D
1959 4517 2101 4572 mini
2133 4521 2240 4572 est.
2275 4517 2508 4588 Septem
2532 4517 2737 4574 diebus
2765 4536 2964 4591 azyma
2987 4524 3324 4591 comedetis,
3343 4525 3468 4581 dies
3487 4526 3600 4598 pri-

181 4625 342 4679 quos
379 4605 574 4660 adhuc
620 4604 1051 4677 deprehendere
1111 4604 1427 4667 valuimus.
1459 4606 1848 4662 temeritatem

181 4693 651 4752 transcendatis.
713 4693 988 4756 Quamvis
1021 4691 1258 4748 omnino
1300 4692 1544 4764 singulis
1603 4693 1850 4751 haareses

181 4786 317 4841 suis
337 4781 860 4840 adinventionibus
874 4780 1072 4853 aliqua
1091 4780 1346 4837 ecclesiae
1371 4783 1636 4838 membra
1653 4783 1848 4856 fatiga-

177 4873 409 4939 verint,
467 4869 634 4927 nullo
664 4875 859 4926 tamen
919 4869 1110 4924 adhuc
1168 4870 1239 4924 ad
1299 4873 1521 4926 tantam
1553 4872 1849 4927 vesaniam

178 4963 417 5035 erupit,
448 4963 514 5016 ut
542 4959 877 5033 opinionem
897 4975 1067 5014 suam
1093 4958 1292 5030 primae
1315 4959 1710 5030 ctapostolicaa
1726 4962 1848 5016 sedi

176 5050 464 5124 ingerere
486 5047 981 5120 presumpsisset,
1000 5063 1130 5104 cum
1152 5046 1592 5118 interpositione
1611 5049 1851 5104 anathe-

179 5139 398 5195 matis.
435 5137 750 5194 Recensete
781 5137 829 5192 si
862 5136 1069 5209 placet,
1103 5136 1174 5190 ab
1206 5135 1373 5191 initio
1395 5135 1850 5194 Christianitatis

179 5243 389 5299 usque
421 5227 493 5282 ad
524 5229 724 5282 nostra
753 5228 1020 5297 tempora
1049 5227 1394 5280 cunctarum
1429 5223 1720 5281 haereseon
1752 5243 1849 5282 vo-

179 5314 468 5380 lumina;
501 5312 773 5370 videbitis
803 5330 877 5368 an
909 5311 1109 5384 aliqua
1160 5328 1362 5368 earum
1412 5315 1852 5386 praesumpserit

176 5403 356 5459 talia.
391 5403 607 5458 Etcum
627 5419 741 5458 non
755 5401 1114 5468 inveneritis,
1133 5399 1343 5457 saltem
1353 5404 1493 5458 tunc
1505 5402 1848 5476 resipiscite,

177 5508 284 5561 ne,
324 5491 481 5564 quod
507 5491 692 5547 absit!
715 5490 1107 5564 permaneatis
1127 5489 1437 5548 viciniores
1461 5508 1849 5564 prmcursores

177 5579 360 5640 illius
373 5579 740 5652 Antichristi,
767 5581 865 5657 qui
890 5581 1228 5640 adversatur
1252 5583 1310 5640 et
1330 5579 1626 5640 extollitur
1672 5599 1851 5658 supra

1961 4623 2094 4661 mus
2117 4605 2226 4660 erit
2245 4606 2410 4662 vobis
2432 4605 2842 4662 celeberrimus
2861 4614 3236 4680 sanctusque,
3262 4628 3433 4669 omne
3455 4632 3603 4687 opus

1961 4694 2165 4750 servile
2195 4711 2308 4748 non
2343 4695 2564 4750 facietis
2596 4695 2652 4748 in
2685 4711 2772 4759 eo,
2808 4696 2905 4749 sed
2941 4698 3194 4752 offeretis
3245 4701 3600 4761 sacriﬁcium

1961 4785 2019 4838 in
2052 4783 2185 4854 igne
2215 4788 2434 4855 septem
2471 4783 2697 4837 diebus.
2733 4782 2862 4838 Dies
2922 4792 3113 4840 autem
3170 4789 3460 4861 septimus
3491 4793 3603 4849 erit

1961 4871 2242 4928 celebrior
2270 4877 2326 4926 et
2347 4870 2620 4938 sanctior,
2646 4870 2991 4944 nullumque
3016 4892 3163 4947 opus
3187 4878 3393 4936 servile
3418 4881 3515 4938 fiet
3542 4883 3602 4940 in

1960 4977 2026 5015 eo
2056 4961 2200 5031 (Leu.
2235 4977 2398 5025 xxm,
2430 4960 2569 5028 5-8).
2608 4980 2633 5005 ››
2667 4963 2731 5013 Et
2756 4960 2808 5013 in
2836 4978 3116 5018 numero:
3150 4989 3168 5011 α
3198 4967 3393 5025 Mense
3416 4971 3603 5042 primo

1963 5054 2170 5120 quarta
2199 5049 2425 5102 decima
2475 5047 2566 5100 die
2625 5049 2844 5103 mensis
2904 5051 3087 5108 Phase
3151 5056 3372 5112 Domini
3406 5065 3513 5130 est,
3547 5064 3604 5114 et

1959 5137 2165 5209 quinta
2185 5136 2411 5192 decima
2431 5135 2523 5190 die
2545 5134 2906 5196 solemnitas.
2926 5140 3156 5214 Septem
3180 5145 3386 5200 diebus
3413 5162 3603 5200 come-

1960 5225 2110 5281 detis
2141 5241 2360 5297 azyma.
2423 5223 2680 5287 Quorum
2741 5225 2867 5282 dies
2925 5230 3114 5300 prima
3168 5231 3514 5286 venerabilis
3545 5237 3602 5288 et

1960 5317 2163 5370 sancta
2190 5314 2331 5368 erit:
2369 5329 2542 5368 omne
2571 5329 2718 5384 opus
2751 5315 2956 5370 servile
2989 5334 3100 5372 non
3157 5317 3378 5372 facietis
3411 5319 3465 5373 in
3511 5336 3598 5390 ea,

1959 5401 2328 5472 otferetisque
2354 5399 2758 5456 holocaustum
2790 5402 3074 5472 Domino;
3130 5404 3342 5460 vitulos
3396 5407 3466 5462 de
3511 5426 3600 5464 ar-

1961 5494 2155 5549 mento
2187 5490 2356 5555 duos,
2386 5489 2626 5546 arietem
2651 5507 2857 5561 unum,
2886 5507 3068 5564 agnos
3088 5494 3391 5552 anniculos
3409 5502 3466 5552 et
3497 5498 3602 5554 im-

1959 5579 2281 5641 maculatos
2312 5582 2557 5656 septem,
2589 5583 2646 5638 et
2677 5581 2961 5641 sacriﬁcia
2986 5581 3377 5661 singulorum,
3429 5579 3500 5648 et
3523 5587 3600 5644 si-
