4086 6168
463 327 584 388 935

1472 321 1963 388 HUMBERTUS
2008 323 2073 383 S.
2122 323 2193 383 Β.
2244 323 2315 383 E;
2359 322 2857 384 CARDINALIS.

3744 308 3857 386 9'36

460 460 660 517 milam
693 477 821 532 quis
851 474 1163 531 conspersa
1193 457 1270 513 sit
1298 457 1442 529 oleo-
1501 458 1644 513 Tres
1703 456 1964 513 decimas
1996 472 2097 528 per
2128 457 2179 523 Α
2206 456 2455 511 terrenis
2486 460 2744 512 avertere
2773 459 2829 511 et
2860 456 2931 510 ad
2964 454 3219 511 coelestia
3247 458 3621 523 convertere:
3670 455 3856 528 sicque

459 547 722 620 singulos
751 545 983 613 vitulos,
1012 550 1070 601 et
1101 546 1249 601 duas
1319 543 1577 601 decimas
1619 561 1723 616 per
1777 544 2015 600 arietem
2045 547 2103 598 et

457 636 744 692 decimam
776 633 1011 690 decimae
1041 650 1144 705 per
1172 650 1355 707 agnos
1386 631 1673 705 singulos,
1730 631 1790 686 id
1852 637 1963 702 est,
1997 648 2100 704 per

453 728 677 797 septem
709 738 911 796 agnos,
941 727 999 777 et
1052 721 1280 777 hircum
1338 738 1442 793 pro
1497 724 1733 792 peccato
1795 738 2000 789 unum,
2034 724 2101 774 ut

454 812 717 885 expietur
742 810 908 867 vobis
957 811 1138 881 (Num.
1187 826 1385 876 xxvu',
1446 810 1662 879 16-22).
1695 830 1724 860 »
1749 809 1819 865 Et
1868 808 1929 863 in
1954 808 2099 864 Deu-

452 900 740 956 termonio
768 916 780 953 :
818 921 845 948 ‹‹
883 898 1142 955 Observa
1174 914 1436 954 mensem
1469 913 1750 953 novarum
1773 897 2008 970 frugum
2042 900 2099 951 et

452 987 613 1046 verni
642 988 899 1059 primum
930 986 1235 1059 temporis,
1286 990 1351 1041 ut
1405 987 1584 1042 facias
1636 987 1821 1041 Phase
1850 985 2097 1042 Domino

453 1078 568 1134 Dco
598 1082 721 1147 tuo,
754 1077 1034 1148 quoniam
1067 1077 1127 1131 in
1158 1076 1269 1132 isto
1301 1092 1502 1132 mense
1524 1075 1724 1130 eduxit
1744 1080 1797 1130 te
1814 1074 2098 1130 Dominus

450 1166 603 1222 Deus
634 1170 775 1221 tuus
806 1167 877 1221 de
906 1167 1146 1237 ngypto
1181 1168 1370 1218 nocte.
1425 1162 1881 1234 Immolabisque
1910 1162 2097 1217 Phase

453 1253 698 1310 Domino
729 1253 843 1309 Deo
904 1256 1004 1306 tuo
1035 1251 1108 1305 de
1133 1249 1339 1304 ovibus
1370 1253 1429 1303 et
1484 1247 1554 1303 de
1614 1248 1821 1316 bobus,
1881 1247 1940 1303 in
1972 1247 2098 1303 loco

452 1354 626 1414 quem
657 1339 895 1412 elegerit
914 1338 1195 1394 Dominus
1211 1338 1366 1392 Deus
1383 1340 1544 1403 tuus,
1562 1341 1626 1391 ut
1642 1336 1866 1392 habitet
1888 1352 2097 1392 nomen

450 1430 579 1498 ejus
611 1429 711 1483 ibi.
747 1428 871 1482 Non
903 1426 1171 1481 comedes
1202 1425 1261 1480 in
1284 1443 1349 1480 eo
1407 1441 1617 1494 panem
1647 1426 2095 1497 fermentatum:

448 1522 675 1589 septem
698 1516 904 1571 diebus
926 1514 1195 1570 comedes
1214 1515 1437 1586 absque
1455 1514 1737 1570 fermento
1762 1514 1825 1568 af
1826 1512 2098 1569 ilictionis

449 1620 661 1677 panem
690 1602 989 1676 quoniam,
1025 1603 1082 1658 in
1103 1619 1311 1674 pavore
1342 1619 1617 1674 egressus
1645 1619 1706 1658 es
1737 1602 1807 1658 de
1837 1606 2094 1674 Egypto,

449 1697 515 1748 ut
546 1691 886 1748 memineris
920 1691 1030 1747 diei
1053 1691 1406 1763 egressionis
1428 1694 1538 1746 tuae
1563 1692 1634 1747 dc
1655 1693 1893 1764 Egypto
1916 1691 2101 1746 omni-

448 1781 561 1836 bus
590 1779 796 1869 dieb’us
825 1780 953 1835 vita:
987 1785 1117 1879 tua}.
1152 1778 1273 1878 Non
1336 1779 1655 1885 apparebit‘
1678 1780 2094 1835 fermentatum
2126 1820 2173 1885 B

450 1869 509 1923 in
542 1866 819 1924 omnibus
847 1868 1114 1924 terminis
1144 1868 1262 1923 tuis
1294 1873 1516 1939 septem
1545 1868 1752 1923 diebus
1783 1872 1839 1923 et
1869 1885 1981 1923 non
2015 1883 2096 1923 re-

448 1954 711 2013 manebit
738 1957 809 2012 de
839 1957 1118 2012 carnibus
1150 1957 1278 2026 ejus
1310 1957 1465 2027 quod
1498 1956 1867 2012 immolatum
1892 1961 1981 2012 est
1997 1972 2095 2012 ve-

449 2042 624 2118 speri,
657 2044 751 2100 die
780 2045 970 2117 primo
1004 2061 1175 2100 mane
1205 2045 1379 2116 (Deut.
1414 2062 1530 2113 xvr,
1568 2046 1697 2117 1ι4).
1727 2068 1747 2094 υ

517 2133 586 2189 V.
620 2134 750 2190 Haec
781 2134 999 2201 omnia,
1035 2133 1417 2189 siitaJudzeis
1441 2133 1773 2190 carnalibus
1788 2133 2096 2190 carnaliter

449 2224 811 2281 observanda
840 2222 1049 2279 veteris
1080 2221 1227 2295 legis
1260 2222 1412 2277 lator
1441 2222 1670 2278 caelitus
1700 2222 1926 2278 censuit
1957 2240 2092 2279 con-

449 2312 696 2369 stathaac
708 2313 1030 2369 secundum
1054 2310 1352 2367 carnalem
1376 2310 1837 2367 observationem
1857 2312 2093 2367 omnino

446 2401 637 2457 aliena
665 2418 697 2456 a
722 2401 910 2457 nobis.
940 2399 1087 2464 Quia
1116 2400 1173 2453 in
1207 2398 1323 2454 illis
1376 2404 1603 2470 septem
1637 2399 1843 2456 diebus
1900 2401 2093 2470 quoti-

448 2490 541 2546 die
572 2490 985 2545 fermentatum
1008 2487 1067 2541 in
1090 2486 1366 2543 omnibus
1390 2486 1606 2543 ﬁnibus
1627 2492 1683 2543 et
1700 2489 1967 2544 terminis
1999 2506 2094 2544 no-

447 2579 586 2635 stris
608 2583 665 2634 et
684 2576 1282 2642 domibusinvenitur,
1303 2581 1542 2649 apparet
1555 2581 1729 2648 atque
1746 2578 2089 2635 comeditur.

446 2669 561 2724 Nec
592 2668 750 2737 ipsos
782 2671 1004 2740 septem
1036 2665 1159 2720 dies
1192 2663 1360 2720 aliter
1392 2682 1571 2742 quam
1629 2666 1885 2736 reliquos
1914 2667 2092 2723 totius

446 2757 586 2812 anni
613 2756 674 2812 in
705 2756 909 2812 azimis
937 2755 1316 2810 observamus
1341 2772 1353 2809 :
1392 2771 1497 2810 nec
1525 2756 1679 2826 apud
1712 2772 1819 2812 nos
1847 2756 1999 2827 perit
2023 2756 2093 2812 de

444 2850 593 2901 coetu
636 2850 835 2900 nostro
865 2842 1231 2898 animaillius
1248 2842 1743 2914 quicunque,tam
1761 2844 1831 2899 de
1854 2843 2091 2900 advenis

445 2949 623 3008 quam
654 2930 1302 3003 etdeindigenis,terrae
1324 2931 1646 2987 comederit
1678 2932 2090 2989 fermentatum

448 3026 504 3079 in
541 3023 748 3078 diebus
779 3036 959 3092 supra
983 3019 1175 3076 dictis.
1202 3020 1312 3076 Sed
1340 3036 1443 3075 nec
1470 3019 1628 3076 velut
1648 3020 1780 3093 ipsi,
1806 3039 1839 3076 a
1866 3022 2093 3077 decima

445 3113 540 3168 die
562 3110 780 3167 mensis
801 3107 971 3182 primi
995 3126 1124 3163 sum
1140 3114 1307 3181 ptum
1337 3124 1553 3180 agnum
1577 3109 1903 3165 masculum
1933 3110 2092 3164 anni-

2212 544 2494 616 sapiendo
2526 546 2581 599 et
2611 544 2923 615 quaerendo
2954 560 3081 615 quae
3114 559 3353 599 sursum
3376 546 3536 611 sunt,
3560 540 3857 601 revivisca-

2209 649 2344 690 mus
2377 633 2493 689 Deo
2524 636 2582 688 et
2611 632 2936 688 moriamur
2966 632 3209 688 mundo.
3251 631 3344 687 Sic
3400 642 3640 703 quaque
3669 633 3859 689 omnia

2207 737 2334 792 quae
2366 721 2638 793 superius
2667 738 2775 776 nos
2809 719 3125 777 carnaliter
3153 720 3463 777 observare
3494 721 3857 793 negavimus.

2208 810 2454 866 Domino
2500 813 2817 878 annuente,
2849 808 3234 881 spirituaIitcr
3287 814 3347 866 et
3391 809 3781 867 observamus
3808 816 3861 867 et

2207 899 2465 955 omnimo
2479 899 2550 954 de
2563 898 2835 970 cupimus
2847 898 3178 965 observare,
3194 896 3395 969 procul
3408 898 3591 954 dubio
3623 898 3856 955 credan-

2210 991 2299 1043 tes
2322 987 2498 1058 quod,
2523 1003 2883 1059 quaecunque
2913 985 3133 1058 scripta
3157 992 3317 1053 sunt,
3338 987 3410 1042 ad
3434 990 3702 1043 nostram
3731 987 3855 1043 doc-

2208 1075 2425 1131 trinam
2451 1077 2673 1146 scripta
2693 1080 2854 1141 sunt,
2886 1075 3053 1133 beato
3104 1074 3284 1131 Paulo
3339 1074 3425 1131 sic
3455 1079 3850 1147 protestante;

2205 1187 2232 1213 ‹‹
2267 1164 2397 1220 Haec
2427 1164 2624 1220 omnia
2651 1164 2709 1219 in
2744 1162 2952 1237 ﬁguris
2982 1162 3400 1235 contingebant
3430 1161 3584 1219 illis:
3633 1163 3855 1237 Scripta

2203 1257 2345 1309 sunt
2365 1258 2561 1310 autem
2597 1253 2669 1308 ad
2693 1251 3109 1308 correctionem
3135 1256 3414 1320 nostram,
3435 1251 3495 1309 in
3527 1268 3682 1323 quos
3707 1252 3845 1311 ﬁnes

2208 1341 2557 1397 saeculorum
2591 1342 2946 1397 devenerunt
2968 1341 3015 1408 (Ι
3049 1339 3169 1396 Cor.
3200 1357 3255 1408 x,
3293 1340 3400 1410 11).
3437 1363 3465 1388 ››

2276 1429 2544 1484 VI.Nunc
2578 1430 2647 1485 ad
2681 1426 3112 1485 observantiam
3171 1422 3398 1484 sabbati
3450 1428 3747 1484 veniatur.
3779 1424 3849 1485 De

2206 1534 2322 1589 quo
2353 1518 2433 1573 ita
2464 1517 2521 1572 in
2556 1517 2748 1573 Exodo
2794 1516 3146 1588 praecipitur:
3188 1539 3216 1566 ‹‹
3248 1514 3543 1575 Memento
3603 1522 3673 1573 ut
3702 1516 3847 1577 diem

2205 1605 2434 1662 sabbati
2466 1605 2813 1661 sanctiﬁces.
2849 1605 2958 1662 Sex
2987 1603 3198 1661 diebus
3218 1603 3572 1676 operaberis,
3600 1608 3658 1661 et
3678 1603 3844 1665 facies

2206 1695 2404 1749 omnia
2432 1712 2608 1766 opera
2635 1699 2752 1749 tua.
2788 1693 3051 1764 Septima
3080 1698 3276 1750 autem
3299 1694 3391 1748 die
3408 1693 3726 1751 sabbatum
3750 1693 3847 1749 Do-

2206 1783 2351 1838 mini
2405 1782 2505 1838 Dei
2563 1783 2669 1837 tui.
2727 1783 2851 1837 Non
2900 1780 3075 1837 facies
3106 1798 3278 1837 omne
3309 1799 3476 1854 opus,
3510 1788 3575 1839 tu
3604 1787 3665 1839 et
3698 1782 3847 1840 filius

2207 1875 2348 1926 tuus
2376 1874 2434 1926 et
2459 1870 2579 1925 ﬁlia
2599 1874 2701 1925 tua
2729 1886 2930 1926 servus
2960 1875 3100 1926 tuus
3130 1874 3187 1926 et
3216 1868 3428 1925 ancilla
3462 1876 3578 1939 tua,
3604 1868 3839 1945 jumen-

2205 1964 2330 2014 tum
2360 1963 2530 2014 tuum
2562 1962 2618 2015 et
2650 1959 2872 2014 advena
2892 1958 2993 2030 qui
3023 1960 3112 2014 est
3141 1959 3299 2015 intra
3328 1958 3521 2031 portas
3548 1956 3699 2015 tuas.
3730 1956 3838 2015 Sex

2205 2047 2362 2104 enim
2425 2046 2633 2104 diebus
2690 2048 2822 2103 fecit
2878 2047 3162 2103 Dominus
3216 2047 3429 2103 cmlum
3457 2050 3513 2104 et
3536 2046 3753 2104 terram
3780 2044 3839 2105 et

2206 2152 2390 2203 mare,
2425 2140 2481 2191 et
2510 2135 2705 2191 smnia
2737 2151 2864 2207 qua:
2895 2136 2956 2190 in
2987 2135 3071 2191 eis
3101 2140 3260 2207 sunt,
3310 2141 3369 2192 et
3420 2134 3709 2207 requievit
3754 2136 3845 2193 die

2204 2225 2475 2297 septimo.
2510 2223 2729 2280 Idcirco
2762 2223 3055 2280 benedixit
3109 2223 3394 2281 Dominus
3451 2224 3545 2281 die
3591 2220 3843 2294 Sabbati,

2202 2316 2259 2369 et
2316 2312 2696 2369 sanctificavit
2753 2328 2888 2368 eum
2947 2314 3139 2381 (Exod.
3199 2331 3292 2379 xx,
3323 2313 3503 2385 8-H.)
3539 2335 3567 2362 ››
3601 2313 3748 2369 Item
3786 2315 3845 2370 in

2202 2401 2401 2458 eodem
2430 2420 2443 2457 :
2475 2424 2503 2452 «
2535 2402 2643 2458 Sex
2673 2401 2880 2457 diebus
2913 2403 3245 2474 operaberis
3271 2419 3283 2456 :
3320 2402 3413 2457 die
3443 2399 3704 2475 septimo
3730 2408 3846 2458 ces-

2202 2489 2361 2547 sabis
2415 2507 2579 2546 arare
2635 2495 2691 2546 et
2740 2493 2959 2546 metere
3001 2491 3192 2562 (Exod.
3223 2507 3413 2557 XXXIV,
3443 2476 3560 2563 2t).
3599 2512 3630 2541 υ
3668 2489 3847 2564 Igitur

2200 2578 2261 2634 in
2291 2577 2635 2650 hujusmodi
2666 2576 3068 2635 observatione
3100 2578 3348 2645 sabbati,
3383 2577 3480 2634 ubi
3513 2584 3572 2633 et:
3595 2577 3848 2650 quantér

2202 2666 2710 2722 communicamus
2736 2666 2957 2721 Judais
2979 2664 3008 2720 ?
3037 2664 3124 2720 Illi
3146 2665 3304 2721 enim
3327 2667 3385 2721 in
3407 2665 3657 2722 sabbato
3680 2666 3846 2723 otiosi

2200 2760 2257 2811 et
2287 2755 2477 2811 feriati
2510 2771 2612 2809 nec
2646 2758 2814 2809 arant
2835 2770 2939 2809 nec
2958 2756 3207 2821 metunt,
3232 2753 3580 2825 nullumque
3601 2766 3759 2827 opus
3778 2769 3844 2810 ex

2202 2860 2362 2900 more
2392 2843 2632 2908 faciunt,
2666 2843 2765 2898 sed
2799 2843 3011 2898 festum
3044 2842 3260 2897 habent
3305 2846 3364 2898 et
3405 2842 3765 2912 conviVIum,
3794 2845 3851 2899 et

2201 2930 2575 3003 requiescunt
2605 2930 2752 2985 servi
2785 2936 2839 2985 et
2870 2928 3090 2985 ancillas
3149 2945 3371 2997 eorum,
3433 2930 3613 2986 baves
3674 2933 3734 2985 et
3753 2928 3849 3000 ju-

2203 3023 2420 3074 menta.
2472 3019 2585 3073 Nos
2642 3034 2774 3073 vero
2835 3018 2978 3072 nihil
3036 3017 3246 3073 horum
3302 3019 3714 3087 observamus,-
3747 3019 3842 3074 sed

2202 3124 2374 3163 omne
2429 3124 2578 3179 Opus
2635 3106 2902 3172 facimus,
2965 3106 3116 3162 sicut
3169 3111 3226 3161 et
3285 3107 3343 3161 in
3374 3106 3857 3179 praecedentibus

448 3202 646 3258 culum
672 3216 740 3255 ex
770 3198 1077 3271 pecoribus
1138 3215 1326 3270 usque
1360 3198 1430 3253 ad
1491 3202 1767 3270 quartum
1803 3199 2092 3255 decimum
2125 3183 2168 3250 C
2206 3196 2466 3268 quinque
2497 3195 2726 3264 diebus,
2761 3197 2819 3250 et
2841 3195 3184 3266 jejunamus
3215 3196 3369 3251 sicut
3394 3199 3451 3250 et
3479 3194 3539 3250 in
3575 3197 3848 3267 proxima

447 3304 774 3354 servamus,
807 3304 909 3342 nec
942 3287 1012 3342 ad
1044 3303 1343 3357 vesperam
1395 3286 1793 3355 immolemus,
1859 3290 1922 3341 ut
1953 3304 2087 3342 san-

447 3377 621 3449 guine
650 3377 778 3446 ejus
810 3379 1005 3446 postes
1037 3374 1361 3446 signemus,
1394 3390 1499 3428 nec
1530 3390 1733 3430 carnes
1765 3376 1891 3445 eius
1923 3392 2087 3432 assas

449 3465 590 3537 igni,
606 3461 847 3518 accincti
861 3465 916 3515 et
928 3460 1188 3528 calceati,
1205 3462 1453 3517 tenendo
1468 3461 1703 3518 baculos
1718 3463 1775 3517 in
1790 3464 2083 3533 manibus,

447 3556 617 3609 nocte
646 3548 1009 3605 comedimus
1040 3550 1401 3617 festinanter,
1435 3566 1569 3604 cum
1595 3551 1811 3622 azymis
1836 3553 2085 3623 panibus

445 3647 502 3698 et
530 3638 774 3696 lactucis
796 3636 1143 3710 agrestibus.
1169 3638 1413 3710 Insuper
1438 3656 1549 3694 non
1573 3639 1870 3695 offerimus
1890 3640 2082 3695 incen-

449 3747 583 3788 sum
614 3728 1023 3784 holocaustum
1052 3727 1293 3783 Domino
1322 3726 1378 3782 in
1402 3727 1495 3783 his
1513 3726 1717 3784 diebus
1736 3729 1995 3801 quotidie
2026 3731 2084 3785 in

444 3822 579 3896 igne
609 3818 821 3874 vitulos
840 3817 989 3872 duos
1009 3817 1080 3872 de
1101 3822 1386 3884 armento,
1414 3816 1651 3872 arietem
1674 3834 1879 3881 unum,
1903 3834 2086 3889 agnos

444 3906 747 3966 anniculos
767 3904 1174 3962 immaculatos
1204 3910 1427 3977 septem
1454 3922 1467 3973 ;
1490 3905 1545 3980 in
1569 3904 1855 3961 sacrificia
1882 3908 2084 3980 singu-

444 3998 658 4062 lorum,
691 4000 748 4050 et
778 3992 1033 4051 similam
1065 4010 1440 4067 consparsam
1464 3972 1620 4052 (ilco:
1647 3992 1832 4066 neque
1855 3994 2085 4052 hircum

446 4101 548 4156 pro
580 4088 812 4156 peccato
844 4087 911 4137 ut
949 4083 1213 4154 expietur
1268 4100 1370 4154 pro
1431 4083 1620 4138 nobis.
1686 4086 1745 4138 In
1805 4100 1919 4157 quo
1949 4102 2084 4157 ergo

444 4171 951 4228 communicamus
974 4170 1228 4226 Judaeis!
1276 4176 1333 4225 et
1388 4172 1448 4226 in
1506 4189 1622 4244 quo
1653 4172 2083 4228 solemnitatem

444 4276 780 4334 azymorum
814 4258 1213 4315 custodimns!
1244 4259 1330 4313 An
1362 4259 1558 4315 forsan
1608 4260 1748 4331 quia
1794 4261 2085 4317 solemnes

444 4350 678 4407 eosdem
702 4348 826 4404 dies
849 4352 906 4403 et
927 4348 1160 4402 feriatos
1181 4346 1487 4415 habemus,
1510 4353 1567 4403 et
1585 4365 1617 4402 a
1634 4354 1842 4419 quarta
1863 4350 2085 4405 decima

442 4440 584 4495 luna
610 4454 797 4510 usque
828 4437 898 4491 ad
929 4436 1269 4490 vicesimam
1302 4436 1551 4507 primam
1578 4440 1875 4491 nhsnrvam
1892 4456 1957 4492 us
1976 4438 2086 4493 ‘?Et

443 4546 548 4584 cur
575 4528 777 4584 eadem
810 4541 910 4580 vos
944 4523 1308 4580 observatis?
1357 4524 1469 4580 nisi
1528 4526 1665 4595 quia
1724 4527 1878 4580 aliud
1917 4527 2083 4581 nobis
2114 4548 2162 4613 D

443 4620 715 4685 innuunt,
771 4614 928 4671 aliud
988 4612 1159 4668 illis?
1218 4612 1337 4668 Illis
1396 4613 1551 4668 enim
1583 4614 1719 4669 data
1750 4618 1889 4670 sunt
1915 4617 1992 4686 (7)
2023 4615 2082 4670 in

443 4704 785 4760 memoriam
819 4700 1143 4773 spiritualis
1203 4702 1552 4773 egressionis
1609 4707 1816 4757 nostra:
1874 4719 1944 4758 ex
1974 4703 2081 4758 hoc

442 4794 684 4857 mundo,
716 4796 781 4845 ut
808 4807 1079 4845 vacemus
1107 4795 1163 4844 et
1193 4791 1495 4845 videamus
1526 4790 1801 4862 quoniam
1833 4791 1956 4863 ipse
1994 4796 2083 4846 est

442 4881 595 4934 Deus
627 4877 728 4949 qui
754 4893 859 4932 nos
890 4878 960 4932 de
988 4879 1242 4933 tenebris
1275 4878 1495 4933 vocavit
1525 4879 1581 4933 in
1618 4878 1959 4935 admirabile
1987 4879 2078 4934 luo

441 4984 574 5024 men
604 4981 804 5032 suum,
838 4982 1252 5038 conresurgere
1284 4974 1339 5022 et
1370 4968 1680 5022 consedere
1717 4986 1819 5024 nos
1865 4969 2080 5024 faciens

442 5072 640 5114 secum
672 5055 731 5109 in
763 5053 1115 5122 caelestibus,
1148 5061 1205 5110 et
1238 5061 1299 5110 ut
1329 5055 1749 5112 instarlunaris
1771 5057 1925 5130 globi
1945 5057 2084 5113 inci-

442 5146 673 5220 piamus
704 5143 893 5199 lucem
924 5143 1115 5198 cordis
1172 5145 1376 5213 nostri,
1441 5145 1498 5199 id
1551 5150 1639 5201 est
1695 5147 2000 5212 rationem,
2046 5163 2081 5202 a

512 5305 587 5376 (7)
639 5303 742 5359 Hic
797 5302 1221 5376 evidenteriad
1282 5303 1522 5375 plenum
1548 5303 2084 5376 rationabilemque

442 5373 680 5448 sensum
714 5376 876 5429 deest
905 5373 1149 5448 aliquid,
1183 5373 1336 5447 quod
1358 5375 1859 5448 oppositionemin
1879 5373 2085 5448 praece-

442 5446 600 5502 denti
632 5445 894 5501 clausula
921 5453 977 5501 τό
998 5445 1152 5501 aliud
1168 5445 1322 5501 nobis
1338 5445 1462 5502 eti-:25
1480 5446 1635 5501 aliud
1656 5447 1771 5501 illis
1788 5447 1835 5501 si
1844 5445 2082 5504 gnatam

443 5516 893 5590 referat._Un_de
951 5517 1251 5590 probiliter
1307 5515 1515 5589 suponi
1590 5519 1780 5590 potest
1824 5515 2081 5590 hujusce

442 5586 677 5671 phrasis
696 5583 930 5645 initium
950 5583 1332 5664 sequentibus
1350 5583 1451 5645 aut
1466 5583 1676 5664 parum
1694 5583 2080 5655 dissimilibus

2196 3286 2304 3341 sibi
2342 3285 2484 3340 feria
2514 3288 2674 3340 sexta
2696 3284 3057 3354 jejunamus.
3081 3288 3196 3341 Vos
3216 3300 3349 3340 vero
3370 3284 3419 3340 si
3444 3301 3561 3340 non
3580 3271 3851 3356 judai‘sa.

2196 3375 2292 3441 tis,
2327 3374 2501 3429 dicite
2531 3390 2636 3428 cur
2661 3372 2880 3428 Judzeis
2911 3372 2969 3427 in
3003 3372 3181 3428 simili
3213 3373 3583 3429 observantia
3613 3373 3848 3430 sabbati

2195 3460 2645 3518 communicatis
2660 3460 2688 3515 ‘I
2705 3461 3025 3517 Sabbatum
3039 3465 3192 3518 certe
3204 3462 3316 3534 ipsi
3330 3461 3648 3532 celebrant,
3665 3467 3727 3519 et
3748 3478 3851 3520 vos

2196 3551 2498 3607 celebratis
2528 3567 2539 3604 :
2575 3549 2887 3622 epulantur
2916 3550 3050 3622 ipsi,
3108 3554 3165 3606 et
3223 3549 3457 3606 solvunt
3511 3566 3755 3622 semper
3786 3552 3849 3607 in

2196 3642 2435 3695 sabbato
2460 3639 2777 3711 jejunium.
2804 3638 2893 3694 Illi
2917 3639 2976 3693 in
2999 3654 3107 3695 sua
3133 3638 3579 3712 quadragesima
3598 3638 3851 3695 solvunt

2196 3752 2225 3784 u
2252 3731 2454 3799 jejuno
2484 3744 2656 3783 omne
2685 3728 2992 3783 sabbatum
3020 3731 3228 3800 praeter
3256 3743 3462 3796 unum,
3521 3731 3579 3783 et
3633 3743 3746 3785 vos
3787 3717 3849 3783 in

2194 3823 2384 3873 vestra
2412 3816 2861 3888 quadragesima
2885 3815 3109 3872 solvitis
3138 3834 3172 3871 a
3185 3816 3409 3889 jejunio
3430 3830 3607 3872 omne
3626 3816 3845 3873 sabba-

2193 3911 2319 3962 tum
2350 3909 2556 3977 praeter
2585 3922 2790 3967 unum.
2822 3903 2944 3961 Illis
2972 3904 3186 3977 duplex
3213 3912 3302 3961 est
3322 3921 3498 3961 causa
3519 3905 3844 3962 sabbatum

2195 3994 2545 4061 celebrandi,
2562 3993 2783 4050 scilicet
2795 4010 2863 4049 ex
2878 3998 3164 4066 praecepto
3214 3993 3396 4066 Moysi
3446 3997 3503 4050 et
3523 3992 3690 4067 quod
3709 4004 3847 4051 con-

2194 4084 2443 4139 tristatis
2461 4081 2788 4154 discipulis,
2824 4082 2941 4155 ipsi
3000 4081 3239 4138 fuerunt
3268 4083 3339 4138 de
3372 4087 3557 4138 morte
3587 4083 3853 4153 Domini,

2195 4189 2367 4244 quem
2422 4189 2539 4227 non
2595 4172 2907 4227 credebant
2962 4174 3446 4241 resurrecturum,
3502 4169 3565 4226 in
3610 4172 3732 4229 hac
3760 4170 3855 4229 die

2193 4261 2399 4333 gavisi.
2449 4260 2612 4316 Unde
2645 4260 2784 4332 quia
2811 4275 2944 4315 cum
2964 4260 3184 4316 Judaeis
3206 4260 3539 4328 sabbatum,
3565 4266 3627 4317 et
3648 4262 3852 4319 nobis-

2194 4366 2327 4404 cum
2359 4347 2663 4404 celebratis
2693 4348 2848 4403 diem
2881 4347 3265 4416 dominicum,
3294 4348 3579 4404 videmini
3640 4350 3708 4406 in
3750 4349 3853 4406 tali

2193 4436 2593 4493 observatione
2625 4436 2843 4492 imitari
2876 4441 3093 4492 sectam
3124 4437 3580 4505 Nazarenorum,
3610 4440 3723 4512 qui
3770 4439 3854 4495 sic

2194 4526 2485 4596 recipiunt
2513 4524 3020 4580 Christianismum
3054 4530 3118 4580 ut
3148 4543 3265 4581 non
3290 4525 3596 4582 dimittant
3636 4527 3852 4583 Judai-

2195 4631 2412 4671 smum.
2448 4612 2656 4669 Latina
2680 4617 2874 4669 autem
2906 4612 3180 4682 Ecclesia,
3214 4614 3516 4687 compiens
3579 4628 3767 4688 passo
3796 4617 3853 4670 et

2190 4702 2419 4775 sepulto
2453 4702 2717 4767 Domino,
2750 4702 3076 4774 congaudet
3106 4702 3431 4774 resurgenti
3451 4701 3509 4757 in
3533 4700 3634 4757 die
3651 4703 3855 4759 Domi-

2191 4794 2351 4859 nica;
2386 4791 2619 4863 quando
2649 4790 2881 4845 Judaeos
2913 4790 3096 4845 nimia
3115 4791 3419 4862 occupavit
3451 4792 3767 4857 mcestitia,
3798 4794 3855 4845 et

2189 4880 2464 4935 custodes
2495 4878 2744 4951 sepulcri
2776 4880 2967 4934 conati
2999 4884 3139 4934 sunt
3169 4892 3547 4951 corrumpere
3566 4879 3851 4950 pecunia.

2192 4969 2351 5024 Unde
2383 4984 2508 5036 nos,
2542 4966 2910 5022 traditionem
2929 4965 3306 5039 apostolicam
3328 4982 3515 5039 usque
3534 4967 3593 5022 in
3615 4966 3855 5023 hodier-

2190 5074 2333 5112 num
2356 5057 2510 5112 diem
2527 5055 2599 5111 de
2618 5055 2862 5111 sabbato
2895 5055 3231 5126 retinentes,
3261 5060 3318 5111 et
3349 5072 3535 5126 usque
3566 5055 3630 5110 in
3664 5056 3853 5112 ﬁnem

2188 5145 2433 5202 retinere
2465 5142 2907 5215 cupientes,hic
2938 5144 3305 5200 subscribere
3335 5142 3678 5200 curavimus
3696 5142 3852 5215 quid

2187 5306 2379 5362 verbis
2410 5306 2483 5361 ab
2518 5309 2764 5377 auctore
2812 5295 3211 5377 conscriptum
3267 5304 3481 5361 fuisse:
3542 5305 3664 5360 Illis
3694 5307 3855 5361 mins

2187 5377 2318 5433 data
2346 5385 2477 5433 sunt
2505 5376 2624 5435 haec
2643 5376 2979 5435 observanda
2994 5376 3061 5432 iii
3073 5378 3395 5437 memoriam
3414 5376 3643 5433 illorum
3658 5388 3855 5448 ϐρτσο

2187 5450 2359 5581 genis
2416 5465 2485 5505 ea:
2529 5451 2758 5524 Afgypm
2812 5449 2967 5507 nobis
3012 5451 3202 5506 autem
3258 5451 3318 5504 in
3368 5450 3698 5507 memoriam
3732 5452 3853 5504 etc.

2239 5536 2353 5577 nrr.
