4086 6168
252 312 364 383 937

1231 318 1651 393 ADVERSUS
1698 328 2155 395 Gil/ECORUM
2200 333 2678 398 CALUMNIAS.

3528 340 3651 405 938
3692 310 3693 313 γ

248 469 427 526 super
455 452 562 509 hoc
585 455 878 511 senserint
897 460 950 511 et
972 454 1441 516 confirmaverint
1462 461 1642 517 nostri
1667 462 1891 537 antiqui
1920 470 1973 535 Α
2003 469 2292 534 nostrum,
2317 465 2434 523 imo
2454 467 2633 523 totius
2657 464 2951 523 catholicas
2968 466 3235 525 Ecclesiae
3258 472 3476 544 pascha
3494 491 3648 541 esse.

249 549 305 598 et
333 541 695 598 venerabiles
723 543 944 600 Patres.
969 544 1050 600 Ex
1081 562 1329 617 quorum
1353 566 1598 605 numero
1630 551 1894 609 beatissi-

246 647 380 687 mus
411 646 562 703 papa
586 630 879 701 Silvester,
903 634 1099 707 magni
1116 635 1481 711 Constantini
1501 639 1747 711 Augusti
1774 640 1892 713 spi-

245 719 477 775 ritualis
506 723 690 791 pater,
722 720 874 777 inter
904 721 1021 779 alia
1050 723 1193 779 dixit
1225 742 1237 780 :
1272 749 1299 775 ‹‹
1331 726 1389 780 Si
1421 727 1611 782 omnis
1638 728 1895 786 Domini-

242 823 348 865 cus
368 808 495 864 dies
515 810 957 867 resurrectionis
973 814 1161 884 gratia
1177 818 1266 869 est
1290 813 1567 871 colendus
1597 816 1656 870 in
1679 816 1892 888 gaudio

240 896 710 954 Christianorum
746 913 760 955 :
789 899 982 955 omnis
1013 916 1149 974 ergo
1175 902 1399 958 sabbati
1428 904 1554 959 dies
1576 904 1890 977 sepulturae

240 986 619 1057 deputandus
651 991 742 1043 est
768 988 826 1042 in
861 990 1258 1046 exsecratione
1281 991 1638 1049 Judazorum.
1674 993 1890 1051 Omnes

238 1074 399 1130 cnim
450 1073 724 1147 discipuli
756 1076 986 1133 Domini
1011 1078 1265 1134 Sabbato
1297 1079 1495 1135 ﬂetum
1536 1082 1886 1150 habuerunt,

236 1162 541 1234 sepultum
573 1163 890 1220 Dominum
930 1167 1316 1239 suspirautes,
1358 1174 1415 1224 et
1441 1170 1659 1225 Judaais
1690 1171 1887 1226 exsul-

238 1253 507 1308 tantibus
538 1250 737 1309 lzetitia
764 1254 971 1310 inerat.
1006 1256 1302 1328 Apostolis
1341 1263 1533 1314 autem
1564 1259 1886 1331 jejunanti-

235 1341 353 1398 bus
383 1341 624 1398 tristitia
644 1342 989 1415 imperabat.
1021 1345 1349 1402 Tristemur
1370 1349 1568 1419 itaque
1590 1365 1721 1404 cum
1753 1348 1887 1405 tris-

235 1430 503 1486 tantihus
534 1431 607 1487 de
638 1429 943 1503 sepultura
973 1432 1228 1499 Domini,
1251 1435 1301 1489 si
1330 1434 1603 1492 volumus
1626 1452 1757 1492 cum
1791 1435 1883 1502 iis,

234 1520 371 1575 dem
395 1519 468 1576 de
491 1518 719 1576 Domini
743 1522 1164 1578 resurrectione
1186 1523 1458 1595 gaudere.
1498 1524 1695 1597 Neque
1729 1524 1885 1582 enim

237 1608 328 1663 fas
360 1612 451 1664 est
478 1613 545 1664 ut
574 1608 1001 1666 destructiones
1023 1610 1287 1666 ciborum
1311 1617 1367 1667 et
1396 1613 1760 1670 caarimonias
1782 1614 1884 1673 Ju~

235 1698 502 1753 decorum
533 1713 689 1753 more
718 1697 964 1754 Judaico
981 1700 1377 1757 observemus.
1405 1723 1433 1750 ››
1454 1704 1586 1757 Haec
1613 1706 1669 1758 et
1689 1702 1781 1759 his
1803 1702 1886 1758 si-

232 1780 403 1841 milia
431 1785 653 1842 dicente
684 1790 887 1842 sancto
921 1786 1221 1859 Silvestro,
1240 1805 1355 1845 non
1387 1789 1608 1861 placuit
1636 1790 1880 1864 quibus-

228 1878 366 1931 dam
395 1874 791 1931 Orientalibus
821 1875 936 1931 ista
957 1876 1192 1932 traditio
1223 1876 1549 1950 apostolicae
1570 1879 1748 1951 sedis,
1782 1880 1883 1936 sed

226 1960 421 2034 magis
434 1962 738 2037 elegerunt
749 1961 1040 2021 celebrare
1055 1965 1366 2021 sabbatum
1383 1983 1518 2023 cum
1532 1968 1883 2026 JudaeisCu-

215 2054 322 2124 jus
344 2050 649 2109 sententiae
681 2053 1039 2109 concordans
1063 2058 1304 2111 sanctus
1334 2073 1486 2129 papa
1506 2057 1880 2114 Innocentius

224 2143 311 2198 ait
342 2159 355 2197 :
382 2165 409 2193 α
432 2142 690 2198 Sabbato
703 2142 1096 2214 jejunandum
1119 2160 1247 2200 esse
1273 2145 1419 2200 ratio
1441 2145 1881 2203 evidentissima

223 2231 617 2286 demonstrat.
669 2230 817 2286 Nam
848 2231 897 2285 si
940 2230 1092 2287 diem
1124 2231 1497 2288 Dominicum
1538 2234 1611 2290 ob
1641 2250 1877 2290 venera-

222 2319 453 2374 tionem
504 2318 950 2375 resurrectionis
999 2319 1229 2375 Domini
1271 2322 1455 2377 nostri
1492 2322 1631 2378 Jesu
1662 2323 1877 2379 Christi

218 2424 350 2464 non
395 2406 595 2463 solum
644 2407 705 2462 in
750 2404 976 2479 pascha
1032 2406 1414 2477 celebramus,
1460 2426 1659 2466 verum
1697 2410 1874 2468 etiam

215 2513 329 2571 per
358 2496 628 2569 singulas
660 2492 1160 2552 hebdomadarum
1194 2497 1382 2571 ipsius
1412 2498 1524 2555 diei
1557 2498 1875 2573 imaginem

211 2588 693 2657 frequentamus,
752 2602 818 2640 ac
872 2588 1035 2641 sexta
1071 2580 1216 2643 feria
1261 2592 1499 2660 propter
1540 2589 1873 2661 passionem

213 2674 461 2732 Domini
495 2675 864 2746 jejunamus,
916 2674 1247 2731 Sabbatum
1284 2678 1725 2749 praetermittere
1756 2696 1873 2736 non

210 2764 533 2832 debemus,
568 2762 723 2835 quod
754 2763 907 2819 inter
926 2764 1228 2820 tristitiam
1261 2771 1434 2839 atque
1456 2766 1714 2823 lmtitiam
1734 2773 1876 2824 tem-

210 2853 381 2927 poris
408 2851 569 2908 illius
599 2849 831 2907 videtur
857 2851 1175 2908 inclusum.
1219 2854 1381 2919 Quod
1418 2855 1621 2928 utique
1647 2861 1876 2914 constat

210 2941 519 3017 apostolos
559 2940 738 2995 biduo
778 2939 891 2995 isto
923 2943 981 2996 et
1010 2940 1069 2996 in
1104 2956 1350 2997 maerore
1382 2942 1582 3013 fuisse,
1615 2949 1671 3001 et
1700 2962 1874 3019 prop-

208 3038 298 3088 ter
312 3033 545 3086 metum
564 3029 900 3085 Judesorum
924 3044 985 3085 se
996 3028 1511 3095 occuluisse.Quod
1534 3034 1737 3105 utique
1757 3050 1874 3091 non

210 3121 473 3176 dubium
496 3122 603 3187 est,
623 3122 681 3174 et
695 3118 753 3173 in
766 3122 998 3174 tantum
1016 3136 1114 3175 eos
1128 3119 1431 3191 jejunasse
1450 3121 1625 3177 biduo
1648 3138 1868 3179 memo-

2004 555 2165 620 Quod
2199 554 2269 623 si,
2303 557 2453 627 quod
2498 556 2689 612 absit!
2737 556 3111 630 pertinaciter
3158 562 3646 636 contradixeritis,

2003 642 2469 700 auscultabimus
2514 645 2712 717 ipsum
2773 644 3088 702 Dominum
3138 650 3405 705 nostrum
3443 650 3649 708 Jesum

2001 730 2300 787 Christum
2332 732 2416 788 sic
2446 750 2583 789 suos
2615 739 3072 805 prmmonentem
3094 735 3166 791 de
3185 735 3650 808 pseudochristis

2001 823 2057 875 et
2103 821 2627 893 pseudoprophetis
2660 837 2673 877 :
2712 844 2737 871 ‹‹
2769 822 2828 877 Si
2861 824 2993 894 quis
3033 824 3196 880 vobis
3225 826 3433 881 dixerit
3463 844 3476 883 :
3509 825 3653 885 Ecce

2001 907 2096 963 hic
2127 912 2215 964 est
2246 908 2534 977 Christus,
2577 914 2677 967 aut
2716 927 2847 967 ecce
2876 910 2993 967 illic
3027 929 3040 967 :
3081 912 3260 969 nolite
3307 914 3413 985 ire,
3458 932 3651 993 neque

2001 997 2303 1052 sectamini
2334 998 2483 1069 (Luc.
2517 1015 2653 1068 xvu,
2684 1000 2795 1071 23).
2823 1022 2850 1049 »
2879 1001 3040 1063 Quod
3060 1017 3192 1056 vero
3224 1001 3417 1059 dicitis
3448 1002 3648 1060 Domi-

1999 1102 2142 1140 num
2165 1085 2390 1155 Jesum,
2415 1086 2701 1144 celebrato
2732 1091 2921 1143 vetere
2951 1088 3186 1160 pascha,
3222 1107 3437 1151 novum
3470 1090 3645 1147 disci-

1998 1173 2153 1243 pulis
2183 1174 2308 1230 suis
2331 1174 2746 1231 celebrandum
2764 1176 3077 1232 tradidisse
3110 1194 3123 1231 :
3159 1178 3290 1250 quis
3320 1178 3554 1251 sapiens
3584 1178 3645 1235 id

1998 1262 2214 1335 negat?
2243 1263 2353 1319 Sed
2390 1263 2532 1319 illud
2569 1265 2721 1336 quod
2754 1264 2971 1333 dicitis,
3017 1264 3331 1321 Dominum
3377 1272 3643 1325 nostrum

1995 1351 2198 1407 Jesum
2229 1351 2523 1409 Christum
2547 1354 2674 1408 ideo
2696 1354 3110 1410 circumcisum
3142 1360 3199 1412 et
3227 1358 3393 1413 vetus
3424 1355 3646 1430 pascha

1997 1438 2318 1497 celebrasse
2346 1458 2415 1497 ne
2438 1443 2608 1514 juxta
2638 1440 2824 1516 legem
2876 1442 3231 1499 inveniretur
3272 1443 3389 1501 Deo
3421 1446 3647 1502 contra-

1998 1527 2141 1595 rius,
2180 1528 2312 1599 quis
2345 1546 2607 1602 unquam
2638 1547 2819 1586 ausus
2848 1530 2959 1587 erit
2988 1532 3268 1600 astruere,
3301 1530 3418 1588 nisi
3465 1532 3647 1589 mani-

1995 1616 2180 1672 festus
2223 1616 2576 1674 haereticus?
2614 1620 2677 1674 In
2715 1619 2825 1675 hoc
2856 1619 3012 1679 enim
3049 1619 3329 1676 videmini
3378 1637 3645 1694 pervense

1993 1721 2128 1761 cum
2160 1705 2518 1762 Marcionitis
2537 1711 2594 1761 et
2626 1706 2966 1767 Manichzeis
2999 1710 3217 1764 sentire
3249 1708 3429 1765 alium
3459 1714 3646 1767 Deum

1988 1797 2241 1850 veterem
2260 1793 2469 1867 legem,
2490 1793 2670 1849 alium
2694 1812 2902 1851 novam
2920 1795 3171 1865 dedisse;
3196 1788 3277 1865 et,
3294 1800 3359 1852 ut
3383 1798 3643 1870 apertius

1992 1882 2204 1949 dicam,
2234 1883 2418 1938 Deum
2452 1882 2674 1938 malum
2707 1887 2764 1938 et
2796 1885 2975 1939 Deum
2997 1884 3218 1940 bonum
3248 1884 3426 1942 vultis
3457 1884 3642 1945 intro-

1992 1972 2222 2027 ducere.
2255 1974 2325 2027 Et
2354 1988 2426 2027 ne
2455 1970 2539 2025 illi
2572 1970 2749 2043 malo,
2790 1972 2901 2028 hoc
2946 1976 3035 2029 cst
3065 1973 3180 2031 Deo
3235 1974 3635 2045 tenebrarum,

1989 2059 2181 2117 bonus
2209 2061 2319 2118 iste
2349 2060 2502 2116 Deus
2532 2058 2682 2115 lucis
2731 2060 3093 2117 inveniretur
3131 2061 3521 2132 adversarius,
3580 2066 3638 2123 et

1988 2148 2370 2205 circumcisus
2387 2148 2498 2203 fuit
2512 2152 2568 2205 et
2588 2148 2900 2206 celebravit
2920 2150 3143 2222 pascha
3168 2153 3354 2208 vetus.
3378 2150 3446 2208 Et
3466 2148 3636 2225 quasi

1988 2237 2250 2292 devitans
2269 2237 2425 2293 illius
2446 2236 2698 2311 tyranni,
2719 2237 2879 2294 velut
2896 2238 3150 2296 fortioris
3172 2256 3253 2309 se,
3276 2240 3425 2296 iram
3446 2240 3638 2299 incur-

1986 2344 2131 2395 rere,
2164 2327 2233 2382 ad
2266 2331 2499 2400 tempus
2523 2325 2824 2384 simulavit
2846 2345 2907 2385 se
2936 2327 3123 2401 legem
3145 2328 3272 2400 ejus
3303 2329 3632 2389 observare.

1985 2417 2097 2473 Sed
2130 2416 2287 2471 absit
2318 2419 2439 2471 tam
2471 2416 2811 2489 pestiferum
2843 2416 3003 2473 virus
3034 2434 3067 2472 a
3096 2416 3358 2474 fidelium
3392 2418 3635 2493 auribus

1985 2508 2041 2560 et
2070 2504 2363 2573 cordibus,
2409 2509 2474 2560 ut
2509 2503 2597 2559 vel
2647 2504 2978 2577 suspicetur
3022 2504 3239 2580 aliquis
3279 2505 3503 2579 aliquid
3536 2503 3636 2563 ali-

1983 2593 2217 2667 quando
2236 2591 2548 2649 simulasse
2569 2591 3026 2665 omnipotentem
3042 2597 3098 2649 et
3120 2594 3229 2649 sim
3237 2594 3630 2666 plicissimam

1982 2683 2321 2750 Veritatem,
2346 2699 2470 2754 quas
2500 2685 2589 2736 est
2609 2679 2876 2739 Christus
2900 2685 3047 2736 Deus
3069 2685 3282 2750 noster,
3319 2685 3422 2737 aut
3443 2681 3628 2743 alium

1982 2772 2192 2827 veteris
2222 2770 2367 2843 legis
2388 2786 2537 2839 esse,
2568 2768 2748 2825 alium
2774 2784 2935 2824 novae
2963 2768 3288 2825 auctorem!
3325 2785 3460 2828 cum
3498 2769 3630 2843 ipsa

1981 2859 2207 2915 Veritas
2228 2862 2598 2931 protestetur,
2618 2857 2816 2913 dicens
2841 2874 2853 2913 :
2882 2880 2909 2907 «
2925 2855 3111 2913 Nolite
3122 2862 3328 2929 putare
3344 2859 3625 2931 quoniam

1980 2948 2112 3005 veni
2144 2947 2362 3004 solvere
2384 2946 2571 3020 legem
2595 2951 2697 3001 aut
2717 2944 3065 3023 prophetas:
3090 2964 3206 3004 non
3237 2949 3368 3004 veni
3400 2946 3622 3007 solvere

1980 3036 2189 3110 legem,
2222 3036 2322 3091 sed
2344 3034 2663 3107 adimplere
2684 3034 2892 3107 (Matth.
2925 3051 2977 3091 ν.
3012 3038 3133 3107 17);
3171 3059 3198 3086 ››
3231 3040 3288 3093 et
3317 3034 3630 3095 Psalmista

1982 3126 2137 3181 dicat
2182 3143 2195 3181 :
2238 3146 2266 3174 «
2307 3125 2535 3180 Etenim
2581 3123 3045 3180 benedictionem
3112 3125 3274 3182 dabit
3318 3118 3620 3198 legislator

210 3206 407 3277 ratur,
444 3211 510 3263 ut
536 3207 772 3263 traditio
804 3206 1067 3263 Ecclesiae
1098 3208 1309 3264 habeat
1338 3209 1448 3265 isto
1470 3209 1649 3267 biduo
1680 3227 1869 3268 sacra—
1897 3194 1941 3261 C
1981 3212 2152 3285 (Psal.
2186 3230 2416 3283 Lxxxm,
2438 3212 2516 3284 8).
2552 3236 2580 3263 »
2603 3212 2821 3269 Deinde
2851 3213 2981 3284 subj
2994 3212 3244 3270 unxistis
3276 3231 3290 3270 :

207 3292 424 3355 menta
452 3297 686 3369 penitus
724 3312 839 3351 non
863 3294 1162 3353 celebrari.
1186 3298 1319 3361 Quae
1346 3297 1532 3353 forma
1555 3299 1754 3371 utique
1770 3316 1873 3374 per

208 3382 497 3458 singulas
526 3382 923 3441 hebdomadas
939 3389 996 3441 et
1019 3386 1537 3459 tenenda,propter
1550 3389 1704 3460 quod
1721 3405 1874 3445 com-

207 3472 571 3529 memoratio
601 3473 714 3530 diei
748 3472 911 3530 illius
941 3489 1173 3546 semper
1201 3478 1291 3531 est
1310 3470 1675 3531 celebranda.
1710 3477 1870 3542 Quod

208 3561 451 3636 putatis
480 3560 663 3618 semel
687 3567 862 3635 atque
889 3579 1005 3618 uno
1030 3563 1285 3619 Sabbato
1299 3563 1714 3635 jejunandum,
1736 3581 1872 3639 ergo

209 3656 267 3707 et
298 3651 437 3707 dies
469 3650 773 3707 Dominica
793 3654 850 3707 et
880 3656 1044 3708 sexta
1075 3651 1217 3707 feria
1238 3651 1418 3708 semel
1442 3652 1501 3707 in
1533 3653 1751 3726 pascha
1767 3657 1876 3712 erit

208 3741 430 3813 utique
463 3738 832 3797 celebranda.
855 3738 916 3796 Si
939 3745 1132 3797 autem
1156 3740 1468 3796 Dominicis
1500 3741 1612 3797 diei
1645 3757 1711 3798 ac
1743 3758 1875 3799 sex-

208 3824 281 3885 ta
304 3828 479 3885 ferite
505 3844 609 3903 per
633 3827 899 3901 singulas
923 3828 1320 3886 hebdomadas
1343 3830 1667 3903 reparanda
1684 3831 1877 3904 imago

206 3921 324 3991 est,
347 3916 646 3975 dementis
658 3923 767 3985 est,
786 3916 950 3974 bidui
969 3932 1137 3990 agere
1158 3919 1599 3990 consuetudine,
1622 3919 1876 3976 Satibato

209 4007 646 4081 praetermisso,
681 4020 814 4063 cum
848 4024 964 4063 non
995 4004 1291 4079 disparem
1332 4023 1571 4063 causam
1603 4007 1815 4064 habeat
1845 4025 1880 4065 a

209 4102 390 4153 sexta
434 4094 705 4151 videlicet
748 4094 893 4152 feria
941 4096 1001 4151 in
1051 4112 1171 4167 qua
1212 4095 1495 4151 Dominus
1526 4112 1737 4168 passus
1767 4102 1875 4166 est,

210 4184 464 4259 quando
488 4190 543 4240 et
572 4185 727 4257 apud
750 4184 969 4241 inferos
997 4184 1130 4251 fuit,
1162 4186 1227 4240 ut
1247 4184 1339 4240 die
1367 4184 1540 4240 tertia
1570 4201 1878 4258 resurgens

208 4268 496 4331 redderet
516 4272 802 4343 lmtitiam,
826 4278 960 4346 post
982 4272 1301 4329 biduanam
1332 4274 1747 4345 praecedentem
1779 4274 1880 4329 tri-

210 4362 478 4420 stitiam.
510 4360 639 4418 Non
670 4377 806 4435 ergo
837 4379 943 4419 nos
965 4377 1248 4435 negamus
1267 4366 1427 4418 sexta
1448 4362 1878 4434 feriajejunan-

210 4453 396 4521 dum,
430 4452 534 4507 sed
586 4450 838 4508 dicimus
870 4451 929 4507 in
959 4451 1212 4509 Sabbato
1252 4449 1360 4507 hoc
1391 4452 1706 4524 agendum,
1742 4451 1881 4525 quia

2054 3304 2149 3359 IX.
2165 3301 2901 3358 CONSTANTINOPOLITANUS.
2917 3302 2986 3357 Et
2998 3301 3106 3359 hoc
3121 3303 3500 3361 manifestum
3513 3304 3628 3379 est,

1981 3391 2153 3461 sicut,
2182 3392 2240 3445 in
2272 3388 2581 3462 Evangelio
2612 3391 2938 3446 secundum
2972 3390 3337 3461 Matthaeum,
3370 3392 3443 3449 de
3474 3407 3628 3465 mys-

1980 3480 2096 3536 tica
2124 3497 2287 3535 coena
2314 3478 2582 3550 loquens,
2611 3477 2967 3552 evangelista
2997 3480 3082 3536 sic
3114 3495 3350 3554 quoque
3381 3479 3578 3552 inquit
3609 3496 3633 3537 :‘

1983 3592 2011 3621 ‹‹
2046 3569 2243 3625 Prima
2271 3572 2465 3625 autem
2489 3568 2581 3622 die
2602 3583 2939 3640 azymorum
2962 3572 3335 3625 accesserunt
3355 3566 3629 3642 discipuli

1984 3659 2056 3714 ad
2087 3658 2289 3715 Jesum
2315 3656 2611 3713 dicentes:
2636 3654 2744 3712 Ubi
2778 3656 2866 3713 vis
2896 3673 3171 3729 paremus
3197 3655 3304 3711 tibi
3326 3657 3631 3713 comedere

1983 3747 2246 3820 pascha?
2265 3745 2372 3813 Qui
2402 3746 2482 3801 ait
2514 3761 2527 3800 :
2563 3742 2643 3799 Ite
2668 3744 2727 3800 in
2760 3744 3049 3800 civitatem
3088 3745 3161 3800 ad
3210 3745 3548 3819 quemdam,
3573 3745 3633 3800 et

1985 3836 2158 3892 dicite
2187 3834 2238 3890 ei
2273 3851 2285 3890 :
2315 3834 2572 3906 Tempus
2611 3849 2808 3889 meum
2840 3848 3019 3904 prepe
3049 3835 3158 3901 est,
3194 3831 3349 3907 apud
3394 3836 3450 3888 te
3482 3830 3635 3889 facio

1985 3924 2203 3997 pascha
2233 3939 2365 3977 cum
2397 3920 2703 3993 discipulis
2735 3920 2879 3976 meis
2910 3919 3118 3991 (Matth.
3142 3936 3296 3989 xxvx,
3333 3919 3420 4003 i7,
3456 3920 3566 3993 18).
3599 3926 3632 3971 ai

1986 4014 2055 4069 Et
2082 4016 2215 4084 post
2243 4009 2524 4083 pusilium
2551 4026 2565 4065 :
2599 4032 2626 4060 ‹‹
2665 4008 2910 4080 Vespere
2940 4011 3139 4065 autem
3184 4007 3335 4065 facto
3367 4008 3629 4065 discum-

1985 4101 2161 4157 bebat
2190 4116 2324 4155 cum
2355 4098 2621 4154 dodecim
2668 4094 2973 4171 discipulis
3014 4097 3161 4168 suis,
3211 4102 3269 4154 et
3325 4097 3634 4156 edentibus

1984 4189 2101 4246 illis
2131 4188 2312 4244 dixit:
2337 4188 2522 4243 Amen
2552 4187 2680 4242 dico
2704 4184 2893 4257 vobis,
2915 4185 3058 4259 quia
3078 4203 3232 4245 unus
3250 4190 3513 4246 vestrum
3539 4198 3634 4247 me

1984 4278 2308 4335 traditurus
2337 4280 2427 4333 est
2455 4275 2637 4349 (Ibid,
2656 4275 2747 4344 20,
2777 4276 2891 4349 2t).
2926 4298 2955 4327 »
2987 4276 3053 4333 Et
3076 4281 3209 4350 post
3224 4276 3528 4349 pusillum,
3550 4276 3636 4333 di-

1988 4366 2348 4424 centeJuda:
2374 4388 2402 4417 ‹‹
2426 4360 2701 4439 Nunquid
2719 4382 2823 4439 ego
2846 4382 3003 4436 sum,
3026 4365 3214 4423 Rabbi
3232 4366 3259 4420 ?
3276 4364 3583 4437 (Ibid.,25),
3604 4384 3628 4414 ι

1990 4456 2131 4512 dicit
2159 4454 2211 4511 ei
2245 4473 2259 4512 :
2287 4477 2315 4506 ‹‹
2348 4455 2431 4511 Tu
2465 4453 2661 4511 dixisti
2693 4454 2875 4527 (Ibid.,
2908 4456 3032 4524 ἰὼ).
3078 4476 3107 4507 »
3142 4454 3267 4510 Huc
3316 4469 3505 4525 usque
3534 4451 3632 4508 Dei

210 4544 405 4598 ambo
434 4539 562 4596 dies
592 4538 894 4596 tristitiam
936 4539 1215 4630 apostolis
1232 4544 1295 4630 et
1324 4539 1418 4597 his
1449 4540 1552 4612 qui
1581 4540 1877 4630 Christum
1910 4562 1957 4630 Β
1988 4545 2268 4613 hominis,
2300 4544 2572 4600 universa
2600 4542 2804 4616 legalis
2845 4542 3074 4615 pascha
3108 4546 3267 4598 sunt.
3318 4541 3538 4630 Deinde
3566 4552 3635 4598 ea

209 4629 415 4687 secuti
437 4632 578 4685 sunt
600 4630 957 4697 indixerunt,
977 4628 1099 4702 qui,
1125 4629 1216 4685 die
1228 4626 1530 4686 Dominico
1553 4628 1876 4701 exhilarati,

209 4736 342 4775 non
376 4715 573 4774 solum
608 4717 805 4790 ipsum
859 4712 1305 4775 festivissimum
1344 4733 1472 4773 esse
1508 4716 1762 4788 voluere,
1794 4734 1886 4775 ve-

210 4822 361 4863 rum
395 4806 574 4862 etiam
607 4822 708 4879 per
729 4822 933 4864 omnes
956 4806 1358 4863 hebdomadas
1389 4806 1886 4879 frequentandum

210 4913 357 4952 esse
391 4895 705 4951 duxerunt.
738 4895 884 4951 Hinc
917 4897 1044 4967 jam
1079 4894 1304 4967 reliqua
1341 4900 1535 4952 vestra
1564 4894 1720 4952 dicta
1766 4896 1886 4953 dis-

213 4985 552 5041 cutiamus.

292 5068 429 5127 VII.
461 5073 1200 5130 Cous'rammoronrmuus.
1223 5070 1500 5129 Nostrum
1522 5091 1654 5130 vero
1671 5072 1890 5146 pascha

213 5160 502 5217 Christus
523 5165 630 5217 est.
670 5160 801 5229 Qui,
852 5165 917 5218 ut
948 5179 1062 5219 non
1086 5163 1257 5234 juxta
1295 5162 1483 5236 legem
1532 5163 1893 5219 inveniretur

214 5248 629 5320 adversarius,
660 5254 717 5305 et
737 5249 1123 5308 circumcisus
1144 5256 1251 5319 est,
1274 5256 1332 5308 et
1354 5250 1537 5325 legale
1556 5251 1775 5325 pascha
1796 5266 1888 5308 ce-

214 5335 485 5394 lebravit
542 5337 838 5411 primitus,
892 5339 999 5410 sic,
1050 5339 1171 5410 illo,
1224 5340 1578 5414 discedente,
1621 5345 1889 5396 nostrum

215 5438 455 5484 novum
487 5431 766 5498 operatus
796 5431 904 5484 est.

302 5516 457 5575 ναι.
505 5516 811 5574 Romanus.
845 5518 1008 5584 Quod
1056 5518 1325 5576 Christus
1370 5523 1631 5577 vestrum
1670 5519 1893 5595 pascha

214 5606 337 5683 sit,
367 5605 569 5666 sciatis
599 5624 706 5666 nos
726 5607 811 5664 ita
829 5609 1162 5678 concedere,
1194 5609 1245 5667 si
1264 5626 1398 5669 eum
1421 5606 1684 5669 asseritis
1713 5610 1892 5669 etiam

560 5736 829 5827 ganea,
873 5735 1136 5825 CXLIII,

1990 4651 2116 4707 quas
2147 4632 2377 4706 mystici
2405 4637 2462 4689 et
2490 4632 2672 4688 nostri
2711 4634 2867 4698 sunt,
2901 4630 3130 4686 addidit
3170 4628 3545 4702 evangelista,
3576 4631 3637 4685 et

1992 4723 2135 4779 dixit
2159 4739 2171 4778 :
2197 4746 2222 4773 «
2250 4719 2568 4777 Edentibus
2588 4724 2781 4776 autem
2798 4718 2937 4788 illis,
2962 4717 3183 4791 accepit
3210 4718 3386 4775 Jesus
3401 4726 3635 4792 panem,

1993 4811 2164 4884 fregit
2192 4816 2249 4866 et
2277 4809 2438 4865 dedit
2465 4806 2769 4879 discipulis
2801 4806 2950 4875 suis,
2981 4810 3038 4862 et
3068 4806 3215 4863 dixit
3246 4824 3259 4865 :
3295 4807 3551 4880 Accipite
3578 4808 3640 4865 et

1994 4900 2297 4969 comedite,
2321 4898 2431 4954 hoc
2452 4900 2541 4953 est
2559 4913 2769 4969 corpus
2792 4911 3011 4963 meum,
3032 4896 3189 4968 quod
3213 4913 3319 4969 pro
3339 4897 3505 4954 vobis
3525 4900 3640 4952 tra-

1997 4990 2188 5045 detur.
2242 4989 2312 5044 Et
2366 4985 2656 5057 accipiens
2723 4983 2962 5041 calicem
2994 4984 3214 5059 gratias
3251 4987 3368 5060 egit
3395 4989 3452 5043 et
3480 4984 3642 5042 dedit

1996 5078 2079 5135 eis
2128 5078 2325 5133 dicens
2361 5092 2373 5131 :
2408 5074 2594 5130 Bibite
2632 5089 2701 5129 ex
2730 5089 2796 5129 eo
2828 5090 3031 5130 omnes
3079 5092 3092 5131 :
3144 5074 3238 5130 hic
3280 5078 3368 5130 est
3396 5071 3637 5145 sanguis

1997 5182 2164 5223 meus
2191 5166 2333 5221 Novi
2364 5162 2724 5220 Testamenti
2754 5162 2959 5234 (Matth.
2994 5180 3145 5231 xxvx,
3176 5164 3247 5217 26
3280 5179 3293 5231 ;
3326 5164 3451 5217 Luc.
3494 5175 3636 5231 xxxi,

1998 5254 2206 5326 47—20).
2267 5251 2521 5309 Dicendo
2553 5250 2733 5317 enim,
2764 5252 2920 5319 Novi,
2953 5251 3208 5308 ostendit
3255 5248 3534 5321 quoniam
3568 5262 3638 5305 ea

1999 5361 2126 5416 quae
2162 5343 2381 5399 Veteris
2411 5342 2647 5397 fuerunt
2674 5340 3025 5397 Testamenti
3064 5341 3457 5395 cessaverunt.

2070 5431 2137 5486 Χ.
2171 5432 2624 5487 ΗοΜΑΝυεΉεευ
2645 5428 2842 5485 omnia
2863 5443 2977 5483 non
3009 5444 3043 5483 a
3069 5425 3257 5495 vobis,
3289 5426 3391 5482 sed
3423 5442 3457 5483 ι
3487 5440 3643 5484 verso

2001 5519 2165 5577 cibus
2190 5518 2575 5593 Evangelistis
2596 5517 2948 5592 conscripta,
2965 5520 3023 5572 et
3051 5516 3123 5573 ab
3153 5516 3430 5574 omnibus
3448 5516 3641 5576 ertheo

2002 5607 2166 5670 doxis
2196 5608 2466 5669 Patribus
2514 5611 2851 5666 constanter
2889 5605 3198 5684 pradicata
3225 5607 3544 5682 credimus,
3586 5602 3646 5665 et

3251 5737 3331 5806 30

3256 5806 3332 5824 Δ...Δ
