4090 6176
387 299 508 362 939

1401 287 1888 368 HUMBERTUS
1935 291 1998 350 s.
2049 290 2122 350 ιι.
2167 289 2238 349 E.
2286 287 2776 354 CARDINALIS.

3676 285 3794 349 940

389 431 584 501 ipsum
617 424 932 483 Dominum
957 427 1225 482 nostrum
1254 423 1458 480 Jesum
1489 423 1787 479 Christum
1821 425 2029 493 quarta

2148 438 2340 492 panes,
2376 421 2550 494 ἀρτους
2582 430 2878 495 ὑποτέφρους
2916 421 3189 478 dicantur
3227 418 3574 487 comedisse,
3621 435 3796 489 ange-

388 517 617 573 de‘cima
645 516 787 571 luna
816 516 887 570 ad
916 530 1219 588 vesperam
1249 513 1465 586 pascha
1494 515 1660 568 vetus
1692 511 2029 582 perfecisse,

387 610 446 662 et
477 623 609 661 mox
638 621 854 660 novum
884 604 1190 660 inchoasse
1225 601 1629 676 praedicamus.
1673 601 2037 671 Quapropter

391 693 697 767 sequentia
720 693 1046 749 videamus.

461 784 553 838 XI.
584 788 1314 838 CONSTANTINOPOLITANUS.
1339 777 1593 850 Aspicite
1615 777 1903 850 quomodo
1936 793 2033 848 pa-

391 888 525 928 nem
557 888 768 944 corpus
799 887 972 927 suum
1001 871 1110 926 sub
1133 870 1290 926 Novo
1312 871 1661 924 testamento
1690 865 1930 932 vocavit,
1965 865 2037 920 si-

390 965 489 1018 cut
515 960 806 1016 vivificum
831 962 886 1015 et
907 957 1146 1031 plenum
1179 959 1408 1030 spiritu,
1443 962 1498 1012 et
1529 956 1680 1012 sicut
1698 954 1906 1010 caloris
1936 955 2034 1008 de-

390 1048 859 1105 monstrativum.
907 1047 1024 1103 Vos
1073 1047 1311 1119 quidem
1344 1062 1575 1118 panem,
1625 1062 1732 1100 nos
1761 1053 1909 1116 ἄρτον
1941 1042 2034 1096 di-

389 1137 600 1194 cimus.
629 1139 802 1200 Ἀρτςο
865 1138 1062 1191 autem
1085 1135 1504 1207 interpretatur
1536 1132 1792 1188 elevatus
1825 1135 1881 1187 et
1912 1148 2034 1186 sur-

387 1243 520 1282 sum
551 1227 819 1298 portatus
848 1242 881 1280 a
909 1224 1190 1279 fermento
1224 1227 1280 1278 et
1309 1222 1450 1289 sale,
1486 1221 1735 1276 calorem
1768 1224 1822 1275 et
1853 1219 2033 1275 eleva-

387 1315 607 1371 tionem
626 1314 871 1369 habens.
893 1315 1120 1384 Azymae
1150 1316 1346 1366 autem
1371 1309 1513 1366 nihil
1541 1309 1760 1365 distant
1778 1328 1812 1363 a
1839 1307 2032 1380 lapide

385 1403 512 1459 sine
542 1401 740 1458 anima
770 1405 826 1456 et
855 1400 978 1456 luto
1005 1399 1202 1455 lateris
1225 1400 1496 1454 deorsum
1523 1399 1845 1469 conjuncta
1869 1400 2031 1452 terra)

383 1495 440 1544 et
469 1491 623 1545 sicco
653 1489 777 1543 luto
808 1492 1177 1560 comparatae,
1213 1506 1337 1560 quze
1371 1504 1502 1542 cum
1537 1485 2033 1542 amaritudinibus

384 1579 612 1649 Moyses
669 1577 970 1632 comedere
1028 1577 1260 1632 miseris
1319 1575 1499 1632 semel
1558 1576 1616 1629 in
1671 1574 1869 1629 divina
1907 1573 2032 1644 lege

386 1666 691 1722 constituit
731 1683 743 1721 :
783 1664 1062 1737 quoniam
1092 1665 1258 1721 male:
1291 1665 1584 1737 passionis
1616 1668 1670 1717 et
1701 1661 2032 1718 tribulatio-

388 1755 480 1810 nis
506 1753 771 1827 symbola
788 1759 926 1809 sunt
946 1754 1352 1826 signiﬁcativa.

2144 509 2354 582 Iusque
2401 511 2578 567 Heliae
2623 512 2851 584 legatur
2897 511 2956 567 in
2987 511 3288 568 desertum
3345 508 3638 566 attulisse.
3685 508 3801 564 Sed

2145 598 2284 663 quid
2319 600 2546 656 multa?
2569 600 2628 656 in
2660 601 2784 675 lege
2813 606 2870 658 et
2900 601 2960 656 in
2985 600 3292 674 Evangelio
3324 599 3664 656 invenimus
3691 609 3806 665 τοὺς

2143 695 2316 759 ἄρτους
2347 699 2636 762 προθέσεως,
2662 691 2719 746 id
2739 695 2848 758 est,
2865 709 3037 763 panes
3053 693 3466 763 propositionis,
3488 707 3642 762 quos
3673 705 3804 762 asy-

2145 794 2272 834 mos
2294 779 2473 835 fuisse
2496 797 2665 836 nemo
2689 780 2940 848 dubitat,
2965 781 3064 853 qui
3084 781 3231 855 legis
3253 781 3520 837 Mosaicae
3543 779 3807 852 aliquam

2145 868 2413 924 notitiam
2468 873 2737 925 retentat.
2791 870 2898 924 Ubi
2955 871 3168 926 dicitur
3213 889 3226 927 :
3271 892 3300 921 ‹‹
3332 869 3537 926 Omnis
3584 867 3807 925 oblatio

2144 973 2270 1028 quae
2327 958 2569 1014 offertur
2607 958 2878 1026 Domino,
2929 959 3153 1032 absque
3199 959 3482 1015 fermento
3516 959 3617 1014 {iet
3650 975 3662 1014 :
3699 975 3806 1014 nec

2144 1046 2468 1117 quidquam
2487 1047 2753 1103 fermenli
2776 1064 2841 1103 ac
2862 1048 3054 1105 mellis
3072 1047 3401 1104 adolebitur
3421 1049 3478 1103 in
3508 1048 3802 1105 sacriﬁcio

2145 1136 2371 1192 Domini
2405 1137 2548 1208 (Leu.
2586 1155 2646 1202 ιι,
2684 1137 2794 1204 11).
2824 1160 2851 1186 ››
2884 1138 2950 1192 Et
2979 1137 3039 1193 in
3071 1138 3523 1194 Deuteronomio
3565 1138 3798 1212 Moyses

2142 1243 2413 1298 azymum
2443 1225 2686 1291 vocavit,
2718 1236 2866 1298 ἄρτον
2895 1237 3246 1295 ταπεινώσεως,
3277 1227 3335 1283 id
3361 1232 3454 1283 est
3480 1245 3686 1299 panem
3714 1233 3803 1300 al-

2139 1316 2419 1383 ﬂz‘ction-is.
2481 1315 2683 1369 Sermo
2740 1330 2972 1386 quoque
3029 1315 3262 1371 Domini
3310 1315 3381 1370 ad
3433 1316 3795 1373 Ezechielem

2142 1404 2330 1459 factus
2361 1403 2506 1459 dixit
2531 1421 2542 1458 :
2570 1427 2596 1453 ‹‹
2622 1404 2692 1458 Et
2712 1407 2776 1458 tu
2800 1403 2882 1458 ﬁli
2906 1403 3185 1475 hominis,
3209 1421 3377 1460 sume
3407 1405 3514 1461 tibi
3539 1407 3797 1464 frumen-

2143 1497 2290 1559 tum,
2326 1492 2635 1559 hordeum,
2672 1493 2890 1563 labam,
2931 1492 3172 1560 lentem,
3208 1493 3440 1550 milium
3482 1499 3540 1551 et
3568 1496 3796 1564 viciam,

2141 1585 2197 1636 et
2229 1581 2426 1636 mittes
2461 1579 2517 1635 in
2550 1597 2652 1636 vas
2696 1599 2906 1647 unum,
2939 1586 2997 1636 et
3028 1582 3204 1638 facies
3234 1582 3339 1638 tibi
3371 1601 3555 1656 panes
3585 1585 3794 1656 (Ezech.

2144 1687 2216 1736 IV,
2249 1670 2324 1738 Ο).
2363 1692 2390 1717 ››
2428 1669 2564 1723 Ecce
2596 1673 2715 1724 tam
2750 1669 2844 1725 hic
2875 1687 3052 1741 quam
3076 1671 3134 1725 in
3167 1672 3669 1743 subsequentibus
3696 1690 3797 1746 pa-

2145 1773 2248 1812 nes
2279 1756 2578 1824 dicuntur,
2613 1757 2710 1812 ubi
2746 1758 2907 1814 nulla
2937 1759 3208 1815 fermenti
3253 1761 3471 1816 mentio
3502 1761 3750 1818 habetur
3780 1778 3794 1818 :

458 1804 479 1810 _
506 1804 1352 1827 -.νηηνπηη--ο-----η--.η
2148 1804 2247 1812 --νη
2283 1804 2578 1824 -.ν----νη
2617 1804 2710 1812 _...
2748 1804 2907 1814 --.μα
2937 1804 3208 1815 -ν.-..ν..-.
3253 1804 3470 1816 ...νμυν
3502 1804 3740 1818 .............
3780 1805 3792 1818 .

458 1842 577 1899 XII.
612 1843 914 1898 Romanus.
949 1843 1012 1897 In
1044 1843 1153 1899 hac
1195 1847 1387 1899 vestra
1424 1842 1839 1914 disputatione,
1887 1838 2032 1894 illud
2063 1804 2112 1868 B
2145 1846 2203 1901 in
2228 1849 2458 1902 tantum
2482 1851 2546 1901 ut
2569 1846 2997 1917 subcinericus,
3022 1848 3382 1905 hordeaceus
3400 1849 3614 1906 ibidem
3631 1866 3792 1906 voce-

391 1918 621 1989 tantum
658 1932 1073 2003 approbemus,
1110 1933 1264 2004 quod
1297 1931 1581 1988 Dominus
1623 1932 1793 1986 Jesus
1825 1946 2034 2002 panem

387 2021 763 2078 benedictum
795 2024 851 2076 et
880 2021 1128 2077 fractum
1160 2022 1218 2076 in
1253 2021 1597 2077 memoriam
1630 2020 1721 2074 sui
1754 2019 1862 2074 sub
1892 2034 2036 2072 novo

388 2113 739 2168 testamento
784 2126 996 2182 corpus
1026 2127 1202 2166 suum
1248 2111 1492 2165 vocavit.
1529 2110 1597 2164 Et
1641 2109 1792 2180 quod
1845 2107 2037 2162 omnis

389 2200 560 2274 panis
591 2198 934 2270 hujusmodi
964 2198 1212 2254 viviﬁcet
1241 2203 1297 2253 et
1329 2199 1425 2253 det
1458 2198 1638 2252 vitam
1671 2197 1911 2263 mundo,
1944 2199 2036 2249 ut-

389 2293 525 2362 pote
554 2287 764 2360 plenus
804 2285 1012 2357 spiritu
1044 2291 1100 2341 et
1129 2286 1319 2342 calore
1357 2287 1459 2341 Dei
1491 2285 1622 2353 vivi,
1657 2289 1713 2340 et
1744 2285 1898 2357 quod
1931 2301 2038 2339 nos

389 2391 624 2452 panem,
655 2394 756 2433 vos
783 2386 933 2448 ἄρτον
977 2374 1170 2430 dicitis
1196 2393 1208 2441 ;
1245 2375 1473 2446 reliqua
1500 2391 1630 2429 vero
1663 2373 2040 2428 vehementer

391 2469 773 2534 detestamur,
807 2474 863 2526 et
890 2467 1047 2524 velut
1068 2465 1399 2520 haereticam
1429 2464 1743 2519 vanitatem
1777 2466 1834 2516 et
1865 2462 2039 2516 auda-

391 2559 543 2615 ciam
574 2558 789 2615 olentia
831 2562 1007 2630 atque
1049 2553 1406 2621 resonantia,
1451 2550 2035 2607 anathematizamus.

392 2647 532 2716 Quis
562 2649 720 2705 enim
751 2648 987 2704 audebit
1016 2661 1225 2717 panem
1257 2642 1596 2714 quemlibet,
1632 2641 1853 2712 absque
1883 2655 2040 2710 mys-

393 2738 541 2794 terio
572 2737 726 2809 quod
751 2753 930 2809 supra
963 2735 1239 2800 diximus,
1274 2747 1533 2788 asserere
1559 2729 1799 2802 plenum
1832 2727 2040 2800 spiritu

393 2831 451 2884 et
479 2827 831 2892 animatum,
854 2825 970 2880 nisi
1002 2822 1327 2896 discipulus
1359 2819 1703 2876 Manichaai?
1733 2817 1850 2888 Ipsi
1885 2819 2040 2871 enim

396 2915 717 2982 delirando,
751 2915 898 2971 sicut
929 2931 1061 2970 vere
1091 2909 1511 2986 pleniinsania,
1545 2907 1915 2979 impudenter
1944 2921 2041 2959 as-

396 3009 600 3061 serunt
621 3021 831 3077 panem
851 3007 908 3059 et
927 3003 1153 3071 vinum,
1177 3001 1425 3073 lignum,
1453 2998 1702 3070 lapidem
1727 2999 1782 3049 et
1801 2997 2039 3061 vestem,

397 3100 719 3168 ceteraque
741 3094 880 3152 talia
893 3094 1151 3150 animam
1177 3092 1410 3148 habere.
1439 3089 1587 3144 lllud
1611 3104 1841 3159 quoque
1863 3083 2039 3156 quod,

2143 1939 2258 1990 tur.
2311 1933 2752 2003 Verumtamen,
2787 1941 2851 1991 ut
2881 1938 2952 1992 de
2991 1937 3200 1993 vestris
3245 1937 3459 2009 aliquid
3499 1939 3784 2004 dicamus,

2146 2022 2342 2079 audite
2373 2023 2510 2095 quid
2531 2025 2791 2080 Joannes
2821 2025 3145 2081 monachus
3171 2030 3549 2082 Damascenus
3567 2026 3626 2081 in
3654 2025 3784 2082 lau-

2146 2113 2216 2168 de
2257 2112 2354 2168 Dei
2402 2113 2710 2169 Genitricis
2761 2114 2901 2169 dicit
2934 2131 2947 2170 Ζ
2984 2116 3061 2186 (8)
3104 2123 3232 2171 Ἐπεὶ
3286 2121 3399 2172 αὖτε
3452 2126 3548 2172 τῶν
3604 2125 3793 2188 βροτῶν

2147 2209 2284 2257 οὐσία
2339 2209 2415 2257 διὰ
2474 2213 2562 2260 σοῦ
2619 2210 2884 2273 ὁμιλίσασα
2960 2212 3068 2276 θείῳ
3133 2216 3249 2278 πυρί
3309 2214 3370 2270 ὡς
3444 2214 3635 2277 ἔγιυμα
3698 2205 3794 2276 (9),

2145 2299 2359 2360 πάναγνε
2416 2298 2640 2362 παρθένε,
2693 2299 2742 2358 ἐξ
2786 2296 2841 2347 οὗ
2887 2300 3049 2360 dim;
3097 2301 3325 2351 Θεοτόιον
3372 2302 3603 2362 ἀληθινὸν
3632 2302 3798 2366 διαφυ-

2145 2388 2380 2448 λάξαντα.
2404 2379 2550 2442 Quin
2575 2378 2751 2434 etiam
2776 2380 3046 2437 volumus
3070 2387 3134 2438 ut
3161 2383 3370 2439 dicatis
3395 2383 3800 2439 fermentatus-

2149 2485 2221 2523 ne
2252 2485 2490 2540 azymus
2521 2468 2599 2523 sit
2628 2469 2697 2523 de
2729 2485 2841 2540 quo
2873 2469 3148 2526 Salomon
3175 2471 3256 2528 ait
3285 2490 3298 2527 :
3333 2473 3544 2528 Suavis
3577 2476 3668 2528 est
3703 2472 3804 2528 ho-

2148 2557 2293 2612 mini
2327 2558 2494 2628 panis
2529 2557 2814 2612 mendacii
2844 2561 3026 2628 (Prov.
3058 2578 3151 2629 xx,
3188 2561 3298 2633 17).
3337 2584 3366 2611 ››
3397 2563 3467 2617 Et
3501 2580 3514 2617 :
3566 2585 3594 2612 ((
3630 2561 3807 2618 Panis

2149 2646 2526 2702 absconditus
2573 2648 2806 2702 suavior
2854 2653 2942 2703 est
2988 2649 3172 2720 (Prov.
3209 2651 3446 2722 111,17);
3502 2674 3530 2701 »
3579 2649 3810 2707 scilicet

2150 2751 2322 2806 quem
2357 2734 2569 2788 mulier
2591 2735 2771 2790 stulta
2794 2738 3167 2809 repromittit.
3192 2739 3262 2793 Et
3283 2738 3379 2794 hic
3409 2739 3567 2795 enim
3599 2744 3657 2796 et
3685 2739 3810 2796 illic

2151 2839 2265 2878 non
2289 2840 2547 2894 azymus,
2582 2825 2682 2879 sed
2722 2834 2865 2898 ἄρτος
2896 2825 3125 2881 dicitur.
3169 2827 3238 2881 Et
3270 2827 3409 2898 quia
3439 2844 3546 2884 nos
3576 2829 3650 2884 ad
3691 2828 3810 2884 hoc

2149 2916 2374 2984 tragere
2406 2912 2614 2967 nititur
2642 2917 2761 2968 tota
2778 2919 2972 2971 vestra
3001 2915 3341 2987 disputatio,
3365 2921 3551 2989 utpro
3572 2933 3640 2973 eo
3668 2923 3803 2972 tan-

2149 3003 2277 3054 tum
2310 3000 2464 3070 quod
2498 3001 2808 3058 Matthaaus
2848 3002 2988 3058 dicit
3021 3021 3032 3058 :
3063 3012 3231 3059 λαϐὼν
3260 3013 3285 3060 ὁ
3316 3015 3488 3073 Ιησοῦς
3517 3014 3603 3061 τὸν
3636 3014 3809 3076 ἆρτον,

2151 3088 2208 3143 id
2241 3093 2329 3143 est
2358 3092 2559 3160 accepit
2587 3095 2744 3147 Jesus
2760 3109 2962 3162 panem
2994 3093 3200 3164 (Matth.
3233 3110 3386 3162 xxvr,
3407 3095 3523 3165 26),
3555 3093 3814 3166 incipia-

397 3204 669 3262 azymum
719 3190 1000 3261 negantes
1049 3199 1256 3255 panem
1293 3197 1442 3244 esse,
1488 3195 1590 3250 per
1626 3175 2040 3248 etymologiam
2073 3172 2114 3236 C
2148 3192 2282 3232 mus
2305 3178 2535 3232 credere
2568 3177 2980 3235 fermentatum
3013 3185 3070 3236 et
3100 3197 3215 3237 non
3238 3183 3470 3237 azinum
3493 3181 3814 3254 discipulis

396 3282 526 3352 ejus
555 3276 1004 3350 nominis,quod
1023 3278 1111 3330 est
1138 3283 1298 3346 ἄρτος,
1321 3267 1614 3327 conamini
1637 3284 1743 3321 nos
1774 3265 2001 3320 vincere
2026 3283 2038 3320 :

397 3369 598 3427 sciatis
625 3369 864 3425 omnino
888 3380 1106 3421 vanum
1137 3367 1195 3418 et
1221 3360 1461 3433 puerile.
1495 3357 1640 3422 Quia
1669 3359 1726 3410 et
1755 3372 1789 3408 a
1814 3353 2042 3426 lingua-

395 3474 530 3514 rum
563 3457 764 3532 peritis
812 3456 1051 3511 diversae
1071 3447 1432 3523 etymologiae
1453 3447 1671 3499 dantur
1701 3459 1769 3496 ex
1791 3459 1912 3532 guno
1942 3460 2041 3498 no-

397 3531 579 3618 mine,
610 3544 930 3602 secundum
965 3541 1292 3596 humanum
1335 3535 1614 3606 placitum
1649 3531 1836 3600 magis
1866 3548 2041 3601 quam

395 3639 722 3696 secundum
751 3639 1025 3692 naturam
1042 3644 1262 3686 rerum.
1297 3627 1362 3680 Et
1395 3624 1452 3678 in
1486 3622 1763 3678 omnibus
1789 3620 2044 3691 Scriptu-

393 3705 483 3788 ris
503 3727 837 3785 invenimus
882 3736 1094 3795 panem
1125 3716 1519 3772 indill‘erenter
1549 3709 1684 3777 dici,
1725 3709 1844 3765 sive
1875 3709 2048 3766 fuerit

395 3835 658 3890 azymus,
687 3816 808 3873 sive
836 3811 1011 3868 fuerit
1040 3808 1441 3862 fermentatus.
1462 3803 1625 3868 Quod
1647 3803 1782 3859 hinc
1802 3804 2040 3859 demon-

395 3911 584 3963 strare
613 3903 952 3976 incipimus.

464 3993 604 4050 XlII.
649 3990 843 4046 Primo
886 3986 1172 4055 omnium,
1219 4001 1351 4040 ecce
1392 4001 1628 4052 manna,
1663 3987 1779 4038 tam
1813 3981 1870 4036 in
1915 3979 2041 4051 lege

395 4085 454 4136 et
498 4079 800 4153 prophetis
847 4080 905 4131 et
939 4074 1206 4148 psalmis,
1253 4090 1428 4146 quam
1488 4074 1547 4127 in
1595 4069 1946 4140 evangelicis
1985 4072 2042 4123 et

396 4169 731 4245 apostolicis
752 4166 983 4235 litteris,
997 4164 1186 4239 panis,
1214 4164 1273 4218 id
1301 4168 1404 4228 est,
1418 4163 1575 4226 ἄρτος,
1606 4166 1863 4218 vocatur.
1880 4160 2043 4216 Sicut

395 4262 458 4318 in
487 4259 715 4336 psalmo
750 4276 762 4315 :
796 4267 944 4332 ἄρτον
984 4263 1193 4328 οὐρανοῦ
1226 4261 1393 4310 ἔδοιεν
1432 4260 1609 4319 αὐτοῖς,
1642 4261 1791 4324 ἄρτον
1818 4258 2039 4322 ἀγγέλων

395 4359 572 4425 ἔφαγεν
600 4358 849 4422 ἄνθρωπος
882 4363 896 4402 :
929 4345 1083 4418 quod
1132 4342 1310 4398 latine
1356 4340 1570 4396 dicitur
1620 4358 1633 4395 :
1677 4356 1878 4411 panem
1918 4338 2040 4393 σαιιὶ

392 4440 540 4496 dedit
569 4442 667 4506 eis,
686 4453 888 4512 panem
915 4434 1233 4506 angelorum
1281 4429 1634 4484 manducavit
1660 4429 1836 4483 homo.
1880 4428 1948 4483 Et
1976 4426 2036 4482 in

390 4529 699 4602 Evangelia
741 4544 754 4583 :

391 4619 451 4673 in
481 4619 721 4674 Exodo:
757 4623 906 4677 Οὗτός
951 4619 1106 4669 ἐστινὸ
1153 4619 1313 4682 ἄρτος,
1360 4618 1414 4664 ὃν
1460 4616 1638 4664 ἔδωκεν
1687 4615 1799 4677 ὑμῖν
1848 4616 2034 4679 Κύριος.

391 4706 452 4762 Si
482 4723 619 4779 ergo
648 4721 885 4772 manna,
919 4701 1070 4774 quod
1094 4703 1216 4755 erat
1245 4697 1445 4753 album
1466 4702 1522 4752 et
1554 4697 1850 4751 minutum
1883 4696 2037 4751 sicut

392 4809 594 4849 semen
623 4791 938 4857 coriandri,
961 4794 1017 4846 et
1040 4787 1210 4860 quasi
1233 4786 1349 4858 pilo
1383 4792 1582 4841 tusum
1615 4786 1674 4840 in
1707 4785 2038 4841 similitudi-

389 4898 522 4937 nem
536 4880 776 4953 pruinae,
792 4883 1117 4952 gustusque
1135 4878 1262 4947 ejus
1278 4875 1444 4946 quasi
1466 4875 1671 4930 similae
1685 4893 1817 4930 cum
1843 4875 2032 4942 melle,

390 4967 735 5026 auctoritate
783 4967 981 5022 divina
1027 4965 1243 5021 dicitur
1288 4963 1477 5036 panis,
1532 4964 1652 5019 sive
1673 4974 1834 5035 ἄρτος,
1878 4964 2033 5036 quod

392 5059 590 5132 utique
639 5057 863 5112 nullam
895 5054 1344 5112 similitudinem
1389 5057 1491 5108 aut
1521 5069 1721 5107 verum
1765 5069 2031 5122 saporem

386 5149 556 5221 panis
586 5146 842 5203 habebat
865 5164 878 5214 ;
899 5144 1189 5217 quomodo
1211 5159 1422 5216 azyma:
1459 5142 1641 5213 possit
1664 5140 1784 5195 tolli
1821 5157 2029 5195 nomen

385 5239 576 5311 panis,
613 5255 728 5295 non
758 5236 1030 5291 videmus
1064 5250 1076 5288 :
1110 5234 1208 5305 qui
1243 5233 1441 5304 utique
1485 5235 1710 5296 natura,
1748 5229 1934 5284 forma
1975 5233 2034 5284 et

385 5343 589 5398 sapore
636 5324 990 5382 omnimodis
1034 5323 1204 5395 panis
1234 5327 1322 5376 est
1352 5325 1409 5376 et
1439 5319 1670 5385 dicitur,
1706 5317 2029 5388 praesertim

387 5409 522 5472 cum
568 5415 757 5488 angeli
797 5415 952 5488 apud
998 5412 1294 5469 Abraham
1347 5413 1404 5465 et
1459 5409 1565 5464 Lot
1609 5405 2029 5464 subcinericios

476 5523 533 5594 8)
566 5521 917 5594 Locusplan
977 5522 1010 5578 d
1197 5523 1348 5578 atus.

476 5523 533 5590 8)
566 5522 739 5577 Locus

453 5522 531 5682 E9)
559 5600 739 5669 ἄζυμα.

2155 3265 2280 3320 suis
2308 3265 2366 3319 in
2390 3268 2732 3322 memoriam
2751 3285 2869 3323 suae
2890 3269 3182 3340 passionis
3203 3270 3514 3326 Dominum
3540 3271 3809 3340 dedisse;

2152 3353 2351 3408 sciatis
2398 3354 2569 3410 istam
2617 3358 2968 3412 sententiam
3018 3364 3270 3415 vestram
3317 3360 3465 3416 satis
3492 3359 3805 3415 inﬁrmam

2153 3458 2301 3511 esse,
2335 3442 2381 3497 si
2414 3442 2572 3498 aliud
2604 3461 2718 3500 non
2751 3445 2976 3501 habetis
3007 3449 3162 3518 quod
3197 3449 3382 3520 possit
3411 3454 3613 3503 vestras
3645 3447 3812 3520 parti

2155 3531 2361 3586 favere.
2379 3532 2581 3587 Omnis
2594 3533 2749 3588 enim
2767 3535 3059 3590 sententia
3075 3552 3144 3590 ex
3163 3535 3435 3608 opinione
3452 3535 3804 3608 procedens,

2154 3625 2241 3674 est
2287 3620 2486 3674 dubia.
2533 3622 2666 3684 Quae
2699 3628 2894 3679 autem
2929 3641 2996 3679 ex
3027 3625 3277 3680 scientia
3327 3625 3602 3697 procedit,
3641 3628 3811 3679 certa

2154 3708 2487 3764 omnimode
2517 3715 2572 3764 et
2603 3715 2748 3766 rata.
2780 3711 2963 3779 Unde,
3004 3713 3052 3768 si
3089 3712 3262 3768 aliam
3297 3715 3652 3770 sententiam
3695 3713 3807 3768 tir-

2155 3797 2396 3852 miorem
2416 3815 2530 3853 non
2553 3799 2800 3868 habetis,
2823 3800 2931 3856 hac
2954 3801 3078 3857 sola
3098 3806 3217 3858 tam
3237 3802 3516 3875 ambigua
3532 3806 3811 3858 nostrum

2152 3901 2503 3943 consensum
2551 3887 2713 3944 vobis
2757 3903 2871 3945 non
2905 3890 3278 3948 vindicabitis
3313 3909 3324 3946 :
3360 3891 3500 3962 quia
3532 3895 3598 3946 ut
3639 3907 3815 3964 supe-

2151 3975 2273 4030 rius
2304 3976 2533 4047 cepiose
2561 3979 3039 4048 monstravimus,
3073 3995 3333 4052 azymus,
3368 3980 3523 4035 sicut
3547 3980 3810 4037 fermen-

2150 4067 2327 4132 tatus,
2362 4064 2578 4120 dicitur
2605 4075 2766 4139 ἅρτος.
2799 4067 2950 4131 Quin
2981 4068 3158 4123 etiam
3190 4068 3521 4136 Matthaeus,
3558 4071 3665 4140 qui
3696 4069 3812 4126 He-

2150 4152 2341 4208 braice
2356 4153 2591 4226 scripsit
2613 4155 3012 4228 Evangelium,
3036 4173 3153 4212 non
3172 4158 3316 4213 dixit
3339 4175 3351 4212 :
3374 4165 3544 4214 λαϐὼν
3573 4165 3600 4213 ὁ
3633 4169 3816 4226 Ιησοῦς

2147 4254 2232 4301 τὸν
2259 4252 2427 4318 ἄρτον,
2463 4244 2615 4300 sicut
2644 4243 2894 4313 Graecus,
2931 4246 3030 4301 sed
3075 4249 3142 4302 ut
3185 4246 3460 4302 Hebraeus
3493 4246 3760 4304 Hebraeis
3793 4262 3807 4302 :

2148 4336 2358 4392 Lachab
2386 4340 2546 4392 Jesus
2569 4332 2790 4388 lechem.
2824 4333 3066 4389 Lechem
3089 4339 3286 4390 autem
3309 4335 3590 4391 Hebraice
3625 4338 3812 4392 etiam

2147 4442 2416 4499 azymum
2437 4422 2629 4479 vocari
2650 4422 2709 4476 in
2736 4423 3186 4479 Deuteronomio
3210 4424 3560 4498 cognoscite,
3593 4425 3706 4480 ubi
3729 4425 3813 4482 sic

805 4534 968 4598 Κύριε,
1020 4533 1097 4579 ἀεὶ
1143 4531 1220 4588 δὸς
1262 4529 1373 4591 ὑμῖν
1405 4529 1490 4574 τὸν
1532 4527 1680 4591 ἄρτον
1725 4528 1917 4575 τοῦτον.
1965 4518 2036 4572 Et

2148 4515 2395 4571 habetur
2429 4531 2440 4568 :
2474 4512 2679 4568 lechem
2707 4514 2822 4580 onz’,
2847 4511 2903 4566 id
2937 4516 3028 4568 est
3057 4530 3268 4584 panem
3304 4513 3668 4583 afﬂictionis,
3723 4518 3808 4570 at-

2147 4621 2259 4676 que
2277 4620 2454 4676 panes
2474 4601 2889 4674 propositionis
2912 4601 3116 4657 lechem
3137 4605 3331 4674 pavim’
3351 4603 3463 4675 (10)
3495 4603 3806 4660 dicuntur.

2146 4683 2308 4749 Unde
2339 4692 2399 4747 in
2431 4691 2681 4758 Psalmo,
2720 4707 2938 4746 manna
2979 4707 3211 4763 quoque
3260 4691 3533 4748 similiter
3558 4696 3809 4748 vocatur

2148 4787 2212 4838 ut
2251 4782 2452 4837 lechem
2484 4780 2716 4834 albicim'
2743 4779 2859 4851 (11)
2889 4780 3046 4834 achal
3078 4781 3144 4848 is,
3176 4780 3331 4852 quod
3354 4780 3806 4852 interpretatur,

2144 4889 2341 4936 panem
2369 4871 2688 4938 angelorum
2707 4868 3064 4924 manducavit
3094 4870 3272 4925 homo.

2214 4959 2354 5015 XIV.
2391 4961 2534 5015 Tam
2567 4957 2818 5030 copiosis
2859 4973 2996 5030 ergo
3028 4958 3211 5014 trium
3242 4957 3665 5030 principalium
3696 4958 3810 5015 lin-

2143 5066 2392 5125 gnarum
2419 5046 2702 5118 exemplis
2731 5051 3061 5103 enervatam
3087 5046 3503 5120 etymologiam
3535 5053 3802 5104 vestram

2143 5158 2210 5196 ex
2259 5138 2514 5205 nomine,
2547 5137 2702 5208 quod
2749 5139 2838 5192 est
2873 5145 3032 5209 ἄρτος,
3069 5136 3364 5208 sapienter
3405 5136 3804 5205 considerate,

2142 5235 2198 5286 et
2221 5245 2419 5300 azymo
2449 5229 2647 5282 nostro
2678 5225 3096 5282 fermentatum
3119 5230 3380 5281 vestrum
3402 5225 3678 5298 praeferre
3711 5242 3805 5281 ca-

2140 5323 2284 5374 vete.
2321 5317 2465 5382 Quia
2497 5316 2543 5370 si
2577 5332 2692 5371 non
2725 5315 3018 5371 obstinata
3049 5319 3242 5372 mente
3281 5315 3610 5372 manifestae
3642 5315 3799 5371 veri-

2139 5408 2244 5464 tati
2275 5405 2568 5473 resistitis,
2619 5407 2675 5459 et
2705 5403 2753 5460 si
2783 5404 2962 5462 Vetus
2991 5408 3048 5460 et
3089 5405 3313 5462 Novum
3345 5405 3798 5462 Testamentum

2211 5515 2256 5585 (l
2268 5515 2324 5585 Ο)
2352 5513 2576 5585 Panim.
2655 5533 2658 5536 ’

2211 5515 2302 5585 (40
2352 5515 2576 5570 Panim.

2211 5515 2327 5666 (ill
2356 5583 2604 5646 Abirim.
