4086 6168
227 287 332 352 941

1207 278 1618 348 ADVERSUS
1663 271 2118 346 GBBCORUM
2163 265 2640 348 CALUMNIAS.

3503 263 3622 350 94's

225 425 418 494 aperte
449 435 565 475 non
590 416 974 491 impugnatis,
1010 418 1317 475 nobiscum
1365 419 1580 475 sentire
1612 423 1667 473 et
1700 418 1870 490 proﬁ-
1900 420 1956 486 Α
1989 417 2224 473 homine
2257 417 2364 474 isto
2397 434 2464 472 ex
2494 417 2587 472 his
2637 416 2695 471 in
2735 416 2951 488 quibus
2996 433 3131 472 eum
3183 421 3488 490 accusatis,
3523 423 3625 479 sed

224 511 328 567 teri
351 508 600 577 habetis,
627 524 892 581 azymum
934 524 1143 580 panem
1180 506 1380 574 fuisse,
1422 525 1593 579 quem
1620 507 1742 578 ipse
1767 507 1880 561 Do-

220 600 418 656 minus
446 599 622 654 Jesus
654 597 712 652 in
742 614 903 652 ccena
933 597 1141 669 primis
1172 597 1438 652 Ecclesiae
1463 614 1582 652 suae
1609 597 1879 651 fundato-

218 689 383 746 ribus
405 685 708 743 distribuit
747 686 804 741 in
840 685 1182 741 memoriam
1210 703 1327 741 suae
1369 685 1683 757 passionis.
1708 685 1880 740 Nam.

215 780 368 835 sicut
393 777 753 832 sufﬁcienter
777 792 956 847 supra
979 780 1280 831 ostensum
1310 779 1418 847 est,
1452 775 1510 829 in
1535 779 1754 846 septem
1780 792 1880 847 pa-

219 868 371 924 schae
416 866 626 922 diebus
686 865 1100 920 fermentatum
1152 881 1256 920 nec
1308 863 1714 920 inveniebatur
1778 879 1882 919 nec

221 956 543 1029 apparebat
569 954 630 1009 in
663 953 889 1010 cunctis
913 953 1186 1009 domibus
1221 971 1321 1009 seu
1345 953 1563 1009 finibus
1585 952 1782 1008 Israel.
1813 953 1885 1007 Et

224 1045 380 1118 apud
414 1058 844 1116 quemcumque
868 1042 1075 1098 fuisset
1095 1042 1419 1110 inventum,
1435 1043 1599 1110 justa
1616 1041 1881 1097 animad-

219 1132 512 1202 versione,
535 1130 693 1187 velut
715 1129 1082 1203 divinaalegis
1104 1135 1522 1203 transgressor,
1550 1131 1776 1202 absque
1800 1145 1885 1185 re-

229 1220 652 1278 crastinatione
676 1218 904 1292 peribat
933 1219 1004 1274 de
1029 1223 1176 1274 coetu
1209 1219 1624 1275 lsraelitarum.
1649 1219 1810 1282 Quod
1835 1218 1884 1274 si

228 1311 532 1367 credimus
557 1309 752 1366 verbis
781 1308 1058 1364 Veritatis
1079 1309 1326 1366 dicentis
1351 1327 1363 1364 :
1401 1332 1428 1359 ‹‹
1463 1309 1586 1367 Non
1615 1308 1746 1364 veni
1769 1307 1884 1364 sol-

227 1416 360 1456 vere
393 1398 606 1472 legem,
639 1398 740 1454 sed
772 1397 1092 1469 adimplere
1121 1398 1328 1469 (Matth.
1360 1416 1416 1463 v,
1451 1399 1557 1469 17),
1597 1421 1623 1447 ››
1646 1397 1882 1453 creden-

228 1491 374 1546 dum
397 1489 574 1544 etiam
599 1492 653 1544 et
676 1486 1111 1560 praedicandum
1126 1491 1216 1543 est
1232 1487 1543 1543 Dominum
1559 1490 1761 1543 Jesum
1780 1503 1886 1542 nec

232 1578 562 1634 unumiota
576 1580 674 1631 aut
703 1593 888 1630 unum
920 1575 1143 1648 apicem
1167 1574 1313 1648 legis
1355 1576 1722 1648 praeteriisse,
1745 1579 1801 1630 et
1823 1580 1889 1631 ut

230 1666 423 1722 totius
459 1663 938 1736 transgressionis
965 1667 1257 1734 expertem
1290 1664 1732 1720 insidiatoribus
1762 1663 1885 1720 suis

231 1755 491 1811 dixisse:
518 1777 543 1803 ‹‹
569 1753 704 1818 Quis
737 1769 804 1807 ex
834 1752 997 1808 vobis
1019 1757 1224 1825 arguet
1247 1769 1338 1808 me
1361 1754 1431 1808 de
1453 1757 1686 1826 peccato
1706 1755 1883 1823 (Joan.
1918 1790 1964 1855 B

231 1862 364 1911 vm,
393 1845 504 1915 46).
527 1865 556 1892 »
575 1842 852 1914 Alioquin
874 1858 978 1898 nec
997 1842 1121 1914 ipse
1144 1846 1378 1914 peccata
1395 1841 1884 1907 multorumtulit,

229 1949 337 1988 nec
361 1949 469 2007 pro
491 1930 1029 2004 transgressoribus
1053 1931 1236 1986 oravit
1257 1935 1320 1986 ut
1337 1947 1451 1986 non
1481 1931 1733 2002 perirent
1754 1948 1766 1999 ;
1785 1947 1888 1986 nec

228 2040 337 2096 pro
367 2021 542 2077 nobis
573 2036 807 2092 passus,
837 2019 937 2075 sed
971 2035 1073 2091 pro
1095 2036 1203 2074 sua
1232 2018 1706 2092 praevaricatione
1729 2019 1890 2090 juste

226 2112 522 2185 punitus:
557 2108 878 2182 praesertim
911 2108 1009 2180 qui
1041 2124 1144 2164 nec
1187 2108 1346 2164 solus
1391 2107 1536 2180 legis
1560 2111 1887 2180 transgres-

226 2219 332 2257 sor
364 2202 637 2256 inventus
666 2203 775 2266 est,
805 2197 1148 2253 fermentato
1180 2199 1332 2270 apud
1362 2213 1423 2252 se
1457 2201 1595 2252 tunc
1638 2201 1885 2269 reperto,

223 2291 337 2347 sed
379 2290 625 2359 insuper
666 2287 884 2343 multos
913 2286 1234 2358 discipulos
1285 2303 1412 2341 reos
1446 2285 1649 2341 mortis
1678 2286 1885 2350 effecit,

221 2381 443 2436 cibans
472 2377 606 2433 illos
628 2377 993 2432 fermentato.
1017 2375 1218 2430 Videte
1241 2391 1522 2446 quorsum
1545 2375 1749 2429 evadat
1765 2374 1887 2430 haec

220 2472 430 2525 vestra
442 2464 782 2538 disputatio.
804 2465 1020 2536 Nempe
1036 2464 1084 2518 si
1100 2464 1156 2518 in
1173 2463 1542 2519 solemnitate
1563 2464 1884 2518 azimorum

219 2558 457 2614 dicitur
485 2553 747 2628 quolibet
771 2570 913 2609 usus
945 2553 1308 2620 fermentato,
1342 2569 1471 2608 vere
1503 2557 1771 2608 mortuus
1803 2569 1886 2608 as-

215 2647 456 2705 seritur
482 2645 541 2700 in
576 2647 813 2715 peccato
846 2659 974 2710 suo,
1010 2643 1109 2714 qui
1142 2646 1441 2714 peccatum
1465 2659 1580 2697 non
1606 2641 1757 2710 fecit,
1783 2657 1888 2696 nec

211 2739 508 2794 inventus
549 2742 637 2789 est
659 2731 828 2788 dolus
848 2732 907 2786 in
923 2748 1020 2787 ore
1034 2730 1239 2803 ipsius.
1261 2731 1504 2803 Insuper
1520 2730 1888 2786 administra-

209 2829 288 2884 tis
306 2823 539 2882 Judmis
564 2822 868 2878 materiam
894 2837 1169 2894 magnam
1194 2821 1302 2876 sibi
1324 2819 1591 2892 placendi
1617 2837 1680 2876 su
1693 2818 1889 2891 perin-

210 2915 569 2973 tert'ectione
597 2911 852 2977 Domini,
886 2915 950 2966 ut
981 2910 1362 2982 permanendi
1393 2910 1449 2963 in
1471 2925 1662 2964 errore
1679 2926 1807 2976 suo,
1831 2912 1888 2964 et

213 3007 407 3061 fidem
430 3006 696 3059 nostram
719 2999 1037 3056 evacuandi
1054 3016 1066 3053 :
1083 2998 1131 3056 si
1149 2999 1468 3071 gloriantes
1483 2995 1888 3054 nomineChri-

214 3095 427 3150 stiano
477 3091 798 3164 objecerint
845 3089 1073 3145 Christo
1127 3088 1280 3160 quod
1328 3088 1665 3142 Judazorum
1713 3103 1885 3142 nemo

1989 599 2153 668 (Ibid.
2215 596 2417 667 14-16).
2455 618 2482 644 ››

1990 525 2177 580 neque
2209 507 2482 562 Herodes.
2511 506 2834 578 Corripiam
2865 522 2999 580 ergo
3030 507 3220 578 illum,
3247 513 3305 564 et
3332 510 3628 568 dimittam

2541 597 2612 650 At
2683 595 2771 650 illi
2827 595 3206 667 postulabant
3274 601 3341 653 ut
3410 599 3632 654 cruciﬁ-

1990 689 2241 758 geretur.
2273 689 2527 740 Joannes
2558 688 2756 739 autem
2788 685 2962 740 refert
2990 685 3243 741 Pilatum
3302 687 3387 743 sic
3419 687 3635 744 dixisse

1989 774 2246 830 Judaeis:
2273 797 2301 824 «
2325 776 2508 839 Quam
2533 773 2965 830 accusationem
2989 774 3206 831 affertis
3233 776 3512 833 adversus
3534 777 3636 833 ho-

1994 864 2213 919 minem
2242 863 2446 918 hunc?
2495 863 2670 934 (Joan.
2719 880 2879 930 xvuI,
2929 863 3040 930 29.)
3090 864 3199 929 Qui
3242 865 3516 922 dixerunt
3545 866 3634 924 ei:

1996 974 2023 1002 «
2055 952 2113 1008 Si
2139 969 2254 1008 non
2288 956 2443 1008 esset
2471 951 2564 1006 hic
2598 952 2949 1023 malefactor,
3001 969 3114 1008 non
3164 953 3269 1008 tibi
3297 955 3639 1012 tradidisse-

1995 1059 2128 1097 mus
2159 1057 2293 1096 eum
2326 1041 2506 1112 (Ibid,
2546 1041 2655 1106 30).
2692 1065 2712 1093 ι»
2750 1042 2819 1096 Et
2864 1046 2994 1114 post
3043 1043 3239 1115 aliqua
3281 1043 3508 1100 dicente
3555 1044 3640 1104 eis

1996 1130 2178 1186 Pilato
2209 1147 2221 1185 :
2249 1154 2276 1180 «
2299 1130 2554 1202 Accipite
2575 1146 2708 1185 eum
2732 1147 2832 1186 vos
2869 1134 2924 1186 et
2954 1132 3275 1205 cruciﬁgite
3307 1133 3483 1204 (Joan.
3518 1151 3637 1202 x1x,

1993 1221 2068 1291 6).
2106 1243 2133 1269 ››
2167 1219 2651 1291 Responderunt:
2689 1240 2716 1268 «
2748 1219 2864 1274 Nos
2891 1218 3075 1292 legem
3121 1220 3430 1289 habemus,
3463 1226 3520 1279 et
3548 1239 3638 1280 se-

1996 1308 2256 1363 cundum
2287 1307 2474 1379 legem
2506 1307 2676 1362 debet
2696 1307 2864 1377 mori,
2888 1307 3026 1380 quia
3063 1308 3274 1365 Filium
3305 1311 3406 1367 Dei
3427 1327 3489 1367 se
3510 1312 3645 1368 fecit

1997 1397 2176 1469 (Ibid,
2208 1397 2283 1468 7).
2324 1419 2349 1445 ››
2380 1397 2583 1452 Nonne
2613 1399 2698 1451 tot
2727 1398 2976 1453 testibus
3005 1398 3227 1471 iniquis
3257 1399 3314 1454 in
3330 1401 3645 1456 Dominum

1997 1485 2463 1558 insurgentibus,
2496 1489 2553 1541 et
2581 1485 2876 1557 iniquitati
2910 1487 3213 1543 mentienti
3236 1488 3367 1557 sibi,
3391 1489 3649 1545 suffecis-

1998 1581 2086 1632 set
2106 1576 2214 1631 hoc
2238 1592 2420 1630 unum
2460 1579 2719 1630 vestrum
2747 1577 3144 1644 mendacium,
3169 1578 3219 1632 si
3250 1581 3543 1635 constaret
3563 1578 3648 1636 eis

1997 1665 2206 1722 saltem
2237 1664 2347 1720 hoc
2378 1664 2616 1720 solum?
2647 1665 2850 1722 Nonne
2881 1666 3165 1722 instarent
3188 1667 3388 1736 Pilato,
3417 1671 3474 1722 et
3493 1666 3648 1725 dice~

1997 1759 2127 1810 rent
2149 1771 2161 1810 :
2184 1758 2299 1809 Nos
2317 1754 2503 1826 legem
2521 1753 2830 1823 habemus,
2848 1756 2905 1810 et
2920 1755 3245 1810 secundum
3271 1755 3460 1827 legem
3478 1755 3650 1812 debet

2000 1843 2170 1910 mori,
2205 1842 2345 1915 quia
2378 1843 2792 1897 fermentatum
2843 1843 2900 1898 in
2951 1843 3172 1915 pascha
3210 1843 3511 1899 comedit?
3542 1848 3646 1899 aut

1999 1937 2151 1989 certe
2170 1932 2324 2004 apud
2349 1948 2482 1987 eum
2508 1931 2820 2003 apparuit?
2841 1931 3062 1987 Etforte
3092 1933 3318 2000 dicetis,
3333 1949 3468 1987 eum
3493 1932 3642 1988 clam

1997 2022 2186 2094 egisse
2217 2021 2344 2076 hoc.
2377 2020 2578 2076 Absit!
2617 2020 2762 2082 Quia
2793 2037 2908 2075 non
2939 2020 3131 2076 solum
3179 2022 3251 2078 de
3294 2021 3462 2077 factis
3493 2021 3641 2088 suis,

1994 2127 2195 2167 verum
2227 2114 2282 2165 et
2314 2110 2383 2165 de
2414 2108 2584 2164 dictis
2636 2109 2716 2164 ait
2753 2109 2868 2180 ipsi
2911 2110 3169 2181 pontiﬁci
3197 2111 3600 2182 percunctanti
3626 2129 3639 2166 :

1997 2223 2024 2249 ‹‹
2057 2200 2174 2271 Ego
2199 2198 2390 2264 palam
2411 2197 2640 2253 locutus
2661 2214 2791 2252 sum
2811 2199 3051 2254 mundo.
3075 2199 3192 2271 Ego
3218 2216 3450 2272 semper
3470 2200 3644 2257 docui

1995 2288 2055 2343 in
2087 2304 2383 2360 synagoga
2411 2291 2467 2342 et
2490 2286 2549 2341 in
2581 2286 2817 2359 templo,
2854 2305 2969 2360 quo
2999 2305 3204 2344 omnes
3223 2288 3410 2344 Judaei
3437 2305 3644 2345 conve-

1998 2377 2188 2441 niunt,
2214 2379 2270 2432 et
2293 2375 2346 2429 in
2372 2375 2599 2431 occulto
2620 2374 2852 2431 locutus
2876 2393 3006 2432 sum
3030 2377 3194 2432 nihil.
3243 2377 3391 2442 Quid
3431 2395 3526 2434 me
3555 2377 3644 2433 in-

1995 2467 2295 2537 terrogas!
2336 2465 2635 2538 Interroga
2681 2482 2779 2522 eos
2831 2466 2930 2539 qui
2980 2483 3072 2522 me
3121 2467 3489 2537 audiverunt,
3519 2484 3646 2540 quas

1997 2554 2238 2610 dixerim
2273 2570 2379 2627 ego
2412 2556 2586 2625 (Joan.
2620 2572 2778 2621 xvm,
2810 2556 2902 2624 20,
2933 2557 3043 2627 2t).
3079 2579 3108 2607 »
3158 2557 3434 2629 Nunquid
3468 2558 3645 2613 etiam

1998 2643 2304 2698 dominum
2340 2643 2550 2698 domus
2581 2642 2639 2697 in
2673 2661 2789 2715 qua
2821 2644 3036 2716 pascha
3058 2645 3406 2714 celebrabat,
3431 2649 3644 2701 sanctae

1997 2731 2144 2804 legis
2175 2731 2566 2804 praevaricatio
2597 2737 2793 2804 posset
2822 2732 3044 2789 latere?
3071 2750 3245 2806 quem
3284 2738 3512 2790 constat
3541 2751 3642 2807 pa-

1997 2825 2296 2876 ternarum
2332 2820 2712 2875 traditionem
2735 2821 3129 2877 aemulatorem
3153 2823 3416 2894 apprime
3439 2823 3640 2881 fuisse.

1997 2909 2158 2974 Quod
2200 2907 2248 2963 si
2285 2909 2427 2963 forte
2456 2912 2512 2963 et
2538 2909 2695 2964 hunc
2727 2907 2906 2964 latere
2949 2911 3157 2981 potuit,
3207 2915 3308 2967 aut
3337 2916 3488 2968 certe
3518 2912 3644 2984 ipse

1996 2996 2326 3065 consensit;
2358 2997 2626 3069 nunquid
2657 3003 2714 3053 et
2739 2999 2949 3054 ludam
2977 3000 3322 3071 complicem
3355 2999 3643 3074 maligno-

1997 3104 2127 3142 rum
2149 3087 2481 3142 Judazorum
2497 3085 2673 3142 latere
2686 3087 2891 3159 potuit,
2917 3088 3038 3160 qui,
3054 3089 3224 3159 juxta
3238 3089 3640 3162 Psalmistam,

208 3184 485 3254 objicere
522 3153 1028 3252 p'rzesumpsitmec
1060 3153 1199 3233 tunc
1231 3193 1335 3232 nec
1366 3177 1559 3241 modo,
1593 3175 1705 3231 nisi
1737 3175 1885 3230 forte
1915 3153 1957 3226 (ἶ
1997 3200 2022 3226 ‹‹
2049 3175 2356 3232 Unanimis
2386 3175 2512 3246 ejus
2543 3175 2660 3229 dux
2686 3153 2764 3230 -et
2811 3153 2980 3232 notus
3026 3153 3200 3248 (Psal.
3235 3196 3344 3248 LIV,
3381 3178 3489 3251 14),
3526 3201 3552 3228 ››
3586 3153 3643 3236 et

201 3277 425 3328 vestro
449 3270 688 3325 edoctus
712 3267 1065 3340 magisterio.
1092 3265 1367 3331 Quamvis
1397 3265 1553 3320 enim
1594 3265 1886 3336 principes

211 3360 610 3417 sacerdotum
640 3362 697 3413 et
726 3373 898 3412 omne
930 3355 1244 3411 concilium
1293 3354 1641 3427 quaesissent
1670 3353 1885 3409 falsum

210 3447 644 3506 testimonium
667 3446 1108 3513 contraJesum,
1132 3450 1196 3500 ut
1217 3461 1350 3500 eum
1375 3444 1545 3499 morti
1570 3444 1884 3510 traderent,

212 3546 277 3595 et
308 3554 426 3594 nec
459 3537 520 3591 in
549 3537 741 3592 verbis
781 3537 908 3606 ejus
953 3534 1350 3590 invenissent:
1387 3538 1582 3588 tamen
1630 3531 1744 3588 tale
1788 3531 1890 3588 ali-

215 3627 404 3702 quid,
430 3625 604 3699 quale
625 3642 724 3681 vos
749 3623 1022 3694 objicitis,
1044 3622 1240 3678 nullus
1257 3640 1457 3678 eorum
1477 3621 1705 3692 objecit.
1727 3621 1886 3686 Quod

204 3719 259 3774 si
294 3717 526 3773 fuisset
555 3714 872 3786 objectum,
906 3712 1094 3768 solum
1124 3730 1307 3768 unum
1341 3712 1640 3768 sufficeret
1668 3711 1738 3765 ad
1761 3727 1889 3782 per-

200 3807 488 3863 dendum
521 3803 709 3859 illum.
742 3807 859 3859 Nec
880 3803 1005 3874 jam
1052 3801 1240 3856 Pilato
1283 3801 1499 3857 dicenti
1531 3817 1543 3855 :
1580 3824 1606 3849 ‹‹
1640 3799 1892 3871 Accipite

194 3914 348 3953 eum
367 3912 504 3966 vos,
537 3899 595 3950 et
616 3894 945 3949 secundum
972 3892 1168 3964 legem
1191 3895 1445 3946 vestram
1468 3889 1730 3961 judicate
1759 3904 1892 3943 eum

1997 3265 2320 3338 praesertim
2359 3264 2728 3336 dispensator
2758 3265 2910 3319 fuit?
2958 3268 3139 3331 Quem
3189 3266 3314 3340 ipse
3354 3268 3641 3324 Dominus

1997 3354 2205 3410 dilecto
2234 3353 2445 3407 Joanni
2468 3354 2876 3410 demonstrans
2898 3355 3013 3410 ait:
3036 3379 3063 3407 «
3090 3355 3217 3428 Ipse
3239 3358 3431 3412 estcui
3463 3358 3642 3414 intin-

1999 3447 2155 3498 etum
2189 3457 2399 3513 panem
2444 3444 2957 3515 porrexeroann.
3010 3462 3132 3512 xm,
3183 3447 3291 3518 26).
3332 3467 3361 3496 »
3414 3447 3646 3503 Etcum

1998 3531 2345 3588 intinxisset
2374 3548 2608 3602 panem,
2631 3533 3027 3591 deditSimoni
3055 3535 3365 3591 lscariotis.
3391 3537 3532 3592 Ecce
3553 3537 3648 3592 hic

1999 3622 2089 3677 bis
2117 3621 2264 3677 dixit
2298 3629 2450 3693 ἄρτον
2485 3638 2656 3691 quem
2691 3641 2792 3680 vos
2825 3641 2937 3679 non
2969 3625 3084 3679 nisi
3115 3625 3527 3680 fermentatum
3558 3640 3654 3679 ac-

2000 3711 2214 3783 cipitis.
2248 3712 2410 3777 Quod
2445 3710 2490 3765 si
2516 3711 2596 3765 ita
2618 3717 2724 3779 est,
2749 3729 2874 3782 quae
2915 3729 3006 3767 res
3036 3712 3339 3783 prohibuit
3361 3711 3655 3767 infelicem

2002 3801 2239 3869 Judam,
2273 3800 2672 3854 demonstrato
2711 3800 2836 3870 ipso
2861 3801 3227 3868 fermentata,
3261 3800 3504 3872 prodere
3527 3816 3659 3856 san-

2003 3889 2240 3961 guinem
2262 3887 2527 3961 magistri
2541 3886 2758 3960 palam,
2775 3890 3274 3959 quemadmodum
3285 3888 3515 3946 volebat
3531 3906 3660 3962 pro-

199 3987 402 4058 (Joan.
441 4001 604 4051 xvm,
637 3982 748 4054 31),
782 4003 810 4033 ››
844 3982 1113 4037 dicerent
1140 3998 1152 4036 :
1188 4003 1215 4030 ‹‹
1249 3980 1427 4035 Nobis
1473 3996 1589 4034 non
1640 3977 1775 4034 licet
1804 3977 1897 4031 in-
2006 3979 2140 4033 dere
2169 3976 2317 4032 clam
2339 3976 2366 4030 ?
2394 3978 2510 4031 Aut
2533 3977 2671 4048 quid
2699 3992 2937 4033 necesse
2967 3977 3172 4034 habuit
3193 3979 3556 4051 desperando
3579 3978 3662 4035 di-

200 4077 499 4132 terficere
543 4088 903 4144 quemquam
954 4069 1143 4143 (Ibid.)
1178 4087 1190 4137 ;
1229 4092 1257 4119 »
1307 4070 1447 4141 quia
1475 4068 1587 4139 ipsi
1609 4070 1896 4140 praecepto
2009 4082 2172 4122 cere:
2227 4087 2253 4114 ‹‹
2306 4064 2564 4132 Peccavi,
2629 4066 2868 4136 tradens
2929 4068 3276 4140 sanguinem
3317 4068 3597 4140 justum?
3629 4089 3658 4118 »

199 4164 370 4237 legis
403 4160 837 4217 interfecissent
867 4157 1206 4216 fermentati
1239 4157 1602 4229 participem.
1637 4155 1899 4226 Denique
2008 4153 2217 4221 (Matth.
2244 4170 2416 4220 xxvn,
2442 4153 2514 4225 4),
2541 4171 2674 4209 cum
2698 4156 2982 4212 tradendo
3008 4156 3663 4230 transgressoremlegis

200 4259 342 4309 tota
372 4252 443 4307 in
473 4252 680 4307 Jesum
713 4249 1010 4306 calumnia
1059 4264 1126 4303 ex
1170 4246 1623 4319 interregatione
1649 4244 1813 4299 Pilati
1846 4247 1902 4299 et
2016 4243 2291 4298 averterit
2321 4260 2354 4297 a
2385 4245 2445 4298 se
2475 4247 2530 4299 et
2557 4261 2589 4298 a
2619 4244 2833 4316 populo
2869 4247 3127 4302 furorem
3158 4247 3411 4316 Domini,
3452 4249 3510 4302 et
3529 4261 3662 4317 gra-

201 4337 624 4414 responsione‘
642 4340 979 4395 Judzeorum
1010 4336 1283 4393 facillime
1309 4338 1502 4408 potest
1520 4332 1901 4389 animadverti
2009 4332 2152 4388 tiam
2180 4333 2567 4404 promeruerit
2587 4332 2615 4386 ?
2640 4333 2712 4388 Ut
2737 4335 2889 4390 enim
2917 4340 3268 4408 praeceptum
3292 4333 3438 4406 legis
3456 4333 3662 4389 divinae

188 4434 400 4505 juxta
433 4428 810 4501 Evangelium
864 4426 1118 4483 Matthaei
1163 4431 1220 4482 et
1267 4424 1468 4492 Marci,
1505 4423 1627 4489 ubi,
1660 4423 1900 4478 interro-
2014 4437 2192 4493 super
2223 4420 2331 4477 hoc
2378 4421 2631 4477 breviter
2677 4427 3012 4496 tangamus,
3065 4423 3403 4497 perpendite
3433 4421 3574 4493 quid
3605 4419 3666 4476 in

197 4525 409 4595 gante
443 4517 632 4573 Pilato
659 4535 670 4572 ε
703 4541 722 4566 α
747 4517 897 4583 Quid
920 4517 1078 4572 enim
1104 4514 1243 4570 mali
1295 4514 1428 4569 fecit
1453 4517 1475 4568 Ρ
1497 4512 1701 4584 (Matth.
1731 4527 1905 4578 xxvn,
1942 4522 1988 4586 D
2019 4511 2470 4567 Deuteronomio
2505 4511 2925 4568 latiusdicatur
2948 4531 2960 4567 :
2982 4514 3075 4568 «Si
3101 4511 3381 4584 propheta
3403 4509 3668 4582 quilibet,

196 4611 340 4683 23),
371 4631 403 4658 ››
439 4607 880 4663 clamaverunt:
917 4629 943 4655 «
981 4603 1374 4676 Cruciﬁgatur
1407 4601 1614 4672 (Ibid.).
1651 4622 1679 4650 »
1712 4604 1910 4665 Porro,
2025 4601 2144 4656 sive
2175 4601 2350 4656 frater
2378 4604 2538 4667 tuus,
2593 4600 2749 4657 {ilius
2799 4606 2902 4656 aut
2947 4601 3085 4668 ﬁlia,
3137 4618 3281 4657 uxor
3326 4600 3414 4656 vel
3447 4597 3673 4655 amicus

202 4701 396 4755 Luca
433 4699 774 4761 attestante,
812 4693 1006 4750 omnis
1037 4691 1354 4748 multitudo
1383 4691 1680 4746 tradentes
1707 4689 1912 4745 Jesum
2026 4706 2200 4762 quem
2233 4689 2433 4761 diligis
2466 4693 2530 4744 ut
2563 4690 2817 4744 animam
2851 4694 3035 4757 tuam,
3067 4689 3314 4746 voluerit
3363 4688 3511 4746 clam
3544 4706 3677 4762 per-

201 4787 434 4846 Pilato
468 4785 780 4841 dixerunt:
819 4807 846 4835 «
882 4783 1045 4839 Hunc
1091 4781 1420 4837 invenimus
1471 4781 1912 4835 subvertentem
2025 4779 2300 4834 suaderse
2328 4778 2433 4832 tibi
2467 4782 2528 4831 ut
2553 4777 2831 4833 averteris
2853 4796 2885 4832 a
2909 4778 3256 4834 caerimoniis
3279 4778 3564 4852 legis,non
3585 4797 3679 4836 ac-

205 4881 485 4952 gentem
518 4880 806 4940 nostram,
839 4877 895 4929 et
927 4871 1334 4944 prohibentem
1367 4870 1590 4925 tributa
1641 4869 1764 4924 dari
1797 4868 1912 4924 Cae-
2026 4869 2300 4940 quiescas
2331 4867 2403 4934 ei,
2439 4883 2544 4921 nec
2567 4866 2792 4936 audias,
2819 4883 3005 4939 neque
3025 4873 3226 4940 pareat
3245 4869 3294 4924 ei
3317 4874 3455 4926 tuus
3475 4869 3681 4926 oculus

211 4965 366 5025 sari
401 4969 464 5021 et
492 4965 783 5020 dicentem
807 4978 870 5018 se
893 4961 1191 5018 Christum
1213 4976 1405 5032 regem
1429 4975 1558 5014 esse
1574 4960 1723 5026 (Luc.
1750 4975 1912 5024 xxm,
2029 4961 2094 5012 ut
2121 4957 2454 5011 miserearis
2477 4959 2535 5010 et
2555 4955 2810 5011 occultes
2832 4973 2964 5011 eum
2993 4976 3006 5027 ;
3032 4960 3131 5013 sed
3159 4959 3357 5015 statim
3383 4959 3680 5032 proditum

205 5059 300 5130 2).
348 5077 382 5104 η
419 5053 651 5120 Quibus
683 5051 859 5126 paulo
893 5055 1028 5124 post
1061 5050 1141 5105 ait
1165 5049 1386 5104 Pilatus
1413 5066 1424 5104 :
1455 5071 1475 5098 α
1503 5047 1660 5103 Nihil
1689 5047 1916 5102 invenio
2030 5045 2244 5118 populo
2278 5046 2610 5110 interﬁcies,
2654 5049 2720 5130 ut
2749 5052 3041 5103 avertatur
3068 5048 3354 5104 Dominus
3384 5049 3454 5102 ab
3476 5047 3562 5100 ira
3589 5046 3678 5100 fu-

212 5126 446 5202 causze
499 5142 555 5196 in
591 5143 699 5198 hoc
731 5141 970 5197 homine
1021 5139 1206 5211 (Ibid.,
1249 5139 1300 5193 4.
1331 5155 1350 5186 ια
1398 5141 1465 5192 Et
1517 5135 1636 5191 illi:
1672 5160 1699 5186 ‹‹
1750 5137 1918 5191 Com-
2031 5137 2179 5191 roris
2211 5136 2323 5201 sui,
2358 5139 2414 5190 et
2450 5126 2797 5191 misereatur
2825 5137 2952 5206 tibi,
2977 5137 3440 5210 multiplicatque
3484 5139 3560 5202 te,
3603 5131 3681 5189 si-

216 5233 446 5291 movit
467 5231 747 5303 populum
771 5248 874 5304 per
904 5231 1239 5286 universam
1265 5228 1550 5292 Judmam,
1583 5225 1868 5297 incipiens
1889 5243 1922 5279 a
2033 5224 2364 5296 cutjuravit
2385 5226 2651 5297 patribus
2681 5225 2799 5280 tuis
2831 5228 3006 5294 (Dc-ut.
3039 5245 3162 5292 xm,
3193 5225 3313 5290 6—8,
3346 5224 3453 5294 47).
3492 5248 3512 5275 »

218 5321 504 5380 Galilaaa
553 5337 743 5393 usque
771 5321 887 5377 huc
926 5320 1111 5392 (Ibid,
1136 5319 1212 5388 5).
1252 5340 1278 5365 ››
1324 5317 1534 5372 Deinde
1566 5321 1699 5388 post
1729 5314 1925 5387 aliqua
2106 5315 2222 5369 XV.
2257 5315 2362 5368 Hic
2393 5331 2464 5369 ne
2495 5315 2635 5386 quid
2678 5315 2874 5370 minus
2924 5317 3142 5369 factum
3192 5313 3476 5379 videatur,
3509 5311 3684 5368 etiam

217 5411 409 5471 dixit
441 5411 528 5466 eis
551 5409 810 5466 Pilatus:
847 5432 874 5460 ‹‹
904 5406 1212 5464 Obtulistis
1243 5405 1388 5460 mihi
1439 5405 1596 5460 hunc
1625 5405 1924 5460 hominem
2033 5404 2377 5459 vestratium
2413 5403 2672 5460 ridiculae
2712 5403 2968 5478 opinioni
3019 5404 3360 5459 obviamus:
3415 5402 3538 5474 qui,
3571 5419 3688 5458 non

221 5499 440 5577 quasi
477 5503 835 5556 avertentem
865 5497 1173 5573 populum,
1206 5499 1262 5552 et
1292 5511 1423 5550 ecce
1453 5511 1580 5567 ego,
1611 5511 1807 5550 coram
1842 5511 1928 5550 πο-
2038 5493 2396 5548 invenientes
2425 5510 2676 5566 quarum
2715 5499 3050 5551 sanctorum
3076 5493 3510 5567 Scripturarum
3535 5491 3694 5548 funi-

221 5592 351 5656 bis
395 5587 788 5670 interrogans,
822 5587 1048 5649 nullam
1079 5601 1319 5647 causam
1351 5584 1560 5645 mortis
1607 5583 1838 5646 invenio
1867 5583 1926 5643 in
2041 5582 2171 5645 culo
2192 5582 2471 5663 scapham
2492 5585 2833 5648 assertionis
2854 5603 2972 5647 suae
2993 5583 3330 5665 pertrahunt
3349 5584 3420 5644 ad
3443 5582 3694 5657 alicujus
