4086 6168
412 316 534 378 943

1427 306 1916 373 HUMBER'PUS
1961 308 2026 370 S.
2075 308 2148 368 R.
2198 307 2270 368 E.
2317 307 2820 380 GARDINALIS.

3696 312 3800 376 9N

415 397 756 504 stabilitatis
786 443 972 512 littus,
1005 443 1344 500 ﬂuetuando
1390 440 1890 514 pertrahunturin
1914 439 2057 496 illud
2085 441 2140 508 Α
2169 444 2286 496 tam
2317 441 2607 498 decimam
2638 441 2839 498 lunam
2885 440 3244 499 omnimodis
3270 441 3696 499 observandam
3717 442 3810 499 de-

413 529 621 593 divinze
633 531 1065 606 omnipotentiae
1079 532 1609 606 pelagus.Namque
1623 528 2058 586 sciscitantibus

415 620 584 682 nobis
613 615 771 680 unde
815 621 1098 678 Dominus
1143 619 1314 677 Jesus
1360 621 1773 676 fermentatum
1806 619 1864 673 in
1896 634 2059 674 ccena

412 707 703 778 habuerit,
736 727 870 768 cum
901 710 961 765 in
992 710 1266 766 omnibus
1295 709 1512 764 finibus
1547 706 1718 764 Israel
1752 724 1865 762 non
1907 707 2059 763 inve-

408 796 654 872 niretur,
676 799 1066 870 respondent:
1092 799 1152 854 Si
1173 797 1429 853 creditur
1457 797 1846 870 omnipotens,
1870 795 2061 871 potuit

410 886 606 954 subito
663 889 1053 960 undecunque
1117 887 1528 942 fermentatum
1595 885 1888 954 exhibere,
1958 889 2062 939 aut

410 975 564 1036 certe
584 975 778 1050 ipsum
801 993 1070 1048 azymum
1087 975 1483 1032 benedicendo
1503 975 1871 1030 fermentare.
1896 972 2058 1038 Quod

412 1083 590 1139 quam
621 1063 698 1122 sit
727 1065 998 1120 frivolum
1021 1081 1193 1120 nemo
1225 1081 1342 1120 non
1376 1062 1686 1134 intelligit;
1723 1063 1882 1133 quia,
1913 1077 2058 1132 quo-

412 1171 645 1228 cunque
676 1153 850 1210 modo
878 1154 1034 1226 apud
1061 1169 1196 1209 eum
1240 1152 1301 1206 in
1351 1152 1481 1223 ipsa
1530 1150 1899 1206 solemnitate
1948 1150 2058 1204 fer-

412 1239 740 1302 mentatum
791 1242 1181 1315 apparuisset,
1237 1240 1383 1313 legis
1432 1245 1830 1312 transgressor
1875 1239 2058 1306 fieret,

410 1317 584 1406 plane
613 1333 829 1404 dignus
860 1330 1076 1402 puniri,
1110 1329 1208 1401 qui
1239 1329 1297 1384 in
1330 1333 1542 1385 sancta:
1580 1327 1724 1400 legis
1756 1331 2059 1383 contume-

411 1421 552 1477 liam
564 1413 977 1476 fermentatum
991 1421 1318 1474 tractasset.
1334 1418 1466 1485 Sed,
1483 1417 1591 1474 etsi
1607 1416 1866 1488 quolibet
1887 1416 2059 1471 modo

410 1503 470 1565 id
531 1503 739 1564 fuisset
767 1501 1009 1574 factum,
1054 1504 1268 1578 aliquis
1300 1505 1798 1578 Evangelistarum
1829 1508 2058 1559 tantum

411 1598 675 1653 narraret
694 1589 1068 1664 miraculum,
1091 1611 1207 1650 non
1229 1593 1472 1650 inferius
1497 1593 1595 1650 illo
1623 1610 1736 1665 quo
1757 1609 1912 1664 aqua
1923 1609 2061 1648 con-

409 1702 577 1742 versa
607 1689 881 1740 narratur
927 1683 986 1738 in
1030 1683 1253 1739 vinum.
1303 1687 1371 1738 Et
1415 1699 1549 1739 cum
1599 1686 1720 1738 tam
1768 1681 2062 1737 subtiliter

411 1777 576 1878 gpsta
602 1771 724 1878 sive
754 1771 911 1861 dicta
939 1771 998 1828 in
1036 1771 1166 1846 ipsa
1209 1789 1373 1828 cmna
1417 1771 1758 1828 describunt
1787 1776 1853 1827 ut
1881 1771 2059 1828 etiam
2088 1811 2138 1878 Β

412 1857 611 1936 aliqua
639 1860 796 1918 velut
825 1859 1024 1917 minus
1063 1861 1395 1917 necessaria
1439 1861 1744 1916 videantur
1796 1861 2058 1929 recitare,

413 1947 568 2010 sicut
590 1947 735 2006 illud
766 1955 856 2007 est
876 1951 948 2005 de
973 1949 1345 2006 contentione
1382 1950 1678 2022 prioratus
1716 1950 1867 2005 inter
1887 1948 2061 2006 disci-

412 2039 583 2114 pulos
627 2037 797 2108 facta,
846 2037 967 2095 sive
1015 2038 1171 2111 quod
1219 2039 1504 2094 Dominus
1553 2038 1678 2110 ipse
1725 2038 2064 2110 praaceperit

412 2125 582 2186 vendi
604 2128 866 2186 tunicam
888 2131 946 2184 et
964 2128 1078 2184 emi
1101 2125 1364 2200 gladium
1391 2146 1405 2196 ;
1429 2127 1721 2200 quomodo
1739 2132 1859 2183 tam
1882 2127 2062 2183 obsti-

414 2219 550 2275 nato
582 2213 818 2274 silentio
849 2212 1132 2272 reticuere
1176 2218 1299 2272 tam
1350 2217 1664 2272 necessarii
1711 2215 2063 2272 sacramenti

413 2305 671 2377 initium,
706 2307 764 2362 et
791 2306 856 2360 ut
883 2304 966 2360 ita
995 2303 1284 2374 dicamus,
1314 2305 1713 2360 omnimodam
1745 2309 2063 2360 metamor-

416 2392 670 2467 phosim,
689 2389 989 2465 etqualem
1000 2409 1104 2449 vos
1119 2391 1427 2449 somniatis
1440 2394 1677 2465 ?Neque
1697 2394 1854 2449 enim
1879 2394 2067 2449 fuerat

415 2477 777 2554 negligenter
795 2482 1395 2550 commemorandum,
1419 2483 1574 2553 quod
1597 2482 1777 2537 totius
1799 2481 2064 2537 Ecclesia:

412 2572 601 2628 exstat
621 2569 1154 2639 fundamentum,et
1174 2587 1361 2642 usque
1384 2571 1706 2626 secundum
1728 2569 1941 2626 Christi
1963 2571 2065 2625 ad-

411 2663 652 2718 ventum
683 2657 954 2715 retinebit
984 2658 1443 2715 Christianitatis
1489 2662 1730 2728 statum,
1777 2675 1879 2730 per
1908 2659 2065 2731 quod

413 2749 474 2805 in
505 2747 735 2806 Christo
765 2764 1095 2815 manemus,
1129 2751 1185 2802 et
1224 2747 1350 2820 ipse
1393 2749 1453 2803 in
1505 2747 1695 2803 nobis.
1748 2747 1911 2804 Unde
1940 2764 2064 2815 vos,

417 2835 759 2895 assertionis
777 2839 978 2893 vestra:
1001 2833 1404 2892 difficultatem
1445 2837 1627 2909 passi,
1655 2835 1936 2892 laboratis
1958 2853 2067 2892 no-

419 2927 510 2983 bis
527 2924 933 2999 praajudicium
956 2927 1142 2982 facere
1163 2943 1230 2981 ex
1250 2925 1406 2981 omni
1415 2926 1671 2998 polentia
1691 2924 1928 2981 Christi.
1953 2925 2067 2981 Sed

419 3013 582 3071 vobis
602 3013 850 3070 ﬁdeliter
877 3018 937 3070 et
957 3017 1290 3071 constanter
1310 3016 1734 3087 respondemus
1755 3033 1767 3070 :
1791 3015 2067 3078 Quamvis

421 3105 622 3162 omnia
642 3119 1005 3178 quaecunque
1040 3103 1224 3161 voluit
1251 3103 1449 3160 fecerit
1483 3109 1541 3159 et
1573 3104 1746 3160 faciat
1783 3101 2067 3160 Dominus

2165 530 2418 585 nuntiat.
2433 532 2504 586 Et
2517 531 2754 586 mundis
2770 531 3008 603 quidem
3021 536 3293 604 quartam
3307 531 3594 588 decimam
3615 530 3806 588 lunam

2169 619 2345 690 primi
2375 621 2619 690 mensis,
2641 619 2970 676 immundis
2997 625 3196 676 autem
3229 625 3501 692 quartam
3532 619 3811 677 decimam

2173 708 2412 764 secundi
2431 709 2675 765 mensis.
2703 710 2764 764 Et
2801 709 3137 781 quicunque
3158 709 3328 766 aliter
3357 709 3809 782 praesumpisset,

2167 798 2238 853 de
2260 798 2450 853 medio
2473 797 2671 870 populi
2694 798 2784 854 sui
2805 798 3040 870 periret.
3067 797 3229 862 Quod
3253 797 3304 853 si
3337 796 3620 869 quaeritur
3639 812 3810 869 quam

2165 887 2420 942 Joannes
2451 887 2738 942 decimam
2771 885 3039 958 quintam
3069 885 3296 953 lunam,
3328 886 3387 941 id
3417 889 3527 953 est,
3550 885 3811 958 apascba

2167 975 2487 1030 secundam
2509 975 2719 1031 dixerit
2733 974 2945 1047 pascha
2967 979 2993 1030 ?
3013 991 3148 1030 cum
3195 975 3463 1030 videatur
3499 973 3692 1030 dicere
3719 975 3810 1031 de-

2168 1063 2350 1120 fuisse
2387 1081 2400 1120 :
2427 1068 2493 1118 Et
2513 1063 2624 1136 ipsi
2646 1081 2762 1119 non
2782 1062 3212 1120 introieruntin
3234 1063 3568 1136 praetorium
3594 1069 3659 1118 ut
3699 1077 3809 1119 non

2167 1153 2727 1220 contaminarentur,
2761 1153 2862 1209 sed
2895 1157 2959 1208 ut
2986 1153 3411 1208 manducarent
3431 1166 3653 1225 azyma,
3679 1165 3811 1224 quo-

2169 1257 2301 1296 rum
2333 1241 2524 1312 prima
2551 1245 2674 1297 erat
2698 1241 2823 1297 dies
2851 1241 3016 1314 ipsa:
3069 1241 3272 1298 sciatis
3320 1241 3718 1297 indillerenter
3747 1242 3812 1297 ab

2169 1329 2550 1402 Evangelistis
2581 1330 2696 1385 dici
2724 1330 2926 1402 pascha
2954 1336 3013 1387 et
3051 1330 3426 1403 azyma.Nam
3453 1328 3592 1386 licet
3620 1329 3810 1386 Domi-

2169 1435 2282 1474 nus
2314 1419 2617 1490 discipulis
2648 1419 2896 1476 dixerit:
2930 1441 2959 1470 «
2991 1419 3164 1475 Scitis
3212 1419 3353 1490 quia
3399 1423 3533 1490 post
3569 1417 3814 1475 biduum

2169 1507 2388 1578 pascha
2410 1509 2505 1562 fiet
2527 1508 2731 1580 (Matth.
2754 1525 2909 1575 xxv1,
2928 1507 3004 1579 2).
3035 1530 3065 1557 »
3088 1507 3396 1563 Mattheus
3415 1512 3613 1562 tamen
3634 1506 3811 1579 ipsius

2168 1596 2282 1652 diei
2314 1596 2374 1650 in
2421 1597 2592 1667 cujus
2637 1612 2876 1668 vespere
2923 1597 3026 1652 fiat
3072 1596 3293 1669 pascha
3337 1596 3699 1652 mentionem
3745 1596 3813 1652 fac

2169 1684 2347 1753 ciens,
2382 1683 2610 1757 inquit:
2645 1707 2674 1735 ‹‹
2708 1685 2903 1740 Prima
2951 1690 3147 1741 autem
3186 1700 3527 1758 azymorum
3557 1697 3812 1742 accesse-

2169 1777 2307 1829 runt
2335 1773 2606 1847 discipuli
2630 1775 2700 1830 ad
2719 1777 2944 1841 Jesum,
2977 1773 3273 1830 dicentes:
3307 1771 3408 1830 ubi
3432 1773 3522 1830 vis
3549 1785 3812 1846 paremul

2170 1862 2277 1917 tibi
2307 1862 2528 1935 pascha
2561 1863 2867 1920 comedere
2891 1863 3076 1936 (Ibid,
3106 1864 3217 1933 17).
3252 1886 3282 1913 ››
3312 1862 3418 1919 Cui
3459 1864 3808 1920 concordem

2172 1951 2401 2006 Marcus
2426 1951 2542 2006 ait:
2577 1974 2602 2000 ‹‹
2639 1953 2772 2007 Erat
2803 1951 3021 2025 pascha
3069 1956 3126 2008 et
3169 1969 3374 2024 azyma
3414 1955 3542 2024 post
3566 1949 3800 2006 biduum

2173 2040 2366 2110 (Marc.
2417 2041 2636 2107 x1v,l).
2668 2060 2697 2089 »
2751 2040 2820 2095 Et
2865 2044 2998 2113 post
3039 2056 3259 2112 pauca:
3315 2063 3338 2091 ι
3373 2041 3446 2096 Et
3483 2039 3670 2112 prima
3711 2038 3804 2094 die

2173 2145 2530 2201 azymorum,
2553 2129 2786 2200 quando
2810 2128 3428 2201 paschaimmolabant
3449 2128 3634 2202 (Ibid,
3654 2127 3759 2201 t2).
3782 2149 3810 2178 η

2173 2217 2280 2273 Ubi
2325 2216 2376 2273 si
2442 2217 2838 2273 indifferenter
2908 2234 3025 2274 non
3096 2217 3464 2290 accipiuntur
3509 2217 3728 2289 pascha
3760 2219 3816 2274 et

2173 2323 2394 2379 azyma,
2420 2310 2485 2361 ut
2506 2306 2677 2362 modo
2699 2305 2917 2378 pascha
2937 2323 3042 2379 pro
3072 2306 3217 2364 festo
3257 2322 3618 2380 azymorum,
3648 2304 3816 2362 modo

2173 2396 2388 2452 festum
2410 2411 2746 2468 azymorum
2770 2395 3132 2468 intelligatur
3160 2412 3265 2468 pro
3283 2395 3502 2467 pascha
3531 2395 3819 2468 quomodo

2173 2483 2353 2540 stabit
2376 2502 2423 2539 ;‹‹
2449 2485 2585 2539 Erat
2607 2483 2822 2556 pascha
2839 2489 2896 2540 et
2917 2501 3119 2557 azyma
3139 2488 3276 2558 post
3287 2485 3534 2540 biduum
3553 2483 3616 2539 7»
3637 2483 3820 2554 (Ιόἱᾶη

2177 2573 2253 2642 1.)
2280 2573 2426 2627 Nam
2443 2574 2612 2643 juxta
2642 2573 2976 2645 Opinionem
2997 2578 3250 2629 vestram
3273 2573 3475 2629 debuit
3490 2574 3575 2628 sic
3603 2572 3816 2628 scribi:

2175 2665 2309 2715 Erat
2325 2661 2542 2732 pascha
2555 2667 2686 2733 post
2701 2661 2943 2717 biduum
2948 2665 3032 2733 ,et
3052 2679 3256 2734 azyma
3275 2666 3408 2736 post
3428 2662 3702 2718 biduum.
3718 2660 3820 2718 Sed

2175 2749 2383 2804 beatus
2409 2750 2593 2804 Lucas
2615 2766 2850 2805 omnem
2870 2750 3215 2821 hujusmodi
3248 2749 3572 2807 dissolvens
3591 2755 3821 2807 contio-

2174 2837 2424 2894 versiam
2451 2838 2674 2910 inquit:
2709 2861 2736 2888 «
2771 2839 3294 2911 Appropinquabat
3311 2839 3438 2896 dies
3459 2854 3820 2911 azymorum,

2176 2926 2276 2999 qui
2307 2926 2522 2982 dicitur
2544 2927 2762 2998 pascha
2786 2927 2936 2999 (Luc.
2983 2945 3123 2996 xxu,
3157 2929 3230 3000 1).
3265 2949 3296 2978 ››
3325 2928 3391 2983 Ει
3421 2928 3561 3000 quia
3588 2944 3732 2984 cum
3759 2944 3820 2984 eo

2176 3015 2273 3086 qui
2298 3015 2528 3088 proprie
2548 3015 2850 3070 dicebatur
2876 3015 3114 3088 pascha,
3138 3016 3564 3088 subsequentes
3588 3030 3820 3088 quoque

2176 3108 2399 3176 septem
2429 3103 2552 3160 dies
2574 3120 2912 3176 azymorum
2934 3105 3172 3161 abusive
3190 3105 3690 3176 uuncupabantur
3726 3121 3820 3177 pa6

418 3195 614 3260 Jesus,
637 3193 746 3251 hoc
768 3187 954 3250 facere
975 3211 1090 3250 non
1112 3193 1321 3266 potuit,
1351 3193 1812 3266 sicutquondam
1836 3193 1905 3248 de
1929 3192 2071 3266 lapi-
2097 3181 2140 3248 C
2178 3193 2339 3262 scha,
2369 3209 2543 3265 quem
2577 3193 2732 3248 diem
2762 3191 2935 3248 vellet
2976 3191 3306 3266 specialiter
3339 3191 3614 3266 intelligi,
3649 3194 3709 3248 in
3739 3207 3822 3248 se-

421 3280 598 3340 dibus
619 3299 828 3356 panem
863 3279 1050 3340 facere
1088 3299 1203 3338 non
1244 3280 1452 3354 potuit.
1494 3281 1552 3337 Si
1593 3283 1892 3353 quaeritur,
1929 3282 2071 3338 cur?

422 3371 680 3428 Breviter
700 3371 1106 3443 respondetur,
1139 3369 1278 3442 quia
1307 3369 1514 3425 noluit.
1560 3371 1669 3426 Sed
1701 3371 1855 3426 unde
1885 3371 2072 3426 scitur

421 3457 561 3531 quia
589 3457 826 3514 noluit?
852 3459 992 3530 quia
1021 3475 1138 3514 non
1167 3459 1497 3531 transgredi
1530 3459 1720 3530 potuit
1748 3475 1853 3514 nec
1883 3464 2069 3516 trans-

416 3548 655 3621 gressus
677 3544 988 3619 e'stlegem,
1008 3563 1188 3619 quam
1203 3563 1318 3602 non
1338 3548 1496 3602 venit
1517 3547 1754 3614 solvere,
1770 3548 1869 3603 sed
1885 3548 2067 3604 adim-

401 3636 591 3722 iplere.
626 3635 830 3710 Itaque
862 3652 1048 3692 unum
1079 3651 1111 3691 e
1141 3634 1373 3690 duobus
1403 3633 1633 3722 eligatis
1687 3652 1924 3692 necesse
1953 3641 2060 3694 est.

407 3728 526 3782 Aut
545 3725 702 3782 enim
723 3725 1069 3782 fermentata
1091 3725 1314 3797 abjecto
1337 3723 1397 3778 in
1433 3721 1801 3780 solemnitate
1831 3741 2060 3794 azymo-

409 3831 542 3872 rum
563 3813 751 3888 legem
777 3811 1060 3888 implevit,
1087 3818 1190 3869 aut
1211 3817 1482 3886 suscepto
1507 3813 1851 3869 fermentato
1874 3812 2062 3886 legem

409 3903 600 3974 solvit,
633 3909 872 3978 pr0pter
892 3918 1067 3977 quam
1092 3902 1528 3976 adimplendam
1568 3919 1631 3959 se
1654 3902 1881 3959 venisse
1905 3919 2062 3958 men-

406 3985 554 4050 titus
581 3993 927 4062 invenietur,
959 3993 1116 4066 quod
1143 3992 1297 4049 absit
1321 3991 1334 4046 l
1360 3991 1534 4048 Porro
1557 3993 1627 4048 de
1647 3992 2060 4064 omnipotentis

408 4079 512 4140 Dei
527 4082 995 4155 coomnipotente
1009 4079 1517 4149 Filio,itahabctur
1535 4081 1592 4136 in
1613 4081 1858 4137 Joannis
1883 4085 2063 4138 Evan-

411 4167 602 4244 gelio:
655 4193 684 4222 «
715 4169 843 4226 Non
896 4171 1088 4242 potest
1127 4167 1309 4226 Filius
1353 4169 1539 4226 facere
1583 4170 1906 4242 quidquam
1938 4188 1972 4227 a
2000 4187 2062 4228 se

411 4253 634 4334 (Matth.
665 4277 720 4326 v,
753 4257 864 4330 49).
894 4281 922 4309 ››
953 4258 1060 4324 Qui
1100 4256 1299 4325 etiam,
1332 4258 1659 4333 secundum
1687 4262 1967 4328 Marcum,
1999 4259 2057 4316 in

409 4347 600 4422 patria
628 4351 738 4405 sua
767 4365 882 4404 non
916 4350 1140 4420 poterat
1167 4346 1413 4401 virtutes
1445 4343 1663 4402 multas
1686 4347 1892 4404 facere.

480 4435 627 4495 XVI.
654 4433 798 4494 Hinc
819 4436 901 4493 nil
924 4433 1468 4510 tergiversationum
1489 4440 1816 4492 vestrarum
1834 4442 2064 4510 praeter-

2179 3282 2495 3354 quentibus
2541 3280 2670 3337 luce
2717 3281 2933 3338 clarius
2981 3283 3258 3348 ostendit,
3307 3279 3607 3336 dicensm
3659 3279 3828 3338 Venit

2177 3376 2373 3427 autem
2406 3369 2530 3426 dies
2558 3386 2918 3444 azymorum,
2950 3369 3009 3425 in
3060 3387 3179 3443 qua
3216 3386 3454 3426 necesse
3483 3374 3612 3426 erat
3644 3369 3825 3427 occidi

2175 3459 2393 3531 pascha
2423 3457 2606 3530 (Ibid.,
2640 3459 2716 3530 7).
2747 3479 2775 3509 »
2810 3458 2972 3522 Quod
3020 3458 3190 3530 plane
3235 3459 3297 3514 in
3343 3463 3549 3530 quarta
3599 3459 3830 3514 decima

2175 3549 2315 3603 luna
2335 3547 2508 3603 ﬁebat
2524 3548 2592 3602 ad
2613 3565 2939 3621 vesperum,
2959 3549 3194 3620 quando
3211 3564 3402 3620 agnus
3417 3547 3824 3611 occidebatur;

2173 3651 2348 3708 quem
2379 3634 2556 3713 etiam
2585 3635 2804 3708 pascha
2831 3635 2944 3692 dici
2977 3635 3062 3691 sic
3097 3633 3467 3708 Evangelista
3505 3633 3826 3708 perhibuit,

2171 3724 2445 3796 utipsum
2477 3724 2696 3796 pascha
2724 3724 3107 3780 occidendum
3125 3724 3366 3780 diceret.
3404 3724 3562 3779 Idem
3593 3737 3830 3796 quoque

2171 3813 2230 3868 in
2243 3813 2483 3869 Actibus
2496 3812 2896 3885 apostolorum
2913 3815 3112 3867 narrat
3137 3813 3294 3884 quod
3308 3807 3561 3868 Herodes
3584 3817 3827 3886 captum

2170 3901 2405 3958 Petrum
2437 3900 2600 3956 misit
2626 3901 2687 3956 in
2718 3917 3032 3970 carcerem,
3064 3899 3264 3957 volens
3289 3905 3424 3975 post
3451 3901 3681 3973 pascha
3700 3917 3829 3974 pro-

2170 3989 2382 4045 ducere
2413 4004 2548 4044 eum
2577 3989 2814 4061 populo.
2863 3989 2972 4053 Qui
3019 3990 3175 4063 quod
3223 3989 3443 4062 pascha
3489 3989 3656 4046 dicat
3696 4005 3826 4046 mox

2169 4078 2538 4150 subjungens
2558 4077 2812 4134 declarat
2838 4096 2851 4135 :
2881 4099 2910 4129 ‹‹
2931 4079 3111 4134 Erant
3130 4084 3327 4135 autem
3340 4078 3466 4134 dies
3481 4093 3827 4151 azymorum

2169 4170 2304 4236 (Act.
2336 4184 2439 4238 x11,
2472 4167 2549 4238 3).
2584 4189 2612 4216 ››
2643 4166 2758 4222 Nec
2784 4166 3023 4222 mirum.
3054 4170 3198 4223 Cum
3222 4167 3399 4222 etiam
3435 4165 3622 4222 Exodi
3658 4163 3825 4222 tertio

2171 4256 2473 4324 Dominus,
2504 4255 2618 4311 tria
2646 4255 2792 4312 festa
2829 4255 3190 4329 praecipiens,
3221 4255 3444 4329 pascha
3484 4255 3700 4325 tacuit,
3733 4270 3825 4312 so-

2167 4345 2529 4402 lemnitatem
2547 4361 2885 4418 azymorum
2907 4350 3139 4400 tantum
3160 4343 3442 4402 custodiri
3456 4344 3670 4416 jussit,
3700 4360 3826 4416 qua

2169 4432 2560 4507 praatermisso
2581 4432 2801 4506 pascha
2822 4433 3353 4506 observarinequit.
3368 4433 3546 4490 Porro
3564 4431 3828 4489 Joannes

408 4527 728 4599 mittentes,
761 4524 901 4599 quia
930 4523 1311 4615 consideratis
1341 4528 1548 4615 vestro
1596 4525 1940 4615 fermentata
1969 4543 2058 4584 se-
2089 4550 2136 4615 D
2169 4523 2420 4615 qualiter
2447 4521 2703 4615 intelligi
2738 4521 3111 4615 velletquod
3160 4522 3275 4579 ait:
3306 4521 3596 4615 «‘Utnon
3625 4525 3828 4578 conta-

408 4616 667 4672 cundum
679 4615 867 4688 legem
880 4611 1351 4686 etEvangeliumj
1362 4618 1491 4669 uste
1502 4613 2056 4671 contradiciastrue-

407 4722 467 4761 re
487 4703 782 4761 conamini
814 4703 1130 4760 Dominum
1164 4719 1279 4758 non
1315 4701 1642 4758 celebrasse
1671 4703 1888 4775 pascha
1916 4721 2052 4760 cum

407 4793 624 4848 Judaeis
642 4798 851 4865 quarta
870 4793 1099 4849 decima
1119 4791 1260 4848 luna
1282 4790 1503 4848 mensis
1526 4791 1718 4864 primi,
1743 4793 1841 4847 sed
1866 4793 2053 4866 prius-

405 4897 583 4952 quam
606 4881 758 4938 ﬁerit
790 4881 994 4954 legalis
1016 4879 1262 4953 abjectio
1283 4881 1637 4937 fermentati.
1677 4883 1746 4936 Et
1779 4881 1887 4937 hoc
1923 4899 2054 4954 pro-

405 4971 543 5026 bare
571 4969 923 5026 contenditis
948 4987 1017 5025 ex
1059 4969 1370 5042 Evangelio
1398 4969 1646 5025 Joannis
1676 4969 1777 5041 qui
1799 4969 1909 5026 ait:
1941 4993 1969 5021 (ι
1987 4973 2055 5028 Et

407 5058 522 5132 ipsi
547 5076 663 5115 non
701 5058 1013 5114 introivere
1043 5058 1102 5112 in
1135 5058 1492 5130 printerium,
1525 5062 1590 5112 ut
1619 5074 1733 5112 non
1765 5059 2051 5116 contami-

406 5142 705 5218 narentur,
739 5147 842 5204 sed
887 5153 952 5202 ut
981 5147 1404 5202 manducarent
1433 5145 1651 5217 pascha
1681 5147 1858 5217 (Joan.
1889 5166 2048 5217 xvm,

404 5231 517 5304 28).
554 5259 582 5287 ι)
614 5234 774 5301 Quod
809 5240 1028 5306 quanta
1060 5232 1419 5289 absurditate
1457 5232 1707 5301 dicatur,
1747 5233 1956 5290 saltem
1982 5252 2051 5290 ex

407 5325 516 5380 hoc
536 5324 892 5398 perpendite,
909 5322 1063 5396 quod
1080 5322 1374 5378 Christum
1391 5323 1881 5394 transgressorem
1904 5323 2048 5396 legis

409 5429 522 5467 non
571 5413 785 5469 cavetis
827 5413 1019 5469 denuo
1068 5411 1480 5484 pronuntiare:
1533 5410 1640 5474 Qui
1694 5427 1863 5467 «cum
1895 5409 2049 5471 facta

405 5504 560 5558 esset
575 5501 738 5570 hora,
753 5501 1051 5558 discubuit
1072 5499 1220 5572 (Luc.
1245 5515 1383 5565 xxu,
1407 5495 1516 5570 Η).
1539 5521 1561 5550 υ
1597 5497 1874 5562 Quamvis
1886 5501 2044 5559 enim

400 5585 494 5656 bis
508 5603 683 5671 posse
703 5583 976 5651 celebrari
997 5586 1320 5671 paschalex
1339 5585 1634 5664 concedat,
1656 5589 1853 5651 tamen
1873 5606 2046 5668 quur.

2169 4613 2554 4682 minarentur,
2575 4611 2676 4668 sed
2690 4615 2756 4666 ut
2771 4611 3194 4668 manducarent
3207 4607 3430 4684 pascha
3451 4611 3634 4683 (loan.
3661 4625 3827 4677 xvm,

2161 4703 2252 4772 28)
2275 4717 2290 4769 ;
2310 4722 2338 4750 »
2363 4698 2537 4773 paulo
2550 4704 2682 4772 post
2701 4699 2810 4755 ait:
2836 4723 2863 4749 ‹‹
2879 4700 3012 4756 Erat
3023 4704 3220 4756 autem
3239 4715 3545 4772 parasceve
3560 4699 3824 4771 paschae,

2167 4790 2312 4847 hora
2341 4789 2511 4862 quasi
2540 4793 2702 4844 sexta
2722 4789 2900 4861 (Joan.
2925 4807 3040 4858 xxx,
3068 4790 3179 4862 14),
3210 4810 3240 4839 ››
3261 4804 3567 4861 parascere
3587 4787 3826 4861 pascha

2158 4879 2499 4951 praeparatio
2524 4877 2758 4949 paschae
2786 4878 3244 4950 interpretatur;
3276 4877 3662 4949 quandojam
3687 4892 3830 4951 pra-

2163 4967 2481 5040 parabatur
2500 4965 2586 5022 vel
2611 4966 2867 5022 instabat
2883 4966 3190 5023 celebritas
3207 4965 3407 5039 magni
3419 4965 3536 5022 diei
3556 4964 3828 5032 Sabbati,

2162 5056 2263 5129 qui
2294 5054 2575 5112 celebrior
2595 5054 2838 5127 reliquis
2867 5055 3245 5129 paschalibus
3286 5054 3497 5112 diebus
3527 5056 3694 5128 apud
3723 5055 3828 5111 Ju-

2160 5148 2315 5203 dznos
2345 5144 2689 5212 habebatur,
2721 5144 2865 5201 adeo
2886 5149 2969 5214 ut,
2999 5146 3073 5202 ob
3099 5143 3482 5202 reverentiam
3500 5145 3655 5216 ejus,
3679 5159 3820 5218 gen-

2159 5235 2281 5291 tilis
2311 5233 2568 5290 hominis
2614 5233 3067 5305 cohabitatione,
3115 5233 3206 5290 vel
3255 5233 3500 5290 introitu
3551 5230 3819 5306 praetorii

2158 5323 2340 5396 pollui
2360 5327 2694 5379 vererentur
2714 5341 2728 5391 ;
2749 5327 2808 5379 et
2823 5322 3063 5396 insuper
3085 5340 3156 5380 ne
3172 5323 3232 5378 in
3252 5339 3423 5380 cruce
3440 5322 3829 5379 remanerent

2156 5429 2402 5486 corpora
2445 5411 2504 5466 in
2555 5411 2829 5480 Sabbato,
2897 5416 3306 5485 praecaverent.
3355 5410 3471 5467 Nec
3517 5412 3824 5483 repugnat

2157 5519 2285 5560 vero
2311 5501 2465 5576 quod
2513 5500 2733 5576 pascha
2779 5499 3123 5558 solemnitas
3169 5517 3509 5576 azymorum
3558 5499 3828 5554 dicitur:

2151 5587 2629 5673 quandoquidem
2643 5589 2840 5668 ipsum
2861 5591 3084 5670 pascha
3101 5608 3237 5654 cum
3260 5590 3484 5669 azymis
3504 5587 3828 5651 edebatur:
