4086 6168
279 324 412 398 Mli

1268 329 1685 396 ADVEBBUS
1727 326 2188 394 GRJECORUM
2232 325 2709 394 GALUMNIAS.

3561 314 3687 394 sic
3743 397 3747 401 .

285 479 399 526 nec
425 461 732 537 portatum
749 460 910 524 diem
927 460 1118 535 illum,
1136 461 1291 523 sicut
1310 466 1592 538 scriptum
1615 469 1724 532 est,
1747 483 1931 537 ap-pa-
1959 465 2017 530 Α
2043 462 2346 524 disceretis
2376 463 2698 536 plurimum
2721 456 3591 535 distarelapidsmsiveiaterem
3611 468 3687 524 ab

287 554 452 615 nebat
480 553 898 613 fermentatum
929 555 989 612 in
1016 554 1238 612 ﬁnibus
1265 555 1386 612 illis
1418 571 1605 627 usque
1623 555 1694 610 ad
1726 569 1934 625 vespe-

285 659 421 702 rum
453 647 666 702 octava
695 643 831 710 dici,
860 660 1038 716 quam
1067 643 1364 701 habebant
1393 643 1854 699 celeberrimam.

361 730 532 791 XVII.
561 732 818 804 Insuper
843 731 1055 790 harum
1085 733 1265 791 trium
1288 732 1728 788 solemnitatum
1750 731 1935 787 conti-

286 820 455 882 nuati
485 824 614 878 octo
644 821 769 878 dies
791 838 894 893 pro
927 838 1042 878 uno
1075 820 1167 878 die
1210 826 1351 878 sunt
1406 821 1612 887 habiti,
1670 820 1822 876 sicut
1865 820 1936 877 de

285 909 645 981 scenopegiaa
676 909 769 964 die
783 910 894 964 bus
927 909 1212 967 Dominus
1242 911 1412 966 dicit:
1448 933 1476 961 «
1507 910 1624 966 Vos
1641 909 1937 965 ascendite

286 998 360 1054 ad
395 997 551 1054 diem
581 997 800 1053 festum
821 997 997 1066 hunc,
1027 1015 1132 1071 ego
1163 1003 1356 1055 autem
1381 1016 1499 1055 non
1529 999 1840 1055 ascendam
1863 997 1934 1053 ad

287 1087 445 1148 diem
477 1087 692 1148 festum
724 1087 881 1145 hunc
911 1088 1078 1159 (Joan
1097 1106 1197 1156 vn,
1231 1091 1307 1158 8).
1341 1110 1372 1141 »
1395 1089 1502 1156 Qui
1523 1092 1715 1145 tamen
1738 1092 1940 1161 postea

276 1176 410 1247 jam
453 1175 548 1232 die
578 1176 729 1233 festo
761 1176 1056 1234 mediante
1109 1177 1324 1234 dicitur
1367 1177 1724 1243 ascendisse,
1765 1181 1822 1232 et
1877 1175 1936 1230 in

289 1265 613 1326 novissimo
626 1281 856 1338 magna)
879 1265 1213 1324 festivitatis
1230 1267 1322 1322 die
1338 1267 1573 1323 stetisse
1612 1269 1670 1322 et
1687 1265 1937 1321 clamas-

289 1369 381 1414 se:
416 1375 446 1406 κ
475 1352 531 1408 Si
562 1353 695 1425 quis
728 1353 1070 1420 sitit,veniat
1097 1355 1168 1411 ad
1192 1371 1285 1412 me
1300 1360 1359 1411 et
1387 1355 1549 1411 bibat
1565 1354 1756 1427 (lbid.,
1787 1353 1938 1425 37.»)

361 1432 561 1498 XVIII.
592 1443 736 1498 Ecce
764 1442 977 1498 vestris
998 1443 1380 1515 Opinionibus
1400 1443 1670 1500 reluctati
1693 1441 1939 1499 forsitan

288 1529 429 1602 plus
459 1530 789 1588 necessario
818 1530 1040 1588 fuimus
1068 1533 1295 1589 verbosi
1321 1549 1336 1601 ;
1369 1533 1472 1588 sed
1503 1532 1640 1588 hinc
1695 1530 1940 1587 minime

293 1617 576 1678 debemus
606 1618 975 1690 reprehendi,
1009 1620 1151 1692 quia
1172 1638 1409 1680 causam
1439 1621 1700 1677 humano
1741 1618 1940 1692 generi

295 1723 479 1780 super
507 1708 701 1766 omnia
741 1709 1139 1767 necessariam
1197 1710 1490 1767 voluimus
1537 1708 1827 1768 evacuari.
1878 1705 1940 1764 Si

298 1795 581 1860 Dominus
607 1794 784 1857 Jesus
813 1796 1000 1869 legem
1031 1799 1318 1869 potuisset
1362 1799 1716 1872 transgredi,
1747 1796 1942 1856 inanis
1969 1837 1972 1854 ρ

291 1884 456 1946 enim
477 1889 628 1942 esset
646 1885 793 1942 fides
811 1890 1031 1955 nostra,
1044 1887 1238 1946 inanis
1258 1891 1314 1946 et
1325 1887 1654 1960 praedicatio
1698 1889 1900 1943 nostra
1923 1902 1936 1953 ;

2044 553 2286 626 azymis,
2305 558 2363 611 et
2389 554 2546 627 quod
2569 553 2863 626 lapidibus
2889 569 2994 610 seu
3017 552 3301 610 lateribus
3317 554 3531 626 paries,
3554 574 3684 631 azy-

2045 643 2160 698 mis
2191 647 2386 699 autem
2418 643 2796 699 conﬁrmetur
2816 660 2916 700 cor
2942 643 3220 700 hominis.
3246 644 3375 709 Qus
3419 649 3688 716 quamvis

2042 730 2366 787 humanam
2398 731 2576 787 vitam
2634 731 3033 804 temporaliter
3087 734 3438 799 sustentant,
3489 735 3688 799 tamen

2045 819 2170 876 sine
2189 820 2388 876 anima
2408 836 2555 886 esse,
2583 819 2735 876 sicut
2745 825 2802 876 et
2821 819 3462 886 fermentatum,nullus
3477 837 3690 894 negare

2044 909 2244 977 audet,
2275 908 2388 964 nisi
2422 908 2777 964 Manichacus
2811 909 3071 965 demens.
3105 910 3253 965 Nam
3309 909 3373 964 in
3430 910 3690 982 corporis

2033 997 2256 1054 «Christi
2285 999 2560 1070 mysterio
2591 997 2995 1054 indubitanter
3021 995 3218 1054 vitalis
3238 1013 3374 1054 esca
3396 999 3464 1054 ﬁt
3483 1015 3689 1072 perpe-

2043 1090 2165 1142 tuo.
2199 1087 2311 1142 Sed
2355 1087 2498 1142 dum
2546 1086 2800 1142 nitimiui
2857 1086 3185 1158 apostolica:
3235 1086 3361 1143 sedi
3405 1087 3689 1160 derogare

2047 1191 2225 1247 super
2255 1177 2498 1248 azymis,
2549 1176 2857 1248 putredine
2903 1175 3233 1232 inveteratis
3292 1174 3532 1234 haeresis
3586 1192 3689 1232 uos

2047 1268 2268 1322 scatere
2299 1263 2662 1330 monstratis,
2695 1265 3010 1320 asserenda
3039 1264 3292 1336 panibus
3319 1263 3516 1320 inesse
3561 1265 3688 1322 ani-

2047 1369 2205 1409 mam
2227 1352 2610 1419 fermentatis,
2642 1352 2822 1408 etiam
2851 1353 3076 1426 absque
3091 1351 3576 1425 mystcrioaliquo
3589 1353 3688 1409 do-

2047 1441 2274 1499 minicae
2306 1442 2618 1514 passionis.

2119 1530 2258 1588 XXI.
2295 1531 2458 1595 Quod
2491 1533 2686 1588 autem
2715 1529 3160 1588 calumniamini
3193 1546 3397 1603 azyma
3413 1530 3692 1586 deorsum

2047 1623 2213 1679 terras
2243 1621 2574 1691 conjuncta.
2610 1637 2726 1676 non
2753 1637 3040 1692 negamus
3081 1619 3258 1693 vulgo
3311 1620 3436 1676 hinc
3487 1620 3692 1676 eadem

2050 1707 2134 1764 sic
2164 1708 2356 1780 parari
2387 1707 2685 1780 lapidibus
2711 1712 2812 1764 aut
2849 1709 3055 1782 argilla
3081 1708 3592 1780 supcrposita,non
3613 1706 3693 1764 ei-

2045 1800 2149 1854 cut
2177 1795 2392 1862 dicitis,
2425 1801 2590 1854 terra:
2623 1798 2956 1868 coniuncta.
2990 1797 3204 1852 Verum
3236 1796 3357 1852 haec
3403 1796 3475 1853 ad
3534 1809 3695 1853 com-

2051 1901 2259 1942 munes
2273 1901 2416 1944 usus
2427 1885 2735 1941 hominum
2755 1889 2812 1941 et
2823 1891 3160 1942 caueret-um
3175 1882 3518 1944 animalium
3535 1887 3695 1940 tran-

291 1973 437 2044 quia
462 1977 666 2046 posset
692 1974 885 2032 doceri
917 1980 1219 2047 peccatum
1247 1976 1383 2033 Adae
1400 1976 1658 2035 obfuisse
1677 1975 1940 2032 humano
2042 1977 2254 2041 scunt;
2287 1989 2424 2029 nam
2456 1973 2528 2030 ad
2560 1988 2835 2046 magnam
2863 1972 3082 2030 Christi
3108 1986 3375 2029 mensam
3388 1985 3505 2030 non
3533 1983 3698 2032 acoe-

291 2063 515 2140 generi,
545 2066 797 2120 mortem
819 2068 1016 2120 autem
1037 2063 1253 2121 Christi
1280 2064 1426 2122 nihil
1444 2064 1755 2137 profuisse.
1777 2065 1942 2120 Nunc

289 2150 604 2223 sequentia
631 2151 974 2210 videamus:
1008 2152 1108 2209 ubi
1137 2157 1448 2225 postquam
1469 2153 1634 2210 vanis
1654 2152 1944 2211 declama-

287 2239 578 2308 tionibus,
612 2245 678 2297 ut
728 2257 908 2312 supra
960 2245 1344 2308 monstratur,
1375 2251 1524 2315 ἄρτον
1579 2239 1944 2313 interpretati

291 2327 493 2386 fuistis
521 2326 812 2390 elevatum
842 2333 899 2384 et
929 2345 1167 2388 sursum
1199 2334 1490 2402 portatum
1522 2348 1557 2386 a
1585 2330 1869 2386 fermento
1887 2333 1945 2385 et

283 2416 441 2484 sale,
465 2416 721 2476 calorem
752 2423 812 2473 et
839 2416 1219 2476 elevationem
1267 2419 1604 2484 habentem,
1654 2418 1944 2474 horrenda

287 2507 575 2574 cacitate,
604 2506 920 2566 abominati
951 2524 1172 2581 azyma,
1207 2508 1462 2564 dixistis:

372 2595 515 2652 XIX.
549 2595 1285 2654 Cossummorommus.
1317 2601 1536 2666 Azyma
1566 2600 1763 2654 autem
1796 2595 1942 2651 nihil

281 2683 521 2748 distant
548 2701 583 2739 a
609 2683 802 2757 lapide
830 2683 959 2742 sine
987 2685 1186 2742 anima
1211 2689 1268 2740 et
1295 2685 1417 2741 luto
1447 2685 1648 2742 lateris
1669 2686 1944 2744 deorsum

275 2773 616 2845 conjuncta
639 2777 823 2834 terrae.
855 2777 914 2828 et
939 2773 1024 2828 sic
1053 2773 1176 2832 luto
1206 2778 1560 2847 comparata.

370 2860 487 2918 ΧΧ.
522 2861 825 2921 Romans.
857 2861 1014 2923 Heul
1081 2860 1222 2918 heu!
1260 2862 1408 2919 heui
1466 2862 1712 2920 Domine
1759 2859 1944 2919 Deus!

288 2966 432 3007 ecce
459 2948 737 3022 compleri
766 2949 1034 3006 videmus
1065 2950 1348 3024 principis
1369 2951 1771 3024 apostolorum
1802 2968 1946 3023 pra:-

284 3039 534 3112 sagium
576 3037 795 3094 nostris
852 3038 1240 3110 temporibus.
1265 3063 1292 3090 «
1327 3041 1408 3096 Ex
1435 3041 1618 3110 vobis,
1655 3061 1684 3092 »
1733 3039 1944 3111 inquit,

288 3152 325 3182 α
365 3131 535 3184 erunt
565 3126 829 3198 magistri
877 3129 1209 3196 mendaces,
1269 3129 1370 3201 qui
1418 3129 1699 3185 inducent
1757 3133 1948 3185 sectas

2051 2064 2200 2120 dunt
2219 2081 2232 2131 ;
2253 2062 2356 2122 sed
2376 2060 2521 2118 illud
2535 2061 2618 2120 sol
2629 2079 2726 2119 um
2740 2063 2898 2133 quod
2910 2061 3136 2118 diaconi
3159 2077 3292 2119 cum
3315 2059 3696 2119 subdiaconis

2052 2167 2154 2208 seu
2187 2151 2299 2224 ipsi
2329 2151 2684 2219 sacerdotes,
2735 2150 2920 2209 sacris
2967 2150 3170 2207 amicti
3225 2149 3510 2217 vestibus,
3560 2165 3696 2208 cum

2048 2239 2302 2296 melodia
2314 2238 2674 2311 psalmorum
2705 2255 3087 2314 conspersum
3100 2237 3225 2294 etin
3249 2237 3403 2296 [erro
3423 2242 3698 2311 paratum

2049 2346 2119 2386 ex
2149 2328 2459 2386 secretario
2481 2327 3048 2400 proferunt.Nempe,
3077 2327 3234 2383 sicut
3247 2325 3560 2399 apostolici
3581 2327 3700 2385 Ac-

2050 2425 2148 2475 tus
2177 2418 2459 2486 indicant,
2493 2416 2723 2474 diaconi
2751 2416 3082 2489 specialiter
3111 2417 3416 2476 constituti
3445 2422 3699 2480 suntsu-

2052 2525 2156 2581 per
2187 2509 2295 2564 hoc
2334 2525 2504 2581 opus,
2564 2510 2732 2564 Petro
2785 2507 3046 2564 dicente:
3078 2530 3110 2558 «
3139 2507 3267 2564 Non
3318 2513 3414 2564 est
3465 2525 3700 2582 aequum

2048 2597 2382 2670 relinquere
2405 2615 2512 2654 nos
2540 2597 2783 2656 verbum
2813 2597 2937 2664 Dei,
2971 2601 3030 2654 et
3084 2596 3423 2653 ministrare
3479 2598 3701 2655 mensis

2054 2689 2202 2758 (Act.
2234 2704 2311 2755 vr,
2342 2691 2419 2754 2).
2456 2708 2484 2736 »
2514 2687 2630 2742 Vos
2661 2692 2879 2752 autem,
2913 2685 3067 2742 sicut
3096 2685 3283 2740 facere
3341 2701 3449 2740 nos
3503 2701 3698 2757 repre-

2053 2775 2330 2843 henditis,
2357 2791 2462 2831 nec
2483 2775 2540 2830 in
2564 2775 2755 2845 lapide
2768 2778 2872 2831 aut
2892 2771 3099 2846 argilla
3119 2788 3222 2829 seu
3243 2771 3442 2844 aliquo
3455 2772 3697 2830 metallo

2053 2870 2311 2922 .vestrurn
2344 2864 2754 2919 fermentatum
2787 2861 3026 2933 paratis.
3076 2861 3222 2934 Ergo
3281 2862 3385 2918 aut
3438 2860 3498 2917 in
3545 2878 3701 2934 aqua

2055 2953 2294 3025 paratis,
2327 2953 2518 3010 autde
2547 2951 2690 3008 coelo
2723 2967 2942 3008 manna
2970 2949 3126 3006 venit
3180 2949 3364 3017 vobis,
3415 2950 3572 3022 quod
3624 2950 3697 3008 ad

2055 3041 2347 3097 humanos
2375 3045 2434 3096 et
2461 3041 2693 3096 divinos
2724 3056 2867 3096 usus
2892 3039 3143 3096 habetis.

2129 3129 2300 3184 XXII.
2333 3129 2443 3186 Sed
2476 3129 2546 3186 ad
2581 3127 2848 3199 relinqua
2895 3126 3100 3184 frivola
3153 3131 3350 3184 vestra
3372 3126 3696 3184 veniamus.

283 3216 668 3291 perditionis,
700 3219 758 3271 et
785 3232 920 3272 eum
952 3217 1054 3287 qui
1085 3216 1238 3272 eruit
1264 3233 1365 3273 eos
1379 3218 1692 3274 Dominum
1707 3221 1940 3290 negant.
1965 3203 2021 3270 'C
2057 3217 2182 3274 Non
2215 3216 2504 3272 invenitur
2527 3216 2752 3284 Moyses
2772 3215 2990 3272 dixisse
3010 3213 3700 3288 azyma-malaspassionis

283 3304 768 3376 Superducentes
798 3304 912 3360 sibi
941 3304 1188 3362 celerem
1221 3305 1629 3378 perditionem,
1660 3312 1720 3362 et
1777 3304 1945 3361 multi

292 3397 627 3465 sequentur
655 3408 860 3448 eorum
887 3393 1172 3461 luxurias,
1206 3411 1308 3466 per
1338 3412 1484 3466 quos
1530 3395 1625 3450 via
1686 3394 1949 3450 veritatis

293 3480 770 3553 blasphematur,
800 3485 859 3540 et
886 3481 945 3537 in
979 3482 1224 3539 avaritia
1252 3483 1406 3539 ﬁctis
1454 3484 1644 3540 verbis
1675 3485 1748 3540 de
1786 3483 1948 3539 vobis

289 3570 778 3645 negotiabantur.
795 3571 1019 3634 Quibus
1041 3571 1332 3642 judicium
1353 3573 1480 3642 jam
1503 3571 1642 3628 olim
1665 3589 1786 3628 nun
1822 3588 1949 3629 ces-

295 3663 416 3728 sat,
446 3663 505 3716 et
527 3658 776 3732 perditio
835 3675 1041 3716 eorum
1099 3676 1216 3716 non
1273 3660 1556 3718 dormitat
1584 3661 1655 3732 (11
1683 3663 1829 3717 Patr.
1884 3677 1946 3728 ιι,

302 3747 448 3820 1-3).
479 3768 507 3797 ι)
541 3746 722 3819 Cujus
755 3747 1056 3804 sententiae
1085 3749 1447 3806 concordans
1463 3750 1669 3805 ductor
1687 3749 1950 3822 gentium

299 3835 388 3899 ait
417 3834 757 3898 Timotheo:
791 3859 820 3888 ‹‹
854 3835 1011 3900 Scito
1043 3837 1198 3910 quod
1230 3837 1290 3892 in
1350 3837 1686 3894 novissimis
1742 3838 1953 3894 diebus

297 3924 613 3985 instabunt
641 3928 908 3996 tempora
963 3924 1308 3998 periculosa,
1349 3931 1406 3982 et
1458 3931 1632 3982 erunt
1685 3927 1954 3984 homines

303 4013 536 4084 seipsos
566 4016 854 4081 amantes,
878 4013 1096 4087 cupidi,
1129 4015 1286 4084 elati,
1318 4015 1578 4087 superbi,
1627 4015 1954 4088 blasphemi

303 4102 380 4172 (11
427 4102 564 4158 Tim.
625 4117 710 4168 III,
770 4103 902 4174 1-2),
937 4123 966 4153 ››
1021 4106 1080 4160 et
1130 4108 1355 4160 caetera.
1414 4105 1484 4160 Et
1545 4108 1676 4175 post
1732 4120 1950 4175 pauca:

306 4212 334 4243 α
371 4189 884 4266 Quemadmodum
913 4190 1158 4248 Jamnes
1187 4196 1244 4247 et
1268 4192 1562 4251 Mambres
1621 4192 1959 4250 restiterunt

303 4277 514 4351 Moysi,
551 4276 638 4334 ita
668 4282 726 4334 et
755 4278 853 4334 isti
877 4279 1162 4335 resistunt
1189 4280 1441 4347 veritati,
1475 4279 1741 4338 homines
1759 4296 1956 4338 corru-

301 4367 390 4445 pti
425 4369 644 4432 mente,
669 4367 901 4438 reprobi
918 4366 1071 4424 circa
1091 4369 1290 4426 ﬁdem.
1324 4370 1435 4425 Sed
1461 4371 1614 4424 ultra
1631 4385 1743 4425 non
1789 4369 1960 4440 proii-

305 4453 488 4514 oient.
513 4454 859 4526 Insipientia
887 4457 1042 4512 enim
1073 4473 1277 4514 eorum
1309 4458 1618 4514 manifesl'a
1645 4456 1958 4514 eritomni-

2055 3310 2115 3362 et
2141 3303 2540 3361 tribulationis
2561 3303 2827 3376 symbola
2858 3305 3062 3371 fuisse,
3089 3305 3192 3360 sed
3222 3304 3427 3362 lechem
3471 3305 3588 3372 cui,
3630 3303 3691 3360 id

2055 3398 2145 3450 est
2171 3409 2369 3465 panem
2386 3394 2735 3463 afﬂictionis:
2770 3409 2886 3448 non
2916 3393 3074 3465 quod
3101 3392 3450 3452 naturaliter
3477 3391 3701 3466 aliquid

2058 3481 2393 3540 afﬂictionis
2425 3482 2482 3538 in
2515 3498 2577 3537 se
2607 3482 2837 3546 habeat,
2869 3482 2970 3538 sed
3000 3482 3153 3552 quod
3183 3481 3441 3539 Hebraeis
3469 3482 3541 3538 ad
3573 3497 3704 3540 me-

2059 3571 2307 3628 moriam
2337 3573 2564 3630 revocet
2589 3571 2751 3642 quia,
2785 3570 2856 3626 ab
2887 3570 3172 3643 Egyptiis
3191 3570 3360 3628 exire
3384 3569 3701 3643 compulsi,

2059 3675 2436 3731 consparsam
2494 3659 2766 3728 farinam,
2832 3662 3146 3730 antequam
3231 3659 3704 3725 fermentaretur,

2060 3748 2386 3820 aportarint
2412 3748 2474 3802 in
2495 3747 2788 3814 humeris;
2811 3763 2962 3818 quae,
2976 3749 3042 3801 ut
3058 3746 3334 3817 superi-us
3349 3745 3708 3803 sufﬁcienter

2064 3836 2473 3901 disseruimus,
2534 3835 2678 3890 nihil
2727 3851 2837 3890 nos
2891 3837 3142 3905 tangunt
3195 3834 3370 3905 juxta
3448 3832 3704 3891 carnalis

2065 3923 2491 3982 observantiam
2550 3923 2716 3978 ritus.
2769 3923 2901 3980 Ideo
2959 3920 3352 3982 discutiamus
3403 3923 3563 3995 quod
3611 3937 3705 3982 se-

2067 4013 2284 4084 quitur.

2139 4100 2329 4156 XXIII.
2364 4101 3100 4158 Cons'rmnuoroumaus.
3131 4103 3413 4159 Nostrum
3442 4116 3577 4160 vero
3607 4118 3711 4176 pa-

2066 4189 2211 4246 scha
2233 4188 2515 4260 gaudium
2547 4194 2604 4244 et
2620 4187 2820 4246 laetitia
2835 4193 3026 4246 totum
3055 4194 3164 4258 est,
3183 4194 3243 4248 et
3267 4189 3494 4249 extollit
3517 4191 3710 4248 nosab

2069 4279 2250 4336 humo
2272 4282 2507 4350 propter
2535 4277 2816 4350 gaudium
2847 4279 2920 4334 ad
2951 4278 3185 4347 coelum,
3210 4279 3364 4337 sicut
3379 4281 3439 4336 et
3467 4279 3713 4336 fermen-

2069 4371 2217 4437 tum,
2249 4372 2486 4439 propter
2515 4367 2816 4439 proprium
2844 4367 3119 4436 calorem,
3152 4366 3522 4444 panem;‘q~ui
3544 4366 3714 4438 panis

2071 4455 2231 4514 omni
2265 4456 2550 4513 suavitate
2583 4456 2839 4528 repletus
2869 4460 2977 4513 est.
3010 4458 3291 4528 Azymum
3320 4471 3476 4523 vero,
3522 4470 3713 4526 neque

295 4543 441 4612 bus,
472 4541 633 4600 sicut
661 4546 719 4598 et
757 4541 996 4600 illorum
1054 4546 1167 4602 fuit
1221 4547 1406 4619 (Ibid,
1437 4547 1493 4613 8,
1522 4546 1598 4619 9).
1635 4568 1663 4594 ››
1697 4545 1858 4602 Unde
1903 4549 1961 4602 et
1986 4563 2038 4630 D
2067 4544 2157 4602 sal
2190 4561 2380 4615 neque
2401 4544 2750 4600 fermentum
2773 4543 3214 4611 habens,lutum
3237 4546 3327 4598 est
3343 4542 3718 4602 aridum.Aut

288 4647 407 4691 ποθ
437 4631 818 4704 impudenter
836 4632 1212 4692 detrahentes
1242 4635 1470 4707 azymis
1501 4634 1678 4690 etiam
1711 4633 1795 4690 illi
1827 4633 1963 4690 vivi-

293 4719 415 4777 ﬁco
446 4717 725 4790 mysterio
755 4720 1177 4796 redemptionis
1208 4728 1417 4779 1108th
1449 4722 1747 4778 inauditas
1805 4723 1958 4792 inju-

293 4808 426 4866 rias
455 4807 715 4882 irrogare
746 4825 863 4866 non
900 4809 1142 4868 timetis.
1176 4811 1292 4867 Nec
1314 4811 1532 4867 mirum
1563 4810 1614 4866 si
1645 4810 1706 4865 in
1721 4810 1962 4866 secretis

295 4895 645 4954 cmlestibus
674 4896 829 4955 acies
860 4899 1076 4959 mentis
1107 4904 1310 4956 vestrm
1341 4899 1573 4972 caligat,
1593 4897 1966 4970 quandoqui-

293 4985 441 5046 dem
465 4984 528 5042 in
548 4985 798 5044 terrenis
836 4991 957 5043 tam
1017 5004 1285 5061 perverse
1337 4993 1512 5056 errat;
1569 4994 1633 5042 ut
1693 5004 1960 5059 azynum,

294 5073 463 5148 quod
492 5071 620 5130 visu
651 5079 708 5129 et
735 5079 893 5132 tactu
925 5080 1099 5149 atque
1129 5080 1305 5150 gustu
1337 5075 1514 5132 simul
1547 5080 1604 5131 et
1634 5093 1742 5131 usu
1777 5076 1963 5147 quoti-

297 5160 484 5220 diana
515 5177 728 5234 panem
746 5165 1113 5238 comprobat,
1137 5163 1394 5236 lapidem
1413 5180 1515 5220 seu
1535 5164 1756 5219 siccum
1773 5162 1960 5218 lutum

283 5250 508 5307 lateris
539 5251 755 5306 credat.
791 5253 881 5319 Et,
914 5269 946 5308 o
978 5269 1158 5324 quam
1181 5243 1419 5326 dignam
1445 5253 1658 5308 erroris
1682 5253 1773 5308 sui
1808 5269 1960 5308 mer-

296 5339 512 5396 cedem
541 5342 737 5394 vestra
767 5341 1006 5397 vesania
1035 5341 1336 5414 reciperet,
1363 5342 1412 5398 si
1434 5341 1597 5398 vobis
1615 5341 1881 5408 retrusis,
1905 5344 1963 5397 et

299 5427 472 5487 omni
495 5426 899 5486 consolatione
917 5429 1163 5490 humani
1189 5431 1379 5488 victus
1395 5429 1959 5503 fraudatis,lapidem

299 5532 414 5578 aeu
445 5515 675 5576 siccum
724 5516 917 5578 lutum
958 5517 1167 5576 lateris
1223 5524 1540 5593 apponeret
1592 5518 1809 5592 aliquis
1856 5536 1960 5592 pro

302 5603 537 5680 azymis
553 5604 566 5662 l
585 5603 672 5664 Ibi
687 5605 890 5682 procul
907 5607 1084 5672 dubio
1096 5607 1158 5675 in
1173 5623 1408 5674 summo
1425 5607 1763 5666 discrimine
1773 5613 1964 5666 vestro

2075 4650 2188 4689 non
2224 4631 2474 4688 audistis
2488 4633 2691 4689 Jesum
2710 4633 2996 4688 dicentem
3015 4629 3323 4704 discipulis
3343 4630 3469 4688 suis
3493 4647 3507 4686 :
3543 4652 3568 4682 α
3601 4632 3716 4689 Vos

2073 4721 2215 4778 estis
2247 4721 2332 4780 sal
2364 4725 2528 4778 terrea
2551 4722 2579 4776 ?
2613 4745 2634 4771 ι
2669 4720 2869 4778 Matth.
2926 4737 2981 4778 ν.
3015 4719 3129 4791 13.)
3188 4720 3289 4776 Et:
3313 4743 3343 4770 «
3376 4719 3582 4778 Simile
3627 4725 3721 4778 est

2075 4826 2323 4882 regnum
2351 4809 2630 4866 caelorum
2663 4809 2968 4877 termento,
3000 4809 3155 4880 quod
3185 4807 3477 4882 accipiens
3505 4808 3724 4869 mulier

2078 4898 2464 4955 absconditin
2491 4897 2687 4952 farinae
2720 4897 2865 4953 satis
2885 4896 3096 4966 tribus,
3129 4898 3316 4955 donec
3336 4899 3721 4958 fermentare-

2077 4991 2174 5042 tur
2201 4985 2428 5042 totum?
2457 4985 2664 5056 (Matth.
2701 5002 2825 5051 xm,
2879 4985 2995 5055 33.)
3027 5008 3056 5037 ››
3086 4986 3390 5044 Mulierem
3455 4991 3724 5047 sanctam

2079 5075 2394 5132 Ecclesium
2424 5081 2588 5130 vocat
2613 5091 2625 5129 :
2660 5073 2802 5130 satis
2832 5091 2964 5131 vero
2992 5075 3204 5144 tribus,
3234 5076 3342 5132 hoc
3373 5078 3480 5141 est,
3531 5074 3724 5131 tribus

2080 5163 2293 5220 modiis
2315 5163 2577 5234 repletis,
2609 5163 2838 5218 Patrem
2868 5168 2927 5219 et
2956 5163 3164 5220 Filium
3196 5167 3253 5219 et
3280 5162 3564 5235 Spiritum
3593 5178 3725 5220 san-

2078 5258 2262 5321 ctum,
2295 5269 2544 5323 quorum
2575 5267 2947 5323 nequaquam
2967 5251 3324 5308 lutulentum
3347 5265 3617 5322 azymum
3635 5252 3726 5306 est

2078 5341 2391 5414 particeps.

2147 5429 2339 5484 XXIV.
2377 5431 2673 5486 Romanius.
2728 5429 3014 5501 Optamus
3070 5427 3377 5486 vobiscum
3431 5426 3725 5487 celebrare

2077 5519 2316 5590 pascha,
2348 5520 2506 5590 quod
2528 5523 2713 5576 totum
2747 5519 2824 5574 sit
2843 5517 3067 5587 laetitia,
3095 5521 3155 5575 et
3183 5517 3423 5591 plenum
3441 5517 3641 5591 gaudii
3659 5517 3720 5576 in

2073 5613 2228 5666 terra
2255 5607 2475 5668 scilicet
2501 5608 2839 5677 viventium,
2873 5607 3014 5680 quia
3068 5607 3178 5667 hoc
3206 5606 3432 5672 homini
3493 5621 3738 5689 conm‘
