4086 6168
425 349 543 416 94⁸1

1443 349 1929 418 HUMBERTUS
1975 349 2043 411 S.
2088 347 2162 408 Β.
2207 344 2280 409 Ε.
2325 345 2820 413 CARDINALIS.

3704 351 3816 418 9&8

429 506 564 547 sum
585 490 675 546 est
700 484 759 545 in
783 490 936 546 terra
965 485 1363 558 morientium,
1409 488 1509 546 ubi
1541 493 1597 546 et
1635 488 1706 544 de
1764 483 2069 559 praeteritis
2097 480 2155 549 Α
2183 481 2390 553 farina,
2424 484 2482 540 id
2515 487 2622 551 est,
2656 485 2836 542 totius
2867 482 3108 542 humani
3131 483 3358 560 generis
3381 501 3609 544 massa:
3629 485 3688 542 in
3710 504 3819 561 qua

426 579 721 639 scandalis
772 580 975 635 subest
1024 579 1296 651 gemitus,
1345 584 1402 634 et
1457 580 1527 634 de
1586 576 1800 634 futuris
1857 579 2068 630 metus.

426 671 613 737 Unde,
644 669 694 724 si
723 668 936 740 cupitis
984 670 1055 723 do
1087 670 1360 724 continuo
1421 669 1640 740 pascha
1696 666 2073 740 postmodum

433 759 709 832 gaudere,
741 757 800 812 in
830 758 942 812 isto
974 757 1168 813 animo
1200 775 1312 813 non
1373 758 1504 813 sitis
1559 757 1793 812 interim
1854 755 1979 810 sine
2012 754 2076 808 ti-

433 864 614 905 more.
641 847 774 914 Sed,
809 846 962 902 sicut
991 845 1306 902 Psalmista
1365 851 1596 902 monet:
1635 871 1661 896 ‹‹
1694 846 1912 901 Servite
1972 845 2078 899 Do-

435 937 596 993 mino
623 935 684 990 in
705 935 998 1001 timore,et
1019 936 1300 992 exsultate
1318 938 1365 991 ei
1392 954 1524 991 cum
1549 940 1798 990 tremore
1844 933 2075 1007 (Psalm.

431 1043 496 1095 II,
529 1026 637 1096 11).
658 1045 687 1074 »
718 1025 784 1079 Et
804 1023 1092 1080 instanter
1120 1043 1252 1080 cum
1285 1025 1565 1096 apostolis
1609 1025 1784 1096 petite
1815 1028 1879 1078 ut
1933 1039 2077 1095 gau-

435 1115 600 1171 dium
629 1117 887 1169 vestrum
920 1113 996 1169 sit
1024 1114 1284 1186 plenum.
1320 1113 1490 1169 Illum
1523 1115 1698 1170 etiam
1733 1114 1888 1186 quod
1919 1128 2077 1167 asse-

436 1204 653 1272 ritis,id
685 1203 1126 1276 est,paschavos
1147 1204 1217 1258 ab
1232 1203 1411 1258 humo
1435 1203 1741 1260 sustollere
1755 1203 1825 1258 ad
1861 1201 2073 1258 ocelum

437 1311 553 1368 prae
584 1293 817 1366 gaudio,
849 1292 930 1347 ita
959 1310 1126 1365 agere
1157 1294 1328 1348 debet
1375 1294 1631 1348 omnino.
1667 1292 1812 1358 Quia
1841 1292 1891 1348 si
1944 1309 2079 1346 con-

438 1381 779 1440 surrexistis
810 1398 944 1436 cum
967 1380 1213 1446 Christo,
1241 1398 1366 1452 quae
1393 1399 1626 1437 sursum
1649 1385 1786 1437 sunt
1817 1380 2077 1453 quaerite,

437 1471 540 1527 ubi
569 1470 837 1527 Christus
853 1474 942 1525 est
972 1470 1029 1524 in
1061 1471 1261 1526 dextra
1275 1471 1370 1526 Dei
1395 1472 1604 1526 sedens
1634 1489 1646 1526 :
1679 1488 1805 1543 quae
1841 1486 2077 1526 sursum

437 1563 579 1616 sunt
606 1559 812 1630 sapite,
847 1575 962 1613 non
991 1576 1115 1630 quae
1141 1575 1319 1631 super
1346 1563 1590 1615 terram:
1617 1560 1709 1615 sin
1743 1559 1910 1625 alias,
1953 1559 2078 1629 jam

437 1666 555 1706 non
580 1649 802 1705 levatur
836 1647 1036 1704 anima
1089 1651 1282 1704 vestra
1337 1650 1408 1704 ad
1449 1649 1652 1716 Deum,
1715 1650 1816 1705 sed
1881 1654 2082 1705 contra

439 1743 645 1796 Deum.

2184 572 2384 645 utique
2407 573 2637 640 mulier,
2670 574 2728 630 id
2757 579 2845 631 est
2873 579 3158 632 coaeterna
3187 577 3303 632 Deo
3325 577 3475 649 patri
3499 576 3810 649 Sapientia,

2181 663 2333 718 facta
2360 680 2428 718 ex
2489 663 2750 728 muliere,
2803 665 3129 721 doctrinam
3184 666 3586 739 apostolicam,
3645 668 3805 738 quasi

2185 753 2539 808 fermentum
2575 755 2919 822 recondidit,
2945 759 3001 810 et
3031 771 3277 828 regnum
3313 755 3615 824 cmlorum,
3650 756 3704 812 id
3742 763 3820 813 est

2186 847 2530 913 prasentem
2562 842 2973 912 Ecclesiam,ex
3003 844 3246 900 diversis
3261 843 3601 900 nationibus
3615 846 3816 901 coadu-

2187 931 2366 986 navit.

2258 1019 2503 1075 XXVIII.
2535 1021 2668 1076 Jam
2699 1022 2856 1093 quia,
2889 1028 3021 1094 post
3079 1022 3435 1095 multiplices
3490 1040 3816 1097 azymorum

2188 1109 2658 1177 obtrectationes,
2691 1111 2761 1166 ad
2793 1110 2901 1167 hoc
2930 1112 3197 1184 prorupit
3212 1113 3747 1179 vestrainsolentia,
3767 1118 3820 1170 ut

2187 1198 2245 1254 in
2270 1198 2692 1270 ipsaterribilia
2711 1199 3002 1256 etvivifica
3023 1206 3391 1258 sacramenta
3414 1203 3819 1275 redemptionis

2189 1293 2398 1345 nostra:
2428 1289 2644 1360 apertis
2675 1289 3046 1345 contumeliis
3105 1290 3488 1346 irreverenter
3540 1291 3816 1364 insurgat,

2189 1383 2244 1434 et
2310 1393 2578 1450 azymum
2635 1377 2918 1433 exclamet
2959 1377 3336 1446 lutulentum,
3386 1383 3444 1433 et
3492 1395 3816 1451 nequaqum

2189 1471 2403 1522 sancta
2432 1466 2734 1522 Trinitatis
2765 1466 3056 1540 particeps
3085 1483 3236 1535 esse,
3294 1468 3650 1534 respondere
3678 1468 3818 1540 cogi-

2191 1573 2326 1611 mur
2356 1555 2628 1628 deinceps
2651 1555 2815 1612 vobis
2836 1554 3063 1628 stultisj
3073 1560 3210 1612 uxta
3221 1555 3534 1612 stultitiam
3551 1561 3817 1623 vestram,

2190 1662 2263 1701 ne
2283 1645 2446 1701 vobis
2467 1644 2760 1716 sapientes
2781 1661 2909 1701 esse
2923 1644 3259 1700 videamini.
3278 1645 3618 1702 Certissime
3637 1646 3818 1702 sciatis

2191 1735 2346 1807 quod
2377 1733 2642 1807 gloriatio
2666 1733 2860 1790 vestra
2889 1737 3114 1791 stercus
3145 1739 3237 1790 est
3267 1739 3323 1790 et
3364 1734 3606 1803 vermis,
3669 1735 3821 1791 hodie

511 1827 677 1884 XXV.
711 1828 860 1882 Sane
893 1827 1171 1898 quoniam
1201 1831 1459 1884 vestrum
1493 1828 1774 1900 gaudium
1788 1844 2083 1901 compara-
2115 1858 2163 1924 B
2192 1824 2351 1880 enim
2381 1822 2745 1891 extollimini,
2768 1828 2824 1879 et
2847 1840 2977 1879 cras
3008 1840 3120 1879 non
3167 1823 3579 1880 inveniemini:
3613 1829 3686 1891 et,
3735 1839 3821 1879 se-

439 1918 521 1974 tis
551 1917 859 1984 fermento,
890 1919 1045 1988 quod
1079 1933 1185 1972 suo
1217 1917 1405 1973 calore
1441 1935 1648 1989 panem
1680 1917 1924 1987 extollit,
1961 1935 2084 1974 am-

441 2007 702 2080 bigimus
724 2006 851 2077 jam
884 2005 1054 2077 quale
1076 2004 1220 2060 illud
1253 2006 1536 2079 gaudium
1553 2007 1652 2074 sit,
1684 2007 1822 2079 quia
1844 2009 2088 2064 fermen-

441 2099 571 2152 tum
601 2096 662 2150 in
693 2097 843 2151 bono
875 2095 1058 2166 accipi
1080 2095 1173 2150 vix
1194 2095 1547 2164 invenimus,
1573 2113 1676 2152 nec
1703 2098 2086 2153 fermentatus

443 2185 615 2257 panis
644 2186 865 2255 absque
923 2185 1358 2239 consecratione
1416 2189 1504 2239 est
1548 2187 1833 2242 suavitate
1890 2186 2087 2259 aliqua

444 2273 673 2346 plenior
692 2271 910 2344 azymis
932 2272 1359 2344 panibus,quos
1370 2273 1633 2345 plerique
1655 2275 1763 2330 sibi
1797 2276 2086 2331 salubrio-

445 2378 539 2417 res
568 2365 627 2416 et
656 2360 977 2432 sapidiores
1007 2360 1396 2427 arbitrantur;
1432 2362 1530 2416 sed
1557 2365 1746 2435 qualis
1767 2365 1938 2420 fuerit
1959 2383 2090 2437 prc-

446 2447 677 2522 positio,
713 2448 899 2520 aperit
926 2448 1048 2502 haec
1075 2453 1268 2505 vestra
1299 2449 1622 2506 conclusio.

518 2538 713 2593 XXVI.
773 2537 1492 2595 CONSTANTINOPOLITANUS.
1575 2542 1852 2609 Azymum
1932 2559 2086 2609 vero,

447 2643 639 2700 neque
663 2627 750 2683 sal
771 2642 960 2698 neque
993 2627 1343 2683 fermentum
1360 2629 1603 2696 habens,
1638 2627 1826 2685 lutum
1855 2635 1944 2687 est
1974 2631 2088 2686 ari-

449 2717 613 2773 dum.

522 2806 740 2862 XXVII.
775 2806 1074 2862 ROMANUS.
1110 2807 1338 2862 Iteratis
1369 2807 1738 2864 contumeliis
1763 2808 1821 2863 in
1858 2813 2086 2866 tantum

457 2913 661 2968 azyma
691 2894 998 2962 lacessitis,
1046 2899 1112 2951 ut
1136 2911 1282 2968 pene
1321 2896 1597 2952 omnibus
1653 2898 1986 2954 visibilibus
2039 2904 2095 2956 et

455 2983 849 3039 invisibilibus
881 2983 1108 3040 naturis
1137 2985 1417 3054 injuriam
1478 2986 1765 3058 irrogetis.
1800 2987 1857 3042 Si
1911 2988 2092 3056 enim,

457 3075 524 3128 ut
553 3071 860 3139 deﬁnistis,
894 3072 1085 3128 lutum
1117 3074 1346 3128 aridum
1370 3079 1458 3129 est
1488 3074 1774 3148 quidquid
1801 3093 1987 3148 neque
2010 3076 2095 3133 sal

2196 1914 2455 1969 cundum
2485 1913 2883 1983 Psalmistam,
2907 1917 2973 1968 ut
3002 1912 3192 1985 pulvis
3237 1917 3373 1969 ante
3421 1913 3619 1969 faciem
3671 1912 3817 1968 venti

2197 2002 2700 2073 comminuemini,
2736 2007 2794 2058 et
2825 2005 2888 2057 ut
2943 2001 3134 2057 lutum
3183 2001 3432 2058 laterum
3471 2000 3816 2067 delebimini,

2187 2093 2357 2163 juxta
2385 2091 2754 2163 proverbium
2786 2091 3097 2164 Sapientis,
3139 2092 3208 2146 de
3237 2091 3675 2147 stercoreboum
3688 2089 3826 2162 lapi-

2197 2181 2396 2247 dandi,
2429 2184 2485 2236 et
2512 2181 2669 2236 velut
2697 2184 2920 2236 stercus
2947 2181 3005 2236 in
3036 2180 3128 2236 via
3156 2179 3555 2247 eonoulcandi,
3589 2180 3741 2235 sicut
3775 2183 3825 2234 et

2198 2275 2594 2326 antecessores
2621 2269 2798 2325 vestri
2829 2269 3078 2326 haeretici
3131 2287 3196 2325 ac
3254 2286 3642 2342 praecursores
3689 2268 3824 2325 anti-

2199 2359 2420 2416 christi.
2454 2360 2527 2416 Ut
2555 2360 2710 2415 enim
2741 2359 2800 2414 in
2850 2358 2997 2415 libro
3046 2358 3197 2414 beati
3248 2358 3356 2415 Job
3414 2358 3669 2414 dicitur:
3702 2381 3728 2407 «
3759 2361 3830 2411 Ex

2199 2467 2314 2522 quo
2346 2449 2540 2522 posuit
2568 2449 2722 2505 Deus
2751 2447 3055 2504 hominem
3089 2452 3513 2520 superterram,
3537 2446 3827 2520 cognosci-

2199 2538 2443 2594 turlaus
2474 2537 2786 2611 impiorum
2820 2537 3010 2593 brevis
3039 2553 3189 2607 esse,
3222 2542 3278 2592 et
3320 2537 3603 2610 gaudium
3664 2537 3831 2609 hypo-

2199 2628 2355 2684 critaa
2386 2627 2458 2682 ad
2491 2627 2675 2682 instar
2730 2626 2932 2698 puncti
2965 2627 3098 2698 (Job.
3160 2645 3252 2696 xx,
3284 2627 3361 2691 5).
3399 2648 3424 2675 ››
3468 2625 3654 2690 Unde,
3708 2625 3834 2698 quia

2200 2717 2259 2772 in
2288 2733 2354 2772 eo
2387 2715 2605 2788 putatis
2637 2732 2737 2772 vos
2768 2715 3062 2788 sapientes
3095 2716 3143 2772 si
3176 2715 3426 2771 aliorum
3457 2713 3834 2770 institutioni-

2202 2807 2313 2862 bus
2343 2804 2823 2871 detrahitis,hinc
2857 2823 2962 2877 par
2989 2805 3114 2876 pari
3147 2804 3486 2872 referemus,
3548 2804 3710 2876 quod
3749 2819 3834 2857 ve-

2203 2900 2385 2951 stram
2416 2893 2840 2966 impudentiam
2865 2893 3150 2949 mordebit
3174 2912 3187 2962 ;
3213 2898 3278 2949 ut
3305 2892 3562 2949 retrahat
3587 2894 3740 2965 [eam
3760 2891 3833 2948 vel

2203 2985 2372 3055 vosja
2401 2983 2847 3038 reverendorum
2879 2987 3379 3040 sacramentorum
3413 2981 3669 3053 injuriis.

2278 3072 2465 3128 XXIX.
2527 3070 2698 3127 Salva
2754 3088 2910 3144 ergo,
2946 3076 3008 3128 ut
3058 3071 3301 3144 dignum
3353 3077 3458 3138 est,
3528 3070 3839 3127 reverentia

458 3177 648 3233 neque
677 3161 1027 3217 fermentum
1079 3162 1285 3230 habet;
1346 3180 1481 3237 ergo
1541 3164 1690 3220 beati
1749 3166 1993 3237 spiritus
2044 3170 2100 3222 et
2139 3231 2171 3237 _
2209 3162 2466 3234 corporis
2491 3161 2718 3217 Domini
2755 3161 2936 3217 nostri
2964 3162 3104 3217 Jesu
3137 3160 3370 3228 Christi,
3414 3165 3490 3227 et,
3514 3161 3572 3216 in
3599 3161 3836 3216 fermen-

459 3251 668 3306 animae
691 3252 1012 3322 justorum,
1046 3251 1164 3307 sive
1213 3251 1340 3322 ipsa
1394 3257 1645 3324 quatuor
1692 3253 1996 3321 elementa,
2033 3273 2101 3310 ex
2130 3231 2172 3297 Β
2211 3255 2330 3308 tato
2362 3251 2501 3307 etin
2535 3267 2755 3322 azymo,
2791 3251 3200 3322 perquiramus
3254 3268 3326 3306 an
3389 3251 3741 3306 fermentum
3774 3249 3838 3304 ad

459 3339 884 3410 quibusomnia
911 3339 1158 3393 visibilis
1193 3339 1468 3406 existunt,
1502 3340 1691 3395 lutum
1715 3346 1892 3398 sunt:
1953 3360 2096 3415 quo-

456 3426 616 3480 niam
636 3443 822 3497 neque
853 3425 937 3480 sal
961 3442 1150 3497 neque
1171 3427 1523 3483 fermentum
1545 3428 1779 3484 habent.
1796 3431 1909 3485 Nec
1924 3433 2096 3488 suffe-

453 3513 533 3569 cit
561 3513 724 3568 vobis
754 3517 982 3568 tantum
1008 3515 1659 3581 nefasevomuisse,nisi
1710 3517 1950 3590 insuper
1981 3521 2092 3578 Do-

453 3603 682 3659 minum
713 3606 922 3658 testem
953 3607 1153 3658 vestra:
1185 3603 1477 3675 opinionis
1507 3607 2089 3680 produceritis,quasi

450 3710 554 3765 pro
576 3691 704 3748 sola
733 3691 1236 3748 commendatione
1259 3695 1316 3747 et
1345 3692 1703 3750 confectione
1744 3696 1916 3750 vestri
1975 3697 2090 3753 fer-

452 3781 696 3838 mentati
723 3780 933 3837 dixerit
953 3780 1256 3852 discipulis
1277 3780 1438 3836 suis:
1479 3803 1500 3832 α
1534 3781 1648 3837 Vos
1687 3783 1827 3839 estis
1857 3785 1941 3840 sal
1974 3790 2088 3842 ter-

447 3887 524 3927 rae
557 3871 769 3940 (Matth.
801 3888 856 3925 v.
889 3870 998 3938 43),
1031 3874 1087 3925 et
1142 3869 1335 3926 simile
1382 3876 1470 3926 est
1519 3887 1763 3944 regnum
1809 3873 2086 3932 caelorum

446 3961 729 4015 fermento
752 3959 956 4031 (Matth.
999 3976 1121 4025 xm,
1155 3959 1265 4027 33).
1302 3982 1328 4008 »
1362 3960 1512 4033 Ergo
1545 3961 1682 4032 quia
1726 3963 1902 4018 verba
1960 3981 2087 4035 qua:

444 4050 584 4102 sunt
613 4046 854 4118 spiritus
886 4051 942 4102 et
970 4046 1104 4110 vita,
1141 4047 1210 4101 ad
1242 4046 1496 4103 litteram
1531 4048 1719 4120 placet
1735 4050 2084 4109 vobisintel-

442 4133 621 4207 ligere
642 4153 660 4189 :
679 4133 904 4205 placeat
930 4134 1104 4189 etiam
1135 4125 1324 4190 vestro
1357 4135 1699 4192 fermentata
1718 4138 1939 4210 aliquid
1964 4141 2082 4212 pal-

443 4222 656 4278 mitum
678 4226 736 4278 et
757 4222 947 4294 sinapi
966 4223 1306 4294 adjungere.
1336 4223 1483 4278 Nam
1504 4225 1661 4280 idem
1691 4227 1974 4285 Dominus
1995 4229 2077 4285 di-

441 4311 521 4368 cit
549 4311 883 4384 discipulis:
909 4311 1065 4367 «Vos
1086 4311 1226 4366 estis
1256 4311 1527 4382 palmites
1577 4315 1753 4386 (Joan.
1812 4334 1904 4385 xv,
1937 4319 2012 4390 5).
2052 4342 2080 4368 ››

439 4401 547 4456 Et:
581 4424 608 4451 ‹‹
641 4399 842 4457 Simile
871 4403 960 4456 est
1007 4416 1252 4472 regnum
1286 4399 1564 4457 caelorum
1625 4419 1806 4475 grano
1853 4405 2076 4478 sinapis

439 4489 668 4563 (Matth.
703 4507 827 4558 xm,
862 4491 973 4562 3|).
1000 4511 1026 4540 »
1051 4489 1212 4553 Quod
1246 4488 1465 4546 scilicet
1519 4491 1770 4548 calorem
1829 4496 2076 4551 admini-

2207 3341 2498 3396 humanas
2526 3357 2758 3395 mensas
2781 3344 3167 3411 prmparatum
3183 3339 3466 3396 sincerius
3480 3355 3545 3394 ac
3565 3340 3836 3394 mundius

2206 3430 2284 3486 sit
2317 3428 2540 3502 plebeio
2567 3444 2788 3500 azymo.
2812 3429 2880 3483 Et
2910 3428 3096 3500 primo
3128 3428 3394 3484 omnium
3428 3427 3836 3483 fermentatum

2204 3522 2557 3591 repetamus,
2591 3521 2657 3571 ut
2680 3521 2984 3589 perspecta
3005 3516 3315 3589 diligenter
3343 3517 3471 3587 ejus
3487 3515 3837 3587 scaturigine

2201 3625 2373 3664 verax
2396 3605 2687 3678 judicium
2728 3607 2799 3661 de
2829 3606 3080 3677 puritate
3109 3606 3439 3662 fermentati
3495 3605 3834 3660 habeamus.

2200 3697 2442 3752 Necesse
2459 3699 2547 3750 est
2577 3695 2733 3750 enim
2768 3699 2830 3750 ut
2861 3696 3019 3751 rivus
3068 3696 3244 3752 fontis
3274 3694 3609 3767 qualitatem
3636 3697 3695 3748 et
3726 3709 3835 3747 na-

2197 3789 2392 3840 turam
2423 3788 2719 3856 sequatur.
2755 3785 2841 3839 Ita
2871 3783 3026 3838 enim
3060 3785 3345 3857 originem
3378 3782 3646 3839 fermenti
3675 3781 3834 3836 inve-

2199 3874 2321 3929 nire
2346 3873 2618 3945 cupinus,
2670 3873 2822 3928 sicut
2879 3872 3135 3928 hominis
3184 3871 3500 3943 cujuslibet
3555 3872 3834 3943 originem

2196 3963 2384 4036 ipsam
2420 3967 2666 4018 matrem
2699 3961 2962 4017 omnium
2997 3966 3209 4017 terram
3243 3961 3594 4018 invenimus.
3619 3961 3761 4016 Nam
3785 3959 3832 4014 si

2195 4051 2452 4108 hominis
2483 4051 2766 4124 originem
2798 4049 2980 4106 alium
3011 4051 3308 4106 hominem
3340 4050 3680 4118 dixerimus,
3704 4050 3826 4121 jam

2194 4156 2472 4213 propago,
2503 4157 2616 4196 non
2640 4139 2823 4212 origo,
2856 4141 2962 4195 erit
2989 4165 3001 4206 ;
3034 4140 3328 4211 quomodo
3353 4155 3458 4195 nec
3483 4139 3828 4195 fermentum

2193 4230 2459 4286 fermenti
2496 4229 2656 4301 origo
2688 4244 2818 4284 esse
2846 4227 3074 4300 poterit.
3110 4229 3273 4284 Sicut
3328 4227 3486 4284 enim
3546 4225 3830 4284 sententia

2188 4318 2343 4390 vulgi
2376 4321 2581 4383 exstat,
2617 4317 2884 4373 fermenti
2919 4316 3080 4390 origo
3129 4317 3213 4383 ﬁt,
3273 4333 3408 4372 cum
3467 4321 3570 4372 aut
3623 4332 3829 4387 spuma

2189 4407 2369 4463 musti
2391 4423 2494 4462 seu
2525 4407 2630 4461 faex
2651 4406 2960 4478 cujusdam
2993 4405 3222 4461 rusticae
3243 4405 3497 4478 potionis
3520 4421 3643 4478 quae
3673 4402 3825 4474 apud

2189 4495 2384 4552 Gallos
2439 4496 2668 4551 cervisia
2725 4495 2957 4564 dicitur,
3007 4493 3095 4549 vel
3153 4499 3308 4550 certe
3366 4494 3574 4550 elexati
3625 4491 3823 4547 hordei

438 4582 604 4648 strat,
637 4595 812 4651 quem
843 4582 1143 4649 tantopere
1165 4581 1286 4634 tota
1315 4581 1507 4634 vestra
1535 4579 1832 4637 calumnia
1860 4582 1918 4637 in
1961 4584 2075 4640 fer—
2108 4597 2156 4662 D
2187 4589 2288 4640 aut
2305 4584 2653 4650 ciceris,sive
2674 4583 2761 4638 lac
2784 4582 3042 4638 ﬁculneae
3059 4582 3145 4639 vel
3163 4599 3468 4655 peccorum
3489 4583 3822 4652 corruptum

437 4672 634 4725 mento
647 4666 1250 4725 collaudat.Noveritis
1272 4670 1468 4722 tamen
1487 4668 1675 4740 ipsam
1700 4671 1770 4725 de
1791 4671 2073 4729 fermento

435 4757 719 4813 absconso
750 4756 1170 4829 expositionem
1200 4759 1450 4811 vestram
1483 4757 1765 4814 catholico
1814 4759 2074 4833 dogmati

434 4845 806 4900 contrariam.
837 4845 893 4899 Si
929 4845 1083 4900 enim
1115 4844 1327 4900 mulier
1355 4844 1452 4900 illa
1485 4847 1798 4904 Ecclesiam
1858 4849 2072 4923 signat,

432 4936 489 4989 et
508 4933 621 4988 tria
651 4937 780 4988 sata
809 4937 1072 4988 sanctam
1095 4933 1564 4999 Trinitatem,nbi
1592 4941 1648 4992 et
1670 4939 1903 5009 quando
1926 4945 1980 4994 et
2001 4941 2074 4995 ad

431 5020 573 5094 quid
608 5019 864 5077 Ecclesia
893 5021 952 5076 in
981 5021 1108 5093 ipsa
1155 5022 1325 5077 beata
1380 5023 1660 5080 Trinitate
1718 5027 2068 5085 fermentum

427 5109 774 5167 abscondit?
806 5114 894 5164 An
929 5109 1071 5164 forte
1100 5110 1413 5181 quisquam
1471 5129 1704 5167 summo
1747 5118 1804 5169 et
1847 5115 2071 5171 incom-

425 5199 696 5257 mutabili
719 5199 870 5256 bono
894 5199 1009 5254 Deo
1042 5198 1363 5270 quidquam
1397 5203 1696 5273 augmenti
1751 5203 2066 5276 aliquando

427 5290 686 5346 conferre
716 5289 906 5360 potuit
925 5288 1288 5360 autpoterit?
1319 5289 1676 5363 Quapropter
1725 5294 2068 5350 convenien-

425 5377 543 5433 tius
573 5377 909 5450 parabolam
946 5377 1092 5432 hanc
1124 5377 1560 5448 exposuisselis,
1593 5380 1641 5434 si
1674 5397 1919 5452 regnum
1951 5400 2064 5439 ccc¢

424 5463 617 5521 lorum
663 5471 926 5523 sanctam
978 5465 1296 5522 Ecclesiam
1346 5467 1676 5538 signiﬁcare
1722 5469 2059 5540 dixissetis;

424 5554 774 5610 fermentum
809 5559 1002 5611 autem
1027 5555 1348 5610 doctrinam
1368 5555 1742 5626 apostolicam
1769 5577 1780 5625 ;
1803 5559 1913 5614 tria
1937 5565 2060 5616 sata

383 5647 540 5701 .tres
572 5642 721 5702 filios
752 5643 889 5716 Noe,
920 5644 1134 5716 quibus
1169 5648 1300 5716 post
1346 5642 1629 5702 diluvium
1688 5653 2062 5706 mensuratur

2189 4674 2450 4743 injicitur
2474 4689 2798 4744 conspersa:
2831 4672 3051 4728 farinaa.
3084 4676 3226 4728 Cum
3268 4689 3404 4744 ergo
3427 4687 3654 4744 spuma,
3698 4669 3819 4732 faex,

2187 4762 2465 4817 elixatum
2497 4761 2884 4834 leguminum,
2915 4765 2972 4818 et
3000 4759 3088 4817 lac
3122 4763 3266 4818 ficus
3296 4761 3386 4818 vel
3419 4773 3819 4834 pecorumcor—

2186 4856 2422 4922 ruptum
2458 4851 2611 4923 apud
2646 4850 2911 4907 homines
2942 4854 3357 4924 computentur
3390 4851 3543 4905 inter
3572 4845 3818 4907 sordida,

2184 4945 2412 4996 constat
2439 4940 2789 4995 fermentum
2821 4940 3094 4994 sordibus
3125 4957 3239 4995 non
3263 4955 3457 4995 carere
3489 4955 3590 5010 per
3609 4934 3813 4993 omnia.

2184 5029 2387 5085 Massa:
2416 5033 2610 5084 autem
2642 5028 2965 5099 cuicunque
2992 5027 3345 5084 fermentum
3379 5028 3656 5099 injicitur,
3713 5039 3809 5077 ne-

2182 5133 2342 5172 cesse
2372 5121 2460 5170 est
2517 5120 2945 5186 corrumpatur,
3005 5117 3157 5172 sicut
3218 5115 3298 5172 ait
3355 5113 3808 5188 sapientissimus

2179 5204 2429 5261 Paulus:
2468 5228 2494 5254 «
2531 5204 2822 5260 Modicum
2841 5205 3193 5261 fermentum
3216 5209 3400 5262 totam
3423 5220 3671 5262 massam
3690 5216 3809 5256 cor-

2178 5294 2401 5365 rumpit
2431 5294 2569 5365 (Gat.
2605 5311 2658 5359 v,
2691 5293 2766 5364 9).
2804 5316 2832 5343 »
2882 5294 3246 5367 Ubicumque
3275 5299 3472 5350 autem
3530 5288 3807 5362 corruptio

2176 5387 2298 5437 tam
2331 5383 2391 5437 in
2419 5382 2630 5439 divinis
2657 5399 2832 5454 quam
2865 5387 2922 5438 et
2951 5382 3006 5438 in
3043 5383 3320 5442 humanis
3350 5384 3560 5440 litteris
3582 5380 3803 5442 dicitur,

2175 5470 2252 5524 ibi
2289 5472 2463 5527 etiam
2493 5471 2861 5528 deterioratio
2891 5489 2994 5528 seu
3020 5473 3307 5530 vitiositas
3325 5473 3523 5546 aliqua
3550 5471 3804 5527 substan-

2173 5559 2263 5613 tia:
2298 5560 2577 5617 accidisse
2609 5563 3040 5634 comprobatur.
3077 5563 3265 5636 Unde,
3289 5564 3336 5619 si
3362 5580 3477 5618 non
3509 5564 3686 5634 potest
3708 5553 3801 5611 ali-

2171 5650 2405 5723 quando
2424 5649 2719 5722 corruptio
2749 5650 2808 5706 in
2831 5651 3041 5709 bonam
3073 5658 3300 5725 partem
3349 5649 3608 5724 intelligi,
3664 5642 3794 5701 nulli
