4090 6176
304 343 430 412 949

1299 347 1714 414 ADVERSUS
1762 344 2214 412 GRzECORUM
2261 347 2742 420 CALUMNIASd

3596 345 3717 420 980

310 479 554 539 dubium
584 484 673 539 est
701 480 843 556 quin
875 481 1218 542 fermentato
1251 501 1519 559 azymum
1543 487 1822 543 mundius
1853 485 1949 555 sit,
1982 484 2035 548 A
2065 481 2310 540 cretario
2342 484 2668 542 confectum
2701 485 2866 543 offert
2895 499 3189 562 azymum,
3232 488 3385 561 quod
3429 503 3497 546 ex
3525 493 3712 563 grano

309 572 483 641 quod,
517 570 742 628 nullam
766 574 1194 647 corruptionem
1225 575 1489 631 fermenti
1524 576 1857 641 admittens,
1888 593 1956 632 ex

305 662 528 719 munda
559 661 746 718 farina
776 666 1006 719 tantum
1032 668 1086 719 et
1107 682 1254 736 pura
1275 682 1428 737 aqua
1458 667 1784 722 conficitur.
1822 668 1954 722 Fer-

302 756 569 807 mentum
595 769 828 824 quoque
851 753 896 809 si
932 752 1276 825 aliquandiu
1307 753 1363 808 in
1400 772 1595 810 massa
1615 755 1952 828 negligitur,

301 846 471 897 tanto
504 857 700 896 acrore
730 858 857 897 eam
895 843 1217 914 corrumpit
1247 847 1312 898 ut
1343 843 1495 899 ultra
1525 843 1801 899 humanis
1835 845 1952 900 usi-

299 930 416 985 bus
438 947 554 985 non
579 931 783 1002 prosit.
805 930 1018 986 Deinde
1046 931 1611 1004 panisfermentatus
1635 950 1809 1004 parvo
1834 934 1948 988 sita

298 1018 558 1074 efficitur
589 1019 882 1087 mucidus,
907 1021 1060 1091 quod
1095 1021 1395 1076 rarissime
1416 1020 1661 1076 incurrit
1691 1039 1951 1094 azymus,

297 1111 506 1180 utpote
533 1107 739 1179 plenus
770 1112 826 1164 et
857 1108 1100 1176 solidus,
1135 1127 1250 1164 non
1286 1110 1548 1165 tumidus
1593 1115 1649 1166 et
1679 1127 1952 1166 caverno-

300 1214 431 1264 sus,
467 1197 551 1251 uti
585 1200 986 1252 fermentatus.
1019 1199 1126 1262 Qui
1159 1197 1290 1253 licet
1316 1215 1530 1270 magna
1560 1217 1626 1255 ex
1659 1204 1822 1272 parte
1852 1200 1956 1254 im-

297 1302 413 1357 par
443 1285 520 1340 sit
550 1285 767 1341 nostris
796 1284 1093 1353 laudibus,
1126 1291 1323 1342 tamen
1376 1305 1476 1359 per
1507 1289 1702 1343 omnia
1733 1306 1838 1359 par
1865 1294 1954 1344 est

293 1373 512 1430 vestris
543 1373 826 1429 moribus.
848 1375 976 1446 Ipse
998 1375 1176 1440 enim,
1206 1375 1488 1430 fermento
1510 1378 1688 1431 veteri
1720 1394 1954 1449 corrup-

292 1467 422 1530 tus,
458 1462 917 1534 deprehenditur
933 1463 1154 1531 acidus,
1175 1481 1526 1520 cavernosus
1561 1469 1617 1520 et
1647 1467 1948 1521 tumidus:

293 1556 354 1608 et
385 1569 492 1607 vos
524 1551 677 1606 haud
731 1567 921 1619 secus,
953 1552 1212 1608 humana
1242 1553 1517 1624 opinione
1557 1555 1834 1626 corrupti,
1868 1555 1950 1610 lo-

295 1641 598 1713 quacitate
646 1640 939 1713 apparatis
978 1641 1148 1710 acidi,
1200 1642 1491 1698 caliditate
1537 1643 1852 1700 cavernosi.
1887 1645 1953 1699 Et

293 1734 362 1785 ut
394 1730 608 1784 divinae
652 1729 910 1784 scientiae
941 1731 1127 1800 vacui,
1168 1731 1429 1787 humana
1459 1733 1701 1788 scicntia
1730 1733 1951 1788 incedi-

294 1819 374 1914 tis
405 1817 614 1914 inﬂati,
642 1819 812 1888 juxta
856 1818 1002 1874 illud
1033 1819 1254 1914 dictum
1286 1821 1543 1892 Apostoli
1575 1840 1587 1876 :
1636 1845 1663 1870 «
1697 1821 1951 1878 Scientia
1979 1849 2028 1914 B

292 1906 468 1962 inﬂat
498 1908 546 1977 (I
574 1906 694 1962 Cor.
747 1924 875 1973 vm,
909 1909 982 1975 1).
1021 1929 1046 1955 ››
1083 1907 1183 1963 Cui
1217 1908 1391 1963 etiam
1429 1909 1763 1982 supradicta
1807 1911 1951 1965 vitia

291 1994 495 2050 inesse
530 1994 748 2049 ibidem
801 1995 1111 2066 Apostolus
1159 2000 1486 2063 attestatur,
1520 1997 1825 2053 Timotheo
1868 1999 1949 2052 di-

293 2100 439 2140 cens
493 2100 507 2139 :
562 2106 590 2132 «
623 2083 679 2138 Si
707 2083 841 2155 quis
871 2084 1039 2139 aliter
1069 2085 1303 2155 docens,
1337 2091 1394 2141 et
1424 2103 1537 2142 non
1571 2088 1948 2158 acquiescens

292 2172 462 2229 sanis
496 2172 866 2228 sermonibus
898 2173 1125 2228 Domini
1159 2175 1343 2229 nostri
1373 2175 1513 2230 Jesu
1544 2176 1775 2242 Christi,
1810 2181 1865 2231 et
1896 2177 1947 2231 ei

299 2278 435 2333 quae
448 2262 770 2317 secundum
789 2261 1064 2332 pietatem
1085 2263 1949 2336 estdoctrinm,superbus,nihil

303 2350 525 2415 sciens,
567 2350 662 2405 sed
718 2350 1004 2421 languens
1054 2351 1574 2423 circa'questiones
1618 2358 1675 2408 et
1722 2370 1948 2426 pugnas

299 2435 634 2506 verborum,
657 2439 954 2510 exquibus
977 2439 1506 2508 oriunturinvidiae,
1523 2443 1946 2511 contentiones,

292 2527 704 2599 blasphemiae,
736 2527 1100 2599 suspiciones
1131 2529 1319 2594 malae,
1351 2531 1811 2586 conflictationes
1844 2532 1945 2586 ho-

290 2615 532 2670 minum
578 2619 768 2671 mente
793 2620 1220 2689 corruptorum,
1255 2623 1310 2672 et
1341 2618 1436 2688 qui
1472 2619 1710 2674 veritate
1739 2620 1946 2691 privati

287 2708 440 2761 sunt
491 2705 542 2776 (1
585 2705 716 2758 Tim.
749 2722 827 2775 v1,
859 2705 915 2773 3,
948 2707 1000 2772 4,
1033 2707 1109 2776 5).
1149 2729 1168 2754 υ
1206 2707 1367 2770 Quod
1417 2724 1550 2762 vero
1593 2708 1945 2764 fermentum

284 2794 451 2850 sicut
481 2793 705 2865 praefati
737 2810 971 2861 sumus,
1005 2793 1061 2848 in
1092 2795 1304 2850 divinis
1326 2799 1382 2851 et
1412 2796 1688 2852 humanis
1712 2797 1942 2864 litteris,

282 2882 344 2937 in
373 2881 607 2937 malum
630 2887 902 2954 ponatur,
932 2881 1216 2938 Dominus
1240 2883 1298 2938 in
1330 2885 1638 2957 Evangelio
1659 2889 1905 2970 testatu}
1929 2903 1941 2941 :

282 2996 311 3022 ‹‹
349 2971 591 3039 Cavete,
626 2992 653 3020 »
689 2971 985 3042 inquiens,
1021 2992 1049 3020 «
1089 2989 1122 3026 a
1169 2973 1452 3028 fermento
1495 2973 1942 3042 Pharisaeorum,

280 3060 453 3134 quod
476 3059 1200 3131 esthypocrisis(Luc.xn,
1234 3060 1308 3129 4).
1329 3082 1356 3109 ››
1387 3061 1455 3115 Et
1487 3061 1699 3117 Paulus
1726 3081 1738 3117 :
1772 3087 1800 3112 «
1834 3064 1943 3118 Ex-

280 3153 564 3223 purgate,
598 3148 808 3219 inquit,
841 3152 1008 3203 vetus
1039 3149 1389 3204 fermentum
1437 3151 1483 3221 (I
1530 3151 1649 3207 Cor.
1697 3169 1752 3220 v,
1799 3153 1876 3224 7).
1913 3175 1942 3201 »

2065 573 2341 629 frumenti
2375 579 2432 630 et
2462 575 2702 647 limpida
2732 576 2972 650 lympha
3002 594 3106 650 per
3134 578 3329 651 ignem
3362 579 3535 636 fuerit
3566 598 3712 653 prae-

2063 667 2354 735 paratum,
2389 663 2730 737 significans
2777 683 2837 721 se
2868 667 2926 720 in
2959 684 3076 722 una
3104 667 3442 724 mediatoris
3499 669 3600 724 Dei
3655 673 3713 725 et

2065 751 2390 816 hominum,
2426 753 2681 808 hominis
2721 754 2820 809 Dei
2851 755 2990 810 Jesu
3019 755 3254 825 Christi,
3289 773 3559 830 persona,
3590 761 3710 813 tres

2065 841 2348 911 perfectas
2381 843 2613 896 credere
2645 846 2700 896 et
2730 844 2991 899 venerari
3045 845 3405 902 substantias
3453 861 3466 902 :
3502 846 3709 901 huma-

2064 946 2200 984 nam
2249 930 2467 985 scilicet
2520 948 2776 997 carnem,
2809 934 3065 987 animam
3099 934 3461 1002 rationalem,
3493 939 3552 991 et
3579 935 3714 991 Ver-

2063 1019 2202 1073 bum
2226 1019 2323 1074 Dei
2351 1020 2555 1074 Deum.
2581 1021 2649 1074 Et
2671 1037 2918 1092 granum
2933 1023 3169 1093 quidem
3186 1023 3501 1079 assimilari
3525 1024 3707 1093 carni,

2065 1124 2242 1178 quam
2272 1109 2341 1162 de
2363 1108 2488 1163 sola
2517 1109 2776 1181 Virginis
2798 1127 2992 1178 carne,
3027 1110 3191 1184 quasi
3215 1129 3282 1168 ex
3303 1128 3485 1184 grano
3503 1114 3710 1168 matris

2062 1201 2249 1259 terrae,
2283 1197 2407 1252 sola
2436 1197 2646 1252 virtute
2678 1199 2918 1266 caelesti,
2951 1216 3065 1254 non
3098 1203 3291 1255 autem
3318 1199 3518 1271 aliqua
3547 1217 3707 1256 com-

2063 1284 2336 1339 mistione
2354 1284 2502 1338 virili
2528 1286 2737 1341 factam
2766 1287 3139 1358 omnipotens
3166 1287 3452 1344 Divinitas
3484 1287 3708 1344 anima-

2061 1373 2160 1440 vit,
2201 1375 2491 1444 puriorem
2524 1373 2941 1439 substantiam,
2972 1373 3030 1430 id
3062 1379 3150 1431 est
3195 1375 3476 1441 animam,
3539 1378 3709 1447 quasi

2062 1478 2276 1534 aquam
2328 1461 2663 1533 praeclaram
2704 1467 2760 1518 et
2792 1462 3046 1519 nobilem
3079 1463 3130 1518 ei
3162 1464 3496 1519 infundens.
3549 1466 3706 1528 Quas

2061 1552 2326 1622 geminas
2356 1551 2715 1607 substantias
2746 1551 3023 1622 abipsius
3045 1551 3348 1624 virginalis
3379 1552 3712 1624 conceptio-

2061 1639 2153 1695 nis
2183 1639 2416 1695 exordio
2447 1640 2701 1695 Verbum
2725 1640 2822 1695 Dei
2858 1640 2967 1696 rite
2990 1641 3268 1712 suscepit,
3303 1644 3380 1709 et,
3418 1641 3710 1698 mediante

2062 1745 2181 1783 suae
2234 1727 2556 1787 divinitatis
2602 1728 2810 1793 calore,
2862 1734 3144 1798 tanquam
3195 1730 3350 1801 igne,
3402 1729 3515 1786 sibi
3544 1747 3712 1787 cons-

2061 1817 2240 1872 truxit
2271 1821 2328 1871 et
2366 1817 2767 1872 consolidavit.
2817 1818 3034 1873 Taliter
3071 1822 3432 1890 praeparatus
3468 1835 3709 1890 azymus

2057 1904 2213 1960 fideli
2245 1903 2608 1961 invocatione
2626 1907 2806 1961 totius
2827 1905 3148 1974 Trinitatis,
3184 1906 3249 1960 ﬁt
3276 1922 3478 1961 verum
3500 1910 3557 1961 et
3586 1907 3706 1962 sin-

2057 1994 2256 2067 gulare
2278 2011 2490 2066 corpus
2521 1993 2761 2061 Christi;
2796 2012 2932 2062 non,
2953 1994 3105 2050 sicut
3127 1993 3576 2066 Theupaschitae
3604 2011 3708 2050 vo-

2057 2083 2208 2149 lunt,
2239 2099 2452 2154 corpus
2482 2083 2666 2138 Patris
2696 2087 2753 2138 et
2775 2083 2902 2138 Filii
2932 2087 2990 2138 et
3019 2083 3272 2155 Spiritus
3297 2083 3508 2140 sancti.
3543 2084 3705 2149 Quod

2058 2176 2112 2227 et
2136 2188 2236 2227 vos
2263 2171 2539 2227 videmini
2579 2171 2812 2241 sentire,
2860 2172 3118 2228 dicentes
3167 2172 3356 2227 Patris
3395 2176 3450 2228 et
3492 2171 3618 2227 Filii
3650 2176 3708 2228 et

2057 2259 2313 2332 Spiritus
2365 2260 2550 2315 sancti
2596 2261 2884 2332 particeps
2935 2278 3049 2316 non
3111 2276 3238 2316 esse
3279 2278 3570 2332 azymum,
3603 2261 3703 2318 sed

2057 2348 2464 2415 subaudiatur,
2498 2349 2649 2404 sicut
2670 2350 3020 2406 fermentum
3052 2352 3140 2405 est
3157 2349 3450 2422 particeps
3475 2367 3702 2405 eorum.

2057 2438 2136 2492 Ex
2185 2454 2300 2508 qua
2354 2454 2530 2508 prava
2587 2438 2873 2493 sententia
2903 2439 2952 2493 si
2985 2455 3100 2493 non
3132 2438 3309 2493 vultis
3354 2454 3488 2493 cum
3520 2437 3707 2493 Theu-

2057 2526 2338 2597 paschitis
2371 2525 2658 2593 damnari,
2693 2527 2871 2581 nolite
2902 2526 2961 2581 in
2992 2528 3121 2599 ipsa
3151 2525 3705 2582 commemoratione

2055 2615 2367 2670 Dominicaa
2398 2614 2690 2686 passionis
2725 2615 2960 2686 aliquod
2993 2615 3370 2688 participium
3400 2630 3505 2671 seu
3538 2630 3702 2670 com-

2055 2703 2418 2768 munionem,
2450 2707 2658 2774 praeter
2688 2704 2874 2759 solam
2906 2703 3403 2760 consecrationem
3434 2701 3522 2757 vel
3570 2719 3701 2758 coo-

2053 2793 2435 2863 perationem,
2468 2793 2780 2849 concedere
2805 2797 3016 2848 sanctae
3048 2795 3105 2847 et
3126 2789 3478 2864 impassibili
3509 2790 3700 2846 Trini-

2052 2881 2156 2936 tati
2183 2900 2195 2948 ;
2229 2882 2366 2953 quia
2399 2898 2557 2937 mors
2589 2882 2771 2937 solius
2801 2881 3186 2937 humanitatis
3218 2879 3346 2935 Filii
3375 2879 3475 2935 Dei
3507 2879 3568 2936 in
3597 2878 3699 2935 illo

2054 2973 2415 3024 sacramento
2444 2969 2661 3025 visibili
2709 2970 3054 3040 [recolitur],
3097 2973 3163 3024 ut
3204 2967 3520 3041 Apostolus
3571 2968 3696 3025 ait:

2054 3083 2081 3108 ‹‹
2116 3059 2586 3130 Quotiescunque
2618 3059 3049 3114 manducabitis
3080 3075 3290 3130 panem
3321 3059 3479 3114 hunc
3523 3061 3581 3114 et
3610 3075 3702 3113 ca-

2055 3147 2223 3202 licem
2256 3146 2487 3213 bibetis,
2520 3152 2765 3202 mortem
2801 3147 3028 3202 Domini
3060 3146 3486 3202 annuntiabitis
3516 3147 3699 3222 donec

282 3215 356 3295 lit
391 3215 576 3292 Paulo
607 3215 739 3308 post
773 3255 784 3291 :
812 3260 839 3284 «
866 3236 1180 3308 Epulemur
1211 3255 1324 3293 non
1349 3238 1406 3292 in
1433 3215 1715 3294 fermento
1738 3215 1942 3308 veteri,
1977 3215 2019 3281 (ἶ
2056 3238 2249 3292 veniat
2277 3236 2323 3307 (l
2353 3236 2472 3291 Cor.
2496 3253 2576 3301 x1,
2601 3237 2714 3306 26).
2748 3257 2776 3286 »
2799 3236 2927 3307 Ipse
2959 3251 3191 3307 quoque
3211 3233 3498 3290 Dominus
3525 3217 3700 3289 Jesus

283 3342 490 3398 neque
523 3324 581 3378 in
614 3325 898 3380 fermento
931 3325 1168 3380 malitiae
1201 3329 1257 3381 et
1289 3327 1560 3398 nequitiae
1592 3328 1772 3399 (lbid.,
1806 3332 1882 3398 8).
1916 3351 1943 3379 ››

285 3417 357 3472 In
393 3413 780 3471 saecularibus
810 3413 1269 3485 quoquelitteris
1290 3416 1597 3487 satyricus,
1655 3418 1950 3472 effemina-

284 3504 526 3559 tionem
581 3505 640 3557 et
693 3507 996 3574 corruptos
1046 3518 1237 3559 mores
1294 3504 1690 3561 Romanorum
1749 3507 1953 3561 redar-

286 3608 518 3666 guens,
548 3589 631 3646 ait
660 3609 672 3645 :

356 3705 508 3772 Quid
533 3704 818 3754 didicisse?
839 3706 941 3772 nisi
963 3705 1065 3755 hoc
1088 3706 1426 3772 fermentum,
1449 3713 1620 3772 etquo
1633 3711 1954 3760 semelintus

354 3771 561 3818 Innata
587 3772 686 3828 est,
719 3772 881 3831 rupto
906 3768 1102 3831 jecore,
1127 3771 1314 3819 exierit
1344 3768 1624 3835 capriﬁcus
1644 3776 1668 3820 ?

1501 3836 1663 3896 (Pass.
1695 3851 1725 3894 ι,
1759 3837 1860 3898 24.)

368 3945 545 4002 XXX.
570 3945 656 4015 Et,
681 3946 729 4001 si
757 3963 962 4002 omnes
985 3947 1318 4020 Scripturas
1335 3951 1682 4020 perscrutati
1707 3951 1954 4016 fueritis,

290 4050 618 4106 nunquam
640 4039 697 4090 et
718 4052 1010 4108 nusquam
1035 4036 1386 4092 fermentum
1415 4037 1700 4108 inobonam
1734 4038 1954 4110 signifi-

291 4125 600 4182 cationem
620 4125 756 4195 poni
779 4125 1108 4193 invenietis,
1131 4125 1242 4180 nisi
1269 4125 1325 4180 in
1352 4143 1468 4182 uno
1493 4125 1615 4182 loco
1643 4126 1956 4198 Evangelii,

293 4214 406 4270 ubi
443 4228 691 4284 regnum
719 4212 993 4268 ccelorum
1026 4215 1310 4269 fermento
1331 4213 1524 4269 simile
1555 4215 1841 4270 Dominus
1872 4215 1957 4269 di-

298 4303 407 4372 cit,
441 4299 771 4356 doctrinam
800 4301 1068 4358 videlicet
1096 4301 1474 4374 apostolicam
1506 4303 1867 4376 signiﬁeans.
1900 4304 1959 4359 Si

297 4406 446 4447 vero
477 4405 684 4445 omnes
705 4389 1009 4446 revolvatis
1025 4391 1375 4462 Scripturas,
1410 4409 1711 4462 nunquam
1743 4397 1801 4447 et
1830 4409 1964 4447 nus-

302 4495 493 4552 quam
555 4478 860 4534 invenietis
904 4495 1106 4552 azyma
1153 4479 1290 4551 poni
1348 4479 1407 4534 in
1472 4480 1961 4553 significationem

2059 3326 2118 3381 in
2149 3324 2387 3396 speciali
2422 3323 2996 3380 commemorationis
3042 3341 3160 3379 suas
3191 3321 3492 3395 privilegio
3523 3321 3700 3376 disci-

2058 3415 2213 3487 pulis
2228 3413 2590 3469 distribuens
2605 3429 2838 3485 panem,
2858 3412 2938 3467 ait
2957 3428 2969 3467 :
2988 3412 3140 3467 «Hoc
3157 3417 3244 3467 est
3257 3427 3468 3482 corpus
3482 3425 3703 3478 meum,

2059 3506 2212 3577 quod
2264 3521 2366 3576 pro
2417 3502 2579 3558 vobis
2618 3502 2880 3558 tradetur
2921 3501 3103 3573 (Ibz'd.,
3144 3501 3260 3569 24).
3311 3522 3340 3550 ››
3383 3502 3578 3566 Meum,
3621 3499 3709 3556 in-

2060 3611 2259 3666 quam,
2285 3593 2461 3665 quod,
2485 3591 2739 3664 Spiritus
2770 3590 2955 3646 sancti
2972 3589 3334 3662 septemplici
3356 3591 3544 3662 gratia
3573 3589 3710 3646 sub-

2061 3685 2285 3753 nixum,
2318 3684 2447 3755 ipsa
2478 3681 2768 3754 sapientia
2799 3681 2898 3735 Dei
2942 3680 3129 3734 Patris
3168 3686 3379 3734 aeterne
3431 3678 3708 3734 aedificavi

2063 3772 2208 3828 mihi
2241 3770 2526 3843 templum
2550 3768 2940 3840 quadraginta
2961 3774 3013 3820 el
3035 3783 3132 3820 sex
3154 3765 3360 3820 diebus
3379 3763 3441 3820 in
3467 3773 3632 3820 utero
3653 3769 3713 3820 et

2063 3879 2132 3919 ex
2163 3865 2326 3916 utero
2359 3860 2588 3913 intactae
2609 3855 2866 3926 Virginis
2890 3871 2903 3909 :
2923 3854 3216 3924 quodque,
3250 3869 3384 3931 mox
3414 3869 3518 3924 pro
3545 3852 3714 3909 vobis

2066 3955 2121 4005 et
2151 3967 2254 4022 pro
2285 3946 2488 4002 multis
2517 3961 2620 4016 per
2650 3942 2981 4014 passionem
3025 3939 3214 3996 crucis
3253 3940 3313 3996 in
3345 3944 3592 3997 mortem
3623 3957 3714 3997 re-

2066 4037 2432 4099 solvendum,
2462 4033 2830 4102 omnipotens
2853 4028 3107 4084 Trinitas
3128 4031 3260 4100 post
3277 4029 3565 4085 Triduum
3585 4046 3714 4086 sus-

2068 4125 2291 4189 citabit,
2325 4139 2438 4177 non
2470 4119 2812 4192 permittens
2845 4123 3118 4174 sanctum
3166 4135 3342 4174 suum
3371 4117 3565 4174 videre
3597 4135 3720 4174 cor-

2071 4213 2422 4285 ruptionem.
2457 4211 2652 4276 Meum,
2686 4208 2950 4280 inquam,
2975 4208 3082 4263 hoc
3107 4211 3215 4273 est,
3239 4206 3364 4262 Filii
3388 4207 3490 4262 Dei
3512 4211 3569 4262 et
3589 4207 3718 4263 Filii

2070 4301 2350 4371 hominis,
2383 4299 2483 4370 qui
2514 4295 2673 4353 vadit
2703 4299 2856 4352 sicut
2886 4298 3171 4368 scriptum
3204 4299 3293 4351 est
3313 4296 3384 4350 de
3412 4294 3533 4350 illo.
3565 4297 3716 4360 Qua-

2072 4395 2327 4464 propter,
2370 4388 2522 4443 sicut
2562 4384 2960 4457 przediximus,
2993 4387 3116 4440 tota
3155 4383 3328 4438 beata
3368 4381 3625 4436 Trinitas
3656 4382 3715 4436 in

2073 4478 2474 4536 conseratione
2495 4474 2874 4530 Eucharistiin
2893 4476 3255 4544 cooperatur,
3283 4470 3384 4525 sed
3409 4467 3536 4524 sola
3561 4485 3721 4524 mors

304 4566 694 4644 contrariam,
727 4567 828 4622 sed
860 4573 960 4623 aut
991 4567 1390 4624 sinceritatem
1421 4574 1524 4624 aut
1550 4569 1848 4625 veritatem
1883 4570 1958 4624 si-
1993 4583 2040 4646 Ι)
2069 4568 2285 4624 Christi
2317 4567 2377 4620 in
2410 4564 2686 4620 lractione
2719 4564 2847 4633 ejus
2878 4565 2935 4617 et
2969 4561 3028 4615 in
3062 4575 3174 4614 usu
3205 4556 3608 4646 annuntiatur.

307 4656 586 4730 gniﬁare,
621 4656 774 4711 sicut
801 4655 1115 4729 Apostolus
1142 4656 1224 4711 ait
1257 4672 1270 4710 ε
1305 4678 1334 4707 (ί
1367 4657 1684 4728 Epulemur
1730 4658 1789 4712 in
1844 4677 1968 4730 azy-

311 4745 436 4800 mis
465 4744 822 4800 sinceritatis
849 4749 906 4800 et
924 4745 1189 4800 veritatis
1211 4745 1256 4816 (I
1275 4745 1396 4800 Cor.
1431 4765 1483 4815 v,
1517 4747 1591 4818 8).
1631 4770 1656 4795 η
1688 4747 1851 4802 Unde
1879 4763 1968 4802 ve-

313 4839 444 4889 stra
456 4833 792 4905 duplicitas,
809 4851 916 4890 suo
941 4835 1286 4890 fermentato
1303 4838 1593 4904 contenta,
1620 4837 1890 4891 Romana:
1912 4841 1970 4892 et

316 4923 542 4978 Latinae
559 4921 755 4994 simpli
765 4922 925 4978 citati
947 4940 1213 4995 azymum
1227 4926 1424 4994 extorq
1436 4939 1569 4980 uere
1581 4926 1828 4980 desinat.
1863 4925 1966 4990 Ne,

317 5012 368 5067 si
403 5010 581 5067 fuerit
611 5012 897 5082 pertinax,
929 5011 1260 5078 anathema,
1297 5017 1645 5068 maranatha
1687 5029 1820 5067 cum
1863 5030 1967 5067 suo

317 5099 670 5155 fermentato
702 5101 819 5164 ﬁat,
872 5105 927 5155 et
963 5100 1306 5171 prophetam
1359 5101 1469 5154 sibi
1522 5103 1969 5172 exprobrantem

321 5188 526 5244 audiat
558 5206 571 5242 :
610 5211 636 5238 «
671 5189 752 5244 Ite
785 5189 856 5243 ad
889 5188 1107 5256 Bethel,
1142 5194 1199 5244 et
1228 5175 1410 5260 impie
1438 5189 1608 5261 agite,
1642 5203 1701 5245 et
1749 5192 1971 5246 sacriﬁ-

324 5282 449 5333 cate
480 5278 553 5332 de
583 5277 930 5334 fermentato
956 5277 1190 5332 laudem
1233 5278 1370 5349 (Am.
1401 5295 1480 5345 ιν,
1512 5279 1587 5349 5).
1622 5302 1649 5328 ››

394 5366 585 5423 XXXI.
615 5366 780 5421 Nunc
810 5367 1077 5422 videatur
1115 5383 1383 5438 quanam
1428 5366 1817 5423 Ecclesiarum
1850 5386 1972 5424 ma-

319 5456 434 5528 jori
467 5455 775 5528 diligentia
803 5460 861 5511 et
891 5455 1180 5511 subtiliori
1230 5455 1658 5527 signiﬁcatione
1690 5457 1974 5513 Dominici

329 5545 588 5618 corporis
620 5545 1033 5618 proprietatem
1064 5543 1342 5599 imitetur.
1379 5545 1642 5600 Romana
1675 5547 1889 5618 quippe
1921 5551 1977 5601 et

332 5633 723 5691 Occidmtalis
755 5633 1010 5692 Ecclesia
1037 5633 1374 5691 aministris
1396 5635 1546 5689 sacri
1571 5634 1775 5692 altaris
1799 5636 1856 5690 in
1889 5653 1976 5691 se-

2148 4656 2358 4712 XXXII.
2393 4654 2536 4708 Hinc
2560 4654 2686 4724 jam
2733 4666 2861 4722 quae
2892 4648 3046 4720 apud
3084 4663 3186 4702 vos
3234 4646 3519 4702 habeatur
3549 4643 3722 4700 disci-

2075 4746 2238 4819 plina
2259 4749 2315 4799 et
2346 4741 2571 4798 cautela
2601 4755 2779 4811 supra
2811 4741 2968 4792 tanto
3011 4735 3289 4805 mysterio
3320 4735 3718 4790 advertamus.

2073 4836 2193 4891 Vos
2243 4831 2556 4904 aliquando
2609 4827 2794 4900 pretio
2849 4827 3262 4880 fermentatum
3306 4841 3341 4880 a
3377 4839 3730 4896 quocunque

2075 4923 2197 4980 viro
2229 4938 2330 4976 seu
2364 4918 2580 4973 femina
2611 4918 3003 4987 praeparatum
3025 4912 3276 4980 habetis,
3307 4911 3368 4968 in
3397 4915 3629 4968 tantum
3661 4915 3724 4967 ut

2080 5023 2503 5079 nonnunquam
2523 5007 2593 5059 ab
2627 5003 2769 5076 ipsis
2800 5002 3051 5075 publicis
3074 5003 3506 5072 negotiatorum
3536 5002 3728 5058 taber-

2081 5102 2172 5156 nis
2196 5118 2282 5153 cui
2295 5103 2458 5170 ptum
2487 5110 2693 5166 panem
2713 5092 2781 5146 ad
2811 5092 3167 5146 Dominicam
3186 5107 3454 5146 mensam
3477 5087 3729 5143 transfe-

2084 5190 2264 5255 ratis;
2300 5201 2475 5257 quem
2515 5184 2827 5237 tractatum
2858 5181 3036 5236 illotis
3069 5185 3125 5234 et
3155 5177 3407 5234 sordidis
3448 5191 3732 5246 quorum-

2083 5279 2226 5332 libet
2262 5274 2536 5329 manibus
2562 5285 2773 5342 negare
2804 5286 2918 5323 non
2950 5267 3212 5341 potestis.
3237 5264 3344 5330 Qui
3377 5279 3536 5331 sane,
3562 5264 3735 5335 juxta

2085 5370 2346 5421 nostram
2374 5360 2788 5425 narrationem,
2824 5357 3084 5428 quinque
3115 5351 3578 5410 substantiarum
3607 5369 3736 5424 par-
3786 5367 3796 5377 '

2085 5455 2270 5524 ticeps
2299 5456 2412 5517 cst,
2455 5450 2512 5504 id
2545 5454 2654 5512 est,
2688 5445 2977 5510 fermenti,
3019 5443 3239 5512 farinze,
3274 5439 3434 5508 salis,
3485 5458 3648 5513 aqua}
3679 5445 3737 5498 et

2086 5542 2261 5615 ignis.
2291 5542 2548 5604 Quorum
2581 5536 2845 5592 omnium
2871 5531 3327 5606 signiﬁcationes
3350 5547 3639 5604 congruas
3671 5529 3734 5584 in

2086 5631 2189 5688 illa
2235 5627 2488 5700 simplici
2519 5631 2575 5682 et
2604 5626 3013 5681 sinceracarne
3032 5620 3369 5691 Salvatoris,
3398 5619 3449 5676 si
3480 5617 3732 5688 habetis,
