4086 6168
427 284 543 353 951

1350 364 1356 373 .
1440 285 1931 352 unusunus
1970 286 2043 346 es.
2092 284 2166 346 a.
2211 283 2284 347 Ε.
2330 283 2829 353 CARDINALIS.

428 419 561 479 date
591 416 784 489 uehis.
822 418 934 479 Par
959 422 1049 480 est
1077 420 1234 479 enim
1272 423 1338 477 ut
1357 421 1429 479 de
1457 420 1740 481 fermento
1773 416 1940 477 nobis
1972 432 2067 485 ra-
2093 416 2150 484 Α
2179 418 2358 479 Graaci
2387 423 2607 487 autem,
2630 418 3028 479 cohabitantes
3048 418 3159 491 eis,
3183 417 3413 489 aliisic,
3443 418 3545 480 alii
3574 418 3840 493 qualiter

429 506 648 571 tionem
682 505 960 574 reddatis,
986 510 1479 580 quemadmodum
1513 527 1622 567 nos
1641 509 1711 564 de
1734 506 1952 581 azymis
1981 523 2073 562 vo-

427 597 548 655 bis:
569 616 641 655 ne
664 597 829 665 forte,
846 598 1000 670 quod
1020 598 1200 655 absit!
1224 600 1572 671 perversitas
1595 597 2068 664 Manichaeorum,

428 687 501 747 ad
535 685 892 743 fulciendum
916 704 1170 744 errorem
1202 704 1397 753 suum,
1431 693 1654 744 asserat
1676 689 1780 744 has
1812 687 2073 759 quinque

429 775 793 835 substantias
840 775 899 831 in
949 776 1302 833 sacriﬁcium
1350 778 1815 834 Christianorum
1845 776 2068 833 assumi

429 869 667 941 propter
713 865 973 937 quinque
1021 869 1188 922 antra
1236 867 1633 934 tenebrarum,
1687 884 1812 940 quae
1844 867 2074 939 ﬁngunt

431 952 764 1015 mentiendo
795 954 928 1010 sibi.
962 953 1103 1010 Date
1128 971 1356 1029 quoque
1380 956 1701 1013 evidentem
1733 973 1972 1014 causam
2003 956 2071 1011 il-

429 1042 546 1101 lius
577 1041 1062 1112 circumcisionis,
1109 1060 1225 1115 qua
1264 1043 1599 1101 coronulam
1631 1045 1799 1117 panis
1830 1046 1901 1101 ad
1936 1063 2071 1102 san-

430 1135 590 1191 ctum
612 1130 964 1189 sacriﬁcium
982 1132 1129 1188 ferro
1150 1129 1376 1200 levatis,
1400 1150 1531 1189 cum
1550 1133 1927 1191 immaculata
1941 1134 2071 1191 hos-

426 1220 509 1280 tia
540 1219 983 1281 immaculatum
1009 1236 1219 1292 corpus
1240 1219 1469 1275 Domini
1492 1222 1687 1292 aptius
1708 1220 1971 1277 videatur
2000 1223 2069 1279 si-

425 1309 724 1385 gniﬁcare,
758 1312 814 1365 et
834 1308 1139 1379 integritas
1162 1308 1331 1381 panis
1361 1308 1754 1381 integritatem
1777 1310 2068 1378 Ecclesiae,

427 1413 555 1471 quas
574 1395 1012 1468 corpusChristi
1030 1396 1093 1451 ﬁt
1104 1396 1306 1467 partici
1317 1397 1548 1470 patione
1560 1399 1688 1470 ejus
1706 1398 2069 1470 integerrimi

424 1484 874 1558 oorporis.Quod
890 1484 1140 1556 qualiter
1156 1485 1277 1541 ﬁeri
1296 1486 1744 1555 debeat,Paulus
1757 1488 2071 1545 Corinthiis

422 1577 507 1633 ita
536 1574 813 1648 prmdicat
844 1591 858 1631 :
894 1596 921 1624 ‹‹
943 1574 1116 1631 Panis
1139 1590 1313 1647 quem
1342 1575 1691 1650 frangimus,
1716 1594 1907 1635 nonne
1938 1595 2070 1650 par-

423 1662 686 1739 ticipatio
716 1661 950 1719 Domini
983 1662 1111 1719 est?
1140 1664 1425 1732 Quoniam
1472 1682 1625 1722 unus
1658 1667 1848 1737 panis,
1882 1684 2071 1724 unum

2179 525 2213 562 τι
2243 508 2367 563 suis
2400 512 2764 580 acceperunt.
2796 508 2879 564 Ad
2903 508 3045 580 haec,
3077 508 3126 566 si
3155 507 3297 583 quid
3331 525 3399 567 ex
3429 512 3639 567 sancta
3656 512 3721 565 et
3743 525 3837 565 ve-

2180 596 2423 653 nerabili
2470 596 2835 653 Eucharistia
2882 599 2941 654 in
2985 596 3526 673 Hierosolymitanis
3569 596 3839 655 ecclesiis

2179 686 2551 757 superfuerit,
2586 703 2691 743 nec
2720 687 3040 745 incendunt
3070 704 3173 744 nec
3202 687 3260 745 in
3299 688 3523 745 foveam
3560 686 3834 752 mittunt,

2179 775 2279 831 sed
2314 774 2371 829 in
2404 775 2669 847 pyxidem
2703 775 2985 833 mundam
3005 777 3423 844 recondunt,et
3453 775 3729 848 sequenti
3752 775 3839 831 die

2180 864 2622 921 communicant
2633 864 2709 920 ibi
2721 882 2806 931 ,oo
2820 865 2973 939 quod
2988 863 3491 925 conveniuntilluc
3502 881 3575 921 ex
3588 863 3837 921 diversis

2178 952 2491 1026 provinciis
2508 954 2846 1019 Christiani,
2862 955 3225 1027 qui,propter
3241 953 3416 1014 ﬁdem
3430 957 3486 1011 et
3506 952 3837 1013 maximum

2180 1057 2436 1097 amorem
2462 1041 2590 1098 Filii
2609 1042 2730 1110 Dei,
2755 1043 3187 1101 communicare
3208 1042 3287 1099 ibi
3310 1042 3680 1108 desiderant,
3705 1042 3838 1114 quia

2180 1133 2237 1186 et
2265 1129 2427 1186 locus
2457 1128 2581 1203 ipse
2612 1131 2997 1188 venerabilior
3024 1135 3081 1189 et
3110 1131 3369 1189 sanctior
3417 1134 3506 1189 est
3550 1131 3835 1189 omnibus

2178 1215 2323 1275 locis
2351 1219 2409 1274 in
2441 1219 2598 1275 omni
2631 1224 2805 1276 terra.
2840 1224 2904 1276 Et
2934 1219 3013 1276 ibi
3045 1223 3134 1279 est
3171 1220 3508 1293 sepulcrum
3554 1225 3832 1279 sanctum

2179 1310 2236 1363 et
2263 1306 2603 1364 honorabile
2625 1306 2854 1364 Domini
2880 1308 3063 1366 nostri
3084 1308 3222 1365 Jesu
3246 1307 3481 1373 Christi,
3504 1312 3562 1364 et
3587 1313 3831 1366 sanctus

2178 1396 2450 1452 Calvariae
2474 1396 2656 1453 locus.
2690 1398 3033 1453 Subterrare
3057 1401 3255 1455 autem
3283 1397 3371 1454 vel
3403 1396 3671 1453 infodere
3704 1415 3829 1455 san-

2179 1489 2336 1541 ctam
2366 1485 2795 1543 Eucharistiam
2814 1485 2872 1540 in
2895 1489 3069 1555 terra,
3093 1486 3217 1543 sicu
3276 1486 3518 1558 quidam
3550 1486 3832 1543 dicuntur

2178 1589 2366 1645 agere,
2397 1578 2499 1631 aut
2528 1573 2586 1629 in
2618 1572 2887 1647 lagenam
2918 1574 3169 1643 mittere,
3194 1592 3269 1632 au
3314 1575 3613 1631 effundere
3645 1574 3831 1639 illam.

2180 1659 2533 1735 negligentia
2564 1679 2777 1736 magna
2808 1667 2898 1723 est
2928 1667 2985 1719 et
3016 1662 3216 1721 nullus
3244 1662 3423 1720 timor
3451 1663 3577 1718 Dei.
3601 1664 3830 1721 Etenim

426 1768 639 1825 corpus
670 1750 841 1807 multi
864 1768 1072 1809 sumus
1101 1768 1326 1819 omnes,
1348 1753 1448 1825 qui
1470 1754 1540 1811 de
1560 1772 1677 1811 uno
1704 1772 1853 1828 pane
1874 1760 1930 1812 et
1952 1774 2068 1813 uno
2102 1789 2150 1855 Β
2182 1749 2325 1807 ﬁdes
2357 1749 2843 1839 Christianorum,
2874 1751 3003 1824 ἱρεει
3032 1751 3343 1825 impouuta
3358 1756 3416 1808 εἴ
3442 1750 3643 1853 (litim.
3672 1770 3831 1827 mys-

427 1838 605 1899 calice
632 1838 1056 1912 participamus
1088 1840 1132 1912 (Ι
1155 1844 1276 1897 Cor.
1309 1860 1365 1910 x,
1393 1842 1499 1913 17).
1535 1866 1563 1892 ››
1596 1843 1759 1900 Unde
1789 1848 1844 1901 et
1874 1844 2070 1902 Domi-

428 1945 542 1987 nus
571 1944 782 2002 panem
814 1928 1126 2001 accepisse,
1160 1929 1526 1988 benedixisse
1565 1936 1622 1987 et
1652 1934 1917 2005 fregisse,
1958 1951 2074 1989 non

428 2022 625 2077 autem
639 2018 854 2091 legitur
874 2022 1007 2076 ante
1027 2018 1115 2075 vel
1136 2023 1340 2094 postea
1359 2020 1654 2077 incidisse.
1678 2021 1895 2078 Deinde
1918 2023 2074 2094 quod

429 2110 699 2165 sanctum
746 2123 957 2179 panem
997 2106 1126 2162 vitae
1175 2111 1398 2166 aternae
1454 2109 1514 2165 in
1548 2109 1787 2168 calicem
1805 2110 2074 2168 intritum

430 2212 564 2269 cum
594 2193 883 2252 cochleari
915 2212 1148 2252 sumere
1183 2198 1532 2263 consuestis,
1566 2198 1706 2270 quid
1738 2200 2076 2272 opponitis?

428 2282 629 2356 Neque
658 2282 810 2338 enim
835 2282 961 2354 ipse
994 2283 1273 2341 Dominus
1294 2302 1505 2357 panem
1534 2287 1594 2341 in
1628 2286 1804 2343 calice
1830 2288 1947 2344 vini
1980 2289 2076 2345 in-

430 2369 611 2437 trivit,
643 2374 701 2426 et
730 2370 814 2425 sic
836 2370 1115 2443 apostolis
1136 2372 1296 2427 dedit
1313 2373 1513 2429 dicens
1539 2393 1551 2429 :
1585 2376 1825 2448 accipite
1857 2381 1913 2432 et
1939 2393 2073 2432 cum

431 2456 719 2519 cochleari
758 2460 1040 2515 comedite
1091 2477 1103 2514 :
1156 2459 1265 2516 hoc
1293 2465 1382 2517 est
1412 2462 1567 2519 enim
1599 2480 1809 2535 corpus
1853 2481 2070 2521 meum.

429 2546 564 2613 Sed,
598 2546 751 2604 sicut
770 2551 971 2605 sancta
1001 2546 1261 2606 Romana
1276 2549 1531 2608 Ecclesia
1563 2568 1748 2623 usque
1778 2570 1936 2609 nunc
1970 2553 2073 2609 ob-

428 2640 640 2704 servat,
676 2653 885 2711 panem
930 2636 1222 2709 integrum
1254 2638 1549 2695 benedixit
1578 2645 1634 2696 et
1662 2641 1914 2698 fractum
1956 2642 2076 2697 sin-

430 2725 585 2801 gulis
613 2712 1009 2797 particulatim
1057 2725 1357 2783 distribuit
1386 2728 1587 2787 dicens
1620 2747 1633 2785 :
1666 2752 1695 2781 ‹‹
1725 2730 1980 2803 Accipite
2018 2734 2076 2786 et

428 2813 737 2881 comedite,
770 2812 878 2869 hoc
908 2817 998 2873 est
1017 2831 1229 2889 corpus
1248 2833 1443 2873 meum
1466 2818 1678 2886 (Matth.
1710 2835 1867 2889 xxvx,
1896 2820 2008 2891 26).
2044 2839 2073 2868 ››

381 2925 393 2935 ν
432 2901 678 2974 Quibus,
709 2907 1021 2975 postquam
1050 2909 1341 2961 cmnatum
1381 2909 1491 2973 est,
1534 2906 1770 2963 calicem
1822 2906 2077 2979 porrexit

434 2989 636 3049 dicens
667 3006 681 3047 :
718 3012 745 3041 ‹‹
778 2991 963 3050 Bibite
992 3009 1061 3049 ex
1082 3010 1148 3049 eo
1172 3010 1376 3051 omnes
1407 2995 1591 3067 (Ibid.,
1621 2996 1734 3067 27).
1770 3018 1798 3045 »

2183 1838 2329 1895 teria
2377 1838 2534 1907 sunt,
2568 1842 2892 1897 secundum
2942 1841 3097 1914 quod
3130 1841 3400 1897 Christus
3429 1839 3573 1897 dixit
3603 1858 3619 1897 :
3652 1864 3683 1893 ‹‹
3716 1842 3823 1909 Qui

2186 1927 2501 1986 manducat
2519 1944 2751 1985 carnem
2779 1946 2970 1986 meam
2992 1933 3050 1986 et
3064 1929 3215 1986 bibit
3231 1929 3569 2003 sanguinem
3592 1946 3813 1999 meum,

2183 2016 2301 2073 vita
2344 2017 2495 2073 vivet
2541 2016 2601 2075 in
2631 2022 2911 2075 aeternum
2955 2019 3132 2091 (Joan.
3165 2035 3242 2086 v1,
3272 2019 3364 2086 55,
3396 2019 3500 2085 59).
3533 2040 3559 2065 ››
3602 2017 3722 2074 Sed
3751 2018 3824 2075 de

2184 2103 2277 2160 his
2307 2104 2588 2162 hactenus
2614 2122 2627 2161 :
2662 2106 2950 2179 precipue
2980 2122 3116 2163 cum
3144 2123 3248 2162 vos
3277 2106 3390 2178 ipsi
3421 2105 3660 2179 possitis
3704 2105 3829 2165 haec

2184 2193 2451 2265 colligere
2475 2194 2751 2250 subtilius
2772 2212 2838 2251 ex
2858 2198 3057 2251 tenore
3087 2192 3341 2266 epistolas
3364 2192 3521 2252 illius
3552 2211 3738 2266 quam
3760 2195 3829 2251 is-

2184 2281 2260 2355 tis
2290 2298 2358 2337 ex
2387 2298 2573 2355 graeca
2602 2281 2844 2340 latinam
2879 2282 3250 2357 perfecimus.
3283 2282 3393 2340 Ubi
3438 2281 3567 2341 luce
3614 2282 3831 2343 clarius

2183 2370 2427 2444 intelligi
2461 2373 2653 2441 datur,
2686 2374 2959 2430 eumdem
2992 2373 3172 2433 ritum
3190 2372 3661 2430 divinisacriﬁcii
3694 2392 3832 2431 san-

2183 2464 2334 2515 ctam
2358 2460 2941 2535 Hierosolymitanam
2958 2462 3274 2519 Ecclesiam
3305 2462 3647 2519 observasse
3677 2464 3831 2519 anti-

2183 2547 2403 2618 quitus,
2437 2566 2609 2621 quem
2643 2554 3017 2607 sacrosancta
3046 2551 3310 2609 Romana
3340 2549 3599 2607 Ecclesia
3629 2552 3833 2608 obser-

2181 2652 2314 2690 vare
2345 2654 2459 2691 non
2492 2642 2682 2694 cessat
2710 2636 3011 2694 hactenus.
3040 2639 3343 2711 Siquidem
3369 2643 3573 2695 tenues
3605 2640 3835 2697 oblatas

2183 2739 2252 2780 ex
2281 2724 2478 2780 simila
2507 2731 2862 2799 praeparatas
2892 2726 3152 2801 integras
3183 2731 3239 2785 et
3268 2744 3445 2784 sanas
3468 2728 3658 2785 sacris
3690 2728 3832 2786 alta-

2184 2811 2348 2868 ribus
2396 2830 2501 2870 nos
2532 2831 2766 2887 quoque
2812 2815 3291 2888 superponimus,
3331 2819 3389 2875 et
3416 2832 3486 2872 ex
3516 2816 3664 2889 ipsis
3696 2822 3830 2889 post

2184 2901 2677 2961 consecrationem
2699 2903 2897 2961 fractis
2912 2921 3045 2959 cum
3058 2903 3274 2976 populo
3296 2905 3831 2962 communicamur.

2184 2988 2252 3045 Et
2280 2994 2420 3046 tunc
2451 2990 2689 3049 demum
2709 2990 2886 3049 calice
2918 2993 3061 3050 meri
3091 2996 3148 3049 et
3168 2991 3378 3065 liquidi
3407 2993 3633 3050 cruoris
3663 3000 3831 3068 pota-

505 3076 743 3137 ΧΧΧΙΙΙ.
777 3078 962 3147 Quam
994 3082 1368 3139 reverendam
1398 3083 1620 3157 angelis
1650 3089 1707 3140 et
1736 3083 2074 3141 hominibus
2117 3150 2149 3157 __
2184 3093 2319 3133 mur
2350 3093 2363 3133 :
2400 3078 2875 3151 quandoquidem
2903 3079 3121 3136 nemini
3141 3080 3564 3154 discipulorum
3592 3082 3712 3138 nisi
3732 3084 3831 3141 Ju-

427 3162 864 3228 Institutionem
895 3168 1071 3226 etiam
1093 3175 1296 3227 sancta
1316 3150 1687 3244 Sion,vprima
1715 3172 1935 3228 scilicet
1965 3173 2076 3228 Ec-
2100 3150 2149 3217 κα
2189 3165 2273 3222 die
2314 3166 2595 3240 proditori
2641 3167 2953 3227 intinctum
2985 3186 3199 3241 panem
3242 3187 3276 3225 a
3306 3170 3551 3227 Domino
3595 3188 3829 3242 porrec-

431 3254 630 3328 olesia,
646 3273 831 3329 usque
852 3258 922 3313 ad
938 3258 1057 3314 haec
1071 3260 1347 3316 moderna
1362 3264 1478 3316 tem
1488 3278 1645 3333 pora,
1660 3261 1810 3317 sicut
1827 3261 1899 3318 ab
1912 3278 2078 3333 apos-

430 3344 568 3401 tolis
597 3345 839 3417 accepit,
861 3343 1110 3402 ﬁdeliter
1129 3347 1369 3403 retinuit
1392 3364 1404 3403 :
1431 3350 1574 3405 adeo
1602 3354 1666 3405 ut
1685 3349 1923 3421 quidam
1950 3350 2073 3406 Hie-

428 3429 983 3503 rosolymitanorum
1015 3434 1356 3504 pontificum
1375 3436 1528 3493 datis
1547 3436 1812 3509 epistolis
1843 3437 2072 3510 signiﬁ-

424 3512 684 3574 caVerint
702 3522 989 3590 quantum
1006 3518 1238 3576 illorum
1254 3521 1545 3579 institutio
1565 3523 1853 3597 discrepet
1870 3542 1902 3582 a
1923 3527 2073 3582 Grae-

420 3604 525 3669 cis.
553 3605 647 3662 Sic
667 3605 826 3663 enim
846 3608 1131 3682 scriptum
1160 3608 1521 3682 reliquerunt
1554 3629 1567 3666 :
1605 3634 1632 3662 ‹‹
1661 3613 1742 3668 Ex
1772 3613 1900 3683 ipsa
1928 3630 2067 3670 san-

416 3696 510 3765 cta
536 3693 765 3757 civitate
787 3694 1167 3765 Hierusalem,
1192 3714 1320 3771 quae
1337 3703 1394 3754 et
1412 3704 1616 3756 sancta
1644 3699 2063 3774 Hierosolyma,

412 3783 553 3841 exiit
582 3780 727 3845 ﬁdes
770 3782 1101 3841 Christiana
1134 3802 1146 3840 :
1181 3787 1238 3843 in
1270 3786 1397 3860 ipsa
1428 3804 1659 3861 quoque
1689 3794 1891 3847 sancta
1922 3792 2059 3851 Sion

411 3875 471 3928 et
489 3877 695 3943 sancta
715 3874 1065 3935 resurrectio
1085 3874 1283 3946 prima:
1302 3875 1573 3933 Ecclesiae
1588 3877 1865 3935 dicuntur
1885 3884 1943 3936 et
1965 3898 2059 3937 ve-

410 3959 621 4017 raciter
665 3958 978 4018 habentur.
1014 3962 1077 4019 In
1105 3958 1232 4036 ipso
1265 3970 1468 4023 sancto
1498 3969 1555 4023 et
1583 3968 1897 4025 venerabili
1932 3969 2056 4027 loco

410 4046 767 4120 adimpletur
786 4049 982 4106 divina
1003 4055 1057 4104 et
1078 4052 1453 4110 immaculata
1470 4054 1686 4113 oblatio
1707 4055 1938 4114 Domini
1962 4077 2060 4116 no-

410 4135 516 4199 stri
545 4135 684 4194 Jesu
710 4135 944 4209 Christi,
969 4139 1119 4193 sicut
1140 4141 1305 4197 decet
1335 4158 1436 4214 per
1462 4144 1746 4201 ordinem.
1772 4167 1800 4195 »
1824 4147 1893 4202 Et
1912 4153 2053 4219 puto

406 4223 551 4301 quia
578 4224 950 4285 benefaciunt
978 4226 1080 4292 ibi,
1102 4229 1258 4300 quod
1285 4244 1398 4284 non
1422 4230 1537 4285 nisi
1558 4230 1819 4305 integras
1838 4239 1895 4289 et
1924 4250 2056 4292 san-

405 4316 531 4375 ctas
550 4313 946 4386 ponuntipsas
968 4313 1291 4372 oblationes
1312 4316 1368 4371 in
1394 4323 1624 4376 sanctas
1644 4322 1897 4393 patinas,
1925 4341 2049 4393 nec,

405 4402 697 4477 quomodo
720 4402 1157 4472 Greci,habent
1177 4403 1439 4462 lanceam
1471 4407 1715 4465 ferream
1748 4427 1865 4482 qua
1895 4412 2050 4469 scin-

399 4484 543 4547 dant
569 4488 628 4579 in
648 4492 890 4579 modum
909 4492 1096 4551 crucis
1118 4492 1307 4565 ipsam
1330 4493 1707 4563 oblationem,
1733 4498 1789 4554 id
1811 4504 1901 4557 est
1916 4518 2049 4574 pro-
2077 4513 2126 4579 D

395 4576 716 4643 scomiden.
752 4578 926 4637 Porro
957 4580 1017 4641 in
1046 4581 1303 4653 praefatis
1335 4583 1551 4638 sanctis
1584 4585 1875 4655 Ecclesiis,
1908 4606 2042 4646 cum

392 4658 524 4739 ipsa
552 4671 754 4725 sancta
787 4669 982 4742 patina
1002 4675 1263 4727 sanctam
1287 4671 1668 4742 anaphoram,
1693 4674 1751 4729 id
1777 4679 1867 4732 est
1887 4676 2046 4736 obla-

390 4746 633 4839 tionem,
678 4756 953 4813 exaltant.
1002 4756 1234 4815 Etenim
1277 4776 1421 4814 veras
1453 4763 1509 4816 et
1555 4764 1701 4832 aptae
1733 4768 1873 4819 sunt
1902 4763 2041 4839 ipsa:

389 4838 736 4913 oblationes,
792 4847 1136 4918 tenuesque,
1182 4862 1251 4903 ex
1303 4846 1518 4903 simila.
1566 4848 1853 4907 Lanceam
1905 4838 2038 4911 vero

386 4925 632 4997 ferream
654 4930 943 4999 nesciunt,
966 4931 1077 4992 nisi
1112 4951 1237 5007 quae
1259 4934 1412 4990 latus
1439 4935 1664 4993 Domini
1691 4941 1873 4995 nostri
1896 4941 2036 4998 Jesu

385 5012 600 5075 Christi
613 5018 1142 5091 aperuit.Cochlear
1153 5039 1287 5079 vero
1304 5040 1437 5079 cum
1451 5041 1565 5097 quo
1579 5028 2032 5099 communicent,

385 5105 540 5171 sicut
572 5104 632 5162 in
682 5105 938 5189 Ecclesia
969 5110 1319 5181 Grecorum,
1350 5112 1592 5169 minime
1623 5113 1861 5184 habent,
1893 5119 2031 5189 quia

383 5211 501 5254 non
558 5194 641 5252 ita
684 5198 1073 5255 commiscent
1129 5199 1318 5272 ipsam
1359 5206 1619 5257 sanctam
1662 5207 2029 5263 communio-

382 5298 516 5339 nem
543 5284 603 5341 in
634 5283 835 5354 calice,
870 5286 971 5344 sed
1004 5288 1131 5344 sola
1175 5289 1385 5362 [panis]
1426 5293 1838 5350 communione
1868 5312 2024 5353 com-

2186 3262 2309 3310 tum
2340 3254 2692 3325 invenimus,
2734 3256 3103 3329 signiﬁcante
3129 3259 3283 3329 quod
3306 3275 3438 3316 eum
3469 3264 3627 3315 esset
3655 3261 3831 3317 tradi-

2182 3347 2388 3413 turus;
2420 3344 2543 3417 pari
2576 3345 2746 3401 modo
2776 3346 2951 3402 etiam
2991 3346 3293 3404 residuum
3325 3346 3632 3404 dominica:
3664 3348 3827 3413 obla-

2182 3431 2359 3488 tionis
2382 3433 2744 3505 reponimus.

2251 3565 2494 3622 XXXIV.
2526 3566 2680 3635 Jam,
2714 3568 2852 3639 quia
2897 3567 3255 3624 sufﬁcienter
3290 3569 3628 3624 auctoritate
3668 3567 3821 3625 Novi

2176 3656 2233 3709 et
2256 3653 2478 3710 Veteris
2517 3655 2876 3713 Testamenti
2920 3660 3153 3715 constat
3190 3656 3503 3713 Dominum
3544 3660 3821 3712 nostrum

2171 3740 2376 3798 Jesum
2405 3743 2702 3799 Christum
2731 3745 3347 3801 commemorationem
3373 3760 3491 3800 sus:
3523 3745 3821 3817 passionis

2173 3830 2541 3887 recolendam
2572 3824 2648 3887 ‘in
2698 3832 2915 3904 azymis
2962 3832 3268 3905 discipulis
3314 3834 3423 3888 sub
3471 3833 3602 3905 ipsa
3656 3849 3825 3889 omna

2170 3921 2635 3987 commendasse,
2685 3922 2838 3976 sicut
2892 3918 3178 3993 hodieque
3226 3910 3430 3977 sancta
3470 3921 3739 3978 Romana
3765 3927 3822 3978 et

2169 4006 2376 4063 Latina
2404 4007 2661 4064 Ecclesia
2680 4009 2942 4065 noscitur
2961 4009 3230 4077 recolam,
3254 4010 3446 4065 dicere
3467 4009 3692 4067 debetis
3712 4026 3814 4066 cn-

2159 4096 2263 4167 jus
2308 4096 2737 4153 institutionem
2768 4098 2827 4153 in
2861 4099 3205 4154 fermentata
3230 4102 3356 4153 tam
3396 4098 3695 4155 obstinate
3716 4099 3818 4155 de-

2162 4184 2425 4243 fenditis.
2466 4185 2686 4259 Nempe
2724 4186 3059 4259 quicunque
3095 4202 3202 4243 seu
3244 4186 3679 4259 qualiscunque
3719 4187 3816 4243 ille

2164 4272 2358 4341 fuerit,
2384 4274 2555 4345 juxta
2582 4275 2817 4332 beatum
2847 4275 2979 4343 Job,
3011 4275 3374 4348 compositus
3418 4276 3555 4343 Deo,
3590 4276 3694 4347 qui
3722 4281 3810 4332 est

2162 4362 2535 4434 ipsajustitia
2550 4369 2608 4418 et
2622 4364 2927 4436 sapientia,
2942 4379 3048 4420 nec
3070 4364 3307 4437 sapiens
3326 4364 3456 4420 erit.
3479 4363 3596 4420 Nec
3616 4369 3809 4436 potest

2164 4451 2289 4507 ﬁeri
2316 4455 2380 4506 ut
2407 4451 2657 4524 quilibet
2682 4453 3130 4513 conuenientius
3158 4457 3263 4509 aut
3287 4452 3484 4509 verius
3516 4467 3810 4512 commen-

2158 4540 2297 4597 dare
2342 4540 2746 4612 prisvaluisset
2790 4546 3232 4598 sacrosanctum
3261 4542 3613 4614 mysterium
3644 4542 3797 4610 ﬁdei,

2150 4645 2333 4702 quam
2364 4629 2489 4701 ipse
2519 4629 2619 4702 qui
2640 4631 2883 4687 tradidit
2907 4630 3289 4703 semetipsum
3312 4641 3415 4702 pro
3446 4630 3619 4686 nobis
3649 4630 3799 4687 obla-

2148 4718 2370 4773 tionem
2386 4722 2449 4774 et
2466 4718 2720 4776 hostiam
2744 4720 2858 4776 Deo
2880 4720 2939 4775 in
2964 4718 3206 4775 odorem
3234 4717 3565 4783 suavitatis,
3596 4720 3795 4791 Agnus

2149 4806 2565 4863 immaculatus
2618 4808 2718 4880 qui
2755 4808 2910 4864 tollit
2943 4811 3179 4880 peccata
3214 4801 3450 4862 mundi.
3501 4804 3610 4863 Cui
3641 4821 3793 4863 eom-

2148 4899 2371 4964 parata,
2390 4894 2750 4966 imperfecta,
2772 4895 3269 4967 cujusinscientia
3290 4908 3527 4953 summa
3540 4892 3795 4968 estigne-

2147 4983 2360 5038 rantia.
2386 4985 2747 5056 Quapropter
2757 4984 3139 5041 eventilemus
3159 4983 3386 5055 reliqua
3405 4984 3564 5041 dicta
3578 4989 3786 5040 vestra.

2212 5114 2419 5170 XXXV.
2451 5120 3184 5175 Cossrsnrmopom'rmus.
3209 5116 3362 5172 Dixit
3383 5119 3580 5173 autem
3613 5114 3784 5177 David

2140 5203 2211 5258 de
2225 5203 2380 5275 ipso:
2408 5205 2523 5259 «Tu
2547 5221 2607 5260 es
2626 5206 2973 5265 sacerdosin
2991 5210 3271 5275 aeternum
3288 5204 3617 5263 secundum
3644 5203 3785 5261 ordi-

2139 5308 2272 5347 nem
2302 5291 2724 5349 Melchisedech
2760 5292 2928 5363 (Psal.
2963 5312 3074 5364 cut,
3110 5296 3186 5367 ιε).
3223 5318 3252 5345 ››
3284 5294 3414 5361 Qui,
3447 5297 3587 5355 ante
3606 5294 3777 5349 Abra-

380 5370 686 5455 municant
712 5374 1017 5447 populum.
1039 5376 1235 5448 Itaque
1256 5384 1312 5436 et
1332 5379 1389 5433 in
1414 5380 1645 5452 magnis
1674 5385 1731 5436 et
1750 5382 1808 5436 in
1830 5384 2025 5455 parvis
2134 5380 2271 5436 ham
2323 5384 2378 5436 et
2407 5381 2666 5454 Moysen,
2700 5383 2846 5453 coeli,
2876 5388 3042 5441 terrae
3083 5389 3142 5442 et
3170 5387 3508 5440 caeterarum
3559 5385 3775 5445 creetu-

377 5454 651 5544 Ecclesiis
680 5460 839 5518 hune
869 5480 1092 5521 morem
1124 5467 1400 5522 traditum
1432 5466 1545 5524 sibi
1578 5484 1611 5522 a
1640 5454 1859 5527 sanctis
1884 5489 2023 5544 apo-

377 5543 545 5606 stolis
592 5546 813 5613 habent
855 5570 1059 5616 omnes
1101 5553 1416 5617 Christiani
1473 5555 1660 5628 ipsius
1690 5543 2018 5631 provinciae.

2134 5486 2337 5525 rarum
2369 5486 2695 5542 agnoscens
2726 5473 2929 5542 Deum,
2964 5488 3287 5548 exsurgens
3316 5470 3528 5531 obtulit
3555 5469 3640 5528 illi
3685 5487 3775 5543 pa-

2133 5574 2267 5617 nem
2296 5561 2354 5616 et
2381 5558 2603 5623 vinum.
2628 5560 2762 5623 Ideo
2780 5562 2919 5625 dicit
2941 5562 3173 5625 divinas
3192 5560 3505 5641 Apostolus
3535 5579 3604 5620 :u
3628 5562 3771 5633 Quo-
