4086 6168
234 356 347 422 957

1217 339 1636 420 ADVERSUS
1683 347 2140 416 GRECORUM
2184 349 2660 416 CALUMNIAS.

3521 356 3639 419 958

236 489 424 568 gratia
451 491 507 548 et
532 487 774 547 veritate
803 506 907 565 per
933 491 1137 548 Jesum
1179 489 1475 547 Christum
1508 489 1678 558 facta,
1711 487 1882 561 spiri-
1911 487 1967 554 Α
1997 489 2068 544 ad
2088 487 2380 560 justitiam
2424 487 2583 544 omni
2632 486 2888 544 credenti
2918 487 3092 559 (Rom.
3142 506 3198 556 x,
3249 489 3320 560 4).
3375 512 3402 540 ››
3451 491 3636 559 Unde,

236 581 427 639 tuales
455 579 785 636 vivificabat
814 599 826 635 :
856 586 916 637 ut
939 581 1040 649 illi,
1067 581 1274 638 timore
1295 579 1634 652 temporalis
1653 579 1881 645 mortis,

235 689 301 728 ac
332 671 382 727 si
416 671 626 743 frigore
675 671 980 738 contracti,
1030 671 1164 727 inde
1213 669 1514 743 pellerent,
1567 670 1721 724 unde
1762 669 1881 733 isti,

234 777 433 819 amore
450 764 675 815 aeternae
698 759 845 829 vitae,
871 760 1036 832 quasi
1070 760 1256 816 calore
1280 759 1549 833 vegetati,
1576 759 1883 824 rubebant,

237 855 293 907 et
325 866 461 906 cum
492 847 672 904 Paulo
703 846 883 904 libere
916 849 1312 920 proclamant:
1350 869 1377 898 «
1406 847 1712 904 Plenitudo
1741 845 1887 920 legis

234 944 324 996 est
354 937 589 994 dilectio
624 938 793 1009 (Rom.
826 955 952 1007 xm,
989 938 1096 1004 lO).
1137 961 1156 988 ι»
1195 940 1256 992 In
1289 938 1459 1008 cujus
1488 938 1718 992 duobus
1749 955 1888 1009 prae-

233 1027 418 1100 ceptis
449 1026 758 1082 charitatis
789 1031 972 1082 totam
1013 1027 1265 1098 pendere
1296 1027 1526 1082 Veritas
1569 1027 1885 1098 perhibuit.

233 1117 399 1182 Quod
430 1115 476 1172 si
510 1120 661 1170 Deus
694 1115 950 1171 Charitas
981 1120 1088 1182 est,
1122 1120 1234 1171 Deo
1266 1114 1467 1188 procul
1490 1115 1667 1170 dubio
1690 1116 1890 1170 adver-

236 1209 404 1263 satur
424 1203 700 1278 quisquis
724 1203 946 1275 aliquid
986 1203 1096 1277 legi
1131 1205 1312 1278 Moysi
1345 1205 1690 1261 subtrahere
1720 1221 1891 1260 cona-

236 1300 354 1363 tur,
388 1311 567 1367 quam
600 1293 728 1365 ipse
758 1297 938 1349 totam
965 1295 1022 1348 in
1047 1294 1328 1350 charitate
1350 1295 1599 1367 pendere
1623 1297 1890 1349 testatur.

237 1384 375 1449 Quae
403 1381 709 1439 charitatis
731 1382 983 1454 gemina,
1018 1383 1353 1439 carnalibus
1380 1387 1436 1438 et
1465 1383 1711 1439 terrenis
1733 1399 1897 1439 caere-

237 1472 456 1529 moniis
486 1475 773 1541 contecta,
803 1471 961 1527 velut
991 1473 1231 1543 quidam
1253 1472 1516 1528 bisuleus
1537 1472 1749 1527 hamus
1773 1489 1895 1528 ver-

240 1560 480 1618 miculis
513 1577 613 1617 seu
645 1559 907 1617 volatieis
939 1561 1158 1633 plumis
1179 1562 1456 1629 insertus,
1489 1565 1544 1618 et
1574 1561 1630 1616 in
1656 1562 1897 1635 pelagus

243 1650 521 1706 humana:
559 1649 962 1721 captivationis
1000 1651 1229 1707 caelitus
1269 1651 1584 1717 demissus,
1635 1668 1812 1724 vagos
1844 1649 1899 1706 et

243 1755 464 1796 vacuos
494 1738 813 1796 caelestium
860 1739 1149 1808 homines,
1202 1741 1493 1796 inescatos
1539 1740 1895 1810 visibilibus,

1993 578 2271 650 quoniam
2314 577 2478 634 aliter
2507 577 3135 650 dieiturﬁnivipanem,
3174 600 3200 626 »
3233 577 3400 634 aliter
3432 604 3457 628 ‹‹
3483 581 3642 648 ﬁnivi

1996 670 2180 734 telam,
2221 690 2248 716 »
2295 667 2653 739 accipiamus
2692 684 2928 723 necesse
2978 672 3065 723 est
3119 667 3415 724 Christum
3467 668 3639 724 ﬁnem

1993 757 2160 830 legis,
2180 761 2836 822 consummantem,non
2857 774 3035 812 consu
3047 761 3296 812 mentem
3315 775 3326 812 :
3349 757 3645 829 perﬁcien-

1996 851 2134 914 tem,
2164 864 2278 902 non
2303 845 2727 901 annihilantem
2750 863 2762 900 :
2788 846 3196 918 complentem,
3222 863 3334 901 non
3360 863 3644 901 evacuan-

1997 939 2137 992 tem.
2164 936 2325 1000 Quod
2351 935 2482 990 finis
2506 935 2576 990 ab
2595 935 2758 991 initio
2782 934 2976 990 seaculi
3002 936 3349 1007 promissus,
3373 939 3429 990 et
3451 936 3507 990 in
3535 937 3647 991 fine

1999 1025 2312 1091 exhibitus,
2337 1026 2478 1081 dum
2506 1025 2783 1097 penderet
2807 1025 2862 1079 in
2886 1041 3054 1080 cruce
3098 1043 3198 1096 pro
3232 1025 3398 1079 nobis
3423 1025 3642 1079 sacrifi-

2001 1116 2155 1170 cium
2172 1115 2563 1186 vespertinum
2580 1119 2636 1169 et
2650 1115 2923 1170 ultimum
2941 1115 3144 1182 tactus,
3171 1114 3359 1170 sciens
3374 1113 3645 1186 quiajam

2003 1204 2200 1260 omnia
2211 1207 2615 1259 consummata
2631 1221 2694 1258 su
2705 1207 3048 1270 nt,utconsu
3060 1206 3379 1258 mmaretur
3393 1201 3647 1272 Scriptu-

2003 1311 2086 1362 ra,
2113 1293 2287 1349 dicit:
2323 1317 2350 1342 «
2373 1293 2513 1349 Sitio
2536 1294 2710 1365 (Joan.
2737 1295 2987 1363 x1x,28).
3018 1317 3042 1341 ››
3081 1294 3184 1358 Qui
3229 1310 3358 1347 cum
3393 1291 3646 1362 accepis-

2004 1389 2092 1439 set
2117 1388 2368 1450 acetum,
2401 1383 2543 1438 dixit
2568 1401 2579 1438 ε
2608 1406 2635 1433 ‹‹
2660 1387 3143 1438 Consummatum
3176 1385 3262 1437 est
3288 1382 3450 1452 (Ibid.
3475 1380 3585 1451 30).
3622 1402 3648 1428 ››

2003 1474 2072 1528 Et
2097 1471 2371 1527 inclinato
2394 1473 2582 1544 capite
2606 1471 2844 1527 tradidit
2886 1472 3181 1544 spiritum.
3225 1471 3331 1526 Ubi
3372 1473 3523 1525 certe
3545 1485 3651 1524 nec

2003 1561 2368 1634 Evangelista
2399 1562 2574 1616 dicit:
2611 1566 2668 1616 ut
2698 1566 3110 1617 consumeretur
3152 1562 3251 1617 sed
3302 1564 3360 1615 ut
3409 1575 3654 1615 consum-

2004 1655 2253 1706 maretur
2273 1651 2589 1722 Scriptura.
2625 1651 2739 1706 Nec
2771 1651 2896 1722 ipse
2927 1651 3246 1707 Dominus:
3275 1659 3656 1723 consumptum

2005 1745 2103 1809 est,
2135 1741 2234 1796 sed
2265 1748 2698 1796 consummatum
2737 1749 2833 1795 est.
2885 1741 2969 1795 Ad
3023 1757 3198 1812 quam
3233 1741 3536 1797 morientis
3564 1759 3657 1797 vo-

242 1827 524 1884 invisibili
567 1845 852 1884 mucrone
893 1830 1142 1900 trajecit,
1177 1835 1232 1886 et
1279 1831 1550 1901 trajectos
1601 1831 1672 1885 ad
1702 1830 1896 1885 sinum
1931 1867 1976 1931 B
2007 1845 2133 1885 cem
2163 1828 2354 1883 velum
2387 1828 2590 1900 templi
2622 1828 2874 1883 scissum
2901 1833 2988 1883 est
3018 1846 3205 1900 usque
3240 1831 3536 1896 deorsum,
3571 1833 3654 1897 ut,

241 1918 517 1992 angelicae
547 1916 835 1973 libertatis
859 1919 1132 1974 retraxit:
1177 1919 1433 1974 dicentes
1473 1920 1587 1975 Deo
1619 1920 1677 1974 in
1701 1920 1897 1975 Canti-

239 2023 448 2064 corum
480 2006 764 2062 canticis:
805 2027 826 2054 κ
857 2007 1045 2063 Trahe
1086 2024 1176 2063 me
1224 2012 1354 2080 post
1384 2012 1439 2063 te
1471 2008 1648 2079 (Cant.
1687 2027 1724 2075 ι,
1755 2009 1829 2079 3).
1870 2031 1896 2057 ››

238 2098 348 2153 Et:
401 2096 721 2152 Vulnerata
768 2095 1046 2152 charitate
1098 2114 1203 2169 ego
1267 2114 1398 2151 sum
1466 2097 1642 2168 (Cant.
1697 2115 1772 2165 ιν,
1820 2097 1895 2168 9)·

240 2185 364 2254 Sic,
389 2186 532 2240 dum
554 2185 728 2240 homo
752 2185 1008 2241 adhaeret
1049 2190 1180 2253 Deo,
1226 2190 1282 2241 et
1316 2186 1541 2241 homini
1574 2187 1898 2258 proximus,

239 2273 667 2330 decentissima
694 2273 867 2339 linea,
902 2278 956 2329 et
978 2279 1257 2347 tanquam
1290 2291 1466 2330 aurea
1488 2276 1901 2331 mandatorum

238 2364 585 2420 divinorum
598 2364 1048 2436 catena,pariter
1059 2365 1129 2419 ad
1149 2363 1487 2436 paradisum
1502 2364 1898 2419 retrahuntur.

323 2500 457 2555 XLI.
481 2499 700 2555 Deinde
723 2502 941 2570 quanta
963 2498 1245 2554 instantia
1266 2497 1626 2569 Euphration
1655 2496 1903 2552 Rhodio-

239 2603 386 2643 rum
425 2586 738 2660 episcopus
784 2585 973 2658 legem
1022 2592 1274 2643 veterem
1323 2591 1522 2641 contra
1568 2586 1908 2641 Severianos

238 2675 556 2732 haereticos
600 2674 942 2742 defenderit,
980 2691 1046 2731 ex
1084 2675 1365 2746 subjectis
1404 2675 1596 2731 verbis
1625 2675 1813 2746 ipsius
1844 2673 1911 2728 li-

239 2771 420 2838 quet,
452 2763 554 2820 ubi
579 2764 730 2820 inter
761 2763 1045 2820 nonnulla
1076 2763 1190 2820 alia
1231 2764 1410 2819 dixit:
1447 2787 1474 2813 «
1510 2765 1911 2820 Fundamenta

238 2855 468 2910 domus
497 2853 788 2926 praeclarae
815 2852 969 2909 circa
999 2853 1271 2925 squalida
1300 2853 1426 2908 loca
1455 2857 1594 2908 sunt
1613 2853 1820 2924 posita,
1848 2855 1913 2907 ut

240 2961 321 3000 ea
343 2959 473 3015 quae
495 2945 634 2998 sunt
653 2943 927 3014 superius
953 2941 1146 2998 nullas
1177 2941 1564 2998 contumelias
1585 2945 1910 2998 stercorum

240 3032 572 3106 patiantur.
607 3031 921 3103 Superiora
950 3047 1086 3104 ergo
1117 3032 1328 3086 domus
1349 3030 1726 3102 laquearibus
1748 3046 1914 3085 aura-

242 3122 353 3188 tis,
372 3120 818 3192 parietibusque
834 3121 1028 3191 pictis,
1049 3125 1104 3176 et
1119 3120 1276 3176 vario
1296 3136 1658 3175 marmorum
1678 3118 1911 3174 metallo

246 3214 400 3266 sunt
427 3209 616 3277 edita;
650 3208 925 3264 inferiora
951 3225 1106 3278 vero,
1148 3209 1380 3264 humori
1425 3212 1648 3264 terreno
1695 3207 1904 3274 vicina,
1940 3235 1982 3301 ρ

247 3299 502 3370 degesta
521 3296 696 3352 etiam
711 3297 1080 3368 superiorum
1095 3297 1369 3352 universa
1388 3296 1738 3367 suscipiunt.
1760 3297 1906 3359 Quid

250 3402 406 3457 ergo
437 3402 588 3441 nunc
612 3385 940 3442 faciemus?
969 3386 1028 3441 Si
1059 3385 1383 3441 auferimus
1413 3384 1704 3453 inferiora,
1738 3402 1917 3457 supe—

261 3475 430 3530 riora
472 3479 783 3530 corruunt:
833 3479 1050 3543 tamen,
1083 3475 1133 3530 si
1181 3474 1534 3530 destruenda
1560 3479 1727 3550 erant
1768 3473 1916 3530 infe-

249 3565 438 3628 riora,
471 3579 586 3618 non
610 3562 720 3618 hoc
743 3562 893 3619 alius
917 3567 1163 3635 poterat,
1188 3563 1302 3618 nisi
1338 3563 1440 3618 Dei
1478 3562 1662 3618 Filius
1702 3563 1910 3619 facere.

247 3639 580 3708 Videamus
601 3667 737 3724 ergo
756 3655 958 3706 utrum
980 3651 1107 3723 ipse
1127 3651 1478 3706 destruxerit
1499 3650 1607 3706 hoc
1623 3652 1776 3722 quod
1807 3669 1914 3707 nos

246 3741 518 3798 dicimus
548 3757 906 3813 permanere.
946 3762 974 3790 «
1005 3741 1252 3805 Putatis,
1283 3739 1495 3811 inquit,
1523 3740 1662 3811 quia
1690 3740 1820 3796 veni
1841 3741 1915 3796 1e-

242 3847 387 3906 gem
423 3829 648 3886 solvere
677 3834 778 3885 aut
819 3829 1180 3901 prophetas?
1227 3828 1352 3884 Non
1397 3828 1525 3882 veni
1574 3827 1761 3900 legem
1793 3829 1912 3884 sol-

239 3937 404 3986 vere,
442 3919 543 3975 sed
576 3917 897 3990 adimplere
928 3918 1136 3987 (Matth.
1187 3934 1242 3987 v,
1295 3918 1404 3984 17).
1441 3940 1468 3966 »
1521 3917 1587 3971 Et
1628 3933 1729 3972 vos
1777 3933 1912 3988 ergo

241 4009 490 4073 saltem,
525 4007 618 4063 his
650 4012 708 4063 et
737 4006 870 4063 aliis
897 4005 1118 4078 proprii
1165 4005 1438 4066 doctoris,
1468 4005 1643 4060 vestri
1673 4005 1913 4062 vocibus

241 4095 533 4161 revocati,
567 4096 638 4151 ab
671 4094 903 4166 injuriis
932 4093 1342 4150 sacratissima:
1387 4091 1533 4165 legis
1563 4098 1806 4160 cessate,
1842 4110 1912 4149 ne

241 4189 317 4242 ab
357 4185 568 4241 eodem
597 4187 656 4239 et
683 4184 756 4240 ab
785 4183 1061 4239 omnibus
1091 4181 1403 4238 Catholicis
1432 4181 1746 4238 anathema
1776 4198 1909 4238 eum

239 4272 584 4332 Severianis
615 4271 767 4329 sitis.

314 4407 492 4464 XLII.
524 4407 635 4462 Sed
667 4422 738 4460 ne
766 4405 911 4461 forte
942 4404 1135 4460 adhuc
1162 4403 1326 4460 vobis
1357 4403 1605 4458 nimium
1629 4403 1906 4475 placeatis

239 4513 314 4553 ex
339 4494 782 4568 opinationibus
803 4493 1032 4563 vestris,
1055 4509 1190 4548 cum
1207 4492 1351 4547 nihil
1370 4491 1634 4558 teneatis,
1659 4491 1904 4564 diligen-

2001 1916 2543 1990 juxtaApostolum,
2560 1916 2972 1971 accedentibus
2990 1918 3058 1971 ad
3077 1917 3373 1972 Christum
3395 1917 3654 1972 velamen

2009 2023 2197 2078 usque
2226 2010 2365 2060 tunc
2394 2005 2651 2077 positum
2685 2006 2742 2059 in
2767 2005 3011 2060 lectione
3043 2006 3264 2061 Veteris
3297 2006 3657 2062 Testamenti

2011 2095 2439 2168 significaretur
2469 2093 2750 2149 ablatum.
2776 2094 2908 2158 Quae
2941 2094 3369 2151 consummatio
3410 2113 3522 2151 non
3560 2114 3661 2168 per

2009 2185 2306 2240 leviticum
2339 2183 2730 2239 sacerdotium
2777 2184 2906 2250 fuit,
2951 2184 3108 2256 quia,
3159 2188 3468 2241 attestante
3516 2188 3661 2258 Apo-

2015 2270 2162 2328 stolo
2191 2288 2202 2324 :
2242 2270 2395 2325 Nihil
2417 2271 2487 2325 ad
2512 2272 2830 2343 perfectum
2857 2272 3040 2326 duxit.
3068 2273 3144 2327 Ex
3165 2273 3380 2344 quibus
3402 2273 3659 2346 Apostoli

2011 2361 2205 2416 verbis
2227 2377 2296 2415 ne
2317 2361 2459 2415 forte
2483 2360 2794 2415 resumatis
2816 2378 3020 2415 ansam
3043 2360 3460 2431 calumniandi,
3481 2367 3664 2418 atten-

2016 2450 2133 2505 dite
2155 2449 2293 2520 quia
2315 2466 2429 2503 non
2458 2449 2624 2517 dixit,
2650 2450 2732 2503 nil
2757 2450 3029 2520 boni/cett
3049 2451 3156 2515 lex,
3182 2451 3282 2506 sed
3315 2452 3397 2506 nil
3415 2454 3660 2523 perfecit.

2017 2537 2230 2594 Habuit
2261 2537 2436 2605 enim,
2471 2541 2535 2592 ut
2566 2538 2719 2593 idem
2751 2538 3059 2610 Apostolus
3087 2539 3186 2606 ait,
3219 2539 3665 2610 iustificationes

2017 2627 2278 2694 culturae,
2313 2631 2367 2682 et
2391 2629 2659 2682 sanctum
2689 2627 2983 2694 saeculare,
3007 2632 3064 2682 et
3084 2629 3525 2684 tabernaculum
3550 2648 3667 2686 ma-

2020 2717 2346 2784 nufaetum,
2378 2721 2436 2771 et
2466 2716 2770 2788 pontifices
2820 2717 3194 2787 praesentium
3225 2717 3534 2784 bonorum,
3566 2719 3666 2790 qui

2020 2822 2122 2878 per
2153 2805 2409 2860 alienum
2443 2805 2791 2877 sanguinem
2824 2804 2998 2859 semel
3022 2805 3079 2860 in
3104 2822 3254 2861 anno
3305 2805 3666 2863 introeuntes

2021 2898 2221 2949 sancta
2272 2898 2639 2956 sanctorum,
2706 2893 3151 2948 sanctiﬁcabant
3207 2895 3543 2966 inquinatos
3595 2896 3666 2952 ad

2022 2983 2498 3038 emundationem
2532 2983 2741 3038 carnis.
2777 2982 3066 3053 A,quibus
3100 3000 3345 3040 munera
3374 2989 3431 3040 et
3461 2985 3667 3041 hostiae

2021 3072 2431 3138 offerebantur,
2466 3089 2593 3142 quas
2629 3089 2741 3126 non
2773 3076 3020 3142 possunt
3048 3073 3218 3143 juxta
3249 3074 3668 3130 conscientiam

2021 3159 2340 3232 perfectum
2374 3159 2559 3215 facere
2582 3160 2948 3222 servientem,
2972 3160 3338 3216 solummodo
3360 3161 3418 3216 in
3449 3161 3593 3217 cibis
3613 3167 3670 3218 et

2021 3249 2256 3320 potibus
2286 3252 2341 3303 et
2366 3249 2542 3304 variis
2581 3248 3033 3320 baptismatibus
3077 3253 3134 3305 et
3167 3249 3418 3320 justitiis
3449 3251 3667 3317 carnis,

2028 3355 2213 3408 usque
2245 3339 2312 3392 ad
2347 3341 2579 3408 tempus
2619 3337 2992 3393 correctionis
3041 3337 3350 3410 impositis.
3405 3339 3672 3394 Christus

2027 3431 2221 3481 autem
2254 3427 2536 3481 assistens
2568 3426 2824 3498 pontifex
2855 3426 3182 3483 futurorum
3229 3429 3538 3499 bonorum,
3573 3446 3676 3502 per

2025 3515 2281 3587 amplius
2294 3519 2350 3570 et
2366 3514 2672 3586 perfectius
2688 3516 3124 3572 tabernaculum
3141 3534 3254 3572 non
3271 3518 3672 3573 manufactum

2026 3603 2082 3658 id
2118 3608 2207 3659 est
2237 3621 2351 3659 non
2382 3603 2561 3674 hujus
2592 3603 2926 3672 creationis,
2961 3624 3151 3679 neque
3194 3623 3297 3678 per
3327 3607 3673 3680 sanguinem

2025 3692 2323 3748 hircorum
2354 3698 2410 3748 et
2439 3693 2776 3759 vitulorum,
2808 3695 2909 3750 sed
2955 3712 3058 3767 per
3105 3696 3403 3766 preprium
3435 3697 3672 3768 sangui-

2027 3799 2162 3838 nem
2194 3782 2453 3838 introivit
2474 3782 2649 3838 semel
2683 3783 2741 3836 in
2776 3787 2996 3849 sancta,
3030 3786 3245 3837 aeterna
3273 3783 3674 3854 redemptione

2025 3871 2282 3939 inventa,
2301 3871 2533 3942 quando
2555 3887 2657 3941 per
2680 3869 2961 3940 Spiritum
2986 3875 3256 3924 sanctum
3289 3870 3672 3942 semetipsum

2024 3959 2236 4015 obtulit
2249 3957 2689 4024 immaculatum
2706 3957 2840 4019 Deo,
2863 3961 2918 4011 et
2935 3957 3238 4012 munrlavit
3255 3957 3671 4014 conscientiam

2022 4052 2280 4103 nostram
2313 4047 2383 4101 ab
2416 4045 2688 4117 operibus
2716 4046 2983 4113 mortuis,
3034 4047 3105 4102 ad
3153 4047 3527 4103 serviendum
3564 4049 3673 4103 Deo

2019 4135 2249 4191 viventi.
2272 4134 2552 4207 Equidem
2575 4135 2900 4190 secundum
2924 4135 3108 4206 legem
3151 4136 3348 4209 plures
3381 4137 3514 4193 facti
3537 4143 3678 4194 sunt

2020 4225 2370 4292 sacerdotes,
2398 4223 2608 4279 idcirco
2646 4224 2800 4296 quod
2837 4228 3024 4280 morte
3071 4225 3525 4298 prohiberentur
3555 4244 3678 4300 per-

2019 4329 2274 4369 manere.
2312 4311 2411 4368 Hic
2445 4316 2662 4380 autem,
2687 4330 2751 4368 eo
2785 4314 2940 4384 quod
2985 4319 3219 4370 maneat
3261 4315 3319 4369 in
3370 4321 3673 4380 aeternum,

2017 4403 2443 4475 sempiternum
2475 4401 2649 4457 habet
2671 4403 3064 4458 sacerdotium
3095 4419 3106 4456 :
3133 4403 3229 4474 qui
3252 4402 3414 4458 solus
3439 4403 3671 4474 proprio

2018 4492 2300 4566 sanguine
2348 4491 2527 4547 semel
2568 4495 2847 4547 aeternam
2899 4491 3367 4563 redemptionem
3417 4491 3674 4564 perfecit.

239 4586 373 4642 tius
393 4583 850 4657 recapitulemus
871 4583 1092 4638 dictum
1116 4581 1396 4654 Apostoli,
1414 4597 1586 4654 quem
1606 4597 1785 4653 supra
1797 4580 1908 4636 vio-
1934 4601 1982 4665 D
2013 4599 2191 4656 quam
2216 4581 2298 4636 illi
2314 4580 2530 4636 alienes
2544 4580 2828 4652 sanguine
2845 4570 3680 4647 incessanterimitantereﬁm-

237 4674 442 4731 lentor
482 4673 552 4728 ad
601 4677 862 4728 vestrum
910 4671 1258 4744 suffragium
1289 4670 1580 4726 attrahere
1610 4671 1902 4728 tentastis.

237 4764 400 4828 Quia
424 4761 544 4818 ait:
574 4761 680 4818 «Si
705 4761 1135 4817 consummatio
1167 4777 1269 4833 per
1289 4759 1680 4816 sacerdotium
1722 4759 1907 4815 leviti-

238 4868 390 4909 cum
422 4855 586 4919 erat;
621 4850 871 4924 pepulus
903 4851 1060 4905 enim
1094 4850 1204 4905 sub
1254 4849 1380 4922 ipso
1428 4849 1616 4921 legem
1649 4849 1908 4920 accepit;

242 4941 399 5014 quid
432 4939 624 4996 adhuc
669 4939 1067 4996 necessarium
1118 4939 1230 4995 fuit
1277 4939 1602 4994 secundum
1649 4938 1912 4994 ordinem

238 5029 682 5088 Melchisedech
711 5030 893 5085 alium
917 5045 1158 5100 surgere
1181 5027 1561 5095 sacerdotem,
1587 5031 1643 5083 et
1679 5045 1795 5084 non
1828 5045 1918 5083 se-

241 5121 519 5176 cundum
542 5123 733 5174 Aaron
752 5117 864 5173 dici
886 5117 914 5172 ‘I
935 5117 1247 5173 Translato
1271 5117 1424 5172 enim
1446 5116 1791 5184 sacerdotio,
1817 5134 1919 5172 ne-

242 5225 420 5266 cesse
451 5212 541 5264 est
569 5212 631 5263 ut
661 5207 806 5280 legis
838 5223 1074 5279 quoque
1104 5205 1409 5262 translatio
1441 5205 1542 5260 ﬁat
1592 5205 1771 5276 (Hebr.
1807 5223 1906 5274 v11,

243 5299 346 5367 41,
380 5299 490 5369 12).
526 5320 552 5347 ››
580 5299 640 5352 In
665 5297 881 5368 quibus
903 5297 1116 5364 verbis,
1153 5295 1304 5351 sicut
1341 5294 1612 5367 superius
1655 5295 1912 5351 ostendi-

245 5391 376 5455 tur,
404 5385 486 5442 nil
517 5384 1014 5458 aliudintelligitis
1034 5385 1625 5451 consummationem,
1649 5383 1762 5439 nisi
1785 5401 1916 5439 con-

244 5475 680 5550 sumptionem,
709 5475 768 5531 id
799 5479 909 5543 est,
941 5473 1320 5531 abolitionem
1350 5478 1405 5529 et
1437 5475 1636 5541 ﬁnem,
1675 5491 1790 5530 non
1815 5474 1915 5545 qui

245 5566 490 5640 perﬁcit
517 5566 622 5621 sed
667 5565 765 5638 qui
814 5564 1121 5623 interimit.
1178 5565 1340 5630 Quod
1389 5562 1561 5637 longe
1594 5563 1760 5621 aliter
1790 5580 1916 5621 esse

243 5656 416 5712 idem
430 5655 750 5728 Apostolus
763 5656 964 5713 edocet
978 5655 1197 5712 dicens:
1217 5677 1244 5705 «
1282 5653 1441 5712 Finis
1458 5653 1603 5728 legis
1627 5654 1918 5725 Christus,

2016 4672 2328 4745 perfectam
2364 4669 2880 4742 repraesentabant.
2919 4669 3052 4731 Quae
3087 4673 3149 4722 ut
3179 4669 3449 4736 accessit,
3483 4669 3678 4725 omnis

2017 4760 2114 4816 ille
2146 4759 2566 4815 sacrificiorum
2591 4774 2692 4812 seu
2720 4755 3177 4811 cerimonialum
3201 4755 3527 4814 carnalium
3552 4776 3679 4814 cur-

2022 4850 2276 4920 susjure
2306 4845 2653 4918 conquievit.
2688 4845 2885 4916 Neque
2916 4845 3072 4899 enim
3103 4846 3376 4919 deinceps
3407 4847 3676 4920 pluribus

2025 4936 2326 4992 sacriﬁciis
2341 4933 2913 5004 indigemus,quiain
2933 4950 3048 4988 uno
3064 4938 3339 4990 aeternam
3354 4937 3675 5010 redemptio

2026 5043 2161 5082 nem
2194 5023 2546 5090 invenimus,
2583 5039 2732 5092 quae,
2783 5038 2908 5093 per,
2935 5021 3233 5079 leviticum
3283 5027 3676 5082 sacerdotium

2029 5116 2279 5186 incepta,
2314 5129 2416 5184 per
2446 5111 2849 5184 pontiﬁcatum
2880 5111 3111 5167 Domini
3141 5113 3282 5168 Jesu
3305 5118 3531 5168 constat
3554 5130 3677 5184 per-

2025 5205 2192 5270 fecta,
2220 5202 2319 5274 qui
2348 5218 2460 5256 non
2485 5201 2808 5256 secundum
2848 5202 3059 5268 Aaron,
3100 5203 3200 5257 sed
3237 5202 3558 5256 secundum
3583 5218 3672 5256 or-

2026 5293 2221 5348 dinem
2247 5289 2668 5346 Melehisedech
2692 5289 2818 5345 ideo
2844 5292 3115 5346 sacerdos
3154 5291 3386 5355 dicitur,
3421 5290 3558 5360 quia
3581 5307 3678 5361 pa-

2028 5398 2162 5437 nem
2194 5385 2250 5436 et
2268 5381 2468 5435 vinum
2495 5379 2854 5434 offerendum
2879 5385 3052 5448 atque
3072 5377 3428 5433 sumendum
3449 5378 3508 5433 in
3529 5377 3674 5434 veri-

2026 5475 2142 5526 tate
2165 5469 2357 5526 carnis
2375 5469 2431 5523 δι
2456 5468 2764 5540 sanguinis
2787 5467 2876 5522 sui
2903 5465 3206 5522 constituit
3233 5467 3508 5524 ﬁdelibus
3526 5469 3670 5524 suis.

2027 5559 2208 5633 Cujus
2248 5557 2542 5633 generatio
2583 5557 2908 5613 inerrabilis
2951 5557 3022 5611 de
3061 5555 3244 5623 Patre,
3293 5555 3419 5612 sine
3471 5562 3672 5622 matre,

2033 5651 2102 5708 de
2125 5651 2326 5721 Matre,
2353 5649 2477 5705 sine
2504 5651 2665 5720 patre
2692 5663 2704 5703 :
2731 5663 2832 5704 nec
2857 5645 3089 5703 initium
3114 5644 3341 5704 dierum
3376 5662 3478 5704 nec
3503 5646 3678 5703 ﬁnem
