4086 6168
439 292 560 374 859

1455 290 1944 361 HUMBER'I‘US
1985 291 2053 368 5...
2094 287 2175 360 Β.
2215 283 2295 364 E.
2332 283 2837 367 ὒΑΒΒΙΝᾼΙᾶΒ.

3721 289 3850 360 960

438 429 681 501 habens,
705 425 867 486 solus
885 443 1059 488 verus
1093 427 1212 490 Rex
1241 426 1486 502 justitiae
1518 431 1575 486 et
1609 424 1921 500 pacis-Cui
1947 423 2088 496 quia
2111 421 2172 496 Α
2199 420 2346 484 Nam
2375 425 2662 500 quantum
2690 421 2766 488 ad
2777 419 3182 498 recitationem
3201 438 3310 486 seu
3327 422 3848 498 conscriptionem,

436 518 872 586 convenientius
892 517 1254 578 assimilatur
1284 516 1726 586 Melchisedech,
1760 532 1876 576 non
1891 512 2087 572 solum

437 627 507 676 ex
534 626 651 666 uno
684 608 968 668 sacriﬁcio
1001 611 1056 664 et
1087 608 1448 682 genealogis,
1488 607 1588 662 sed
1637 605 1811 662 etiam
1843 620 1912 659 ex
1941 620 2091 676 pras-

439 699 693 765 nomine,
728 715 908 770 quam
929 703 1118 754 Aaron
1145 716 1158 764 ;
1184 698 1400 754 dicitur
1419 696 1691 754 sacerdos
1714 693 1976 750 Christus
1997 708 2089 748 se-

437 788 697 845 cundum
764 787 1034 842 ordinem
1085 785 1531 850 Melchisedech,
1599 800 1715 840 non
1764 782 2089 842 secundum

437 880 649 941 Aaron.
701 877 963 947 Denique
1019 875 1444 933 Melchisedech
1495 873 1590 930 ille
1637 888 1742 928 nec
1786 888 1997 943 corpus
2035 873 2092 926 et

439 965 786 1041 sanguinem
807 980 980 1024 suum
1006 965 1063 1020 in
1088 981 1237 1037 pane
1271 969 1328 1020 et
1361 963 1494 1019 vino
1535 961 1832 1020 Divinitati
1857 958 2087 1025 obtulit,

441 1072 544 1114 nec
575 1055 701 1110 sine
731 1054 1075 1127 parentibus
1103 1058 1208 1108 aut
1255 1052 1422 1107 initio
1467 1054 1524 1106 et
1574 1051 1688 1104 ﬁne
1738 1049 1870 1114 fuit,
1902 1063 2090 1118 neque

438 1142 903 1208 substantialiter
923 1143 1041 1198 Rex
1072 1141 1311 1210 justitiae
1345 1144 1400 1194 et
1425 1139 1580 1212 pacis
1607 1157 1620 1207 ;
1664 1139 1763 1196 sed
1789 1138 1940 1208 quod
1968 1136 2090 1192 haec

439 1233 638 1294 omnia
666 1233 970 1303 scripturae
1001 1230 1073 1284 de
1105 1228 1204 1284 illo
1238 1229 1474 1284 homine
1505 1231 1607 1283 aut
1648 1229 1960 1284 tacuerunt
1991 1228 2093 1280 aut

439 1322 730 1383 dixerunt,
763 1318 821 1373 in
855 1316 1240 1372 manifestiori
1285 1315 1713 1389 signiﬁcatione
1743 1314 1926 1373 nostri
1960 1312 2092 1369 Mel-

439 1407 745 1462 chisedech
773 1424 786 1462 :
820 1407 988 1477 cujus
1018 1404 1136 1472 ille,
1169 1405 1321 1460 sicut
1350 1409 1410 1460 et
1448 1405 1663 1468 Aaron,
1713 1403 1942 1468 umbra,
1974 1418 2091 1458 non

435 1495 647 1550 veritas
680 1493 805 1552 fuit.
839 1495 922 1548 Ad
959 1509 1134 1565 quem
1165 1492 1448 1550 translato
1483 1492 1830 1560 sacerdotio,
1855 1506 2094 1548 necesse

437 1585 524 1638 est
555 1586 618 1637 ut
647 1580 794 1654 legis
826 1599 1059 1654 quoque
1093 1582 1192 1637 ﬁat
1221 1580 1550 1648 translatio,
1586 1597 1620 1636 a
1650 1580 1843 1646 littera
1872 1578 2094 1636 scilicet

438 1671 735 1728 occidente
768 1671 835 1726 ad
868 1671 1142 1742 spiritum
1181 1670 1572 1727 viviﬁcantem
1621 1687 1655 1724 a
1703 1673 1992 1728 vetustate
2021 1668 2092 1724 ad

437 1759 774 1831 novitatem,
845 1760 916 1815 ab
984 1759 1423 1831 imperfectione
1473 1760 1544 1814 ad
1599 1759 2011 1832 perfectionem
2060 1773 2094 1811 a

439 1846 718 1904 servitute
741 1847 813 1903 ad
837 1846 1168 1904 libertatem
1192 1852 1249 1902 et
1281 1846 1534 1902 ﬁliorum
1561 1847 1663 1902 Dei
1697 1846 2090 1919 adoptionem,

438 1935 715 2008 aJudzeis
746 1936 818 1994 ad
860 1940 1082 2009 gentes,
1143 1935 1361 2006 quibus
1405 1935 1719 2008 Apostolus
1767 1934 1935 1990 ait:«
1968 1934 2095 1990 Non

438 2025 746 2096 accepistis
777 2025 1050 2094 spiritum
1085 2024 1386 2080 servitutis
1418 2025 1630 2080 iterum
1660 2024 1720 2078 in
1743 2023 1968 2091 timore,
1994 2022 2096 2078 sed

440 2114 746 2186 accepistis
776 2113 1049 2185 spiritum
1082 2111 1416 2184 adoptionis
1446 2113 1723 2180 ﬁliorum,
1758 2112 1817 2166 in
1850 2129 1965 2184 quo
1987 2111 2096 2170 cla-

439 2219 695 2267 mamus,
724 2203 908 2268 Abba,
933 2207 1096 2273 pater
1121 2202 1292 2273 (Rom.
1337 2218 1456 2268 vm,
1495 2203 1605 2273 15).
1645 2224 1664 2250 ιο
1721 2201 1866 2265 Quia
1898 2201 2100 2272 utique

435 2290 527 2346 lex
547 2289 930 2347 translatione
952 2294 1041 2345 est
1061 2288 1325 2357 alterata,
1349 2301 1466 2344 non
1503 2289 1656 2345 facta
1681 2289 1796 2345 alia
1825 2306 1838 2344 :
1878 2289 2102 2344 immu-

438 2381 702 2443 tata,non
721 2382 809 2436 est
830 2381 1054 2432 mutata
1074 2394 1086 2430 :
1103 2394 1338 2433 accessu
1355 2378 1552 2449 gratiae
1562 2378 2004 2445 cumulata,non
2018 2381 2107 2433 est

441 2481 673 2522 recessu
689 2481 795 2520 suo
809 2465 1930 2539 cxinanita.SicutDominussuisinquit
1948 2465 2106 2522 :«Ni-

441 2554 492 2610 si
507 2554 898 2610 abundaverit
901 2553 1140 2626 justitia
1152 2558 1342 2610 vestra
1359 2553 1492 2626 plus
1505 2571 1579 2627 qu
1589 2571 1682 2609 am
1699 2555 2032 2614 Scribarum
2049 2559 2106 2610 et

437 2641 890 2709 Pharisaeorum,
925 2660 1040 2698 non
1087 2642 1385 2698 intrahitis
1435 2643 1496 2700 in
1549 2659 1796 2715 regnum
1828 2643 2105 2699 oculorum

439 2731 670 2807 (Matth.
705 2748 757 2796 v,
787 2732 898 2802 20).
931 2749 955 2780 ιι
989 2731 1264 2802 Nunquid
1295 2731 1476 2787 dixit:
1505 2731 1635 2786 Nisi
1661 2731 2104 2806 reprobaveritis

441 2825 543 2877 aut
572 2819 810 2876 omnino
833 2818 1186 2891 reliqueritis
1200 2818 1505 2890 justitiam
1529 2820 1863 2875 Scribarum
1886 2824 1944 2876 et
1962 2819 2135 2890 Pha-_

441 2910 768 2972 riseorum,
799 2924 911 2962 non
945 2907 1239 2965 intrahitis
1277 2908 1336 2963 in
1368 2925 1621 2981 regnum
1646 2907 1966 2966 caelorum?
1993 2910 2103 2966 Sed

441 2997 718 3069 quoniam
731 2995 1026 3067 justitiam
1045 2996 1281 3052 illorum
1299 3002 1423 3053 erat
1442 3003 1674 3053 tantum
1697 3015 1731 3053 a
1750 2997 1905 3054 malo
1926 3014 2101 3070 opere

2197 509 2393 584 ipsum
2416 508 2792 584 Evangelium
2815 509 2873 568 in
2893 509 3211 570 novissimo
3234 511 3335 584 die
3353 512 3596 582 omnino
3616 516 3849 585 praster-

2198 599 2343 665 ibit;
2377 599 2477 656 ubi
2509 598 2783 674 deinceps
2813 601 3250 680 nec'Scriptura
3291 601 3492 675 aliqua
3519 602 3850 662 necessaria

2201 688 2330 746 erit.

2270 777 2464 834 XLIII.
2492 778 2776 836 Caeterum
2816 779 2865 835 si
2914 780 2985 836 ad
3035 795 3157 836 rem
3193 780 3525 853 pertineret,
3557 784 3851 842 monstra-

2199 883 2397 926 remus
2418 884 2532 924 non
2557 867 2717 923 mille
2739 869 3199 942 quadringentos
3219 886 3409 928 annos
3423 873 3686 939 tantum,
3700 869 3852 930 sicut

2198 953 2510 1026 scripistis,
2539 954 2643 1012 sed
2673 953 2835 1012 mille
2865 955 3219 1028 quingentos
3260 961 3328 1012 tet
3369 955 3630 1030 amplius
3663 973 3850 1016 annos

2199 1042 2271 1102 ab
2315 1041 2683 1100 institutione
2730 1059 3068 1116 azymorum
3117 1060 3223 1117 per
3275 1045 3513 1117 Moysen
3563 1047 3849 1119 usquead

2199 1130 2534 1206 passionem
2580 1129 2797 1188 Christi
2846 1132 3196 1190 decurrisse.
3238 1133 3374 1200 Sed,
3435 1149 3574 1193 cum
3640 1139 3850 1194 nostra

2201 1219 2542 1282 intentionis
2569 1218 2650 1275 sit
2678 1220 2921 1281 Romani
2963 1219 3141 1278 ritum
3189 1221 3462 1282 sacriﬁcii
3501 1222 3849 1295 approbare,

2200 1307 2661 1382 chronographis
2746 1307 3138 1386 relinquimus
3202 1310 3541 1382 opinionem
3598 1315 3847 1372 vestram

2197 1395 2441 1474 praefato
2490 1412 2779 1454 annorum
2845 1413 3089 1464 numero
3154 1399 3487 1472 reprobare.
3551 1398 3762 1472 Itaque
3805 1399 3851 1460 si

2201 1501 2425 1556 azyma,
2481 1485 2982 1555 quemadmodum
3043 1491 3306 1544 astruere
3362 1482 3685 1556 conamini.
3753 1503 3853 1560 Per

2200 1573 2496 1629 Christum
2537 1577 2594 1634 et
2631 1573 2759 1646 ejus
2807 1572 3184 1647 Evangelium
3234 1575 3475 1634 fuerunt
3520 1574 3850 1642 maledicta,

2202 1662 2510 1736 reprobate
2538 1665 2597 1717 et
2624 1661 2920 1729 derelicta,
2952 1667 3009 1720 et
3037 1662 3167 1722 ideo
3193 1663 3475 1743 deinceps
3497 1681 3614 1723 non
3637 1665 3852 1726 deben-

2201 1755 2299 1806 tur
2322 1749 2519 1806 offerri
2551 1750 2610 1808 in
2658 1750 2944 1811 sacriﬁcio
2992 1751 3246 1821 Domini,
3287 1753 3428 1826 quis.
3465 1769 3568 1830 per
3613 1753 3852 1830 Moysen

2203 1839 2520 1896 constituta
2543 1841 2681 1896 sunt
2697 1838 2728 1895 J
2737 1839 2916 1895 udaeis
2942 1857 2955 1909 ;
2975 1839 3602 1903 sciatisfermentatum
3619 1856 3852 1914 quoque

2205 1927 2588 1988 constitutum
2616 1945 2719 2000 per
2754 1934 2982 2001 Moysen
3003 1928 3246 1987 Judaais.
3299 1930 3458 1988 Sicut
3479 1930 3539 1992 in
3587 1929 3846 2000 Levitico

2203 2018 2384 2078 dicit:
2439 2038 2468 2080 ς(
2521 2017 2646 2076 Haec
2691 2021 2781 2073 est
2832 2015 2926 2074 lex
2971 2017 3173 2074 hostiae
3219 2018 3634 2090 paciﬁcatum:
3663 2017 3857 2074 Mert

2206 2121 2390 2180 panes
2437 2105 2812 2162 fermentatos
2880 2122 3016 2168 cum
3072 2105 3270 2168 hostia
3333 2106 3676 2184 gratiarum,
3726 2121 3855 2184 qua

2209 2195 2448 2250 offertur
2469 2211 2574 2267 pro
2596 2194 3124 2266 paciﬁcis(Lev.vu,
3149 2195 3237 2264 41,
3262 2197 3371 2268 13).
3392 2218 3422 2248 n
3446 2197 3606 2256 Idem
3625 2195 3858 2265 Moyses

2210 2283 2270 2337 in
2292 2283 2532 2338 eodem:
2560 2281 2671 2338 «In
2695 2287 3030 2357 pentecoste
3063 2284 3316 2346 oﬁ‘eretis
3335 2285 3388 2342 ei
3427 2301 3615 2360 panes
3648 2282 3856 2357 primi-

2211 2371 2427 2428 tiarum
2459 2372 2530 2428 de
2557 2372 2788 2427 duabus
2818 2371 3061 2429 decimis
3081 2372 3286 2429 similae
3306 2374 3859 2446 fermentata,quos

2213 2460 2474 2533 coquetis
2494 2460 2554 2515 in
2577 2460 2870 2532 primitias
2891 2461 3168 2518 Domino:
3191 2462 3564 2536 odoratisque
3603 2479 3743 2519 cum
3768 2479 3860 2534 pa-

2213 2549 2391 2605 nibus
2437 2554 2659 2622 septem
2706 2565 2891 2622 agnos
2939 2551 3081 2621 (Leu.
3128 2569 3289 2616 xxm,
3335 2552 3446 2624 47).
3494 2573 3522 2601 υ
3565 2551 3664 2608 Sal
3715 2569 3861 2624 quo-

2215 2654 2346 2710 que,
2378 2653 2553 2709 quem
2575 2642 2884 2710 tantopere
2923 2639 3253 2712 praedicatis
3302 2641 3359 2695 in
3413 2641 3726 2709 fermento,
3763 2656 3860 2712 per

2211 2727 2449 2799 Moysen
2470 2726 2553 2782 ita
2571 2726 2927 2783 constitutus
2951 2727 3172 2784 Judmis
3207 2729 3270 2784 in
3303 2730 3598 2785 Levitico:
3632 2749 3654 2777 ι
3675 2729 3861 2794 Quid-

2212 2815 2355 2890 quid
2383 2815 2666 2871 obtuleris
2693 2816 2988 2883 sacriﬁcii,
3017 2817 3141 2874 sale
3186 2819 3443 2886 condias,
3479 2835 3593 2874 nec
3630 2820 3860 2874 auferes

2212 2904 2299 2961 sal
2319 2904 2552 2960 foederis
2574 2904 2806 2960 Domini
2828 2905 2930 2961 Dei
2949 2905 3037 2960 tui
3052 2907 3126 2962 de
3163 2907 3449 2964 sacriﬁcio
3464 2910 3587 2962 tuo.
3611 2907 3681 2962 In
3701 2906 3860 2962 omni
3942 2945 3944 2948 μ

2209 2993 2502 3050 oblatione
2529 2995 2738 3051 offeres
2765 2993 2854 3050 sal
2880 2993 3025 3066 (Leu.
3071 3011 3133 3064 ιι,
3165 2995 3277 3068 43).
3311 3016 3342 3046 ››
3391 2995 3784 3068 Quapropter,
3813 2995 3860 3050 si

442 3083 734 3141 abstinere
759 3084 972 3140 :voluit
993 3085 1277 3144 Dominus
1308 3086 1368 3141 in
1409 3085 1520 3142 hoc
1563 3103 1806 3142 suorum
1828 3086 2098 3158 justitias
2142 3157 2149 3158 ί
2207 3099 2245 3138 a
2268 3083 2439 3139 nobis
2461 3099 2576 3138 non
2597 3083 2809 3139 debent
2826 3083 3015 3139 offerri
3040 3101 3244 3157 azyma
3259 3085 3398 3156 quia
3416 3085 3679 3141 Moesica
3697 3089 3860 3152 sunt,

445 3173 944 3246 superabundare,
968 3179 1032 3228 ut
1063 3190 1178 3232 non
1203 3175 1394 3230 solum
1427 3175 1648 3230 malum
1689 3175 1763 3231 ab
1793 3157 1963 3248 opere
1993 3177 2091 3233 sed
2121 3157 2169 3236 (ἶ
2203 3187 2312 3228 nec
2333 3189 2368 3227 a
2390 3172 2556 3228 vobis
2581 3171 2792 3228 debent
2815 3171 3014 3228 oﬁ'errl
3046 3162 3462 3230 fermentatum
3483 3179 3542 3229 et
3583 3173 3698 3242 sa],
3719 3174 3864 3246 quia

438 3261 684 3335 insuper
706 3279 738 3317 a
759 3261 1109 3334 cogitatione
1143 3270 1440 3335 stagerent
1477 3279 1757 3320 resecare.
1794 3269 1942 3320 Nam
1977 3263 2094 3319 illis

436 3367 505 3406 ex
533 3351 661 3423 lege
691 3351 911 3405 bonum
942 3354 1064 3405 erat
1113 3368 1229 3408 non
1279 3351 1562 3420 occidere,
1617 3369 1720 3408 nec
1769 3353 2087 3409 moechari:

435 3439 566 3493 istis
586 3443 783 3493 autem
822 3455 999 3510 super
1034 3438 1143 3496 hoc
1177 3456 1246 3495 ex
1278 3439 1472 3514 gratia
1500 3441 1792 3512 optimum
1821 3446 1878 3498 et
1906 3443 2096 3515 perfe-

436 3528 619 3592 ctum,
651 3542 767 3581 non
796 3527 969 3581 irasci
1000 3543 1106 3582 nec
1137 3529 1570 3599 concupiscere.
1604 3530 1735 3586 Ideo
1776 3530 1869 3585 lex
1900 3548 2094 3594 ramos

436 3613 675 3682 malitias
705 3614 995 3682 succidit;
1042 3614 1232 3687 gratia
1279 3632 1412 3671 vero
1464 3617 1642 3672 etiam
1693 3618 1921 3674 radices
1963 3619 2094 3691 ejus

436 3702 650 3759 evellit.
685 3704 774 3774 Et,
799 3703 950 3759 sicut
975 3703 1035 3758 in
1069 3703 1495 3760 resurrectione
1524 3705 1633 3760 hoc
1661 3705 1858 3777 ipsum
1880 3723 2092 3779 corpus

436 3792 796 3849 humilitatis
826 3798 1038 3848 nostra:
1059 3796 1116 3848 et
1147 3809 1264 3848 non
1297 3791 1454 3848 aliud
1478 3793 1911 3861 reformabitur,
1934 3795 2018 3851 sic
2039 3801 2096 3852 et

2202 3277 2366 3334 reque
2386 3260 2637 3318 Moesica
2657 3264 2815 3317 sunt.
2842 3262 2910 3317 Et
2929 3261 3086 3333 quia,
3114 3262 3186 3318 ab
3206 3262 3481 3334 Apostolo
3503 3262 3821 3319 audientes
3842 3279 3854 3316 :

2203 3371 2236 3402 κ
2265 3351 2475 3406 Vetera
2501 3350 2883 3417 transierunt,
2919 3365 3052 3406 ecce
3078 3351 3238 3406 facta
3269 3355 3412 3407 sunt
3449 3367 3598 3407 nova
3633 3353 3715 3422 (Ιῖ
3729 3350 3853 3406 Cor.

2199 3456 2257 3506 ν,
2299 3439 2409 3510 Π),
2441 3461 2470 3489 ››
2503 3437 2851 3510 insipienter
2881 3438 3102 3511 putatis
3143 3439 3343 3495 omnia
3386 3438 3610 3495 Veteris
3641 3439 3857 3495 Testa-

2196 3527 2385 3583 menti
2414 3527 2740 3598 reprobate,
2768 3530 2827 3582 et
2853 3527 3090 3599 penitus
3109 3528 3410 3584 destructa
3427 3531 3486 3583 et
3503 3527 3571 3582 ed
3592 3526 3863 3582 nihilum

2202 3615 2440 3674 redacta
2469 3618 2839 3671 sacramenta
2863 3632 2879 3682 ;
2911 3614 3051 3671 hinc
3069 3617 3196 3687 jam
3217 3615 3589 3688 perpendatis
3605 3629 3866 3671 necesse

2200 3708 2310 3770 est,
2339 3704 2415 3760 ad
2465 3708 2718 3775 quantas
2750 3703 3140 3760 difﬁcultates
3181 3709 3457 3778 properet
3487 3704 3617 3760 ‘h‘ac
3659 3708 3867 3761 vestra

2201 3792 2419 3866 Opinio.
2449 3792 2714 3864 Denique
2749 3792 2798 3848 si
2825 3795 3024 3848 vetera
3052 3809 3167 3849 non
3202 3793 3579 3865 proﬁciendo,
3621 3793 3737 3848 sed
3771 3793 3865 3848 de-

437 3881 531 3937 lex
588 3898 697 3953 psa
735 3899 840 3952 per
878 3880 1258 3954 Evangelium
1291 3881 1605 3936 reformata
1634 3881 1692 3936 in
1724 3885 1842 3949 toto
1873 3885 2093 3939 mundo
2195 3881 2453 3939 ﬁciendo
2483 3879 2863 3949 transierunt,
2895 3883 3053 3938 unde
3078 3883 3246 3939 vobis
3290 3881 3601 3954 templum,
3652 3881 3863 3948 altare,

434 3970 806 4041 praedicatur.
841 3970 904 4024 In
956 3987 1072 4042 qua
1115 3970 1318 4044 utique
1361 3970 1775 4026 reformatione
1822 3972 2093 4043 quamvis

438 4056 764 4128 plurimum
798 4057 976 4113 decus
998 4063 1283 4130 augeatur
1307 4065 1544 4126 natura,
1570 4063 1768 4116 tamen
1788 4059 2093 4134 integritas

437 4144 495 4200 in
521 4144 681 4200 nullo
710 4145 993 4212 aufertur,
1029 4147 1286 4218 quando,
1323 4148 1394 4202 ad
1419 4147 1868 4204 similitudinem
1899 4150 2090 4222 grani,

437 4233 795 4290 seminatum
808 4250 1018 4306 corpus
1031 4235 1303 4303 animale,
1319 4239 1518 4308 surget
1532 4253 1744 4310 corpus
1759 4237 2087 4309 spirituale,

435 4323 489 4378 et
512 4321 869 4378 seminatum
900 4322 958 4377 in
986 4322 1344 4390 inﬁrmitate,
1386 4328 1586 4397 surget
1613 4324 1674 4380 in
1703 4325 1916 4384 virtute
1971 4327 2089 4384 Hac

317 4427 322 4432 ‘
436 4427 670 4484 quoque
701 4411 1114 4468 reformatione
1165 4411 1372 4467 cmlum
1420 4417 1478 4470 et
1526 4417 1680 4470 terra
1711 4415 2083 4486 transibunt;

2190 3969 2581 4038 sacriﬁcium,
2597 3967 3321 4038 candelabmm,etomtera
3337 3969 3524 4026 sancti
3538 3969 3864 4026 ministerii

2198 4075 2342 4116 :vasa
2349 4074 2453 4114 seu
2463 4061 2808 4116 ornamenta
2819 4059 3277 4115 autvestimenta
3289 4057 3873 4116 sacerdctoliemnde

2200 4147 2369 4203 vobis
2385 4146 2663 4213 enoania,
2699 4149 3035 4218 pentecoste
3068 4151 3131 4204 et
3150 4147 3369 4220 pascha
3397 4163 3505 4203 seu
3526 4147 3871 4226 Quadi-age-

2208 4235 2361 4292 sima
2385 4234 2396 4290 l
2419 4235 2583 4290 Unde
2602 4233 2766 4290 vobis
2788 4235 3114 4306 pontiﬁces,
3139 4237 3470 4293 sacerdotes
3505 4239 3564 4291 et
3587 4234 3791 4291 levites
3809 4251 3875 4290 ac

2204 4323 2419 4397 reliqui
2433 4323 3342 4398 ecclesiasticigrsdusexordine
3360 4323 3872 4396 PUndeprimaria:

2203 4417 2261 4470 et
2289 4411 2576 4472 decimas?
2622 4411 2945 4482 Postremo,
2995 4414 3152 4472 unde
3198 4414 3363 4474 vobis
3407 4412 3648 4476 dilectio
3677 4411 3792 4471 Dei
3819 4416 3874 4474 et

434 4516 550 4568 non
583 4498 909 4556 interibunt
934 4517 946 4556 :
982 4499 1430 4569 transferentur,
1465 4517 1580 4556 non
1603 4501 1958 4558 auferentur.
1978 4504 2092 4560 Nec
2118 4526 2177 4596 ID
2208 4501 2502 4578 proximi?
2522 4518 2588 4568 ac
2610 4500 2857 4576 reliquie
2894 4502 3175 4564 mandata
3193 4500 3511 4578 Decalogi?
3531 4501 3686 4574 Quin
3707 4517 3868 4575 ergo.

437 4604 778 4645 moveamur
802 4605 837 4644 a
868 4593 1066 4645 nostro
1108 4606 1308 4656 sensu,
1344 4606 1450 4648 nec
1493 4594 1840 4657 terreamur,
1872 4591 1922 4647 si
1949 4609 2095 4648 non-

436 4674 601 4732 nulla
638 4675 786 4749 legis
818 4681 1186 4733 sacramenta
1223 4677 1495 4734 exhorret
1537 4678 1809 4734 animalis
1840 4696 2088 4737 sensus:

438 4764 918 4835 quandoquidem
974 4765 1160 4836 ipsius
1222 4767 1408 4822 sancti
1463 4765 1758 4840 Evangelii
1810 4768 2095 4826 nonnulla

333 4903 344 4913 ,
437 4851 717 4924 mysteria
734 4852 1034 4907 exhorruit
1055 4853 1360 4922 hactenus,
1385 4854 1444 4908 in
1467 4858 1697 4911 tantum
1729 4860 1813 4921 ut,
1844 4856 2093 4914 Domino

437 4938 701 4995 dicente:
741 4960 768 4988 ι(
797 4941 981 4994 Amen
1014 4957 1181 4996 amen
1213 4943 1343 4998 dico
1384 4942 1569 5010 vobis,
1623 4942 1736 4998 nisi
1771 4946 2093 5000 manduca-

429 5025 632 5083 veritis
652 5043 886 5082 carnem
909 5027 1036 5082 Filii
1060 5029 1318 5087 hominis
1340 5035 1398 5087 et
1418 5030 1684 5088 biberitis
1707 5032 1757 5102 ej
1772 5046 1839 5088 us
1859 5033 2095 5106 sangui-

437 5133 594 5182 nem,
644 5132 759 5170 non
783 5115 1075 5171 habebitis
1103 5117 1280 5174 vitam
1305 5120 1362 5174 in
1402 5120 1567 5174 vobis
1602 5120 1777 5191 (Joan.
1814 5138 1892 5188 v1,
1921 5123 2035 5193 54),
2067 5144 2094 5171 ›ι

437 5203 615 5259 etiam
641 5201 896 5258 maxima
919 5221 1054 5275 pars
1077 5205 1504 5277 discipulorum
1527 5207 1655 5277 ejus
1691 5208 1763 5263 ab
1785 5224 1851 5263 eo
1877 5209 2094 5266 disces-

436 5291 675 5356 sissent,
707 5291 950 5347 dicendo
979 5309 991 5348 :
1026 5292 1220 5350 Durus
1246 5299 1337 5350 est
1366 5294 1461 5350 hic
1492 5311 1704 5352 sermo.
1739 5295 1878 5361 Quis
1901 5301 2094 5368 potest

436 5395 574 5435 eum
605 5379 806 5434 audire
827 5379 854 5434 ?
888 5402 915 5429 »
946 5381 1136 5450 (lbid.,
1179 5383 1294 5452 61.)
1345 5387 1627 5438 Praeterea
1642 5383 1865 5438 Novum
1893 5384 2092 5441 Testa-

439 5472 703 5522 mentum
730 5467 858 5522 ideo
890 5469 1121 5534 dicitur,
1141 5471 1279 5541 quia
1296 5470 1496 5542 procul
1518 5470 1699 5525 dubio
1721 5475 1936 5528 aeterna
1955 5479 2095 5532 sunt

437 5571 566 5632 quas
597 5553 920 5629 pollicetur,
952 5557 1105 5614 sicut
1153 5558 1324 5626 malis
1373 5557 1732 5639 supplicium
1781 5563 2085 5632 aeternum.

2207 4591 2530 4663 secundum
2562 4606 2684 4658 vos,
2708 4589 2791 4658 ita
2811 4607 2958 4654 nove
2986 4590 3140 4652 facta
3161 4595 3301 4649 sunt
3341 4594 3406 4654 ut
3440 4594 3638 4651 vetera
3659 4589 3871 4652 tenete

2203 4678 2322 4736 sint
2351 4678 2588 4746 omnino
2610 4680 2792 4754 et‘per
2810 4678 3108 4738 Christum
3133 4678 3464 4750 maledicta,
3506 4677 3872 4752 abjiciautm‘

2189 4765 2403 4840 procul
2434 4767 2615 4823 dubio
2647 4767 2720 4834 ab
2751 4767 2880 4844 ejus
2909 4767 3190 4840 Ecclesia,
3234 4785 3363 4842 quas
3393 4784 3574 4842 supra
3604 4766 3867 4828 diximus

2201 4855 2417 4924 omnia,
2448 4859 2506 4911 et
2527 4855 2701 4930 plura
2731 4873 2860 4930 quas
2899 4856 3245 4926 reticuimus
3275 4855 3410 4923 alia,
3462 4861 3521 4918 et
3564 4855 3868 4918 veteribus

2202 4943 2497 5004 contraria
2527 4943 2671 4999 ﬁant
2700 4945 2829 5015 jam
2885 4961 3051 5015 nova.
3102 4946 3247 5002 Odio
3291 4945 3580 5010 habeatur
3626 4944 3792 5008 Deus
3813 4947 3870 5000 et

2206 5032 2530 5108 proximus,
2560 5034 2726 5106 pater
2755 5035 2813 5087 et
2843 5021 3029 5094 mater
3055 5032 3461 5104 inhonoratur,
3495 5032 3675 5102 homo
3693 5032 3864 5092 occi-

2205 5121 2416 5177 datur:
2449 5137 2654 5179 omnes
2698 5120 3080 5190 moechentur,
3133 5122 3422 5192 furentur,
3475 5121 3862 5191 mentiantur,

2204 5209 2640 5282 concupiscent,
2657 5207 3018 5278 adulterent;
3039 5212 3166 5284 conj
3176 5211 3488 5286 ugianulla
3498 5212 3621 5268 sint
3638 5210 3864 5270 :omnis

2205 5297 2379 5354 homo
2399 5299 2471 5354 ad
2495 5295 2822 5371 proximam
2858 5299 3168 5371 sanguinis
3197 5299 3312 5366 sui,
3337 5305 3402 5358 et
3429 5316 3559 5376 (11,18
3588 5300 3643 5356 ei
3673 5297 3862 5360 afﬁni~

2203 5391 2321 5442 tate
2332 5385 2628 5461 jungitur,
2651 5386 2907 5446 accedat.
2929 5387 3016 5443 Ad
3041 5403 3352 5446 summum
3375 5404 3611 5462 quoque
3633 5404 3741 5449 nec
3765 5404 3859 5446 c.0-

2202 5477 2493 5543 medatur,
2527 5474 2766 5534 bibatur
2793 5489 2898 5530 nec
2943 5474 3292 5548 dormiatur,
3342 5475 3445 5534 sed
3487 5475 3862 5548 relinquatur

2204 5564 2490 5644 quidquid
2521 5567 2702 5640 Vetus
2731 5564 3175 5642 Testamentum
3195 5565 3460 5640 exhibuit
3479 5569 3538 5638 et
3566 5563 3856 5636 exercuit.
