4086 6168
203 297 326 359 96ί

1193 287 1616 360 ABVBRBUS
1659 283 2113 360 GRﬂCORUM
2158 285 2633 362 CALUMNIAS.

3485 287 3612 364 ses

199 434 336 488 tam
363 429 426 486 in
451 429 614 488 ωιω
642 429 848 488 divino
873 439 1052 504 quam
1077 429 1140 486 in
1169 443 1282 486 usu
1303 429 1587 498 humano,
1611 433 1666 486 et
1696 429 1858 485 vide-
1890 434 1944 501 Α
1972 429 2294 501 operamini
2319 429 2547 503 (Philip.
2581 446 2644 502 ιι,
2678 430 2785 503 12).
2812 451 2839 480 ››
2863 421 2962 487 Et:
2993 453 3012 480 α
3037 429 3096 487 Si
3118 433 3527 507 compatimur,
3556 438 3614 493 et

204 519 352 577 bilis
379 519 518 593 quia
539 524 648 575 nec
666 518 867 575 bestia;
883 516 1064 584 eritis,
1090 515 1307 574 nedum
1328 517 1618 585 homines,
1641 517 1759 573 imo
1783 517 1854 573 ab

201 627 272 666 ee
303 609 465 682 quod
491 611 581 664 est
609 607 830 679 aliquid
852 607 1178 663 transibitis
1199 607 1270 662 ad
1303 605 1471 661 nihil.
1491 606 1608 662 Nos
1637 606 1854 678 potius,

199 697 497 755 catholica
515 712 656 753 aure
683 697 1049 752 intendentes
1078 700 1242 752 tanto
1277 693 1552 767 Apostolo
1599 695 1852 751 dicenti:

201 811 231 837 «
267 787 332 844 Si
377 803 497 860 qua
541 801 678 858 ergo
710 801 857 841 nova
894 789 1180 856 creatura,
1230 788 1425 840 vetera
1465 784 1853 855 transierunt,

1964 519 2455 592 conregnabimus
2485 520 2556 591 (II
2593 521 2739 575 Tim.
2773 536 2833 586 ιι,
2876 519 2980 592 12).
3003 543 3030 571 ››
3058 519 3232 577 Porro
3254 537 3378 593 qua:
3409 540 3510 595 per
3537 525 3615 581 le-

1963 623 2094 680 gem
2123 609 2359 664 fuerunt
2388 625 2574 682 usque
2598 607 2671 666 ad
2690 613 2924 682 tempus
2948 612 3322 666 correctionis
3341 611 3616 684 imposita

1963 695 2299 752 carnalibus
2328 697 2564 764 Judzsis,
2601 697 2817 754 Paulus
2859 699 3108 754 breviter
3151 698 3451 772 colligens,
3486 701 3566 756 ait
3599 719 3612 758 :

1969 804 1996 834 .‹
2027 783 2270 839 Munera
2299 788 2354 840 et
2383 785 2587 841 hostia:
2633 787 2977 854 offeruntur,
3031 804 3158 858 quae
3204 805 3319 844 non
3369 793 3619 860 possunt

199 893 338 933 ecce
356 877 514 932 facta
537 880 679 931 sunt
705 891 854 931 nova
880 874 953 946 (Π
981 875 1102 931 Cor.
1150 891 1206 943 v,
1238 873 1350 946 47),
1390 895 1420 923 υ
1464 873 1636 929 corde
1664 871 1856 929 credi-
1956 873 2127 943 juxta
2156 873 2571 930 conscientiam
2619 875 2945 947 perfectum
2993 875 3178 930 facere
3239 877 3611 948 servientem,

199 981 343 1021 mus
360 968 420 1019 et
440 967 539 1020 ore
551 964 899 1019 conﬁtemur
917 965 1128 1031 vetera,
1162 979 1198 1018 a
1217 967 1405 1018 vetere
1430 961 1670 1018 homine
1696 965 1858 1017 tran-

197 1053 431 1111 seundo
463 1052 536 1108 ad
559 1069 776 1108 novum
796 1052 1096 1109 hominem
1123 1052 1331 1108 Jesum
1360 1050 1680 1116 Christum,
1705 1061 1853 1106 nova

199 1144 358 1198 facta
377 1157 508 1198 esse
527 1159 541 1209 ;
576 1141 1074 1214 quemadmodum
1094 1140 1250 1196 idem
1268 1139 1582 1212 Apostolus
1601 1155 1732 1195 mox
1763 1153 1853 1195 se—

198 1236 378 1287 cutus
398 1230 626 1286 curavit
646 1229 937 1286 declarare
960 1246 974 1285 :
1000 1253 1028 1281 ι(
1057 1229 1268 1286 Omnia
1278 1233 1476 1285 autem
1495 1242 1566 1284 ex
1597 1233 1729 1298 Deo,
1751 1227 1852 1301 qui

202 1318 602 1376 reconciliavit
631 1335 738 1374 nos
753 1317 866 1375 sibi
889 1335 990 1392 per
1006 1318 1304 1375 Christum
1333 1317 1523 1390 (Ibid.,
1557 1318 1665 1389 18).
1691 1338 1718 1368 ››
1747 1316 1858 1372 Cu-

193 1410 299 1480 jus
321 1407 612 1480 singulari
632 1407 884 1463 novitate
909 1406 1263 1463 innovantur
1282 1405 1478 1462 omnia
1491 1404 1748 1462 scelestis
1770 1407 1859 1459 at-

203 1513 319 1570 que
349 1497 690 1554 terrestria:
713 1497 948 1568 quando
975 1495 1262 1569 quidquid
1286 1497 1358 1551 ad
1385 1493 1610 1552 cultum
1627 1493 1726 1550 Dei
1751 1509 1854 1549 seu

206 1587 282 1643 ad
311 1585 686 1642 commodum
716 1584 810 1642 sui
838 1588 1002 1642 vetus
1035 1584 1134 1641 ille
1161 1583 1416 1658 populus
1443 1583 1672 1640 cmlitus
1703 1591 1864 1638 acce-

208 1677 403 1747 perat,
437 1674 510 1730 ad
529 1690 739 1730 novum
761 1672 1080 1730 transtulit.
1105 1673 1214 1738 Qui
1241 1673 1372 1729 ideo
1404 1689 1588 1728 novus
1615 1671 1852 1738 dicitur,

209 1761 368 1836 quia
407 1761 479 1819 ab
509 1762 714 1818 umbra
741 1762 814 1818 ad
845 1762 1170 1830 veritatem,
1201 1779 1236 1818 a
1264 1761 1451 1834 signis
1480 1762 1552 1817 ad
1585 1775 1698 1831 res,
1732 1778 1767 1816 a
1795 1759 1861 1815 ti-

212 1867 384 1908 more
411 1851 483 1908 ad
509 1865 790 1917 amorem,
821 1867 856 1907 a
885 1851 1162 1907 servitute
1183 1850 1255 1906 ad
1286 1849 1637 1915 libertatem,
1660 1865 1695 1904 a
1725 1847 1866 1904 filiis

211 1941 312 1996 ire
344 1941 418 1997 ad
450 1939 604 1996 ﬁlios
625 1939 846 2013 gratias,
877 1957 911 1995 a
938 1956 1116 1996 carne
1141 1939 1213 1996 ad
1243 1938 1518 2012 spiritum
1551 1942 1642 1995 est
1669 1941 1863 1993 trans-

213 2030 393 2087 latus.
443 2028 607 2086 Unde
659 2029 800 2085 dicit
827 2027 1140 2102 Apostolus
1171 2044 1184 2084 :
1219 2049 1250 2078 ‹‹
1285 2027 1404 2084 Vos
1452 2043 1567 2084 non
1609 2025 1752 2083 estis
1800 2026 1860 2081 in

215 2135 412 2185 carne,
443 2119 548 2175 sed
577 2117 636 2173 in
667 2117 900 2192 spiritu,
934 2116 984 2173 si
1005 2121 1200 2174 tamen
1231 2115 1475 2190 spiritus
1505 2115 1606 2172 Dei
1636 2115 1865 2171 habitat

216 2209 274 2264 in
306 2207 476 2265 vobis
503 2207 678 2280 (Rom.
707 2223 832 2272 vm,
859 2206 938 2279 9).
971 2227 1000 2256 ι)
1031 2206 1102 2261 Et
1131 2204 1424 2278 quomodo
1461 2203 1524 2259 in
1547 2220 1719 2260 carne
1750 2219 1865 2259 non

217 2302 402 2366 erant,
420 2313 568 2370 quos
589 2295 854 2371 epistolis
873 2295 1218 2362 instruebat,
1238 2293 1350 2350 nisi
1363 2293 1689 2350 secundum
1711 2293 1867 2366 quod

218 2387 476 2461 ipseait:
501 2409 530 2437 «ι
555 2385 618 2442 In
641 2399 813 2441 carne
837 2384 1233 2452 ambulantes,
1255 2399 1372 2439 non
1397 2383 1722 2439 secundum
1746 2393 1867 2438 car-

220 2493 354 2532 nem
386 2473 717 2532 militamus
745 2474 818 2543 (ll
838 2474 960 2530 Cor.
991 2490 1049 2538 ιι,
1073 2473 1152 2542 3).
1194 2494 1223 2522 ι)
1244 2471 1391 2528 Hinc
1413 2487 1620 2527 rursus
1639 2471 1866 2544 inquit:

225 2589 252 2615 ‹‹
283 2565 467 2622 Nemo
517 2567 778 2619 vestrum
821 2563 936 2618 sibi
982 2562 1145 2628 vivit,
1186 2565 1244 2618 et
1272 2576 1447 2616 nemo
1477 2558 1590 2616 sibi
1620 2560 1871 2616 moritur

227 2655 398 2727 (Rom.
447 2667 566 2720 xxv,
615 2652 692 2724 7).
744 2673 775 2701 η
805 2652 919 2707 Et:
980 2673 1009 2701 «
1041 2649 1204 2718 Vivo,
1243 2651 1371 2722 jam
1420 2665 1535 2704 non
1575 2664 1703 2722 ego,
1733 2647 1872 2704 vivit

225 2755 356 2800 vero
389 2742 452 2798 in
484 2758 577 2798 me
595 2740 864 2797 Christus
887 2739 1028 2812 (Gal.
1059 2756 1124 2807 ιι,
1145 2740 1258 2810 20).
1285 2761 1316 2789 η
1335 2738 1430 2795 Sic
1456 2738 1652 2810 itaque
1677 2737 1869 2804 nobis,

227 2837 282 2888 et
309 2831 594 2889 omnibus
613 2829 670 2886 in
712 2829 968 2885 novitate
994 2828 1238 2901 spiritus
1269 2826 1571 2884 ambulare
1603 2830 1870 2899 satagen-

228 2923 409 2990 tibus,
433 2933 586 2976 nova
614 2920 766 2975 facta
794 2921 937 2974 sunt
956 2917 1173 2984 omnia,
1202 2914 1422 2988 templa
1451 2915 1674 2972 scilicet
1701 2919 1760 2970 et
1787 2914 1873 2970 al—

228 3011 399 3082 taria,
431 3009 784 3075 sacerdotes,
815 3005 1124 3074 sacriﬁcia,
1153 3003 1521 3072 candelabra,
1554 3002 1872 3070 thuribula,

230 3101 398 3156 cibus
443 3103 502 3156 et
549 3101 742 3170 potus,
773 3101 827 3152 et
877 3109 1122 3168 quisque
1143 3091 1394 3150 carnalis
1432 3091 1610 3148 Israel
1659 3096 1780 3148 tam
1811 3091 1871 3146 in

1965 960 2334 1017 solummodo
2352 963 2408 1017 in
2423 963 2569 1020 cibis
2586 968 2641 1020 et
2655 965 2888 1033 potibus
2905 968 2961 1020 et
2973 964 3144 1019 variis
3159 965 3411 1037 baptism
3421 966 3616 1023 atibus

1965 1054 2024 1104 et
2045 1048 2294 1119 justitiis
2323 1051 2516 1107 carnis
2543 1053 2722 1119 (Hebr.
2757 1069 2832 1116 ιιι,
2863 1053 2968 1122 10).
3007 1073 3034 1101 »
3068 1051 3339 1108 Carnales
3369 1069 3507 1126 ergo
3541 1055 3619 1110 vis

1966 1137 2154 1193 ctimce
2182 1143 2357 1210 atque
2388 1140 2820 1211 puriﬁcationes
2853 1142 3020 1196 varia:
3045 1141 3103 1196 in
3138 1142 3284 1214 lege,
3305 1141 3363 1196 in
3397 1143 3616 1214 quibus

1967 1226 2223 1282 maxima
2252 1231 2375 1282 erat
2393 1228 2781 1295 circumcisio,
2806 1235 2861 1286 et
2883 1232 3365 1300 cmterzejustitiaz
3395 1233 3615 1303 carnis,

1970 1319 2030 1369 ut
2047 1318 2136 1371 est
2151 1315 2475 1372 differentia
2488 1318 3066 1384 ciborum,festivitas
3079 1319 3615 1392 tabernaculorum,

1969 1421 2084 1460 non
2117 1421 2282 1461 orare
2302 1405 2360 1460 in
2383 1407 2525 1463 bove
2547 1407 2723 1463 simul
2767 1414 2823 1463 et
2854 1411 3152 1476 asino,ncc
3183 1427 3374 1466 serere
3405 1428 3616 1485 agrum

1969 1494 2193 1550 diverso
2223 1495 2466 1562 semine,
2492 1499 2548 1551 et
2569 1496 2661 1551 his
2684 1496 2938 1564 similia;
2961 1515 3092 1569 quae
3115 1498 3259 1554 nihil
3292 1501 3626 1560 sanctitatis

1970 1583 2346 1640 conferebant
2365 1584 2756 1650 conscientiis,
2773 1591 3008 1658 excepta
3026 1589 3329 1646 devotione
3350 1589 3621 1647 obedien-

1969 1671 2063 1727 tiae
2086 1676 2142 1727 et
2170 1672 2568 1729 admonitione
2591 1674 2914 1746 spiritualis
2936 1677 3234 1732 munditias
3261 1697 3274 1747 ;
3311 1678 3450 1736 data
3482 1684 3626 1737 sunt

1971 1776 2158 1832 usque
2178 1761 2250 1815 ad
2264 1761 2614 1833 preﬁnitum
2630 1768 2862 1834 tempus
2885 1781 2918 1818 a
2938 1770 3122 1835 Patre,
3147 1768 3380 1838 quando
3406 1785 3510 1842 per
3532 1767 3622 1825 Fl-

1972 1849 2117 1905 lium
2144 1866 2319 1905 suum
2351 1849 2569 1906 factum
2597 1852 2707 1906 sub
2740 1851 2884 1924 lege,
2919 1854 3166 1909 redemit
3195 1871 3294 1912 eos
3319 1858 3418 1928 qui
3459 1859 3628 1915 erant

1973 1939 2084 1994 sub
2102 1938 2434 2011 lege.Cujus
2448 1939 2995 2012 carnalesjustitias
3013 1944 3268 2000 evadens
3298 1943 3453 2002 idem
3471 1949 3626 2018 Apo-

1975 2029 2160 2084 stolus
2192 2029 2308 2085 ait:
2333 2029 2516 2094 «Quae
2536 2029 2680 2088 mihi
2703 2029 3018 2103 aliquando
3044 2033 3277 2089 fuerunt
3295 2033 3478 2106 lucra,
3501 2035 3626 2094 haec

1975 2117 2292 2175 arbitratus
2311 2135 2442 2175 sum
2470 2122 2704 2191 propter
2721 2120 3017 2176 Christum
3042 2121 3414 2194 detrimenta,
3437 2131 3628 2184 etnon

1975 2205 2168 2263 solum
2199 2207 2570 2273 detrimenta,
2601 2207 2700 2263 sed
2735 2209 2907 2264 etiam
2941 2215 3218 2279 stercora,
3270 2217 3337 2268 ut
3365 2213 3631 2272 inveniar

1975 2296 2033 2350 in
2064 2294 2162 2353 illo
2183 2312 2298 2352 non
2337 2296 2561 2351 habens
2585 2312 2776 2353 meam
2792 2297 3087 2369 justitiam
3122 2317 3246 2374 quae
3279 2317 3345 2358 ex
3369 2302 3494 2377 lege
3517 2309 3631 2378 est,

1977 2385 2077 2440 sed
2109 2399 2234 2456 quae
2247 2400 2313 2440 ex
2336 2384 2446 2440 ﬁde
2463 2385 2604 2440 Jesu
2627 2385 2839 2443 Christi
2856 2388 3086 2460 (Philip.
3122 2405 3206 2457 ιιι,
3223 2393 3278 2457 7,
3301 2394 3376 2464 8).
3413 2414 3442 2442 »
3466 2395 3628 2460 Quod

1976 2473 2419 2530 Colossensibus
2468 2491 2700 2547 quoque
2749 2477 3058 2532 denuntiat
3104 2479 3304 2536 dicens
3338 2500 3351 2538 :
3383 2506 3407 2530 «
3446 2483 3627 2540 Nemo

1976 2563 2325 2634 vosjudicet
2353 2561 2412 2618 in
2446 2564 2575 2619 cibo
2609 2568 2709 2620 aut
2730 2570 2892 2636 potu,
2926 2572 3028 2622 aut
3051 2568 3109 2621 in
3132 2573 3295 2639 parte
3328 2569 3444 2626 diei
3477 2571 3629 2644 festi,

1979 2655 2081 2706 aut
2120 2651 2458 2721 neomeniae,
2497 2656 2596 2707 aut
2625 2652 3040 2720 Sabbatorum,
3090 2671 3217 2727 quae
3251 2663 3392 2713 sunt
3421 2660 3634 2716 umbra

1978 2740 2312 2796 futurorum
2362 2739 2585 2811 (Coloss.
2634 2758 2696 2808 ιι,
2751 2743 2858 2814 16).
2895 2764 2923 2793 ››
2958 2743 3249 2801 Hactenus
3300 2745 3632 2804 defendisse

1977 2829 2166 2901 legem
2213 2828 2393 2901 Moysi
2425 2833 2484 2884 et
2512 2846 2780 2901 azymum
2814 2831 3187 2888 Eucharistiae
3219 2833 3431 2890 Christi
3463 2837 3630 2892 suffi-

1979 2916 2112 2973 ciat.
2139 2916 2270 2972 Jam
2301 2917 2688 2974 discutiamus
2716 2924 2908 2974 vestra
2937 2937 3063 2992 quis
3095 2927 3337 2978 restant.

2052 3005 2213 3060 XLV.
2247 3008 2978 3063 Cossmsrmoronrrmus.
3013 3009 3268 3066 Sabbata
3309 3027 3441 3068 vero
3492 3029 3635 3086 quo-

1983 3094 2156 3148 modo
2179 3093 2237 3147 in
2261 3092 2720 3166 Quadragesima
2740 3095 2976 3166 judaice
2989 3098 3311 3155 observatis
3333 3100 3361 3154 ?
3377 3106 3494 3156 Aut
3517 3119 3634 3158 non

229 3187 592 3260 supellectile
621 3194 798 3258 quam
830 3185 889 3240 in
920 3182 1217 3239 mandatis
1250 3181 1560 3250 retinebat,
1586 3184 1782 3236 vetera
1811 3185 1876 3236 ut
1905 3173 1948 3239 C
1985 3181 2234 3238 audistis
2282 3181 2343 3236 in
2392 3181 2702 3254 Evangelio
2750 3183 3039 3239 dicentem
3089 3186 3228 3257 quia
3258 3193 3634 3244 transeuntes

227 3278 436 3334 eadem
492 3279 549 3332 et
588 3291 705 3331 non
749 3273 952 3330 eadem
1004 3271 1123 3329 sint
1168 3271 1387 3338 omnia,
1439 3270 1628 3325 instar
1673 3270 1881 3342 utique

229 3365 470 3438 aquilae,
500 3375 625 3437 qua
655 3365 796 3420 dum
845 3360 1192 3418 naturaliter
1231 3363 1564 3429 renovatur,
1596 3360 1880 3430 juventus

231 3454 430 3511 eidem
478 3454 716 3518 accedit,
745 3456 805 3509 et
832 3455 1124 3519 senectus,
1165 3465 1281 3504 non
1313 3448 1662 3516 substantia,
1712 3449 1784 3504 ab
1815 3464 1882 3504 ea

233 3543 474 3601 recedit.
507 3542 636 3599 Pari
658 3547 856 3598 tenore
885 3538 1278 3612 prmdicsmus
1305 3551 1571 3609 azymum
1603 3535 1880 3592 Christia-

233 3649 446 3689 norum
466 3630 867 3704 longedistare
886 3630 1176 3700 abazymo
1195 3624 1879 3693 carnaliumJudaaorum,

235 3735 386 3794 quos
413 3720 487 3776 ad
513 3720 786 3777 umbram
817 3717 1078 3774 veritatis
1105 3714 1529 3772 observandam
1561 3719 1617 3770 et
1643 3718 1882 3781 captan-

235 3810 372 3866 dam
405 3807 535 3866 sola
562 3807 873 3881 promissio
903 3811 960 3862 et
988 3803 1346 3861 desiderium
1377 3805 1620 3859 terrena:
1644 3801 1881 3858 felicita-

240 3899 316 3955 tis
347 3898 637 3954 invitabat
667 3915 680 3952 :
717 3901 781 3953 ut
808 3899 899 3952 est
951 3893 1310 3968 longavitas,
1345 3891 1725 3961 abundantia,
1763 3893 1884 3949 fru-

232 4003 402 4060 gum,
423 3986 722 4044 suceessio
743 3985 1021 4051 filiorum,
1041 3982 1290 4056 perditio
1305 3981 1677 4038 inimicorum
1699 3986 1758 4038 et
1777 3996 1884 4038 oe-

232 4083 381 4134 tora.
412 4077 536 4133 Nos
559 4092 720 4144 vero,
747 4091 962 4147 corpus
984 4073 1251 4130 veritatis
1269 4087 1338 4128 ex
1357 4085 1558 4144 azyma
1583 4076 1642 4127 et
1671 4071 1731 4127 in
1762 4083 1886 4144 azyo

235 4182 331 4223 mo
355 4165 471 4222 rite
496 4169 841 4222 venerantes
869 4168 1046 4235 atque
1078 4161 1417 4228 retinentes,
1462 4175 1561 4216 ore
1610 4163 1667 4216 et
1713 4160 1887 4216 corde

233 4257 668 4327 pragustamus
679 4253 806 4325 jam
829 4268 1008 4325 quam
1028 4249 1226 4308 suavis
1245 4252 1338 4305 est
1355 4247 1641 4306 Dominus
1663 4265 1676 4304 :
1702 4261 1886 4305 unum

232 4347 504 4416 petentes
534 4342 606 4399 ab
636 4343 764 4414 ipso
794 4346 852 4397 et
880 4341 992 4397 hoc
1021 4339 1404 4412 requirentes,
1446 4342 1514 4394 ut
1543 4351 1891 4395 maneamus

232 4433 295 4488 in
324 4448 396 4488 eo
426 4435 487 4488 et
513 4431 642 4504 ipse
668 4431 727 4486 in
757 4430 949 4498 nobis,
971 4429 1030 4485 in
1059 4433 1365 4486 internum.
1398 4427 1550 4484 Sane
1580 4427 1628 4483 si
1661 4432 1889 4484 mutare

233 4519 419 4577 vultis
448 4520 796 4576 fermentata
825 4531 1120 4592 azymum,
1151 4520 1372 4573 mutate
1403 4515 1665 4588 quolibet
1693 4515 1888 4590 aliquo

235 4610 469 4682 liquore
511 4608 716 4665 vinum
748 4626 762 4664 :
796 4625 932 4682 quo,
980 4607 1133 4664 sicut
1160 4610 1220 4663 et
1245 4621 1468 4679 azyma,
1518 4605 1786 4662 Christus
1832 4611 1891 4663 et

233 4704 411 4754 vetns
449 4697 667 4771 pascha
695 4697 905 4763 ﬁnivit,
935 4699 992 4752 et
1021 4711 1236 4752 novum
1279 4694 1592 4751 inchoavit.
1626 4695 1686 4751 Si
1730 4695 1887 4752 enim

237 4786 507 4859 recipitis
533 4785 760 4855 vinum,
791 4801 1058 4860 azymum
1091 4801 1197 4840 cur
1225 4783 1520 4856 abjicitis?

309 4875 507 4932 XLIV.
554 4876 718 4942 Quod
762 4891 896 4931 vero
940 4873 1138 4946 passio
1180 4877 1240 4929 et
1268 4888 1428 4928 mors
1453 4872 1663 4928 Christi
1695 4887 1894 4930 conve-

234 4965 503 5023 nientius
532 4964 916 5021 annuntietur
952 4978 1154 5036 azymo
1199 4978 1376 5034 quam
1425 4961 1792 5030 fermentata,
1823 4979 1893 5018 ex

234 5057 353 5112 hoc
385 5055 802 5127 comprobatur
830 5053 987 5126 quod
1009 5051 1295 5108 Dominus
1325 5051 1452 5123 ipse
1477 5065 1678 5122 azymo
1717 5051 1894 5108 disci-

235 5143 403 5218 pulis
433 5143 778 5200 memoriam
808 5142 902 5199 sui
929 5140 1218 5215 agendam
1249 5139 1526 5208 tradidit;
1559 5143 1620 5195 et
1646 5141 1801 5212 quod
1831 5139 1892 5197 in

235 5234 370 5306 lege
399 5233 568 5306 panis
598 5231 932 5289 afﬂictionis
952 5230 1168 5286 dicitur
1190 5230 1256 5286 ut
1283 5244 1387 5301 per
1413 5227 1523 5284 hoc
1544 5243 1892 5301 p-rmmoneao

235 5339 386 5380 mur
413 5320 673 5394 afﬂigere
694 5321 926 5378 animas
947 5323 1204 5387 nostras,
1235 5321 1293 5373 et
1319 5315 1538 5390 pariter
1569 5317 1774 5374 otl'erre
1795 5331 1893 5374 sa-

235 5413 536 5470 criﬁcium
549 5411 668 5467 Deo
678 5410 951 5484 spiritum
971 5405 1452 5473 contribulatum,
1468 5421 1568 5462 cor
1578 5407 1893 5464 contritum

233 5507 300 5559 et
316 5499 706 5558 humiliatum
727 5500 898 5574 (Paul.
921 5516 960 5569 ι,
975 5499 1088 5569 t9),
1101 5495 1247 5552 illud
1269 5495 1529 5568 Apostoli
1544 5495 1890 5556 recolentes:

233 5617 268 5649 α
303 5590 459 5654 Cum
481 5589 694 5652 timore
708 5592 775 5650 et
786 5593 1042 5650 tremore
1068 5589 1324 5647 vestram
1352 5583 1618 5664 ipsorum
1642 5585 1894 5649 salutem

1987 3269 2258 3343 discipuli
2275 3271 2332 3324 in
2351 3270 2623 3326 Sabbatis
2645 3279 2944 3344 coeperunt
2965 3274 3074 3330 iter
3099 3276 3633 3347 agere,evellentes;

1989 3358 2181 3431 spicas
2212 3362 2270 3414 et
2301 3359 2720 3415 comedentes?
2772 3361 3047 3418 Dicebant
3095 3369 3290 3418 autem
3337 3364 3522 3420 Judaei
3563 3365 3636 3421 ad

1989 3446 2287 3503 Christum
2325 3462 2339 3500 :
2372 3470 2400 3498 ‹‹
2425 3447 2598 3503 Vides
2630 3447 2770 3520 quid
2803 3449 2900 3505 isti
2931 3450 3151 3506 faciunt
3182 3451 3240 3507 in
3267 3452 3540 3509 Sabbatis
3561 3453 3590 3508 ?
3611 3477 3632 3504 η

1990 3535 2098 3602 Qui
2129 3535 2275 3590 dixit
2307 3553 2319 3592 :
2355 3559 2383 3585 ‹‹
2417 3536 2623 3591 Etiam.
2653 3543 2740 3592 An
2772 3539 3011 3595 nescitis
3042 3541 3183 3612 quid
3226 3543 3409 3615 egerit
3433 3531 3639 3614 David,

1991 3641 2127 3681 cum
2157 3624 2408 3680 esuriret
2435 3624 2559 3696 ipse
2576 3629 2632 3682 et
2652 3627 2751 3699 qui
2776 3643 2910 3683 cum
2929 3645 2994 3684 eo
3019 3634 3204 3693 erant.
3228 3633 3520 3702 quomodo
3552 3633 3639 3687 in-

1990 3713 2235 3770 travitin
2257 3713 2543 3786 templum
2556 3758 2570 3785 ,
2588 3718 2645 3770 et
2657 3732 2836 3786 panes
2852 3717 3267 3788 propositionis
3289 3719 3586 3774 comedit?
3613 3742 3639 3770 ι»

1993 3803 2198 3875 (Matth.
2248 3802 2348 3870 xix,
2411 3803 2536 3871 1—4;
2584 3802 2747 3859 Marc.
2802 3821 2862 3872 ιι,
2905 3804 3121 3876 23-26.)
3159 3815 3214 3860 et
3245 3811 3467 3861 caetera.
3513 3827 3541 3856 «
3571 3805 3642 3862 Et

1992 3893 2132 3965 quia
2158 3891 2479 3948 Sabbatum
2511 3897 2746 3964 propter
2774 3890 3072 3947 hominem
3113 3893 3329 3948 factum
3377 3898 3488 3962 est,
3521 3911 3639 3953 non

1992 3981 2168 4037 homo
2199 3983 2432 4053 propter
2462 3979 2784 4035 Sabbatum
2813 3977 2998 4048 (Marc.
3032 3997 3093 4048 ιι,
3115 3983 3227 4052 27).
3263 4005 3290 4032 »
3326 3983 3432 4046 Qui
3463 3988 3520 4040 et
3551 3984 3640 4040 di-

1993 4069 2204 4125 cebant
2233 4084 2246 4124 :
2281 4090 2310 4118 ι(
2343 4067 2642 4134 Quomodo
2662 4067 2836 4124 homo
2860 4068 2968 4124 iste
2999 4074 3088 4126 est
3117 4086 3184 4126 ex
3213 4069 3350 4139 Deo,
3373 4073 3473 4145 qui
3504 4074 3644 4130 Sab-

1994 4159 2131 4215 bata
2159 4174 2272 4214 non
2297 4156 2590 4212 custodit?
2610 4179 2630 4207 ι
2657 4156 2841 4230 (Ibid)
2868 4159 2939 4214 Et
2955 4157 3167 4215 iterum
3189 4157 3462 4232 IOquento
3483 4159 3644 4219 Chri-

1995 4252 2086 4304 sto
2115 4247 2176 4302 in
2205 4247 2460 4303 Sabbato
2486 4245 2538 4302 ei
2568 4247 2668 4318 qui
2696 4263 2938 4302 manum
2980 4247 3204 4305 aridam
3235 4247 3529 4322 habebat;
3563 4251 3645 4308 si-

1996 4337 2214 4393 militer
2241 4340 2300 4392 et
2325 4336 2376 4392 ei
2407 4336 2508 4409 qui
2534 4336 2816 4393 daemonis
2837 4335 3108 4409 spiritum
3132 4338 3386 4395 habebat
3414 4341 3472 4394 in
3507 4338 3646 4396 Sab-

1997 4427 2133 4484 bato
2166 4427 2468 4493 mundata,
2499 4426 3319 4482 etmurmurantibusJudaais
3340 4431 3396 4483 et
3425 4425 3647 4484 similia

1919 4539 1968 4603 D
1999 4515 2351 4581 dicentibus,
2381 4514 2521 4569 dicit
2541 4514 2809 4570 Christus
2842 4530 2855 4568 :
2893 4536 2920 4564 «
2954 4515 3297 4586 Hypocritaa',
3321 4515 3644 4587 unusquis-

1998 4621 2111 4678 que
2139 4609 2396 4660 vestrum
2421 4621 2534 4660 non
2557 4603 2728 4659 solvit
2747 4603 2982 4659 asinum
3005 4619 3036 4656 a
3060 4603 3324 4675 praesepi,
3355 4608 3412 4659 et
3441 4603 3645 4662 bovem

1997 4710 2173 4750 suum
2205 4693 2264 4748 in
2294 4693 2545 4748 Sabbato
2577 4691 2740 4748 ducit
2769 4691 3103 4763 adaquare?
3135 4715 3162 4739 »
3187 4692 3336 4764 (Luc.
3371 4709 3496 4760 xm,
3531 4693 3642 4768 15).

1997 4783 2065 4838 Et
2094 4782 2408 4856 paralytico
2440 4779 2736 4847 similiter,
2771 4795 2949 4851 quem
2981 4795 3193 4835 sanum
3228 4781 3378 4838 fecit.
3422 4781 3491 4838 Et
3518 4781 3648 4840 ideo

2001 4872 2100 4944 qui
2133 4871 2388 4927 Sabbata
2417 4885 2550 4924 cum
2583 4869 2802 4941 azymis
2833 4868 3193 4936 custodiunt,
3227 4887 3415 4943 neque
3463 4871 3649 4929 Judaei

2003 4978 2191 5033 neque
2240 4957 2554 5016 Christiani
2596 4963 2756 5023 sunt,
2790 4959 2888 5013 sed
2922 4982 2948 5007 «
2984 4957 3209 5016 similes
3240 4965 3380 5017 sunt
3424 4961 3647 5034 leop'ar-

2002 5051 2097 5118 do,
2128 5067 2155 5101 ο
2193 5049 2347 5106 sicut
2376 5062 2630 5119 magnus
2676 5047 2818 5102 dicit
2849 5047 3126 5115 Basilius,
3171 5073 3199 5099 ‹‹

2005 5155 2108 5196 nec
2138 5138 2290 5212 nigri
2319 5141 2480 5204 sunt,
2513 5152 2618 5192 nec
2649 5136 2766 5192 albi
2789 5138 3051 5195 omnino.
3089 5161 3110 5189 ι

2073 5227 2257 5284 XLVI.
2293 5227 2598 5283 Romanus.
2623 5225 2783 5291 Quod
2818 5243 2923 5282 nos
2949 5225 3203 5282 Sabbata
3232 5241 3335 5280 nec
3368 5226 3521 5280 intra
3547 5243 3650 5282 nec

2001 5320 2160 5373 extra
2172 5314 2685 5388 Quadragesimam
2699 5314 2934 5386 judaice
2951 5315 3652 5381 observamus,sui'licien-

2003 5412 2091 5464 ter
2119 5409 2482 5462 monstratur
2523 5405 2815 5476 superius.
2850 5399 2966 5460 Vos
2996 5410 3191 5460 autem
3236 5406 3284 5461 si
3319 5422 3432 5461 non
3459 5401 3654 5478 judai-

2001 5495 2146 5553 zatis
2201 5511 2306 5552 cur
2336 5495 2545 5552 saltem
2576 5493 3044 5569 Quadragesima
3087 5511 3202 5550 non
3243 5493 3481 5569 parcitis
3500 5495 3528 5552 7
3557 5510 3652 5566 ne,

2003 5599 2138 5646 cum
2165 5581 2389 5646 Judaei:
2419 5581 2610 5645 feriati
2639 5586 2696 5648 et
2725 5583 3051 5663 epulantes,
3091 5584 3391 5663 jejunium
3433 5581 3653 5650 Christi

3251 5051 3421 5122 cujus
3453 5045 3650 5122 capilli
3751 5058 3764 5074 ‘
