4086 6168
442 274 558 338 963

1495 265 1977 332 HUMBERTUS
2023 268 2086 330 S.
2135 270 2209 328 Β.
2255 269 2328 330 E.
2371 269 2866 337 CARDINALIS.

3722 288 3833 349 964

445 410 501 463 in
535 409 775 463 sabbato
804 401 1155 462 dissolvatis.
1188 402 1350 458 Unde
1381 399 1716 458 testimonia
1745 402 2078 473 evangelica
2106 404 2160 469 Α
2193 403 2302 456 rirc
2336 406 2746 474 pPiDVﬂlUlStlS!
2777 425 2911 465 cum
2932 409 3071 467 hinc
3090 411 3225 478 inde
3245 413 3408 471 vobis
3431 423 3734 475 resonaret
3759 420 3835 476 ri-

445 515 568 569 quae
591 494 887 568 posuistis,
913 492 1150 548 omnino
1174 491 1538 564 refragantur
1555 491 1740 560 vobis,
1759 493 2086 564 suifragan-

441 590 539 639 tur
565 600 697 638 vero
730 582 917 636 nobis.
951 581 1208 653 Denique
1233 596 1354 648 nos,
1387 584 1452 636 ut
1475 579 1745 652 discipuli
1771 581 1933 646 Jesu,
1971 598 2084 636 non

443 673 630 728 solum
663 670 773 725 iter
803 669 1034 740 agimus
1065 670 1125 724 in
1157 670 1408 724 Sabbata
1440 674 1496 723 et
1525 670 1719 741 spicas
1757 669 2081 737 evellimus,

441 760 542 816 sed
560 759 805 831 iusuper
825 757 1498 830 piscamur,etquidquid
1518 763 1742 830 oportet
1754 775 2082 829 operemur,

438 853 494 903 et
523 849 666 903 hora
687 847 1032 918 competenti
1054 847 1435 901 comedimus.
1460 847 1574 901 Vos
1598 847 1752 918 quod
1785 845 1974 918 legitis
2003 848 2087 902 di-

439 936 698 1009 scipulos
729 935 922 1007 spicas
949 935 1308 990 transeundo
1330 936 1673 1002 comedisse,
1695 953 1728 991 a
1745 935 1874 991 luce
1897 936 2088 1007 prima

437 1026 498 1080 in
527 1042 834 1096 vesperum
872 1024 1120 1080 studetis
1150 1025 1327 1080 variis
1371 1024 1592 1080 deliciis
1622 1030 1678 1080 et
1709 1025 1893 1080 multo
1925 1042 2085 1081 mero

439 1114 741 1186 crapulam
767 1114 1122 1169 continuare.
1139 1114 1252 1169 Nec
1270 1112 1506 1168 mirum:
1531 1115 1809 1169 cumistic
1831 1131 2082 1186 quoque,

437 1202 600 1260 obliti
651 1202 1010 1274 etymologiae
1073 1205 1295 1267 vestrae,
1354 1218 1422 1256 ex
1481 1201 1735 1271 nomine,
1791 1203 1945 1272 quod
1995 1208 2086 1258 est

435 1301 580 1364 ἄρτος
611 1291 842 1346 dixistis
874 1291 1053 1345 David
1088 1289 1413 1344 comedisse
1443 1306 1623 1360 panes
1646 1290 2080 1361 propositionis,

436 1381 493 1434 id
527 1384 634 1445 est,
659 1386 771 1444 τούς
799 1387 976 1450 ἄρτους
995 1384 1374 1447 τῆςπρπθέσεως
1405 1393 1553 1448 quos
1585 1392 1798 1448 negare
1834 1394 1949 1431 non
1981 1395 2080 1449 p0-

433 1467 603 1522 testis
633 1465 812 1519 fuisse
837 1482 1090 1536 azymos,
1118 1465 1165 1518 si
1192 1481 1307 1534 qua
1332 1465 1575 1520 scientia
1594 1466 1802 1520 veteris
1828 1465 1972 1537 legis
1995 1485 2083 1522 re-

435 1551 652 1608 mansit
681 1553 836 1623 apud
869 1569 988 1606 vos.
1025 1550 1242 1606 Deinde
1275 1553 1553 1624 quoniam
1597 1554 1917 1609 Sabbatum
1951 1572 2081 1626 pro-

434 1646 562 1713 pter
590 1641 886 1696 homincm
922 1641 1140 1696 factum
1173 1647 1281 1707 est,
1316 1659 1431 1697 non
1460 1641 1633 1697 homo
1666 1649 1898 1715 propter
1941 1645 2080 1698 Sab-

435 1732 633 1786 batum
669 1731 852 1800 (Marc.
886 1747 945 1795 11,
974 1728 1089 1799 27),
1123 1728 1284 1784 nullo
1313 1729 1571 1786 convivio
1603 1736 1705 1785 aut
1746 1732 1860 1787 otio
1906 1732 2082 1787 hono-

434 1823 596 1873 ratur
623 1818 776 1888 apud
810 1835 915 1872 nos
939 1822 1219 1889 tanquam
1237 1818 1542 1888 Dominus,
1572 1821 1670 1874 sed
1694 1825 1971 1875 oneratur
1995 1822 2083 1892 je-

425 1908 594 1978 junio
626 1911 682 1962 et
711 1907 926 1973 labore,
962 1905 1139 1962 veluti
1169 1909 1410 1964 devotus
1443 1926 1642 1964 servus
1673 1909 1974 1965 Dominica
2003 1928 2085 1966 se-

433 1996 671 2069 pultura
699 1999 1036 2066 occupatus.
1072 1996 1222 2066 Mox,
1251 1999 1598 2053 succedente
1629 1998 1722 2052 die
1748 2014 1926 2074 quam
1955 2015 2082 2070 spe-

433 2084 655 2141 cialiter
687 2085 820 2139 fecit
837 2084 1140 2151 Dominus,
1163 2085 1501 2141 solemniter
1522 2085 1885 2142 exsultamus
1903 2091 1960 2142 et
1988 2087 2081 2142 la:-

431 2181 646 2240 tamur,
679 2174 817 2244 quia
848 2172 905 2226 in
930 2190 996 2229 ea
1017 2174 1287 2229 Christus
1309 2192 1619 2246 resurgens
1637 2193 1671 2231 a
1693 2177 2081 2247 mortuisjam

430 2280 549 2319 non
582 2263 850 2328 moritur,
887 2277 1044 2316 mors
1077 2261 1227 2318 ultra
1259 2263 1344 2317 illi
1373 2281 1488 2318 non
1523 2265 1939 2321 dominabitur.
1974 2268 2081 2333 Qui

432 2352 605 2406 etiam
640 2366 743 2421 pro
775 2350 1039 2404 custodia
1086 2351 1322 2406 Sabbati
1371 2369 1485 2406 non
1532 2353 1808 2410 timemus
1854 2374 1885 2410 a
1925 2356 2084 2411 Chri-

433 2443 521 2492 sto
579 2437 765 2492 notari
813 2437 1126 2508 hypocrisi,
1171 2441 1449 2510 quoniam
1483 2441 1540 2495 in
1589 2458 1654 2497 eo
1687 2461 1800 2498 non
1849 2449 2079 2501 tantum

434 2542 674 2581 manum
708 2526 953 2594 aridam,
975 2527 1072 2580 sed
1093 2530 1151 2581 ct
1181 2531 1367 2582 totum
1399 2546 1611 2602 corpus
1642 2533 1966 2588 curandum
1995 2537 2079 2588 ot-

433 2614 676 2670 ferimus
709 2620 818 2670 Deo
849 2620 905 2668 et
945 2615 1208 2671 medicis.
1243 2617 1358 2671 Nec
1391 2622 1616 2673 tantum
1647 2620 1849 2677 bovem
1885 2628 1941 2677 et
1971 2624 2080 2678 asi-

431 2721 574 2758 num
623 2703 904 2759 solvimus
956 2721 988 2757 a
1036 2705 1339 2777 praesepio,
1373 2711 1429 2760 et
1459 2707 1732 2764 ducimus
1763 2711 2074 2783 adaquare,

430 2792 530 2848 sed
561 2792 735 2848 etiam
766 2810 950 2848 arare.
983 2797 1090 2848 Ast
1118 2810 1218 2849 vos
1248 2794 1506 2851 volentes
1539 2814 1666 2852 esse
1702 2797 1851 2872 legis
1883 2801 2077 2856 docto-

430 2898 542 2947 res,
577 2898 681 2937 nec
711 2881 1098 2952 intelligentes
1134 2900 1262 2954 quae
1293 2883 1597 2956 loquimini
1629 2904 1817 2959 neque
1848 2889 1918 2944 de
1947 2890 2077 2960 qui-

430 2970 540 3025 bus
589 2970 917 3037 aftirmatis,
974 2973 1357 3028 assertionem
1408 2979 1612 3030 vestrae
1663 2977 1955 3048 opinionis
1993 2979 2078 3034 sic

430 3058 820 3114 conclusistis.

2195 509 2301 547 vus
2331 493 2426 548 ille
2457 495 2705 552 ccelestis
2735 497 2903 554 lactis
2951 500 3156 556 aeterni
3190 501 3398 572 mellis,
3434 504 3762 563 Romanam
3789 512 3840 564 et

2194 582 2622 640 Occidentalem
2654 585 2971 643 Ecclesiam
2998 605 3212 646 vocans
3235 592 3557 662 dominam,
3593 599 3656 651 et
3685 596 3838 654 obse-

2195 686 2365 724 crans
2384 688 2723 730 succurrere
2742 676 3047 746 perditioni
3065 680 3338 736 Orientis.
3356 682 3542 752 Nunc,
3559 685 3745 756 gratis
3762 701 3844 741 su-

2194 758 2453 815 bvertere
2503 762 2774 818 Latinam
2807 765 3133 823 Ecclesiam
3179 769 3504 837 molientes,
3540 774 3844 830 armamini

2196 853 2395 904 contra
2418 866 2522 906 nos
2548 853 2716 923 quasi
2739 854 2937 910 Basilii
2964 859 3272 928 sententia,
3300 877 3425 931 qua
3444 861 3637 918 multo
3668 879 3844 921 vecor-

2195 938 2324 994 dior
2353 940 2649 997 invenitur
2675 942 2773 998 illa
2799 944 3047 1001 ridicula
3063 947 3297 1004 Tiresia
3319 951 3666 1023 prophetia:
3693 953 3843 1022 Quid-

2195 1029 2330 1100 quid
2358 1029 2558 1096 dicam,
2601 1040 2700 1086 aut
2726 1035 2851 1098 erit,
2895 1038 2990 1089 aut
3027 1051 3155 1092 non.
3188 1037 3407 1111 Nempe
3445 1041 3668 1097 accidit
3695 1042 3842 1098 vobis

2195 1119 2341 1175 illud
2369 1121 2603 1193 satyrici
2635 1123 3004 1193 proverbium
3040 1142 3052 1179 :

2387 1227 2698 1278 Parturiunt
2724 1234 2951 1290 montes,
2983 1239 3231 1283 nascetur
3259 1234 3513 1285 ridiculus
3542 1251 3672 1286 mus

3034 1296 3098 1357 (ll
3117 1310 3199 1345 on.
3221 1297 3296 1345 De
3324 1299 3436 1346 arte
3459 1301 3626 1362 poet,
3663 1303 3785 1364 139.)

2194 1393 2384 1460 Atque
2415 1389 2643 1445 utinam
2668 1390 3023 1461 tacuissetis,
3051 1399 3113 1448 ut
3147 1395 3494 1466 putaremini
3528 1399 3834 1470 sapientes,

2193 1495 2293 1532 ceu
2328 1480 2629 1550 Sapientia
2663 1480 2804 1535 dicit
2837 1499 2850 1536 :
2885 1503 2911 1531 «
2945 1481 3189 1550 Stultus,
3225 1483 3275 1539 si
3305 1485 3574 1556 tacuerit,
3613 1489 3835 1560 sapiens

2195 1569 2518 1640 putabitur.
2555 1592 2582 1619 ››
2617 1569 2788 1625 Modo
2819 1575 3016 1627 autem
3048 1572 3298 1628 stultitia
3344 1579 3535 1632 vestra
3568 1578 3835 1634 omnibus

2192 1664 2327 1714 nota
2348 1665 2458 1716 est.
2495 1660 2638 1715 Hinc
2673 1659 2899 1732 reliqua
2929 1661 3381 1734 perspiciamus.

2261 1748 2451 1802 XLIX.
2484 1749 3212 1808 Cossrmrmopouuuvs.
3245 1753 3544 1816 Quomodo
3575 1761 3766 1812 autem
3788 1759 3838 1813 et

2196 1836 2481 1891 suffocata
2511 1836 2569 1890 hi
2605 1835 2752 1892 tales
2781 1839 3098 1894 comedunt
3139 1841 3197 1896 in
3231 1842 3449 1913 quibus
3493 1845 3729 1916 sanguis
3757 1849 3834 1900 te-

2194 1928 2368 1979 netur
2389 1925 2416 1979 ?
2451 1929 2553 1980 aut
2585 1926 2824 1982 nescitis
2845 1931 2911 1982 ut
2939 1929 3130 1984 omnis
3152 1929 3427 1986 animalis
3446 1933 3679 2004 sanguis
3707 1934 3826 1988 ani-

2200 2031 2296 2068 ma
2326 2013 2512 2085 ipsius
2543 2014 2641 2075 sit,
2698 2019 2752 2069 et
2781 2015 2881 2086 qui
2942 2017 3258 2074 comederit
3305 2020 3661 2092 sanguinem,
3708 2020 3828 2076 ani-

2193 2119 2350 2156 mam
2403 2103 2709 2158 comedet?
2771 2103 2836 2158 Et
2895 2103 3131 2174 idcirco,
3183 2109 3504 2164 secundum
3547 2108 3694 2174 haec,
3732 2125 3834 2166 nec

2195 2191 2443 2262 gentiles
2473 2209 2541 2246 ex
2575 2196 2689 2248 toto
2721 2197 2888 2260 sunt;
2933 2193 3019 2249 illi
3055 2196 3349 2265 occidunt,
3399 2201 3500 2253 aut
3535 2197 3831 2271 plagantes

2192 2280 2525 2336 comedunt.

2265 2369 2325 2422 L.
2383 2368 2684 2425 ROMANUS.
2729 2370 2842 2424 Cur
2879 2388 2942 2426 ex
2986 2371 3110 2445 lege
3157 2374 3336 2441 istud,
3383 2378 3714 2434 secundum
3742 2395 3834 2434 vos

2191 2474 2292 2529 per
2321 2457 2616 2513 Christum
2637 2459 2944 2515 maledic-ta
2968 2466 3024 2516 et
3045 2462 3334 2531 derelicta,
3360 2466 3715 2522 mandatum
3735 2484 3836 2523 no-

2193 2546 2285 2600 bis
2334 2547 2668 2618 opponitis?
2699 2549 2970 2620 Nunquid
3001 2552 3166 2607 vobis
3207 2552 3347 2608 solis
3378 2553 3514 2610 licet
3549 2555 3834 2628 quidquid

2192 2633 2353 2704 libet,
2387 2639 2452 2689 ut
2482 2636 2653 2690 modo
2686 2637 2758 2690 ad
2789 2637 2934 2709 legis
2984 2641 3375 2711 patrocinium
3427 2642 3736 2700 humiliter
3762 2661 3837 2700 re-

2188 2724 2456 2790 curratis,
2489 2728 2544 2779 et
2575 2725 2747 2780 modo
2781 2726 2852 2780 ab
2886 2742 2955 2782 ea
2986 2729 3236 2800 superbe
3274 2735 3557 2802 tanquam
3599 2733 3834 2790 anathe-

2189 2811 2464 2867 matizata
2482 2812 2796 2869 resiliatis?
2815 2815 3018 2871 Nonne
3032 2821 3199 2873 vetus
3220 2818 3331 2890 lex,
3364 2824 3419 2875 et
3439 2837 3553 2876 non
3576 2821 3832 2896 Evange-

2189 2899 2354 2966 lium,
2384 2901 2681 2956 interdicit
2722 2909 2788 2958 ut
2834 2922 3006 2960 omne
3049 2907 3398 2964 suil‘ocatum
3429 2914 3486 2965 et
3516 2914 3758 2983 captum
3804 2929 3835 2967 a

2187 2991 2375 3045 bestia
2406 3007 2520 3044 non
2554 2993 2971 3048 comcdatur‘?«
3001 2994 3146 3060 Quia
3177 2996 3372 3052 anima
3392 2999 3587 3054 omnis
3618 3000 3833 3055 anima-

2187 3077 2260 3132 lis
2294 3079 2350 3132 in
2389 3080 2675 3151 sanguine
2703 3082 2961 3153 est(Lev.
2984 3100 3120 3150 xvu,
3156 3085 3263 3156 11).
3297 3109 3324 3135 ››
3358 3087 3599 3143 Constat
3629 3089 3828 3160 utique

500 3148 714 3204 XLVII.
749 3149 1473 3208 CONSTANTINOPOLITANUS.
1517 3155 1582 3208 Et
1622 3155 1748 3210 ideo
1793 3157 1892 3227 qui
1926 3157 2069 3212 Sab-
2103 3143 2144 3209 C
2182 3167 2289 3221 hoc
2324 3169 2664 3222 mandatum
2699 3185 2765 3222 ex
2796 3169 2911 3226 illis
2941 3187 3218 3244 assequi}:
3246 3173 3465 3229 carnali
3504 3175 3724 3248 populo
3758 3176 3825 3232 ad

428 3237 564 3292 bata
592 3253 724 3292 cum
747 3237 964 3309 azymis
987 3240 1342 3306 custodiunt,
1364 3258 1551 3313 neque
1577 3243 1761 3298 Judaei
1778 3250 1941 3322 sunt,
1976 3263 2069 3300 ne-

429 3341 542 3396 que
572 3325 886 3380 Christiani
920 3331 1077 3392 sunt,
1111 3329 1210 3381 sed
1245 3349 1270 3378 ‹‹
1302 3330 1524 3386 similes
1542 3337 1678 3386 sunt
1711 3333 2004 3404 leopardo,
2041 3359 2066 3384 ))

428 3414 581 3468 sicut
610 3430 860 3484 magnus
892 3414 1318 3483 dicitBasilius,
1355 3441 1380 3467 «
1416 3422 1586 3490 cujus
1616 3421 1809 3493 capilli
1843 3439 1945 3478 nec
1978 3425 2067 3478 ni-

425 3503 514 3573 gri
543 3508 701 3568 sunt,
727 3519 830 3557 nec
853 3502 967 3556 albi
998 3505 1256 3560 omnino.
1297 3529 1316 3556 υ

499 3591 744 3646 XLVIII.
770 3590 1074 3647 Romanus.
1097 3592 1140 3647 Ο
1163 3594 1450 3651 mirabilis
1467 3597 1795 3652 Grazcorum
1820 3600 2070 3671 philoso-

427 3681 599 3752 phia!
651 3697 682 3736 0
715 3697 809 3735 ars
841 3680 1110 3752 Pelasga!
1147 3701 1179 3737 o
1219 3683 1591 3739 Atheniensis
1631 3691 1689 3740 et
1727 3691 2072 3745 Academica

426 3769 810 3842 perspicacia!
847 3769 1006 3825 Unde
1036 3770 1143 3824 tibi
1175 3776 1376 3826 tantus
1407 3778 1611 3842 stupor
1645 3779 1702 3829 et
1730 3777 1947 3846 vertigo
1983 3795 2063 3830 rc.

2177 3256 2644 3328 qualemcunque
2673 3259 3022 3316 munditiam
3042 3263 3444 3334 seujustitiam
3466 3266 3683 3333 carnis,
3711 3283 3820 3322 non

2177 3347 2248 3399 ad
2273 3345 2529 3416 aliquam
2556 3347 2921 3402 sanctitatem
2938 3350 3150 3406 mentis
3168 3352 3303 3406 data
3315 3357 3452 3408 sunt
3473 3353 3543 3408 ad
3563 3357 3817 3426 tempus.

2177 3435 2278 3488 Est
2321 3434 2474 3490 enim
2507 3436 2577 3490 de
2607 3436 2734 3491 cibo
2771 3453 2783 3492 :
2817 3438 2969 3493 unde
3009 3440 3323 3510 Apostolus
3353 3441 3496 3498 dicit
3529 3460 3541 3497 :
3578 3465 3598 3488 -
3637 3443 3821 3499 Nemo

2175 3524 2512 3594 vosjudicet
2533 3523 2590 3578 in
2606 3524 2734 3581 cibo
2759 3527 2896 3597 (Col.
2921 3544 2981 3596 ιι,
3004 3529 3110 3600 16).
3141 3551 3167 3578 ››
3193 3535 3270 3585 Ac
3285 3530 3332 3586 si
3351 3535 3546 3602 aperte
3565 3531 3817 3586 diceret:

2178 3613 2356 3668 Nemo
2390 3630 2487 3667 vos
2517 3612 2674 3668 velut
2702 3615 2938 3672 Judteos
2959 3616 3254 3673 discernat
3273 3620 3343 3674 ab
3371 3619 3464 3675 bis
3494 3619 3639 3674 inter
3665 3636 3816 3691 quos

2181 3700 2476 3767 habitatis,
2507 3700 2566 3755 in
2590 3701 2917 3758 differentia
2952 3706 3172 3762 scilicet
3197 3709 3480 3776 ciborum,
3513 3713 3569 3764 et
3597 3708 3655 3763 in
3681 3707 3823 3764 reli-

2180 3789 2310 3857 quis
2333 3805 2459 3860 quae
2490 3790 2642 3844 idem
2673 3791 2986 3863 Apostolus
3013 3795 3245 3866 adjecit.
3281 3798 3442 3860 Quod
3479 3802 3678 3854 autem
3710 3797 3824 3865 hic,

424 3859 665 3928 pentina
687 3858 713 3912 ‘I
749 3857 889 3912 Vere
918 3858 1131 3931 triplici
1158 3861 1290 3957 fune
1315 3858 1518 3932 lingua
1545 3867 1644 3916 tua
1673 3863 1953 3920 divinitus
1984 3877 2070 3921 est
2169 3857 2448 3948 judicare,
2467 3879 2677 3934 dixerit
2694 3857 3045 3954 discernere,
3069 3857 3129 3938 in
3151 3857 3410 3957 Epistola
3439 3886 3511 3942 ad
3535 3888 3828 3944 Romanos

425 3945 625 4016 ligata.
660 3946 807 4000 Nam
833 3947 1010 4001 Graeci
1038 3947 1383 4018 sapientiam
1409 3956 1697 4020 quierunt,
1729 3969 1904 4022 quam
1929 3954 2070 4008 sim-

424 4032 552 4103 plex
568 4034 899 4104 prazdicatio
913 4035 1254 4091 Christianae
1275 4036 1408 4091 ﬁdei
1433 4038 1672 4094 stultam
1693 4041 1898 4108 etl‘ecit,
1923 4043 2074 4098 sicut

423 4119 711 4175 Dominus
741 4123 1078 4192 repromisit
1105 4139 1116 4176 :
1149 4145 1169 4174 α
1200 4123 1442 4179 Perdam
1466 4127 1810 4198 sapientiam
1844 4132 2071 4203 sapien-

424 4208 593 4278 tium,
628 4214 683 4264 et
747 4211 1117 4281 prudentiam
1166 4213 1542 4283 prudentium
1576 4221 1915 4288 reprobabo.
1966 4222 2073 4276 Ubi

423 4296 706 4369 sapiens?
737 4295 835 4352 ubi
869 4299 1101 4354 scriba?
1131 4301 1230 4355 ubi
1258 4305 1620 4374 conquisitor
1641 4311 1818 4378 hujus
1852 4311 2076 4367 saeculi?

422 4403 615 4442 nonne
638 4387 880 4442 stultam
900 4388 1202 4445 IecitDeus
1219 4392 1567 4463 sapientiam
1588 4395 1766 4467 hujus
1789 4400 2019 4454 smculi?
2046 4424 2073 4450 ››

2181 3965 2384 4038 liquet,
2417 3966 2517 4022 ubi
2549 3967 2619 4022 de
2652 3967 2874 4025 diverso
2900 3971 3125 4041 jejunio
3153 3975 3545 4045 quorumdam
3579 3975 3824 4048 loquens

2181 4055 2263 4109 ait
2295 4073 2325 4110 :-
2353 4078 2379 4104 ‹‹
2405 4054 2575 4111 Alius
2597 4057 2827 4126 judicat
2848 4057 3002 4116 diem
3034 4061 3186 4116 inter
3213 4063 3390 4132 diem,
3421 4064 3572 4120 alius
3601 4066 3829 4137 judicat

2182 4160 2416 4199 omnem
2434 4145 2586 4200 diem
2602 4147 2779 4214 (Rom.
2802 4164 2917 4215 xxv,
2934 4149 3010 4214 5).
3037 4172 3065 4199 »
3087 4150 3471 4224 Quapropter,
3495 4154 3651 4210 sicut
3673 4155 3822 4210 idem

2183 4232 2264 4286 ait
2297 4249 2310 4286 :
2346 4255 2371 4281 α
2408 4231 2572 4288 Alius
2594 4233 2777 4290 credit
2801 4252 2864 4292 se
2887 4238 3241 4295 manducare
3264 4242 3464 4296 omnia
3483 4243 3670 4311 (Ibid.,
3701 4245 3773 4314 2).
3795 4265 3822 4290 ιι

2189 4322 2238 4376 Is
2272 4320 2372 4392 qui
2403 4337 2517 4376 non
2548 4323 2868 4381 manducat
2897 4329 3187 4400 quaedam,
3239 4330 3557 4386 observans
3605 4347 3821 4388 morem

2183 4426 2300 4463 sua:
2333 4409 2536 4480 patriae
2555 4414 2611 4466 et
2636 4412 2965 4483 provinciae,
2994 4421 3051 4472 et
3071 4423 3356 4490 praecepta
3377 4421 3673 4491 majorum
3692 4436 3820 4475 suo-

424 4477 470 4542 (1
500 4475 618 4532 σον·
655 4493 692 4573 ξ,
721 4477 841 4574 20-)
873 4476 1275 4581 Questultitia
1304 4498 1406 4580 vos
1440 4483 1663 4554 repleti,
1719 4503 1821 4542 nec
1866 4505 2072 4543 secun-
2104 4511 2149 4575 D
2185 4475 2351 4565 rum;
2372 4475 2827 4557 manducantem
2875 4475 2989 4560 non
3017 4475 3370 4574 ju‘dicet.‘Tu
3404 4475 3562 4563 enim
3597 4510 3696 4581 qui
3741 4524 3818 4574 es,

424 4565 564 4619 dum
617 4564 846 4620 divinas
888 4566 1134 4636 paginas
1184 4569 1533 4627 deﬁnivistis
1576 4573 1816 4645 aliquid,
1869 4583 1925 4631 ct
1956 4595 2074 4632 ma-

423 4670 603 4725 gnum
637 4653 919 4709 Basilium
953 4658 1278 4712 secundum
1307 4658 1598 4715 humanas
1622 4668 1963 4721 monstratis
1984 4668 2076 4723 de-

423 4742 682 4797 ﬁnivisse
706 4742 873 4796 nihil.
901 4744 1308 4800 Falsissimum
1328 4749 1483 4802 enim
1509 4755 1597 4804 est
1621 4756 1684 4805 ut
1705 4753 1804 4823 qui
1823 4756 2075 4811 Sabbata

424 4834 479 4882 et
508 4845 709 4902 azyma
726 4832 1088 4898 custodiunt,
1114 4851 1217 4890 nec
1249 4836 1435 4891 Judaei
1455 4854 1556 4893 nec
1587 4840 1900 4897 Christiani
1931 4844 2070 4900 sint.

425 4919 570 4982 Quia
614 4919 915 4976 verissime
964 4923 1147 4978 Judzei
1181 4931 1319 4980 sunt
1365 4927 1464 4997 qui
1497 4928 1750 4985 Sabbata
1777 4937 1833 4986 et
1872 4951 2076 5006 azyma

424 5006 766 5062 custodiunt
797 5011 1124 5066 carnaliter.
1160 5013 1269 5067 Sed
1301 5019 1358 5069 et
1391 5015 1528 5070 illud
1564 5018 1616 5070 in
1644 5019 1931 5076 infinitam
1965 5025 2072 5078 du-

423 5095 698 5151 bietatem
735 5098 958 5165 recidit,
994 5116 1097 5154 nec
1132 5101 1248 5156 ullo
1282 5107 1448 5157 modo
1481 5122 1843 5178 consequens
1873 5113 1981 5166 erit
2009 5118 2074 5166 ut

423 5185 734 5257 leopardus
757 5187 832 5242 sit
855 5192 1103 5257 tantum,
1127 5192 1296 5262 cujus
1317 5193 1506 5269 capilli
1533 5211 1636 5250 nec
1657 5197 1800 5270 nigri
1829 5217 1932 5254 nec
1957 5201 2073 5256 albi

424 5279 583 5342 sunt;
602 5276 740 5346 quia
756 5277 1129 5347 prazterhunc
1147 5279 1599 5338 innumerabilia
1615 5285 1890 5343 animalia
1911 5295 2070 5358 sunt,

424 5378 674 5433 quorum
708 5365 810 5436 pili
838 5383 940 5422 nec
989 5367 1104 5422 albi
1124 5385 1229 5424 nec
1246 5371 1397 5442 nigri
1428 5377 1585 5426 sunt.
1609 5374 1653 5427 Ο
1675 5378 1888 5448 egregii
1914 5395 2073 5434 scru-

422 5451 639 5536 tatores
671 5451 850 5507 divini
869 5453 1114 5526 eloquii!
1141 5474 1172 5511 ο
1199 5457 1414 5513 dociles
1444 5458 1717 5531 discipuli
1741 5466 1936 5536 magni
1964 5468 2071 5524 Ba-

423 5533 566 5603 silii.
588 5553 657 5596 ex
687 5541 856 5615 cujus
882 5542 1159 5617 praeclaro
1187 5546 1346 5607 fonte
1376 5545 1521 5606 nihil
1552 5547 1668 5608 nisi
1695 5533 1886 5612 lutum
1917 5555 2069 5621 hau-

2184 4587 2281 4657 qui
2308 4587 2544 4657 judicas
2576 4587 2830 4644 alienum
2865 4609 3118 4662 servum,
3151 4596 3250 4666 qui
3283 4596 3441 4652 salva
3463 4597 3578 4652 ﬁde
3605 4603 3663 4654 et
3683 4613 3821 4670 pura

2185 4676 2542 4733 conscientia
2570 4679 2824 4734 comedit
2853 4681 3137 4754 quidquid
3171 4701 3204 4738 a
3234 4685 3558 4755 majoribus
3581 4687 3704 4743 suis
3731 4701 3818 4742 co-

2188 4765 2541 4820 medendum
2591 4767 2856 4838 accepit?
2886 4775 2949 4824 ut
2975 4771 3128 4826 enim
3166 4775 3445 4830 Dominus
3479 4776 3562 4830 ait
3595 4793 3607 4830 :
3645 4799 3671 4825 ‹‹
3703 4775 3814 4830 Non

2186 4853 2343 4924 quod
2385 4853 2443 4908 in
2475 4871 2540 4910 os
2583 4855 2757 4912 intrat
2787 4859 3127 4931 coinquinat
3155 4861 3458 4918 hominem
3492 4865 3698 4930 (Matth.
3731 4880 3813 4929 xv,

2186 4943 2294 5013 11).
2331 4965 2358 4991 ››
2392 4943 2462 4998 Et
2496 4946 2820 5004 secundum
2861 4949 3203 5019 Apostolum
3239 4969 3251 5006 :
3285 4973 3312 5000 «
3348 4953 3563 5009 Omnia
3611 4952 3815 5008 munda

2185 5032 2443 5087 mundis.
2479 5033 2879 5104 Coinquinatis
2900 5044 3094 5093 autem
3117 5043 3173 5094 et
3202 5039 3543 5098 inﬁdelibus
3573 5040 3714 5096 nihil
3737 5043 3813 5096 est

2185 5121 2494 5190 mundum,
2521 5122 2620 5176 sed
2656 5122 2974 5194 inquinatas
3001 5133 3140 5183 sunt
3170 5146 3368 5185 eorum
3403 5146 3574 5186 utens
3607 5135 3662 5187 et
3691 5147 3808 5185 con-

2184 5209 2427 5266 scientia
2454 5212 2578 5280 (Tz't.
2600 5229 2638 5279 1,
2663 5212 2770 5281 45),
2798 5235 2826 5263 ››
2849 5215 3009 5278 Quod
3035 5217 3312 5274 Romanis
3335 5220 3688 5276 denuntians
3704 5219 3806 5273 ait:

2185 5320 2213 5345 ‹‹
2249 5299 2380 5354 Scio
2412 5303 2467 5353 et
2497 5301 2722 5357 confido
2754 5303 2813 5357 in
2845 5303 3089 5362 Domino
3119 5308 3281 5375 Jesu,
3314 5309 3468 5380 quod
3494 5309 3640 5364 nihil
3669 5321 3808 5364 com-

2182 5402 2357 5442 mune
2386 5405 2489 5459 per
2513 5389 2729 5460 ipsum,
2765 5392 2879 5448 nisi
2903 5395 3002 5466 qui
3024 5396 3320 5453 existimat
3349 5397 3490 5469 quid
3515 5407 3807 5452 commune

2182 5489 2329 5543 esse,
2375 5473 2460 5529 illi
2509 5492 2821 5535 commune
2867 5486 2955 5537 est
3001 5485 3173 5556 (Rom.
3222 5502 3337 5553 XIV,
3371 5485 3483 5556 14).
3533 5507 3561 5534 ››
3602 5485 3664 5540 Et
3691 5483 3810 5556 post

2179 5577 2368 5642 pauca
2411 5579 2426 5626 :
2480 5585 2510 5616 »
2557 5566 2666 5636 Qui
2723 5569 3020 5648 discernit,
3082 5573 3133 5631 si
3165 5574 3622 5648 manducaverit,
3679 5588 3810 5631 con-
