4086 6168
189 281 304 344 965

1173 276 1590 347 ADVERSUS
1634 281 2090 350 GIUEGORUM
2137 284 2620 353 CALUMNIAS.

3474 299 3594 363 966

187 415 502 471 damnatus
529 417 655 470 est:
693 412 833 489 quia
860 432 974 473 non
1006 432 1073 472 ex
1105 417 1251 472 ﬁde:
1275 433 1444 472 omne
1463 421 1657 473 autem
1684 420 1838 490 quod
1870 429 1925 492 Α
1959 429 2140 492 usque
2166 439 2319 477 nunc
2344 423 2603 479 ursinam
2627 423 2900 481 alienant.
2926 426 2994 480 Et
3021 430 3175 482 certe
3198 429 3247 482 si
3267 429 3593 488 humanum

185 521 301 558 non
369 506 456 560 est
531 504 664 571 ﬁde,
745 509 1048 577 peccatum
1124 509 1214 563 est
1273 507 1452 578 (Ibid.,
1485 509 1598 578 23).
1636 531 1662 556 »
1722 509 1830 563 Sed

184 592 456 664 quamvis
515 593 715 650 omnia
767 595 990 652 munda
1047 599 1206 665 sunt,
1240 599 1461 663 tamen,
1509 598 1832 652 secundum

182 681 461 737 eumdem
492 681 844 754 Apostolum
870 702 884 740 :
919 707 946 733 ‹‹
981 683 1198 740 Malum
1231 689 1320 740 est
1345 684 1590 752 homini,
1613 685 1712 757 qui
1735 702 1836 757 per

187 769 615 826 otl‘endiculum
638 773 956 827 manducet
985 772 1209 844 aliquid
1259 773 1440 844 (lbid.,
1469 774 1560 844 20)
1593 796 1619 822 ››
1678 775 1832 845 quod

180 859 364 915 frater
392 859 631 914 modicae
664 859 796 915 ﬁdei
813 865 870 916 et
897 861 1090 916 adhuc
1120 861 1392 917 inﬁrmus
1420 863 1480 916 in
1513 863 1626 917 ﬁde
1648 863 1836 918 credit

179 948 562 1004 immundum
592 953 649 1003 et
680 955 914 1021 propter
933 949 1043 1005 hoc
1101 967 1216 1006 non
1250 951 1697 1006 comedendum.
1729 951 1834 1006 Cui

181 1037 650 1094 condescendere
673 1037 956 1094 debemus
976 1038 1037 1094 in
1057 1039 1410 1096 abstinentia
1429 1056 1697 1096 escarum
1726 1040 1835 1095 hu-

173 1125 469 1196 jusmodi,
502 1129 568 1180 ut
588 1125 886 1198 possimus
907 1144 1045 1183 eum
1063 1129 1306 1184 Domino
1331 1127 1542 1184 lucrari
1571 1147 1582 1184 :
1613 1145 1681 1184 ne
1703 1128 1835 1184 reli-

179 1214 414 1286 gionem
429 1214 822 1270 Christianam
850 1233 954 1288 pro
977 1216 1177 1289 aliqua
1196 1233 1330 1273 esca
1352 1217 1593 1289 incipiat
1612 1217 1836 1272 abomi-

181 1301 336 1371 nari,
367 1307 425 1358 et
453 1303 582 1358 cibo
608 1307 806 1360 nostro
837 1305 1117 1377 perdatur
1147 1305 1453 1378 frater,pro
1494 1322 1608 1378 quo
1640 1305 1836 1362 Chris-

189 1394 290 1446 tus
319 1395 592 1447 mortuus
623 1395 734 1448 est.

251 1479 341 1534 LI.
377 1480 494 1536 Nos
526 1497 661 1554 ergo
691 1482 962 1553 quamvis
993 1499 1028 1538 a
1055 1481 1302 1538 Domino
1342 1487 1400 1540 et
1452 1484 1522 1540 ab
1557 1483 1836 1556 apostolis

179 1569 490 1626 licentiam
511 1569 838 1627 habeamus
864 1572 1218 1628 manducare
1243 1573 1441 1628 omnia
1465 1590 1590 1645 quae
1614 1590 1718 1628 nec
1740 1589 1838 1628 no-

178 1663 322 1712 straa
353 1674 457 1713 nec
487 1658 750 1715 fraternae
784 1659 958 1715 saluti
991 1660 1278 1727 ofﬁciunt,
1304 1661 1724 1717 consuetudine
1746 1666 1836 1716 ta-

179 1763 322 1802 men
339 1747 765 1819 provinciarum
779 1753 835 1804 et
860 1751 1163 1822 praeceptis
1183 1751 1473 1820 majorum
1500 1755 1834 1807 nostrorum

177 1835 475 1892 hactenus
519 1836 758 1908 detenti,
812 1838 1140 1895 devitamus
1199 1841 1503 1896 comedere
1532 1839 1835 1907 nonnulla,

177 1941 298 1980 non
333 1924 474 1998 quia
503 1925 658 1980 mala
686 1930 789 1982 aut
818 1926 1126 1983 immunda
1179 1931 1339 1995 sunt,
1400 1929 1501 1984 sed
1563 1929 1702 2000 quia
1739 1932 1840 1984 aut

175 2012 353 2069 nobis
386 2013 584 2086 aliquo
616 2015 790 2070 modo
821 2032 935 2071 non
959 2016 1294 2088 expediunt,
1324 2021 1425 2072 aut
1446 2016 1618 2090 longo
1637 2035 1748 2073 usu
1778 2018 1836 2073 in

177 2105 461 2158 naturam
484 2103 612 2174 jam
642 2120 808 2160 verso
862 2104 1119 2161 horrent.
1169 2105 1372 2161 Nonne
1397 2105 1574 2162 draco
1605 2105 1838 2178 populis

176 2191 520 2264 Ethiopum
551 2191 613 2247 in
643 2209 776 2249 esca
808 2193 982 2249 datus
1014 2193 1227 2250 dicitur
1250 2194 1277 2249 ‘?
1308 2195 1373 2248 Et
1405 2193 1698 2250 nonnullas
1730 2211 1836 2250 na-

174 2279 376 2337 tiones
411 2279 770 2352 quibusdam
799 2285 1118 2339 vescuntur
1149 2299 1277 2355 quae
1296 2283 1421 2338 alia:
1445 2281 1677 2355 penitus
1701 2282 1837 2338 abo-

172 2370 512 2426 minantur.
546 2371 660 2426 Cur
690 2370 821 2436 hoc,
856 2372 970 2427 nisi
1005 2371 1146 2442 quia
1177 2388 1546 2444 unaquaeque
1603 2388 1748 2444 gens
1777 2371 1836 2426 in

171 2476 285 2515 suo
321 2475 503 2515 sensu
528 2460 857 2528 abundans,
879 2461 1144 2532 quaedam
1171 2460 1283 2517 sibi
1307 2461 1651 2533 assumpsit,
1684 2477 1838 2530 quae-

170 2549 320 2604 dam
349 2548 600 2620 rejecit?
628 2548 789 2606 Unde
820 2567 928 2606 nos
979 2567 1214 2622 quoque
1274 2550 1497 2622 absque
1554 2548 1744 2622 culpis
1778 2549 1835 2604 in

169 2638 466 2693 antidotis
493 2637 749 2710 plurima
778 2639 1138 2711 percipimus
1168 2656 1295 2707 qua:
1328 2655 1396 2694 ex
1441 2639 1836 2710 serpentibus,

169 2731 222 2781 et
255 2743 340 2782 ex
371 2725 504 2782 aliis
533 2744 662 2798 qua:
693 2744 1066 2783 exsecramur
1088 2727 1512 2797 animantibus,
1533 2731 1839 2798 assumpta

170 2831 307 2871 esse
328 2831 448 2871 non
466 2815 994 2882 dubitamus.Quod
1013 2832 1148 2889 ergo
1162 2816 1394 2872 inﬁrmo
1408 2816 1837 2888 qualiscunque

172 2903 483 2960 medicina
533 2904 642 2960 hoc
701 2907 851 2961 fame
907 2906 1171 2978 pereunti
1225 2905 1650 2978 qualiscunque
1681 2921 1833 2960 esca.

173 2993 238 3048 Et
263 2993 437 3049 sicut
455 2994 884 3050 abominandus
900 2994 1173 3051 inﬁrmus
1192 3011 1308 3049 non
1331 2998 1442 3066 est,
1461 2992 1838 3050 artiﬁcialiter

174 3082 448 3137 refectus
465 3083 752 3154 sanguine
769 3087 827 3138 et
848 3083 1126 3138 cadavere
1150 3082 1480 3154 aliquorum
1506 3081 1831 3153 reptilium:

174 3171 261 3226 sic
302 3186 418 3225 nec
450 3170 602 3226 fame
640 3171 964 3237 tabescens,
1025 3171 1073 3226 si
1129 3171 1417 3243 sanguine
1475 3176 1532 3225 et
1559 3171 1839 3226 suﬁ‘ocato

170 3264 326 3315 natu
338 3258 542 3314 raliter
554 3263 846 3315 sustentat
859 3257 1221 3315 miserabiles
1235 3265 1420 3327 artus,
1446 3263 1650 3331 potens
1665 3257 1840 3314 etiam

174 3349 250 3404 ad
287 3347 552 3403 litteram
583 3365 715 3404 cum
749 3349 915 3404 beato
940 3349 1048 3404 Job
1079 3348 1268 3404 dicere
1295 3365 1308 3403 :
1347 3350 1479 3414 Qua:
1512 3346 1675 3418 prius
1707 3351 1840 3402 tan-

169 3452 333 3508 gere
366 3435 596 3492 nolebat
615 3437 813 3493 anima
833 3453 988 3502 mea,
1011 3454 1168 3494 nunc
1188 3454 1302 3509 prae
1316 3435 1589 3508 angustia
1601 3435 1712 3490 cibi
1727 3437 1839 3491 mei

163 3530 327 3582 sunt
364 3525 501 3597 (Job,
532 3543 609 3593 vx,
639 3529 716 3597 7).
755 3550 780 3575 ››
813 3527 1016 3582 Omnis
1045 3527 1202 3582 enim
1224 3530 1492 3582 creatura
1515 3526 1611 3580 Dei
1663 3527 1836 3591 bona,

1947 527 2128 580 super
2188 510 2278 566 his
2316 513 3025 586 interrogetisjudicium,
3087 515 3446 574 immundior
3485 522 3596 577 erit

1944 615 2155 669 porcus
2189 600 2520 672 reptilibus,
2557 602 2831 660 sordibus
2863 610 3040 677 atque
3073 604 3296 676 reliquo
3356 625 3460 663 suo
3493 627 3594 680 pa-

1944 684 2103 741 bulo.
2136 689 2244 742 Sed
2279 688 2399 744 sive
2431 707 2558 756 nos,
2593 691 2709 746 sive
2738 710 2861 758 vos,
2897 693 3049 765 quod
3085 711 3118 748 a
3140 695 3464 764 majoribus
3487 714 3595 752 no-

1946 775 2083 830 stris
2117 778 2450 849 accepimus
2486 784 2587 834 aut
2609 797 2720 836 usu
2747 786 3015 837 tenemus
3039 784 3486 852 comedendum,
3508 785 3595 841 sic

1945 863 2338 932 observemus,
2372 871 2435 920 ut
2465 867 2514 922 is
2547 869 2645 939 qui
2679 886 2792 924 non
2847 871 3184 936 manducet,
3228 874 3596 929 manducan-

1943 953 2062 1005 tem
2096 969 2210 1008 non
2243 961 2516 1026 spernat:
2551 960 2607 1012 et
2641 957 2740 1028 qui
2800 959 3134 1025 manducet,
3196 977 3310 1015 non
3343 963 3594 1018 mandu-

1946 1043 2174 1095 cantem
2209 1059 2324 1097 non
2348 1044 2594 1113 judicet.

2020 1129 2134 1185 LII.
2181 1130 2555 1188 Considerate
2615 1138 2809 1190 tamen
2873 1137 2943 1190 ad
2976 1141 3250 1208 quantam
3277 1137 3592 1194 stultitiam

1947 1216 2216 1272 devoluta
2246 1219 2321 1274 sit
2351 1226 2543 1276 vestra
2574 1224 2866 1295 scriptura
2886 1230 2941 1278 et
2963 1225 3269 1293 sapientia,
3293 1243 3423 1297 quae
3453 1244 3592 1283 cum

1947 1304 2018 1358 ab
2034 1304 2376 1363 hominibus
2397 1307 2697 1380 exquirere
2718 1311 2954 1366 deberet
2972 1313 3145 1366 ﬁnem
3170 1320 3592 1385 praeceptorum

1950 1393 2067 1459 Dei,
2101 1394 2155 1449 id
2189 1400 2278 1450 est
2307 1396 2652 1453 charitatem
2687 1399 2757 1454 de
2789 1401 2962 1454 corde
2996 1418 3140 1472 puro
3163 1405 3218 1456 et
3239 1403 3595 1459 conscientia

1947 1481 2099 1537 bona
2129 1487 2184 1538 et
2215 1484 2326 1539 ﬁde
2358 1502 2473 1540 non
2506 1487 2639 1541 ﬁcta
2665 1504 2676 1540 :
2702 1487 2812 1542 hoc
2830 1488 3019 1543 solum
3045 1489 3470 1560 exquirendum
3495 1509 3597 1562 pu-

1947 1574 2050 1636 tat,
2083 1589 2155 1626 an
2185 1571 2499 1644 aliquando
2531 1577 2889 1631 comederint
2911 1594 3146 1632 carnem
3174 1578 3460 1634 ursinam.
3489 1581 3595 1635 Gu-

1938 1659 2040 1730 jus
2074 1678 2246 1716 usum
2281 1663 2548 1733 quamvis
2583 1681 2693 1719 non
2729 1665 3072 1730 admitlatis,
3119 1667 3594 1724 admitttentibus

1945 1752 2139 1804 tamen
2175 1768 2275 1821 pro
2308 1752 2550 1807 crimine
2585 1760 2850 1824 reputare
2912 1771 3026 1808 non
3078 1755 3302 1811 debetis
3332 1775 3344 1823 ;
3379 1757 3595 1828 quibus

1949 1837 2281 1910 evangelica
2313 1844 2368 1894 et
2394 1840 2713 1913 apostolica
2774 1843 3090 1898 auctoritas
3148 1844 3345 1899 omnia
3371 1847 3597 1901 edenda

1949 1927 2272 1981 constituit.

2021 2015 2160 2070 LIII.
2195 2017 2309 2072 Nec
2343 2016 2451 2072 hoc
2481 2018 2741 2074 dicentes
2773 2020 3126 2075 sutl‘ocatum
3157 2025 3213 2075 et
3243 2023 3593 2094 sanguinem

1959 2103 2131 2159 nobis
2151 2110 2356 2160 contra
2395 2123 2496 2160 vos
2537 2107 3024 2164 detendentibus:
3069 2109 3370 2181 antiquam
3437 2111 3594 2167 enim

1948 2193 2431 2249 consuetudinem
2447 2210 2548 2250 seu
2564 2196 2936 2250 traditionem
2956 2198 3243 2268 majorum
3257 2204 3592 2257 nostrorum

1947 2281 2256 2354 diligenter
2274 2283 2610 2351 retinentes,
2629 2301 2734 2340 nos
2756 2302 2992 2356 quoque
3009 2285 3129 2341 hanc
3152 2287 3590 2357 abominamur;

1948 2371 2091 2425 adeo
2151 2373 2500 2443 sanguinem
2559 2372 2643 2428 vel
2703 2390 3052 2445 quocunque
3104 2374 3429 2433 morticinio
3495 2383 3598 2434 aut

1947 2458 2116 2530 aquis
2145 2477 2247 2515 seu
2283 2477 2634 2532 quacunque
2687 2462 3043 2535 negligentia
3097 2463 3360 2519 humana
3390 2466 3594 2537 praefo-

1948 2552 2094 2615 cato,
2128 2551 2282 2621 apud
2315 2567 2420 2605 nos
2463 2549 2778 2622 aliquando
2825 2552 3196 2608 vescentibus
3243 2554 3466 2625 absque
3497 2572 3596 2609 ex-

1945 2641 2130 2692 tremo
2162 2639 2418 2710 periculo
2455 2639 2577 2694 vita;
2610 2640 2810 2710 hujus,
2838 2641 3177 2713 pmnitentia
3198 2642 3596 2715 gravisimpo-

1947 2731 2148 2781 natur:
2185 2745 2286 2798 pro
2309 2745 2374 2783 eo
2399 2729 2650 2784 maxime
2673 2729 2813 2800 quia
2834 2731 3110 2801 antiquas
3134 2731 3590 2788 consuetudines

1946 2820 2002 2869 et
2032 2816 2374 2872 traditiones
2407 2817 2718 2887 majorum,
2744 2834 2870 2888 qua:
2887 2834 3000 2872 non
3017 2821 3370 2872 suntcontra
3393 2819 3588 2887 ﬁdem,

1946 2903 2102 2976 leges
2131 2905 2480 2975 apostolicas
2512 2905 2898 2959 arbitramur:
2933 2922 3066 2960 nam
3101 2906 3172 2960 de
3202 2906 3423 2962 caateris
3466 2924 3592 2979 qua:

1947 2992 2193 3064 aucupio
2226 2997 2328 3047 aut
2350 2993 2593 3048 canibus
2617 3010 2716 3048 seu
2740 2993 2946 3064 laqueo
2968 2995 3305 3050 venantium
3330 2995 3592 3051 moriun-

1946 3084 2059 3149 tur,
2093 3081 2350 3152 Apostoli
2383 3086 2734 3154 praeceptum
2767 3081 3110 3153 sequimur:
3151 3107 3170 3132 α
3204 3084 3388 3139 Omne
3436 3087 3589 3156 quod

1871 3153 1912 3219 C
1945 3168 2004 3224 in
2039 3169 2348 3224 macellum
2380 3170 2555 3234 venit,
2589 3171 2957 3233 manducate,
2993 3170 3136 3224 nihil
3169 3171 3592 3243 interrogantes

1949 3262 2182 3330 propter
2210 3259 2624 3315 conscientiam
2659 3261 2704 3329 (l
2734 3259 2852 3314 Cor.
2888 3277 2942 3326 x,
3002 3261 3112 3329 25).
3148 3283 3174 3310 »
3236 3260 3466 3316 Domini
3504 3266 3594 3316 est

1951 3351 2105 3401 terra
2132 3353 2188 3403 ct
2219 3347 2519 3418 plenitudo
2551 3349 2699 3418 ejus.
2735 3349 2895 3411 Quod
2934 3349 3109 3403 etiam
3168 3349 3228 3404 in
3261 3349 3590 3405 convivium

1947 3435 2254 3505 gentilium
2287 3437 2506 3492 vocatis
2529 3437 2818 3492 concessit
2839 3437 3038 3491 dicens
3062 3454 3079 3490 :
3108 3461 3133 3485 ‹‹
3157 3437 3215 3492 Si
3239 3437 3370 3508 quis
3393 3438 3593 3493 inlide-

1948 3523 2092 3579 lium
2123 3531 2289 3581 vocat
2319 3543 2419 3580 vos
2449 3527 2521 3581 ad
2554 3543 2776 3581 cwnam
2808 3530 2865 3580 et
2891 3525 3068 3580 vultis
3100 3526 3209 3581 ire:
3233 3526 3416 3582 Omne
3437 3528 3590 3598 quod

1945 3615 2110 3670 vobis
2139 3616 2452 3687 apponitur
2477 3614 3006 3680 manducate,nihil
3023 3615 3445 3686 interrogantes
3462 3633 3591 3687 pro-

1945 3707 2073 3774 pter
2102 3705 2521 3761 conscientiam
2555 3704 2737 3775 (ΗΜΛ,
2771 3704 3010 3773 xxvn).»
3046 3703 3326 3757 Dominus
3359 3720 3592 3773 quoque

1944 3808 2048 3862 pro
2081 3793 2347 3848 mercede
2380 3791 2858 3863 praedicatoribus
2890 3791 3012 3845 suis
3041 3791 3350 3861 providens
3384 3790 3589 3846 alimo-

1944 3879 2101 3932 niam
2135 3879 2280 3934 dixit
2311 3879 2432 3934 eis:
2469 3902 2494 3927 ‹‹
2531 3879 2590 3933 In
2619 3879 2792 3932 domo
2817 3877 3210 3948 recipientium
3231 3895 3334 3932 vos
3361 3884 3590 3934 manete

1941 3967 2178 4022 edentes
2209 3972 2266 4022 et
2282 3967 2546 4022 bibentes
2570 3983 2696 4037 quae
2715 3967 2868 4038 apud
2889 3965 3020 4021 illos
3042 3971 3180 4021 sunt
3205 3968 3358 4038 (Luc.
3385 3985 3441 4038 x,
3463 3969 3542 4040 7).
3561 3990 3589 4018 »

1942 4056 2085 4111 Ecce
2117 4057 2401 4110 Dominus
2435 4073 2548 4111 non
2580 4055 2725 4110 dixit
2756 4055 3022 4127 quaedam
3054 4057 3208 4127 apud
3240 4056 3368 4112 illos
3398 4074 3590 4113 come-

1941 4143 2080 4214 dite,
2114 4144 2214 4199 sed
2249 4143 2647 4199 indifferenter
2677 4159 2802 4214 qua?
2831 4145 2982 4215 apud
3012 4146 3137 4200 illos
3159 4149 3305 4200 sunt.
3331 4147 3589 4218 Quapro-

1941 4238 2072 4304 pter
2104 4231 2298 4288 omnis
2330 4232 2504 4287 homo
2537 4231 2842 4287 scientiam
2875 4232 3118 4302 habens,
3169 4234 3216 4290 si
3249 4235 3594 4307 simpliciter

159 3621 218 3669 et
231 3613 399 3679 nihil
416 3614 797 3684 rejiciendum
814 3615 966 3686 quod
984 3631 1117 3670 cum
1132 3615 1451 3688 gratiarum
1473 3614 1699 3670 actione
1715 3630 1839 3685 per-

155 3703 395 3776 cipitur
419 3719 432 3757 :
461 3703 861 3758 sanctiﬁcatur
887 3703 1040 3758 enim
1058 3704 1410 3775 perverbum
1435 3703 1533 3757 Dei
1556 3701 1835 3757 etoratio-

152 3809 319 3848 nem.
359 3792 431 3846 Et
461 3807 561 3847 vos
593 3792 953 3864 peregrinos,
973 3808 1186 3864 egenos
1208 3796 1264 3846 et
1285 3807 1568 3864 pauperes
1591 3789 1830 3858 Christi,

151 3897 258 3936 nec
293 3881 467 3935 inter
495 3881 739 3952 gentiles
771 3881 1146 3953 computatis,
1179 3880 1396 3952 quibus
1429 3879 1508 3934 nil
1537 3885 1626 3935 est
1657 3897 1830 3934 mun-

146 3969 320 4037 dum,
343 3968 494 4040 quia
506 3969 824 4042 aliquando
843 3969 1241 4042 qualicunque
1255 3970 1383 4025 cibo
1405 3969 1658 4024 retinent
1673 3986 1706 4024 a
1720 3973 1833 4024 Deo

153 4058 266 4114 sibi
303 4058 528 4113 datum
559 4059 864 4128 praesentis
884 4057 1013 4114 vita:
1027 4075 1246 4114 munus
1264 4057 1494 4124 ?Quare
1509 4075 1622 4112 non
1637 4057 1833 4128 potius

155 4147 421 4220 signatae
446 4163 611 4202 arcas
634 4148 898 4220 pecunias
919 4151 974 4204 et
995 4147 1399 4220 promptuaria
1419 4147 1744 4202 eructantia
1765 4162 1834 4202 ex

154 4235 268 4293 hoc
301 4237 381 4292 in
415 4234 561 4290 illud
596 4237 856 4309 aperitis,
891 4242 949 4293 et
976 4236 1315 4310 dispergitis
1346 4235 1723 4308 pauperibus,
1769 4239 1834 4290 ut

145 4324 411 4395 justitia
439 4328 632 4380 vestra
662 4329 898 4381 maneat
925 4325 985 4381 in
1017 4330 1301 4381 aternum
1333 4329 1390 4381 et
1428 4325 1554 4395 jam
1611 4340 1726 4378 non
1756 4323 1834 4378 sit
1941 4321 2062 4376 edit
2092 4327 2148 4376 et
2181 4321 2328 4376 bibit
2360 4321 2644 4392 quidquid
2681 4322 2739 4376 in
2773 4321 3086 4379 macellum
3119 4323 3275 4379 venit
3305 4329 3406 4379 aut
3437 4325 3591 4395 quod

153 4411 240 4466 eis
275 4411 616 4468 necessitas
648 4429 1002 4484 praesumere
1033 4413 1232 4468 cibum
1280 4411 1582 4468 insolitum
1606 4412 1633 4465 ‘2
1665 4412 1831 4467 Nunc
1941 4410 2055 4466 sibi
2089 4410 2421 4483 apponitur,
2455 4409 2792 4466 nullatenus
2825 4416 2912 4467 est
2943 4412 3292 4483 culpandus,
3318 4411 3429 4466 nisi
3458 4412 3592 4465 inde

156 4509 407 4566 autem,
442 4500 641 4557 usuris
675 4506 730 4557 et
763 4501 1246 4574 oppressionibus
1277 4501 1632 4558 miserorum
1664 4500 1830 4556 ditati
1860 4520 1906 4584 Ι)
1943 4499 2202 4570 aliquam
2227 4498 2664 4554 immunditiam
2691 4499 3058 4555 conscientia:
3094 4517 3212 4554 suae
3260 4498 3587 4553 contrahat.

146 4594 208 4644 et
238 4587 420 4655 elati,
455 4588 922 4655 calumniamini,
957 4590 1005 4646 si
1039 4607 1218 4664 egens
1250 4590 1517 4646 omnium
1541 4593 1832 4646 sustente—
1941 4588 2086 4653 Quia
2118 4605 2232 4642 non
2267 4588 2421 4658 quod
2448 4588 2602 4642 intra
2633 4587 2688 4641 in
2722 4605 2808 4655 os,
2869 4587 2970 4641 sed
3023 4588 3176 4656 quod
3237 4586 3498 4658 procedit
3521 4587 3592 4641 de

146 4683 252 4732 tur
283 4677 502 4751 aliquo
532 4679 684 4748 quod
707 4695 808 4734 vos
839 4663 1187 4752 impinguati
1209 4684 1267 4735 et
1289 4677 1573 4752 crapulati
1601 4679 1830 4734 abomi-
1941 4694 2037 4732 ore
2070 4663 2414 4748 coinquinat
2445 4675 2741 4731 hominem
2775 4673 2983 4744 (Matth.
3018 4691 3109 4741 xv,
3148 4675 3255 4744 11).
3315 4674 3428 4729 Nec
3459 4691 3592 4730 esca

149 4765 406 4822 namini
434 4783 448 4831 ;
484 4783 599 4821 non
630 4767 998 4824 attendentes
1027 4767 1343 4835 Dominum
1368 4766 1828 4823 misericordiam
1943 4767 2140 4839 aliqua
2171 4771 2259 4821 est
2285 4766 2342 4820 in
2374 4764 2534 4833 vitio,
2569 4763 2667 4818 sed
2702 4763 3128 4816 immoderatus
3151 4763 3465 4834 appetitus.
3490 4763 3592 4820 Ve-

142 4855 346 4911 malle
384 4869 564 4926 quam
597 4855 972 4912 sacriﬁcium.
1007 4856 1113 4920 Qui
1166 4856 1355 4928 primo
1386 4855 1607 4912 mensis
1640 4855 1831 4912 homi-
1943 4873 2094 4922 rum,
2130 4872 2202 4911 ne
2235 4851 2664 4910 scandalizetur
2693 4851 2870 4905 frater
2899 4849 3174 4906 inﬁrmus
3205 4852 3264 4906 in
3323 4853 3455 4920 ﬁde,
3489 4854 3590 4925 qui

145 4960 308 4999 num
346 4942 925 5016 postcataclysmum
941 4944 1369 5016 amovitaliqua
1390 4944 1559 5017 quasi
1581 4944 1835 4999 immun-
1943 4942 2673 5017 putataliquidcommune
2692 4937 2776 4993 vel
2799 4937 3175 4996 immundum
3199 4957 3325 4998 esse
3352 4959 3364 5009 ;
3391 4942 3592 5015 siquis

142 5033 258 5100 da,
298 5047 452 5088 cum
486 5030 687 5103 utique
716 5034 918 5090 omnia
947 5033 1146 5090 fecerit
1175 5033 1337 5090 valde
1367 5034 1538 5100 bona,
1572 5039 1629 5088 et
1658 5032 1830 5088 ratio-
1941 5033 2183 5088 dixerit:
2215 5031 2323 5086 hoc
2356 5027 2708 5084 suﬁ‘ocatum
2741 5032 2849 5092 est,
2883 5027 2971 5083 vel
3002 5030 3401 5086 morticinium
3436 5049 3449 5098 ;
3476 5048 3590 5086 non

147 5121 322 5177 nalis
361 5124 645 5176 creatura:
677 5121 885 5176 vitium
916 5121 1310 5178 abominabile
1340 5122 1417 5178 sit
1436 5123 1591 5194 apud
1624 5122 1829 5190 Deum,
1943 5126 2031 5177 est
2062 5118 2508 5182 comedendum,
2541 5119 2605 5169 ut
2632 5117 2947 5187 Apostolus
2990 5119 3061 5172 de
3119 5119 3439 5190 idolotbyto
3470 5120 3586 5173 ait:

143 5227 278 5266 non
317 5209 609 5282 quaelibet
639 5210 1066 5268 irrationalium
1096 5216 1492 5268 creaturaram
1518 5229 1531 5279 ;
1562 5209 1832 5267 voluntas
1944 5234 1970 5260 ‹‹
2003 5209 2062 5264 Si
2092 5209 2224 5280 quis
2255 5205 2487 5275 dixerit,
2521 5209 2629 5260 hoc
2661 5205 3032 5260 immolatum
3065 5211 3152 5262 est
3183 5207 3380 5272 idolis,
3415 5205 3592 5261 nolite

142 5313 416 5370 quoque
436 5296 750 5354 hominum
783 5298 1101 5372 aliquando
1123 5299 1236 5356 sibi
1262 5301 1530 5373 quaadam
1550 5299 1828 5368 vindicat,
1943 5299 2320 5363 manducare,
2354 5298 2590 5367 propter
2617 5309 2752 5349 eum
2784 5293 2884 5364 qui
2918 5294 3213 5364 indicavit,
3271 5299 3327 5350 et
3359 5299 3592 5365 propter

139 5387 503 5461 aliquando
535 5387 771 5444 alienat.
813 5390 932 5446 Ceu
960 5389 1206 5446 Romani
1237 5389 1441 5462 paucis
1498 5389 1670 5446 annis
1699 5393 1833 5446 ante
1945 5386 2384 5444 conscientiam.
2416 5383 2844 5440 Conscientiam
2869 5387 3062 5437 autem
3089 5383 3240 5450 dico,
3266 5399 3381 5437 non
3407 5389 3588 5462 tu_am,

139 5476 634 5535 Constantinum
665 5477 946 5552 Magnum
979 5479 1230 5552 porcina
1287 5479 1481 5536 carnis
1533 5493 1699 5535 esum
1732 5495 1836 5552 per

132 5565 556 5644 Aurelianum
573 5565 989 5646 imperatorem
1011 5569 1124 5629 sibi
1143 5569 1538 5632 vindicarunt.
1564 5569 1630 5640 Et
1651 5569 1832 5631 Graeci

1942 5477 2042 5534 sed
2075 5473 2317 5532 alterius
2339 5473 2383 5544 (ι
2411 5476 2536 5530 Cor.
2570 5489 2629 5541 x,
2684 5474 2775 5538 28,
2823 5472 2936 5543 29).
2972 5494 3001 5521 »
3058 5471 3244 5529 Multa
3295 5454 3590 5546 siquidem

1941 5583 2054 5625 usu
2084 5567 2186 5622 aut
2213 5561 2526 5622 traditione
2559 5559 2852 5634 majorum
2877 5559 2961 5620 ita
2980 5561 3377 5635 observamus,
3399 5567 3465 5622 ut
3484 5562 3592 5623 ali-
