4086 6168
434 297 553 362 96Ἶ

1451 283 1942 354 HUMBERTUS
1988 289 2051 349 S.
2099 287 2174 348 Β.
2219 285 2295 349 Ε.
2340 281 2835 352 CARDINALIS.

3723 287 3849 353 968

432 436 526 487 ter
553 429 833 487 facientes
864 425 1102 484 omnino
1133 424 1574 494 abhorreamus,
1633 422 1787 480 sicut
1845 425 1932 478 est
1963 404 2078 478 non
2107 420 2162 489 Α
2194 425 2252 478 et
2281 438 2380 479 eos
2410 421 2672 479 asseritis
2699 437 2803 479 nec
2838 420 3086 495 gentiles
3141 421 3272 478 esse‘
3300 427 3413 477 nec
3442 411 3700 490 Judéos,
3730 423 3847 481 nisi

434 519 574 580 lotis
597 518 873 575 manibus
899 517 1275 572 manducare.
1298 511 1459 581 Quod
1485 513 1953 586 quamvis,juxta
1969 527 2096 567 sen-

435 607 689 664 tentiam
733 605 1032 670 Veritatis,
1093 621 1208 659 non
1263 602 1603 676 coinquinat
1657 601 2094 668 hominem,ta—

439 711 573 753 men
605 694 763 750 velut
793 693 1171 748 immundum
1203 693 1511 747 exhorrere
1534 691 1681 746 solet
1707 689 1882 745 homo
1903 687 2092 743 homi-

440 801 573 841 nem
606 801 720 839 non
752 782 888 838 lotis
920 782 1194 837 manibus
1226 781 1698 836 manducantem.

511 870 648 928 LIX.
683 871 791 928 Sed
826 871 1023 926 forsan
1046 870 1259 925 dicturi
1291 868 1436 924 estis
1463 886 1476 924 :
1506 866 1638 924 Non
1669 866 1863 924 solum
1893 864 1952 920 in
1980 866 2090 920 Ve-

428 961 555 1030 teri,
590 960 690 1016 sed
723 964 781 1016 et
810 959 870 1014 in
908 960 1066 1015 Novo
1098 959 1475 1014 Testamento
1502 958 1572 1012 ab
1596 953 1893 1028 Apostolis
1909 952 2090 1008 tradi-

427 1053 556 1105 tum
591 1048 868 1122 gentibus
897 1051 960 1103 ut
981 1048 1316 1103 abstineant
1337 1063 1370 1103 a
1390 1044 1674 1117 sanguine
1695 1048 1754 1099 et
1783 1043 2085 1098 suﬂocato.

427 1138 542 1193 Nec
575 1154 680 1193 nos
712 1136 1035 1204 nescimus,
1072 1140 1270 1192 tamen
1303 1152 1404 1206 pro
1437 1133 1561 1190 loco
1585 1137 1641 1189 et
1661 1137 1918 1203 tempore
1942 1147 2087 1186 non-

433 1225 597 1282 nulla
611 1225 866 1282 carnalia
898 1223 1107 1280 veteris
1137 1223 1287 1296 legis
1319 1223 1597 1278 mandata
1647 1219 1941 1292 apostolos
1985 1217 2086 1273 ob-

432 1325 696 1371 servasse
730 1315 972 1379 scimus,
1006 1313 1237 1383 quando
1271 1311 1464 1367 adhuc
1487 1310 1656 1382 quasi
1701 1309 1758 1363 in
1791 1307 2086 1364 matutino

427 1400 770 1474 crepusculo
801 1402 1051 1457 tenebrae
1087 1405 1146 1456 et
1175 1401 1276 1456 lux
1307 1397 1740 1470 confulgebant,
1777 1396 2085 1453 etintuen-

428 1491 577 1546 tium
609 1488 808 1546 oculos
838 1505 995 1544 nunc
1026 1488 1161 1555 huc,
1196 1505 1349 1543 nunc
1383 1487 1521 1542 illuc
1581 1485 1956 1542 reducebant.
1991 1484 2087 1540 Sic

428 1577 675 1652 apostoli
709 1577 767 1633 in
798 1578 1003 1634 Judaea
1034 1576 1404 1644 commorati,
1441 1575 1782 1648 aliquando,
1825 1572 2088 1629 claritate

426 1664 724 1740 Evangelii
754 1665 1161 1738 expergefacti,
1185 1665 1258 1720 ab
1282 1665 1492 1720 umbra
1521 1663 1667 1736 legis
1700 1661 2045 1718 recedebant
2069 1678 2081 1728 ;

2213 511 2506 568 obediant.
2538 511 2703 579 Quia,
2755 515 2822 566 ut
2867 509 3062 578 dictis,
3122 507 3366 584 gentiles
3421 509 3719 579 occidunt,
3752 511 3851 568 aut

2208 599 2515 672 plagantes
2547 597 2897 656 comedunt:
2931 600 3098 672 quasi
3131 595 3321 655 Latini
3352 597 3508 655 soliti
3555 599 3676 655 sint
3722 599 3847 656 ani-

2203 687 2383 744 malia
2401 688 2528 744 viva
2558 693 2661 745 aut
2681 688 2907 762 integra
2927 689 3246 745 comedere.
3262 687 3538 760 Nunquid
3557 687 3850 745 archima-

2200 777 2312 850 giri
2343 777 2618 834 omnibus
2647 777 2983 834 nationibus
3014 775 3261 850 delegati
3291 777 3434 833 estis
3453 777 3484 832 (Γ
3511 771 3578 832 Et
3608 775 3663 834 si
3706 777 3847 834 {crte

2200 865 2376 921 alicui
2409 866 2562 922 fame
2599 865 2888 921 deficienti
2910 867 3115 922 animae
3171 867 3486 922 obsonium
3533 865 3623 922 vel
3660 867 3849 923 victus

2201 955 2368 1026 desit,
2393 955 2515 1011 avis
2541 959 2736 1011 autem
2769 958 2825 1011 et
2862 953 2984 1011 ovis
3012 955 3188 1023 adsit,
3247 955 3348 1010 sed
3414 955 3641 1011 ferrum
3674 948 3846 1023 absit,

2198 1043 2385 1100 satius
2414 1044 2527 1100 erit
2548 1061 2684 1100 eum
2706 1042 2900 1100 inedia
2929 1039 3173 1100 deiicere
3205 1059 3380 1114 quam
3437 1043 3650 1116 quovis
3691 1038 3848 1117 inge:-

2197 1133 2293 1188 nio
2325 1149 2394 1188 ea
2425 1136 2675 1189 mactare
2697 1135 2754 1188 et
2772 1134 3070 1189 comedere
3089 1133 3120 1188 ?
3145 1134 3343 1205 itaque
3364 1132 3655 1190 doctrinis
3676 1132 3848 1190 variis

2197 1225 2254 1276 et
2277 1221 2596 1294 peregrinis
2625 1217 2889 1277 nolentes
2919 1219 3168 1277 abduci:
3203 1243 3232 1272 «
3285 1220 3516 1276 Scimus
3569 1225 3627 1277 et
3671 1210 3844 1277 confl-

2196 1309 2393 1366 dimus
2423 1310 2480 1364 in
2513 1309 2758 1366 Domino
2784 1307 2945 1378 Jesu,
2997 1309 3136 1382 quia
3191 1303 3337 1364 nihil
3398 1315 3721 1366 commune
3749 1323 3846 1383 per

2197 1399 2415 1472 ipsum,
2440 1398 2554 1455 nisi
2577 1399 2627 1454 ei
2647 1399 2748 1471 qui
2772 1399 3069 1455 existimat
3089 1397 3228 1471 quid
3251 1411 3564 1455 commune
3585 1411 3742 1467 esse,
3766 1389 3842 1454 illi

2196 1503 2508 1542 commune
2539 1489 2628 1542 est
2656 1485 2828 1558 (Rom.
2859 1502 2980 1554 XIV,
3011 1481 3120 1559 14),
3157 1509 3184 1536 ››
3215 1485 3371 1543 sient
3425 1483 3651 1543 Paulus
3680 1485 3836 1543 dicit.

2194 1576 2412 1632 Deinde
2442 1575 2731 1648 optimum
2762 1580 2850 1632 est
2880 1573 3067 1650 gratia
3097 1571 3358 1632 stabilire
3389 1591 3508 1645 cor,
3532 1591 3652 1632 non
3671 1575 3842 1644 escis,

2195 1681 2323 1737 quae
2356 1681 2472 1721 non
2503 1663 2848 1737 profuerunt
2871 1661 3316 1720 ambulantibus
3345 1663 3405 1719 in
3435 1663 3543 1720 eis.
3577 1663 3691 1722 Sed
3715 1661 3841 1737 jam

427 1753 764 1828 aliquando,
798 1754 1146 1811 necessitate
1174 1753 1262 1810 vel
1307 1751 1736 1809 consuetudine
1767 1754 2083 1823 torpentes,
2111 1789 2159 1856 B
2195 1753 2542 1810 insistamus
2574 1751 2839 1826 reliquis.

431 1843 442 1855 .
997 1842 1109 1856 ,δ
1196 1843 1208 1854 .
1465 1846 1474 1856 ,
1743 1839 1754 1850 .
2260 1842 2380 1856 ,,,,
2437 1841 2474 1856 ,.

427 1843 487 1898 in
518 1859 647 1899 eam
679 1841 1033 1899 recidebant.
1069 1842 1330 1914 Denique
1362 1846 1517 1898 sorte
1569 1839 1937 1896 associarunt
1966 1836 2078 1894 sibi

429 1931 760 2001 Matthiam,
793 1935 850 1988 et
879 1930 1190 2004 templum,
1220 1931 1279 1986 in
1312 1947 1427 2003 quo
1455 1930 1645 1986 adhuc
1673 1927 1916 2000 sanguis
1953 1925 2080 1983 ani-

427 2019 672 2077 malium
705 2019 1074 2089 oli'erebatur,
1100 2020 1382 2076 orationis
1403 2019 1590 2091 gratia
1612 2017 2076 2089 frequentabant.

428 2110 558 2183 Ipse
581 2125 813 2184 quoque
842 2115 1033 2165 vertex
1055 2108 1455 2181 apostolorum
1476 2108 1681 2163 Petrus
1706 2124 1720 2176 ;
1745 2106 1916 2161 modo
1943 2118 2077 2160 cum

427 2198 705 2272 gentibus
736 2198 1100 2264 comedebat,
1134 2198 1306 2252 modo
1356 2197 1427 2252 ab
1458 2196 1542 2251 eis
1598 2196 1817 2250 timens
1848 2209 1910 2249 se
1936 2193 2078 2248 sub-

426 2287 716 2342 trahebat.
735 2285 916 2357 Cujus
933 2285 1301 2356 coapostolus
1318 2283 1556 2350 Paulus,
1581 2282 1849 2356 quamvis
1871 2282 2080 2338 dixerit

427 2372 690 2428 Galatis:
727 2394 753 2421 ‹‹
787 2373 842 2427 Si
867 2371 1396 2439 circumcidamini,
1429 2371 1697 2427 Christus
1726 2369 1895 2426 vobis
1932 2368 2078 2425 nihil

428 2459 688 2531 proderit
717 2458 858 2531 (Gal.
890 2476 946 2527 v,
977 2460 1058 2531 2),
1093 2481 1120 2510 ››
1169 2456 1366 2515 tamen
1421 2458 1698 2515 dilectum
1722 2457 2076 2530 discipulum

429 2551 668 2620 propter
698 2547 1177 2604 subintroductos
1221 2546 1400 2603 falsos
1454 2548 1662 2602 fratres
1691 2545 2076 2613 circumcidit,

428 2641 486 2692 et
514 2653 649 2692 cum
681 2635 812 2692 aliis
843 2637 1186 2709 purificatus
1214 2636 1273 2691 in
1306 2635 1526 2708 templo
1558 2633 2078 2707 sacrificiumlegis

429 2725 708 2782 exhibuit.
742 2725 852 2781 Sed
887 2725 1008 2795 ubi,
1039 2727 1111 2781 ab
1144 2725 1433 2798 angustiis
1450 2725 1665 2781 Judmaa
1693 2722 1935 2790 exclusi,
1960 2739 2080 2777 am-

429 2813 717 2887 plitudine
749 2814 1011 2887 gentium
1046 2815 1205 2870 fuere
1237 2814 1425 2886 potiti,
1462 2830 1616 2880 mox,
1649 2811 1818 2884 quasi
1858 2811 2077 2868 catenis

430 2903 727 2959 servitutis
759 2902 950 2975 palam
993 2903 1197 2976 erepti,
1253 2906 1544 2976 quotquot
1589 2902 1660 2959 ad
1713 2900 2077 2974 spiritualem

431 2991 680 3064 gratiam
709 2991 1104 3060 attrahebant,
1128 3009 1161 3047 a
1190 2991 1525 3048 carnalibus
1544 2989 1905 3047 caeremoniis
1931 2988 2078 3062 legis

435 3084 689 3137 avertere
745 3097 860 3136 non
883 3082 1211 3138 cessabant.
1235 3080 1395 3146 Quod
1415 3079 1614 3153 procul
1634 3081 1810 3135 dubio
1833 3095 1899 3134 ex
1931 3095 2075 3151 prai-

2260 1842 2400 1899 LXI.
2435 1841 3172 1899 Coasrammorom'rmus.
3215 1831 3445 1898 Etenim
3499 1837 3745 1900 Alleluia
3773 1844 3838 1899 in

2189 1930 2648 2004 Quadragesima
2679 1947 2793 1986 non
2825 1930 3097 2003 psallitis,
3133 1929 3237 1986 sed
3289 1929 3465 1986 semel
3517 1929 3572 1985 in
3601 1929 3830 1986 Pascha

2185 2019 2615 2083 tantummodo,
2637 2019 3220 2092 quodinterpretatur
3231 2018 3485 2076 Dominus
3506 2017 3676 2087 venit,
3701 2019 3830 2073 luu-

2188 2109 2328 2179 date,
2363 2109 2630 2180 hymnum
2669 2108 2851 2177 dicite,
2903 2113 2953 2164 et
3006 2106 3306 2164 benedicite
3359 2123 3502 2164 eum.
3556 2105 3710 2179 Ergo
3741 2119 3836 2162 sa-

2187 2197 2446 2254 cundum
2476 2197 2587 2252 hoc
2611 2207 2801 2269 neque
2830 2196 3092 2266 Laudate,
3127 2211 3317 2268 neque
3377 2193 3702 2252 Benedictus
3741 2197 3837 2267 qui

2187 2288 2354 2357 venit,
2388 2281 2660 2358 psallitis.
2693 2285 2758 2341 Et
2789 2284 2944 2342 istud
2975 2297 3108 2342 vero
3138 2282 3390 2342 Alleluia
3444 2284 3723 2341 hebraice
3752 2281 3836 2340 di-

2187 2380 2348 2432 ctum
2381 2377 2488 2431 est.

2259 2463 2426 2520 LVII.
2448 2461 2750 2520 Romanus.
2775 2463 3006 2518 Scimus
3026 2459 3273 2518 Alleluia
3291 2461 3560 2518 hebraice
3584 2459 3834 2529 dictum,

2187 2556 2244 2609 et
2300 2551 2479 2608 latine
2535 2551 2904 2623 interpretari
2961 2551 3196 2608 Laudate
3247 2551 3435 2619 Deum,
3497 2547 3604 2607 sed
3678 2547 3842 2624 quod“

2186 2641 2382 2709 etiam,
2442 2639 2705 2698 Dominus
2749 2640 2918 2709 venit,
2981 2645 3103 2709 aut,
3163 2640 3489 2696 Benedictus
3532 2637 3646 2710 qui
3670 2640 3835 2707 venit,

2186 2731 2616 2801 interpretetur,
2651 2729 2968 2796 nescimus,
3003 2747 3105 2787 nec
3137 2730 3250 2786 nisi
3283 2747 3317 2785 a
3345 2729 3510 2785 vobis
3539 2725 3835 2785 hactenus

2187 2818 2538 2874 audivimus.
2573 2824 2746 2874 Porro
2779 2818 2974 2890 ipsum
3006 2819 3271 2887 Alleluia,
3314 2818 3468 2874 sicut
3501 2816 3832 2874 calumnia-

2187 2907 2354 2972 mini,
2391 2924 2502 2962 non
2536 2905 2906 2962 solummodo
2962 2907 3024 2963 in
3081 2907 3303 2965 Pascha
3361 2909 3707 2977 cantamus,
3741 2905 3839 2963 sed

2186 2996 2461 3052 omnibus
2491 2995 2674 3051 totius
2704 2995 2842 3050 anni
2887 2997 3275 3068 temporibus,
3335 2995 3597 3066 exceptis
3630 3009 3839 3051 novem

2134 3147 2146 3157 _
2185 3083 2652 3140 hebdomadibus
2684 3083 2898 3157 quibus
2913 3084 2971 3139 id
2987 3086 3368 3142 intermittere
3385 3100 3418 3138 a
3436 3081 3720 3155 patribus
3739 3095 3838 3139 no-

431 3169 771 3226 cedentibus
801 3176 858 3226 et
879 3171 1375 3244 subsequentibus
1396 3169 1588 3225 verbis
1607 3167 1772 3224 Pauli
1803 3165 2073 3240 intelligi-
2105 3155 2149 3223 C
2187 3174 2325 3229 stris
2338 3155 3161 3246 accepimus{scilicetquibus
3174 3171 3838 3247 negiigentiasal'iorum

428 3261 547 3328 tur,
573 3258 674 3314 ubi
705 3258 788 3314 sic
820 3265 1211 3332 protestatur:
1252 3283 1278 3309 ‹‹
1307 3257 1560 3330 Spiritus
1591 3257 1894 3313 manifeste
1935 3255 2076 3310 dicit

429 3347 570 3418 quia
599 3347 658 3401 in
692 3347 1028 3403 novissimis
1048 3347 1414 3419 temporibus
1445 3345 1746 3402 discedent
1771 3345 2010 3418 quidam
2043 3361 2077 3398 a

427 3433 542 3488 fide
593 3435 960 3491 attendentes
1035 3434 1345 3507 spiritibus
1408 3435 1624 3490 erroris
1684 3437 1741 3489 et
1794 3433 2075 3489 doctrinis

431 3521 851 3576 daamoniorum
885 3523 945 3577 in
978 3522 1264 3595 hypocrisi
1289 3523 1654 3594 loquentium
1676 3522 2073 3591 mendacium,

429 3613 486 3665 et
515 3608 896 3665 cauteriatam
931 3609 1273 3665 habentium
1301 3611 1719 3677 conscentiam,
1758 3610 2074 3682 prohiben-

427 3697 576 3753 tium
609 3697 871 3768 nulbere,
905 3702 962 3754 et
987 3698 1281 3755 abstinere
1312 3716 1346 3753 a
1374 3698 1520 3754 cibis
1542 3716 1686 3771 quos
1733 3699 1888 3754 Deus
1919 3717 2076 3753 crea-

425 3785 510 3842 vit
537 3786 609 3843 ad
641 3787 1080 3861 percipiendum
1114 3803 1246 3844 cum
1277 3787 1600 3862 gratiarum
1634 3787 1858 3843 actione
1890 3785 2074 3842 ﬁdeli-

427 3876 540 3932 bus
568 3880 626 3932 et
683 3875 775 3933 his
823 3876 922 3952 qui
982 3881 1377 3951 cognoverunt
1431 3877 1753 3933 veritatem.
1789 3876 2075 3940 Quoniam

428 3963 621 4019 omnis
651 3970 916 4021 creatura
937 3966 1035 4021 Dei
1067 3967 1220 4022 bona
1248 3969 1356 4033 est,
1391 3970 1450 4022 et
1507 3965 1650 4021 nihil
1685 3964 2074 4037 rejiciendum

428 4051 585 4122 quod
599 4067 731 4106 cum
746 4053 1067 4124 gratiarum
1087 4053 2079 4127 actionepercipitur.Sanctiticatur

429 4138 586 4194 enim
642 4155 745 4212 per
807 4141 1050 4197 verbum
1108 4142 1210 4198 Dei
1265 4148 1324 4198 et
1379 4143 1705 4199 orationem
1757 4144 1807 4216 (Ι
1834 4145 1964 4198 Tim.
1999 4159 2074 4208 IV,

429 4227 563 4299 4-5).
600 4250 623 4276 ι
688 4228 836 4286 Ecce
889 4234 1088 4286 tantus
1147 4230 1486 4311 Apostolus,
1549 4237 1752 4304 raptus
1789 4249 1976 4304 usque
2006 4231 2075 4286 ad

429 4315 667 4372 tertium
699 4317 908 4373 omium
940 4324 999 4374 et
1028 4318 1087 4374 in
1117 4319 1314 4391 ipsum
1345 4320 1708 4391 paradisum,
1756 4319 2077 4391 proclamat

428 4405 625 4462 omnia
657 4408 876 4464 munda
907 4408 1167 4478 mundis,
1201 4412 1257 4464 et
1305 4409 1450 4464 nihil
1511 4409 1890 4479 rejiciendum
1921 4409 2072 4481 quod

2182 3267 2515 3334 temporum
2548 3259 2768 3318 diluere
2800 3262 3079 3318 attentius
3111 3262 3414 3318 debemus.
3447 3257 3621 3316 Sicut
3681 3259 3839 3315 enim

2184 3349 2480 3422 quondam
2515 3349 2763 3422 populus
2796 3349 2855 3404 in
2885 3365 3100 3420 eremo,
3133 3354 3435 3423 peccatum
3486 3347 3840 3406 idololatria

2183 3438 2241 3493 in
2276 3439 2468 3511 seipso
2500 3439 2833 3511 puniturus,
2891 3443 2950 3496 et
2993 3437 3260 3496 Ninivitae
3316 3435 3738 3512 pmnitentiam
3777 3435 3839 3494 in

2185 3527 2591 3598 praedicatione
2619 3526 2777 3583 Jonas
2810 3526 2994 3584 acturi
3017 3542 3250 3585 omnem
3273 3531 3542 3584 ornatum
3561 3541 3749 3582 suum
3780 3520 3854 3582 et‘

2184 3615 2423 3672 delicias
2444 3616 2859 3688 deposuerunt,
2892 3621 2950 3673 et
2969 3633 3204 3674 saccum
3226 3620 3284 3674 et
3305 3617 3554 3673 cinerem
3576 3612 3695 3671 sibi
3716 3613 3836 3670 im-

2186 3709 2506 3777 posuerunt
2531 3722 2544 3773 ;
2579 3720 2683 3760 nec
2711 3709 2832 3760 tam
2865 3706 3188 3779 peregrinis
3217 3705 3410 3762 verbis
3431 3720 3498 3760 ac
3517 3700 3842 3776 exquisitis

2184 3811 2287 3849 seu
2309 3791 2628 3849 dulcisonis
2645 3792 2935 3861 melodiis,
2955 3794 3056 3850 sed
3076 3793 3329 3868 propriis
3353 3789 3844 3860 sermonibus,et

2182 3881 2588 3955 incompositis
2613 3881 2731 3938 sive
2761 3883 2978 3940 amaris
3029 3881 3347 3954 ejulatibus
3405 3881 3476 3937 ad
3509 3879 3840 3937 Dominum

2184 3970 2618 4039 clamaverunt;
2649 3971 2734 4027 sic
2764 3974 2820 4028 et
2848 3970 3211 4028 venerabiles
3233 3976 3428 4044 patres
3447 3969 3644 4026 nostri
3668 3983 3844 4043 agere

2185 4061 2627 4116 consueverunt.
2662 4055 2843 4128 Unde,
2876 4063 3220 4116 ornamenta
3247 4061 3304 4115 et
3332 4056 3578 4114 delicias
3633 4055 3840 4113 divitis

2183 4148 2396 4221 linguae
2418 4153 2678 4220 tempore
2693 4145 3158 4222 Quadragesimze
3181 4147 3558 4221 deponentes,
3579 4157 3841 4219 pauper-

2185 4238 2400 4293 rimum
2423 4233 2690 4292 habitum
2713 4240 2923 4294 nostris
2945 4235 3159 4310 linguis
3183 4233 3350 4292 nobis
3369 4233 3748 4307 inponimus,
3765 4235 3840 4301 et,

2185 4325 2348 4383 stulti
2379 4326 2512 4381 facti
2541 4330 2780 4399 propter
2805 4323 3125 4394 Christum,
3159 4323 3304 4381 nihil
3336 4341 3443 4380 nos
3494 4320 3653 4380 scire
3686 4319 3840 4379 indi-

2185 4431 2409 4484 camus,
2425 4414 2744 4486 nisiipsum
2760 4413 3124 4471 cruciﬁxum.
3143 4415 3324 4486 Cujus
3345 4411 3693 4469 districtum
3726 4415 3846 4485 pra!

430 4509 564 4588 cum
589 4495 911 4588 gratiarum
938 4497 1164 4552 actione
1187 4497 1697 4588 percipitur,_quia
1721 4515 1820 4570 per
1836 4498 2074 4588 verbum
2108 4521 2158 4588 Ι)
2187 4502 2374 4560 oculis
2397 4501 2679 4558 habentes
2702 4499 3018 4573 judicium,
3047 4501 3327 4559 vinculatl
3356 4503 3413 4557 et
3441 4501 3676 4574 gravati
3708 4512 3843 4574 pec-

431 4582 529 4636 Dei
591 4586 648 4637 et
677 4584 998 4640 orationem
1047 4586 1471 4641 sanctiﬁcatur.
1505 4585 1576 4641 Et
1605 4603 1706 4642 vos
1760 4586 1858 4659 qui
1915 4586 2078 4655 estis,

430 4670 552 4741 qui,
586 4673 947 4728 attendentes
980 4673 1286 4746 spiritibus
1317 4675 1530 4731 erroris
1561 4679 1618 4731 et
1647 4675 1929 4732 doctrinis
1961 4677 2073 4732 dae-

432 4757 785 4826 moniorum,
841 4761 898 4816 in
958 4761 1248 4834 hypocrisi
1310 4763 1616 4836 loquimini
1677 4764 2071 4830 mendacium,

431 4845 650 4916 scripta
681 4847 903 4904 Latinis
943 4852 1176 4923 p0puiis
1235 4853 1597 4908 destinantes
1657 4856 1720 4907 ut
1741 4850 2075 4924 relinquant

433 4934 708 4990 mandata
738 4935 836 4990 Dei
865 4942 920 4992 et
951 4955 1076 5009 quae
1108 4941 1373 5013 graviora
1404 4946 1541 4995 sunt
1572 4939 1737 5014 legis,
1781 4940 2072 5012 judicium

433 5021 656 5078 scilicet
683 5027 739 5080 et
767 5024 1228 5083 misericordiam
1285 5033 1342 5084 et
1403 5029 1598 5096 fidem,
1659 5033 1715 5084 et
1754 5032 2076 5100 sequantur

433 5111 776 5168 traditiones
807 5119 863 5170 et
879 5114 1182 5188 opiniones
1202 5123 1449 5186 vestras,
1470 5117 1639 5189 quasi
1669 5117 1862 5175 nullos
1888 5133 2075 5191 usque

433 5217 590 5257 nunc
621 5201 933 5260 habuerint
957 5205 1364 5276 prmdicatores
1396 5223 1462 5262 ac
1495 5211 1710 5278 patres,
1743 5221 1809 5262 ac
1839 5221 2076 5263 necesse

433 5289 682 5346 habeant
716 5309 749 5347 a
782 5292 946 5349 vobis
977 5295 1169 5350 doceri
1201 5311 1331 5367 qua:
1363 5294 1482 5351 sint
1511 5293 1800 5350 elementa
1854 5309 2075 5353 sermo-

435 5394 576 5432 num
608 5379 758 5444 Dei?

394 5510 397 5513 .
509 5465 621 5523 LV.
655 5467 873 5542 Nempe
902 5471 1054 5529 inter
1083 5472 1197 5530 alia
1227 5472 1463 5547 ignaros
1483 5471 1751 5528 omnium
1783 5472 2079 5530 conamini

433 5554 722 5616 instruere
749 5559 889 5632 quid
920 5563 978 5620 et
1033 5561 1286 5640 qualiter
1341 5563 1732 5639 praeparatum
1765 5562 2080 5627 comedent

2189 4591 2355 4660 catis,
2387 4595 2669 4664 tanquam
2701 4590 2912 4660 idiotas,
2943 4590 3036 4648 vix
3064 4592 3350 4648 audemus
3378 4590 3467 4645 vel
3528 4589 3591 4644 in
3638 4591 3844 4645 nostro

2183 4680 2460 4737 idiomate
2490 4677 2857 4752 interpellare
2879 4677 3085 4737 Deum.
3107 4679 3255 4736 Nam
3275 4695 3343 4735 ex
3363 4675 3513 4735 libro
3535 4677 3848 4751 Sapientis

2181 4769 2518 4836 didicimus,
2568 4769 2707 4841 quia
2737 4790 2764 4819 «
2799 4783 2912 4824 non
2945 4769 3035 4825 est
3065 4768 3330 4841 speciosa
3351 4767 3482 4824 laus
3503 4763 3565 4822 in
3587 4783 3696 4823 ore
3714 4779 3844 4840 pec—

2182 4856 2394 4912 catoris
2420 4855 2607 4927 (Eccli.
2641 4873 2732 4910 xv.
2765 4855 2842 4928 9).
2881 4879 2903 4907 ι
2937 4858 3007 4912 Et
3036 4859 3231 4912 tamen
3263 4859 3404 4912 tunc
3427 4851 3844 4930 jugiterhyu’r—

2183 4962 2325 5001 num
2359 4944 2610 5000 dicimus
2641 4943 2908 5014 Domino,
2942 4949 3119 5018 atque
3177 4945 3504 5002 Benedictus
3551 4945 3654 5015 qui
3689 4937 3852 4999 venit

2183 5032 2512 5106 psallimus,
2546 5035 2604 5089 et
2632 5047 2866 5090 omnem
2885 5038 3214 5090 creaturam
3236 5035 3308 5090 ad
3333 5029 3568 5089 laudem
3590 5033 3730 5104 ejus
3749 5029 3848 5088 die

2181 5126 2474 5196 noctuque
2521 5122 2862 5192 invitamus,
2923 5123 3185 5179 dicentes
3241 5119 3483 5178 Laudate
3511 5119 3843 5184 Dominum,

2185 5213 2311 5282 sed,
2336 5217 2401 5268 ut
2429 5211 2827 5284 praediximus,
2861 5211 3052 5284 patria
3075 5227 3213 5269 voce
3233 5214 3488 5267 tantum.
3509 5211 3672 5265 Tunc
3699 5221 3844 5280 quo-

2186 5318 2300 5374 que
2321 5300 2503 5358 alium
2529 5298 2858 5373 angelicum
2873 5299 3158 5374 hymnum
3172 5297 3645 5366 intermittimus,
3669 5293 3734 5352 id
3753 5296 3848 5352 est

2195 5389 2384 5446 Gloria
2409 5389 2469 5444 in
2493 5389 2726 5444 excelsis
2752 5391 2884 5445 Deo.
2921 5387 3179 5462 Denique
3206 5387 3268 5445 hi
3297 5389 3413 5445 duo
3455 5382 3845 5444 solummodo

2186 5477 2386 5550 hymni
2416 5475 2487 5533 ab
2521 5475 2746 5551 angelis
2776 5476 2836 5532 in
2862 5475 3018 5534 Novo
3049 5476 3424 5535 Testamento
3457 5467 3854 5532 inVenit'mt‘ur

2187 5563 2475 5629 decantati
2498 5579 2514 5627 :
2545 5563 2786 5647 Alleluia
2804 5563 3046 5641 scilicet,
3071 5569 3130 5626 et
3146 5565 3410 5627 Gloriam
3450 5559 3678 5626 excelsi:
3696 5561 3847 5622 Dav.-
