4086 6168
1223 269 1641 338 Auvsa-sus
1685 262 2138 339 GRECORUM
2181 276 2663 340 CALUMN‘IAS.

3523 252 3643 339 9‘10

241 404 399 468 Quos
417 401 639 474 pariter
657 401 717 457 in
741 401 1180 476 Septuagesima
1201 403 1645 463 intermittimus
1674 427 1686 475 ;
1721 409 1879 480 quia,
1911 407 1966 474 Α
1993 408 2165 464 Jesus
2185 408 2454 464 Christus
2483 408 2543 463 in
2574 406 2759 480 gloria
2775 409 2863 462 est
2892 405 2992 462 Dei
3015 405 3220 462 Patris.
3246 407 3377 478 Ipsa
3399 407 3640 480 quidem

244 489 480 566 peccato
507 490 719 548 veteris
739 491 996 550 hominis
1015 511 1049 550 a
1069 499 1357 552 conventu
1383 496 1657 570 angelicae
1672 497 1889 568 jubila-

240 580 416 638 tinnis
445 579 672 653 expulsi
702 580 763 636 in
794 581 973 654 hujus
995 584 1221 639 miserae
1242 586 1372 640 vitae
1405 586 1889 658 Babylonem,su-

237 686 342 742 per
369 670 618 726 ﬂumina
645 671 775 742 ejus
806 672 1078 728 sedemus
1101 676 1160 730 et
1189 675 1420 746 flemus,
1454 676 1595 731 dum
1625 676 1888 731 recorda-

233 761 370 815 mur
388 758 551 815 illius
567 760 705 816 Sion
727 760 787 815 in
809 774 925 831 qua
935 762 1121 818 Deum
1147 764 1314 820 decet
1333 765 1608 837 hymnus,
1628 765 1886 822 dicentes

230 845 587 906 adversariis
601 850 818 906 nostris
848 868 868 907 τ
902 873 931 901 ‹‹
963 854 1262 918 Quomodo
1295 854 1663 913 cantabimus
1693 854 1882 910 canti-

232 947 369 994 cum
407 937 640 994 Domini
671 937 736 994 in
760 943 918 996 terra
947 940 1138 998 aliena
1165 942 1194 997 ?
1229 963 1253 994 ι
1315 945 1489 1013 (Psal.
1523 960 1745 1013 cxxxvx,
1807 944 1884 1016 4.)

231 1027 538 1099 Siquidem
558 1031 725 1084 vetus
746 1028 922 1085 homo
937 1029 1105 1089 vetus
1125 1036 1182 1087 et
1201 1049 1317 1088 non
1348 1050 1565 1089 novum
1590 1033 1882 1088 canticum

227 1112 467 1173 cantare
497 1121 707 1190 potest,
741 1118 925 1175 donec
954 1125 1088 1192 post
1117 1121 1268 1177 hanc
1298 1121 1649 1178 laboriosam
1679 1122 1881 1189 vitam,

231 1217 362 1279 quae
382 1207 754 1280 signiﬁcatur
780 1224 882 1279 per
911 1210 1455 1283 Quadragesimam,
1491 1215 1796 1268 renovetur
1824 1211 1882 1266 in

230 1295 534 1368 agnitione
553 1297 881 1352 secundum
899 1297 1216 1370 imaginem
1231 1301 1360 1371 ejus
1374 1299 1473 1372 qui
1487 1299 1704 1355 creavit
1723 1316 1856 1354 eum
1868 1344 1882 1368 ,

233 1399 342 1458 per
369 1386 856 1442 resurrectionem
913 1387 1055 1443 Jesu
1109 1388 1324 1444 Christi
1369 1405 1438 1444 ex
1469 1388 1734 1445 mortuis.
1768 1388 1882 1444 Nec

227 1479 429 1530 tamen
499 1475 750 1544 Sanctus,
811 1479 1052 1544 sanctus,
1133 1485 1357 1534 sanctus
1423 1479 1684 1533 Dominus
1741 1479 1882 1533 Deus

230 1552 472 1617 Sabaoth
498 1561 561 1617 in
598 1563 1060 1635 Quadragesima
1111 1565 1578 1637 intermittimus,
1611 1567 1878 1639 quamvis

231 1651 314 1706 sit
345 1647 604 1722 hymnus
629 1651 930 1724 angelicas
959 1656 1015 1708 et
1069 1654 1129 1708 in
1161 1654 1316 1711 Novo
1371 1655 1747 1711 Testamento
1779 1656 1878 1712 de-

229 1744 530 1843 cantatus,
561 1741 658 1843 qui
685 1745 744 1796 et
799 1741 857 1795 in
888 1741 1081 1798 Veteri
1117 1743 1278 1814 prius
1302 1743 1421 1843 ‘fuit
1450 1744 1667 1812 dictus,
1699 1745 1876 1800 ﬁdem
1909 1777 1957 1843 Β

225 1829 502 1886 videlicet
527 1830 840 1901 perfectam
873 1835 1107 1903 patrum
1129 1831 1432 1888 humiliter
1461 1833 1578 1890 Deo
1610 1835 1880 1904 offerens,

222 1917 462 1974 nullum
508 1922 703 1975 autem
762 1920 1039 1975 meritum
1071 1921 1236 1976 bonae
1267 1922 1623 1994 Operationis
1673 1940 1877 1980 eorum

218 2006 520 2064 attollens.
553 2005 648 2063 Sic
677 2011 736 2063 et
764 2024 880 2063 non
910 2009 1147 2066 interim
1168 2010 1227 2065 in
1285 2010 1392 2066 hac
1435 2016 1645 2068 nostrae
1716 2028 1878 2084 pere-

218 2087 580 2176 grinationis
609 2097 1086 2170 Quadragesima,
1122 2100 1343 2155 sciente
1384 2117 1491 2156 nos
1544 2118 1647 2173 per
1704 2102 1879 2157 ﬁdem

218 2190 280 2241 et
311 2202 431 2242 non
462 2202 570 2259 per
597 2187 850 2259 speciem
881 2187 1205 2257 ambulare,
1241 2190 1338 2244 sed
1396 2189 1520 2244 sola
1567 2191 1681 2245 ﬁde
1724 2191 1879 2263 apud

215 2275 414 2332 Deum
440 2275 856 2347 presuminus,
889 2276 1141 2350 supplici
1172 2277 1538 2334 confessione
1569 2277 1828 2335 dicentes
1861 2297 1874 2334 :

213 2365 481 2434 Sanctus,
514 2367 756 2434 sanctus,
811 2370 1035 2421 sanctus
1067 2368 1327 2422 Dominus
1386 2367 1528 2422 Deus
1586 2367 1823 2424 Sabaoth
1858 2387 1876 2424 :

215 2454 343 2522 cui,
379 2455 454 2510 de
485 2454 762 2528 operibus
781 2455 1136 2525 difﬁdentes,
1161 2472 1294 2511 cum
1316 2455 1630 2512 Psalmista
1651 2456 1874 2528 procla-

213 2549 465 2600 mamus
499 2560 514 2599 :
549 2566 578 2593 ‹‹
611 2543 736 2600 Non
755 2543 938 2600 intres
969 2543 1338 2615 injudicium
1369 2561 1504 2600 cum
1525 2546 1707 2601 servis
1735 2546 1872 2615 tuis,

211 2633 366 2706 quid
398 2635 516 2689 non
539 2631 964 2704 justiﬁcabitur
998 2633 1059 2690 in
1091 2638 1407 2707 conspectu
1432 2638 1533 2690 tuo
1565 2635 1756 2691 omnis
1786 2636 1873 2690 vi-

209 2738 366 2780 vens
397 2722 570 2790 (Psal.
603 2722 790 2794 CXLII).
821 2725 877 2776 2.
914 2743 942 2771 ››

288 2811 490 2867 LVIII.
523 2811 685 2878 Quod
716 2815 912 2866 autem
970 2826 1178 2867 novem
1208 2811 1674 2868 hebdomadibus
1721 2833 1748 2861 ‹‹
1779 2811 1874 2868 Al-

211 2901 430 2967 leluia,
483 2900 953 2969 intermitti‘mu's,
1006 2917 1121 2956 non
1170 2901 1487 2974 incongrue
1535 2919 1638 2974 per
1668 2919 1875 2958 novem

214 2989 630 3048 hebdomadas
657 3005 863 3045 novem
882 2988 1116 3046 ordines
1148 2989 1492 3062 angelorum
1524 2991 1869 3063 accipimus.

207 3081 485 3154 Quorum
531 3078 794 3134 decimus
825 3079 986 3147 ordo,
1021 3095 1123 3150 per
1179 3079 1515 3152 superbiam
1573 3097 1871 3149 corruens,

1996 513 2129 553 cum
2163 498 2400 554 Hebraea
2428 500 2485 554 et
2541 497 2736 553 Graeca
2792 494 3034 552 titulum
3095 495 3352 550 cruciﬁxi
3408 496 3638 552 Domini

1995 586 2542 658 complevit,et,qua3
2575 589 2697 642 erat
2725 585 3063 651 novissima,
3097 586 3252 640 facta
3281 587 3371 640 est
3410 586 3638 655 prima:

1994 674 2145 731 ferro
2175 679 2232 730 et
2263 676 2375 731 ﬁde
2430 692 2615 747 usque
2670 677 2740 730 ad
2774 676 3089 731 adventum
3143 673 3283 730 mali
3343 674 3641 730 Antichri-

1994 763 2070 819 sti
2101 767 2158 820 et
2182 764 2419 837 benigni
2447 765 2586 821 Jesu
2619 764 2830 822 Christi
2859 765 3175 820 defendens
3207 763 3320 819 sibi
3346 767 3642 821 terrenam

1992 856 2049 908 et
2069 853 2356 908 ccelestem
2389 857 2756 926 potestatem.
2795 854 2957 920 Hinc,
2983 854 3112 924 jam
3163 853 3263 908 diu
3323 852 3640 910 calumniis

1992 941 2198 998 vestris
2227 941 2515 1009 reluctati,
2548 942 2794 999 breviter
2839 942 3200 1014 attingamus
3251 941 3642 1000 intentionem

1992 1031 2170 1087 vestri
2202 1030 2436 1104 epilogi.

2065 1121 2203 1175 LIX.
2239 1120 2967 1176 CONSTANTINOPOLITANUS.
3031 1122 3146 1177 Cur
3184 1125 3409 1177 tantam
3472 1122 3638 1179 dece-

1991 1210 2250 1281 ptionem
2272 1209 2706 1265 borumtalium
2729 1227 2845 1265 non
2868 1209 3150 1281 aspicitis,
3167 1208 3638 1282 necintelligitis,

1991 1315 2178 1370 neque
2209 1297 2498 1369 corrigitis
2529 1297 2799 1370 populos,
2830 1297 2981 1353 sicut
3009 1297 3110 1368 qui
3142 1298 3428 1353 debentur
3465 1297 3633 1368 judi-

1992 1387 2107 1443 cari
2132 1405 2165 1442 a
2184 1387 2339 1443 Deo?
2360 1388 2484 1442 Non
2510 1385 2916 1458 derelinquitis
2939 1388 3094 1458 quod
3119 1386 3333 1442 dicitur
3355 1385 3635 1457 quoniam

1990 1475 2096 1532 hoc
2127 1477 2331 1533 Petrus
2380 1481 2436 1532 et
2464 1476 2812 1532 Benedictus
2861 1480 2915 1531 et
2965 1475 3180 1532 Paulus
3211 1481 3269 1531 et
3298 1475 3487 1532 cmteri
3537 1475 3640 1529 do-

1989 1569 2234 1622 cuerunt
2255 1565 2282 1620 ‘?
2313 1565 2589 1638 Decipitis
2632 1583 2734 1621 vos
2765 1565 2925 1638 ipsos
2957 1569 3013 1621 et
3072 1564 3358 1638 populum
3398 1565 3458 1620 in
3489 1563 3639 1621 istis.

1987 1656 2121 1720 Quae
2150 1671 2282 1711 vero
2311 1654 2538 1726 scripsi,
2572 1671 2639 1709 ea
2669 1657 2809 1710 sunt
2852 1671 2979 1726 quae
3015 1654 3218 1712 Petrus
3251 1659 3306 1710 et
3338 1653 3553 1711 Paulus
3584 1653 3643 1710 et

1989 1745 2179 1802 caeteri
2212 1743 2459 1817 apostoli
2482 1747 2537 1798 et
2565 1743 2832 1799 Christus
2879 1743 3095 1813 docuit,
3127 1748 3185 1799 et
3232 1747 3436 1800 sancta
3467 1735 3642 1814 atque

1992 1834 2275 1891 catholica
2313 1831 2568 1888 Ecclesia
2613 1832 2873 1904 suscepit
2921 1836 2978 1887 et
3036 1832 3292 1888 custodit
3322 1829 3638 1903 religiose;

1993 1943 2120 1998 quae
2151 1929 2208 1980 ct
2233 1940 2334 1979 vos
2363 1921 2605 1977 correcti
2635 1920 2941 1976 custodite.

2063 2013 2170 2069 LX.
2207 2013 2512 2069 Romanus.
2547 2009 2707 2066 Sicut
2737 2010 3097 2066 sufﬁcienter
3136 2012 3503 2068 monstratur
3533 2023 3638 2065 su-

1989 2103 2208 2176 perius,
2241 2117 2514 2157 converso
2547 2099 2751 2155 ordine
2781 2102 2838 2154 et
2893 2115 3059 2156 versa
3088 2099 3210 2154 vice
3261 2097 3641 2171 procederent

1988 2193 2107 2247 haec
2137 2191 2374 2256 rectius,
2408 2188 2629 2244 scilicet
2655 2187 2704 2243 si
2731 2205 2832 2244 vos
2869 2189 3163 2258 seductos,
3215 2189 3551 2246 seductores
3582 2189 3640 2244 et

1987 2285 2215 2336 mature
2237 2279 2591 2352 judicandos
2623 2294 2656 2332 a
2684 2277 2930 2334 Domino
2963 2278 3312 2335 diceremus.
3347 2279 3494 2344 Quia
3539 2275 3640 2336 vo-

1986 2371 2171 2428 lentes
2201 2385 2329 2426 esse
2359 2369 2646 2434 doctores,
2699 2382 2805 2422 nec
2837 2366 3229 2440 intelligentes
3283 2385 3410 2441 quas
3445 2366 3639 2441 loqui-

1989 2459 2131 2514 mini
2166 2474 2352 2529 neque
2383 2458 2453 2512 de
2485 2456 2700 2528 quibus
2733 2455 3067 2525 afﬁrmatis,
3125 2462 3465 2514 sanctorum
3498 2455 3640 2532 apo-

1987 2547 2271 2604 stolorum
2294 2550 2349 2602 et
2382 2545 2806 2601 catholicorum
2828 2562 3037 2619 puram
3069 2547 3356 2603 doctriam
3377 2543 3642 2604 humana

1985 2635 2438 2710 praesumptione
2496 2636 2880 2701 fermentatis,
2915 2636 3112 2692 omnio
3143 2637 3498 2708 decipientes
3535 2635 3640 2692 vos

1983 2732 2038 2783 et
2071 2727 2215 2783 alios
2245 2725 2304 2780 in
2337 2725 2485 2780 istis.
2519 2724 2652 2787 Quae
2684 2728 2881 2780 autem
2913 2742 3068 2780 nunc
3091 2725 3255 2782 vobis
3285 2724 3641 2798 scripsimus

1982 2815 2250 2871 Christus
2278 2812 2496 2878 docuit,
2530 2816 2586 2868 et
2615 2811 2862 2884 apostoli
2892 2812 3118 2885 ipsius;
3153 2830 3281 2886 quae
3342 2813 3414 2871 ab
3445 2813 3529 2870 eis
3578 2816 3637 2869 et

1983 2923 2015 2959 a
2044 2903 2263 2959 sanctis
2294 2901 2562 2956 Patribus
2591 2905 2794 2956 sancta
2850 2904 2906 2956 et
2955 2901 3240 2960 catholica
3295 2892 3637 2976 suscipiens:

1983 2991 2236 3049 Ecclesia
2264 2989 2532 3062 religiose
2590 2990 2858 3046 observat
2896 2989 3222 3060 hactenus;
3258 3009 3384 3064 quae
3445 2996 3502 3049 et
3527 2989 3644 3048 vos

1986 3081 2225 3139 correcti
2274 3080 2592 3146 observate,
2623 3078 2673 3132 si
2728 3095 2844 3134 non
2899 3078 3076 3135 vultis
3136 3098 3169 3136 a
3215 3080 3445 3137 Christo
3497 3098 3635 3138 ana-

208 3150 557 3242 angelicum
589 3183 904 3223 numerum
934 3146 1272 3234 imminuit;
1288 3173 1344 3224 et
1375 3168 1708 3225 felicitatem
1742 3146 1874 3242 per?
1905 3146 1948 3214 (ἶ
1986 3172 2202 3238 thema,
2236 3185 2383 3224 esse.
2417 3167 2592 3222 Porro
2623 3166 2973 3223 Benedictus
3005 3169 3431 3226 monachorum
3462 3163 3633 3227 Pater

208 3257 505 3315 turbavit.
533 3257 641 3322 Qui
673 3255 1048 3313 condolentes
1076 3274 1194 3314 sum
1225 3257 1626 3327 diminutioni,
1680 3263 1737 3314 et
1767 3275 1873 3330 pa-

208 3363 358 3405 rem
388 3345 617 3401 ruinam
638 3345 918 3402 timentes
951 3345 1086 3411 sibi,
1120 3364 1154 3402 a
1174 3347 1430 3419 perfecta
1449 3346 1622 3403 laude
1651 3348 1875 3404 Creato-

202 3437 308 3495 ris
348 3435 508 3491 fuere
533 3435 850 3508 prmp’editi.
875 3434 1134 3499 Quorum
1151 3435 1578 3508 recuperationi
1598 3440 1654 3492 et
1677 3453 1877 3494 conso-

200 3524 430 3584 lationi
460 3524 768 3581 consulens
800 3525 1171 3597 omnipotens
1220 3525 1456 3582 Creator
1485 3525 1742 3598 primum
1777 3527 1875 3582 ho-

203 3613 444 3673 minem
476 3614 548 3670 de
602 3613 742 3670 limo
775 3617 940 3669 terra;
998 3614 1291 3684 formavit,
1334 3615 1434 3687 qui
1495 3615 1586 3671 sui
1645 3615 1876 3688 generis

202 3702 714 3786 multiplicatioge
745 3704 962 3760 damna
1014 3702 1266 3760 caelestis
1297 3704 1497 3776 patriae
1547 3705 1874 3773 resarciret,

210 3769 780 3867 atque-angelo‘rum
812 3791 1030 3864 gaudia
1059 3769 1377 3865 suppleret.
1413 3795 1535 3859 Qua
1569 3810 1670 3866 spe
1701 3769 1876 3867 auge;

203 3885 376 3942 licus
406 3881 625 3939 chorus
654 3882 726 3938 ad
759 3881 1057 3937 modicum
1116 3881 1494 3951 exhilaratus,
1559 3899 1663 3938 nec
1691 3900 1877 3949 mora,

201 3991 273 4031 ex
309 3974 496 4045 lapsu
527 3969 684 4042 ipius
717 3969 975 4026 hominis
1006 3969 1094 4026 ﬁit
1140 3971 1542 4027 conturbatus.
1571 3971 1734 4027 Unde
1784 3971 1880 4027 ille

200 4075 432 4120 novem
463 4058 738 4116 ordinum
770 4062 1083 4116 concentus
1111 4059 1173 4114 in
1234 4059 1406 4130 laude
1448 4059 1734 4116 Creatoris
1791 4076 1881 4116 re-

201 4148 446 4208 mansit
475 4147 874 4221 imperfectus,
907 4149 1090 4204 donec
1132 4149 1191 4203 in
1251 4147 1481 4205 Christo
1541 4152 1881 4221 resurgente

201 4225 548 4298 resurrexit
565 4236 874 4310 prolapsus
895 4236 993 4293 ille
1010 4235 1426 4310 protoplastus.
1453 4236 1535 4291 lbi
1568 4241 1882 4310 augmento

202 4330 306 4386 sui
345 4326 586 4399 collegii
617 4329 674 4382 et
695 4325 921 4382 meliori
953 4343 1055 4398 spe
1112 4325 1414 4398 angelicus
1466 4326 1751 4382 exercitus
1782 4342 1882 4399 ga-

200 4417 408 4484 visus,
443 4416 509 4472 in
541 4431 756 4472 novum
794 4433 817 4463 ε
849 4414 1096 4471 Alleluia
1130 4438 1157 4464 ››
1189 4415 1557 4471 consurrexit
1611 4418 1796 4484 totus,
1829 4419 1886 4471 et

1983 3259 2250 3333 egregius
2272 3256 2332 3312 in
2365 3254 2527 3311 nullo
2549 3273 2584 3310 a
2602 3254 2766 3311 vobis
2787 3260 2876 3312 est
2899 3257 3317 3329 detrahendus,
3336 3257 3476 3331 quia
3495 3258 3628 3327 ﬁde,

1981 3348 2246 3405 doctrina
2277 3349 2334 3401 et
2362 3345 2478 3400 vita
2507 3343 2856 3417 praecipuus,
2893 3362 2997 3401 nec
3023 3346 3097 3403 ad
3129 3347 3390 3404 dextram
3418 3364 3522 3404 nec
3556 3345 3630 3402 ad

1983 3438 2285 3494 sinistram
2309 3433 2622 3507 aliquando
2660 3433 2974 3490 declinavit
2995 3451 3029 3491 a
3049 3441 3206 3492 recta
3236 3435 3347 3504 via,
3380 3453 3486 3492 nec
3517 3439 3634 3491 ter-

1984 3528 2175 3583 minos
2205 3541 2352 3597 quos
2380 3525 2579 3580 Patres
2609 3528 2934 3596 posuerunt
2963 3528 3052 3580 est
3079 3530 3509 3598 transgressus,
3529 3541 3635 3581 nec

1982 3615 2325 3690 leopardum
2350 3613 2574 3669 curavit
2591 3613 2856 3681 deﬁnire,
2880 3612 2982 3669 sed
3003 3613 3266 3686 regulam
3290 3613 3641 3684 discretione

1984 3707 2217 3780 plenam
2250 3703 2557 3759 coenobitis
2579 3703 2826 3758 tradere.
2885 3704 2949 3757 In
2977 3719 3094 3773 qua
3124 3705 3181 3757 et
3227 3702 3277 3757 si
3335 3702 3641 3758 constituit

1986 3813 2154 3852 esum
2187 3793 2455 3849 carnium
2489 3790 2825 3858 inﬁrmis,et
2847 3789 3225 3845 femoraliain
3259 3789 3468 3844 itinere
3489 3789 3642 3862 posi-

1987 3885 2062 3940 tis
2095 3884 2249 3940 absit
2307 3886 2502 3936 tamen
2563 3883 2626 3933 ut
2685 3879 3068 3934 arbitraretur
3112 3878 3232 3934 hac
3290 3879 3406 3935 duo
3438 3879 3640 3952 pejora

1988 3990 2116 4030 esse
2139 3969 2725 4038 fornicatione,quam
2748 3966 2992 4039 quidam
3007 3967 3348 4024 vestratium
3365 3968 3508 4025 adeo
3529 3967 3643 4025 sibi

1988 4061 2328 4126 defendunt,
2363 4061 2427 4113 ut
2455 4056 2687 4129 publice
2716 4056 2977 4129 proﬁteri
3009 4073 3114 4114 nec
3164 4059 3514 4116 erubescant
3540 4075 3647 4116 nec

1990 4153 2278 4218 metuant,
2309 4146 2426 4203 tale
2483 4163 2612 4202 esse
2668 4146 2961 4215 fornicari,
3022 4147 3194 4220 quale
3251 4152 3340 4206 est
3387 4147 3648 4222 quolibet

1993 4256 2167 4312 pomo
2198 4237 2350 4294 vesci
2383 4240 2439 4291 et
2470 4235 2627 4290 reﬁci
2653 4234 2664 4289 Ι
2701 4235 2864 4292 Unde
2894 4240 2952 4292 et
2981 4237 3334 4294 fornicantes
3380 4239 3648 4295 Sarabai-

1990 4333 2081 4386 tas
2110 4329 2463 4384 venerantur
2494 4341 2507 4379 :
2546 4325 2924 4381 femoralibus
2978 4341 3112 4382 vero
3171 4331 3227 4383 et
3278 4327 3554 4383 carnibus
3585 4326 3645 4382 in

1993 4417 2337 4476 necessitate
2368 4417 2597 4470 utentes
2627 4413 2948 4470 coenobitas
2988 4414 3226 4470 omnino
3257 4409 3645 4472 detestantur.

201 4509 269 4563 iu
307 4523 385 4563 eo
416 4506 644 4577 perstat
674 4504 935 4560 devotus.
988 4506 1171 4571 Quem
1228 4507 1285 4559 et
1336 4520 1440 4560 nos
1495 4521 1599 4576 pro
1646 4503 1885 4560 modulo
1917 4523 1964 4588 Ι)
1996 4508 2108 4565 Sed
2135 4506 2275 4580 quid
2307 4503 2448 4560 dicit
2469 4502 2766 4559 Proheta?
2797 4526 2825 4553 «
2866 4503 2955 4560 Vae
2987 4503 3080 4558 his
3140 4502 3240 4574 qui
3292 4501 3495 4558 dicunt
3533 4503 3638 4560 bo-

203 4595 430 4653 nostro
463 4592 787 4660 imitantes,
822 4610 855 4648 a
882 4592 1348 4666 Septuagesima,
1410 4595 1645 4666 quando
1684 4593 1890 4666 lapsus

203 4679 582 4757 prompiasti
615 4681 677 4736 in
709 4679 966 4737 Ecclesia
982 4681 1278 4749 recitatur,
1311 4701 1332 4729 (ι
1358 4681 1606 4738 Alleluia
1627 4704 1655 4731 ››
1690 4698 1896 4738 novem

201 4770 703 4830 hebdomadibus
723 4769 1423 4836 intermittimus,scilicet
1445 4771 1506 4826 in
1529 4771 1770 4843 pascha,
1794 4770 1894 4826 ubi

203 4861 505 4919 Christus
553 4874 870 4930 resurgens
901 4876 935 4914 a
988 4859 1238 4915 mortuis
1295 4859 1596 4916 tristitiam
1630 4865 1894 4916 nostram

203 4952 275 5007 in
304 4947 606 5024 gaudium
627 4946 890 5015 vertit,et
911 4970 939 4998 «
963 4947 1217 5004 Alleluia
1240 4971 1266 4999 »
1282 4949 1490 5004 reddit.
1509 4949 1669 5014 Quod
1694 4948 1897 5020 utique

202 5039 264 5098 si
304 5055 434 5096 nou
467 5036 786 5108 aliquando
811 5037 1015 5093 Latina
1035 5037 1292 5094 Ecclesia
1313 5040 1667 5108 decantaret,
1702 5058 1895 5114 repre-

2000 4613 2144 4653 num
2171 4594 2420 4664 malum,
2453 4597 2511 4649 et
2570 4591 2793 4648 malum
2849 4593 3070 4646 bonum
3129 4591 3279 4662 (Isai.
3338 4608 3392 4660 v,
3449 4592 3580 4664 20)!
3616 4613 3645 4640 »

2006 4685 2283 4758 Nunquid
2316 4701 2418 4739 vas
2440 4682 2742 4738 electionis
2763 4681 2971 4736 beatus
2994 4679 3294 4752 apostolus
3316 4679 3531 4738 Paulus
3545 4679 3652 4737 ali-

2003 4777 2136 4834 cubi
2168 4773 2370 4829 deﬁnit
2402 4789 2414 4827 :
2449 4772 2646 4842 Neque
2678 4770 2954 4825 carnibus
2983 4773 3084 4825 aut
3114 4769 3434 4827 femoribus
3479 4774 3653 4828 uten-

2003 4872 2112 4934 tes,
2149 4879 2394 4935 regnum
2425 4860 2524 4916 Dei
2548 4859 2980 4932 possidebunt?
3001 4859 3108 4924 Qui
3131 4864 3327 4916 tamen
3359 4859 3656 4934 plerisque

2004 4956 2147 5012 locis
2176 4953 2547 5008 vehementer
2579 4948 3076 5017 inculcat,dicens
3108 4967 3122 5006 :
3167 4971 3194 5004 α
3224 4950 3412 5009 Nolite
3430 4968 3654 5020 errare;

2005 5060 2192 5115 neque
2223 5037 2493 5107 adulteri,
2526 5053 2713 5108 neque
2745 5035 2972 5106 molles,
3035 5055 3224 5110 neque
3255 5037 3656 5095 masculorum

204 5127 415 5186 h‘endi
439 5143 474 5182 a
499 5125 665 5181 vobis
687 5142 804 5181 non
826 5126 1084 5198 deberet,
1108 5143 1241 5182 cum
1267 5130 1464 5184 tamen
1486 5128 1543 5182 in
1569 5144 1677 5183 sua
1695 5128 1899 5203 lingua

197 5217 471 5275 laudem
520 5213 753 5270 Domini
802 5219 1160 5287 personaret.
1212 5211 1378 5271 Nunc
1435 5216 1511 5272 sit
1547 5214 1659 5272 ista
1707 5223 1897 5274 vestra

206 5301 522 5380 superbia
562 5304 875 5372 miramur,
929 5321 1055 5377 quae
1085 5304 1262 5362 latrat
1293 5305 1530 5361 Latinos
1561 5321 1676 5361 non
1717 5307 1897 5379 perti-

206 5403 371 5454 n'e‘re
403 5393 480 5450 ad
533 5396 737 5463 Deum,
771 5393 820 5449 si
852 5392 1131 5452 Hebraic'e
1163 5397 1265 5450 aut
1293 5392 1486 5450 Graece
1526 5411 1643 5450 non
1675 5395 1896 5468 persol-

203 5487 376 5544 vant
405 5485 462 5540 et
490 5481 784 5557 hymnum
816 5485 874 5540 et
931 5483 1195 5541 debitum
1227 5483 1508 5554 ofﬁcium,
1552 5499 1687 5540 cum
1720 5484 1895 5541 etiam

207 5571 670 5648 Latina‘lingua
684 5571 1087 5648 principaliter
1103 5573 1450 5632 conﬁteatur
1465 5572 1603 5647 quia
1613 5572 1896 5635 Dominus

566 5701 834 5767 Panos.
882 5702 1144 5769 CXLIII.

2005 5130 2408 5188 concubitores
2428 5142 2674 5198 regnum
2697 5125 3201 5198 Deipossidebunt
3221 5127 3267 5198 (ι
3296 5126 3652 5198 εον.νι,20).»

2004 5221 2143 5275 item
2177 5236 2190 5272 :
2226 5242 2255 5267 α
2289 5215 2686 5272 Fornicatores
2737 5218 2794 5270 et
2826 5216 3121 5272 adulteros
3163 5214 3458 5286 judicabit
3506 5215 3658 5271 Deus

2003 5311 2186 5380 (Hebr.
2217 5324 2340 5374 XIII,
2367 5305 2444 5377 la).
2480 5327 2508 5354 »
2541 5304 2694 5359 Et:«
2729 5304 2912 5360 Omne
2944 5309 3249 5377 peccatum
3265 5304 3660 5378 quodcunque

2007 5397 2212 5455 fecerit
2242 5395 2438 5461 homo,
2470 5397 2632 5450 extra
2663 5409 2876 5468 corpus
2908 5398 3031 5451 est:
3058 5395 3159 5466 qui
3187 5397 3387 5451 autem
3417 5393 3662 5453 fornica-

2010 5493 2127 5557 tur,
2164 5487 2223 5542 in
2255 5501 2466 5558 corpus
2498 5502 2674 5542 suum
2705 5489 2904 5558 peccat
2932 5489 2980 5559 (Ι
3001 5490 3128 5546 Cor.
3158 5508 3236 5560 v1,
3266 5492 3346 5561 8).
3382 5514 3411 5543 »

2077 5575 2213 5636 LXI.
2248 5591 2979 5638 CONSTANTINOPOLITANUS.
3015 5581 3264 5656 Azymas
3305 5597 3443 5640 vero
3474 5586 3533 5641 et
3559 5583 3693 5641 cu-”‘

3263 5709 3337 5776 31
