4086 6168
425 289 535 348 971

1101 287 1583 351 HUMBEBTUS
1629 289 1691 350 S.
1740 291 1813 349 Β.
1861 287 1933 350 Ε.
1979 289 2473 351 CARDINALIS.
2508 289 2762 352 —LlB.
2808 288 3140 355 NICETIE.

3701 290 3825 350 972

424 421 646 477 stodias
676 421 1059 476 Sabbatorum
1093 422 1356 492 projicite
1389 423 1620 478 miseris
1648 423 2059 478 Judaeis.Simi—
2089 424 2144 489 Α
2174 425 2347 478 corda
2378 423 2778 478 innocentum.
2816 425 2955 478 Ecce
2985 424 3078 478 his
3106 421 3439 494 specialiter
3465 422 3826 477 Tranensem

425 509 561 566 liter
593 515 648 566 et
677 511 960 566 suffocata
990 511 1255 566 barbaris
1287 513 1655 584 gentibus,ut
1696 512 1908 568 fiamus
1936 513 2066 582 puri

425 615 629 654 omnes
659 599 718 653 in
749 599 1135 655 immaculuta
1163 605 1221 654 et
1254 600 1311 654 in
1336 606 1490 655 recta
1521 602 1653 668 fide,
1673 604 1728 654 et
1759 618 1911 656 unus
1932 617 2070 672 grex

426 688 602 742 unius
635 689 885 760 pastoris
916 689 1148 744 Christi.
1185 689 1364 758 Cujus
1395 690 1454 742 in
1489 706 1658 744 cruce
1699 690 1895 744 divino
1928 707 2070 744 san-

425 775 603 848 guine
633 776 923 843 inebriati,
957 777 1268 832 laudamus
1300 778 1432 849 puri
1465 795 1606 848 pure
1638 779 1860 834 Petrem
1896 783 1952 833 et
1985 778 2071 832 Fi-

425 863 573 919 lium
604 869 660 920 et
685 865 969 936 Spiritum
989 872 1258 921 sanctum
1295 885 1307 921 :
1341 867 1614 922 universa
1631 867 1894 923 Mosaicae
1927 865 2070 937 legis

425 957 481 1008 et
511 954 583 1007 ab
610 969 675 1007 eo
707 954 997 1009 custodita
1028 954 1498 1025 derelinquentes
1525 957 1649 1011 sine
1683 956 1796 1010 Deo
1829 955 2068 1009 Judaais.

427 1041 534 1103 Qui
564 1040 724 1095 velut
755 1043 887 1096 caeci.
920 1043 1321 1114 perquirentes
1345 1044 1661 1107 Christum,
1697 1043 1893 1098 lumen
1926 1043 2070 1097 ami-

428 1132 651 1195 serunt,
684 1137 1091 1201 permanentes
1153 1133 1210 1186 in
1271 1133 1480 1186 umbra
1537 1132 1688 1186 sicut
1729 1131 2073 1202 insipientes

430 1223 730 1289 perpetuo.

503 1307 663 1361 LXII.
703 1309 1003 1362 Romanus.
1023 1309 1302 1379 Superius
1327 1309 1786 1364 monstravimus
1817 1308 2070 1379 copiose,

432 1411 538 1448 nec
569 1395 827 1450 Sabbata
856 1396 944 1450 vel
977 1414 1177 1466 azyma
1210 1414 1314 1450 nos
1345 1399 1580 1467 judaice
1612 1399 1935 1463 observare,
1971 1413 2073 1451 nec

432 1482 714 1536 suffocata
761 1483 1051 1554 gentiliter
1107 1486 1479 1550 manducare,
1544 1487 1644 1541 sed
1692 1485 2073 1558 apostolicam

432 1569 896 1641 catholicamque
961 1573 1136 1627 fidem
1196 1573 1593 1645 principaliter
1641 1575 1908 1640 retinere,
1971 1590 2074 1628 nec

434 1658 754 1730 procaciter
784 1660 1048 1731 refugere
1079 1663 1180 1716 sed
1229 1662 1534 1719 humiliter
1563 1664 1760 1735 fugere
1787 1664 1857 1717 ad
1891 1678 2074 1717 unum

434 1748 610 1803 unius
643 1747 861 1803 summi
892 1749 1029 1804 boni
1063 1751 1315 1806 Pastoris
1347 1752 1514 1818 ovile,
1549 1753 1647 1824 qui
1707 1753 1900 1824 posuit
1947 1751 2076 1806 aui-

434 1853 591 1894 mam
623 1853 792 1892 suam
820 1855 922 1909 pro
955 1838 1159 1894 ovibus
1193 1840 1516 1912 suiszquas
1534 1857 1730 1896 vocem
1765 1856 2078 1905 suam,non

433 1925 782 1997 alienorum,
815 1934 1296 1999 recognoscentes
1326 1935 1382 1985 et
1412 1935 1722 2000 sequentes
1754 1945 1925 1984 carne
1974 1945 2081 1983 sua

431 2015 720 2071 instanter
750 2016 907 2071 cibat
938 2020 996 2072 et
1026 2019 1311 2090 sanguine
1370 2024 1549 2090 potat,
1608 2023 1673 2072 ut
1703 2019 1873 2072 corde
1896 2034 1991 2072 ore
2024 2021 2081 2071 et

434 2120 607 2175 opere
638 2105 975 2161 collaudent
1032 2112 1294 2163 sanctam
1353 2114 1408 2162 et
1441 2107 1798 2161 individuam
1831 2107 2079 2161 ’l‘rinila-

435 2197 576 2247 tem.
631 2193 791 2248 Unde
851 2211 1026 2265 super
1079 2196 1278 2250 omnia
1335 2197 1601 2251 dolemus
1662 2201 1884 2251 veteres
1916 2195 2079 2249 anias

433 2285 627 2338 vestro
661 2282 732 2335 de
765 2280 1041 2352 pulmone
1072 2282 1354 2338 hactenus
1404 2301 1518 2338 non
1569 2285 1830 2355 potuisse
1863 2281 2074 2338 revelli.

437 2368 518 2422 De
548 2369 764 2438 quibus
788 2369 847 2422 in
878 2370 1118 2426 Actibus
1141 2371 1536 2442 apostolorum
1559 2372 1774 2426 dicitur
1811 2389 1821 2425 :
1858 2395 1884 2420 «
1913 2371 2079 2426 Athe-

433 2455 667 2510 nienses
698 2457 771 2512 ad
803 2456 948 2510 nihil
973 2457 1130 2512 aliud
1163 2460 1465 2524 vacabant,
1502 2461 1612 2514 nisi
1646 2460 1947 2515 addiscere
1978 2462 2079 2513 ant

429 2543 632 2599 audire
662 2544 884 2616 aliquid
919 2547 1048 2600 novi
1079 2547 1213 2612 (Act.
1243 2565 1379 2614 xvu,
1411 2549 1524 2616 21).
1548 2571 1574 2596 ››
1598 2549 1708 2603 Sed
1733 2549 1859 2618 jam
1892 2548 2078 2619 profa-

428 2650 536 2689 nas
563 2651 772 2690 vocum
806 2635 1091 2690 novitates
1113 2636 1710 2702 devitando,veterem
1745 2636 2076 2708 pelliculam

427 2723 777 2794 quantocius
808 2724 1061 2794 abjicite,
1097 2741 1188 2791 ne,
1221 2725 1376 2796 quod
1430 2726 1584 2780 absit
1617 2725 1628 2779 Ι
1661 2727 1888 2781 dicatur
1917 2725 2077 2780 vobis

427 2812 637 2884 Sponsi
668 2829 804 2868 voce
839 2830 850 2866 :
888 2836 913 2862 ‹‹
950 2813 1007 2868 Si
1039 2813 1271 2886 ignoras
1300 2818 1376 2878 te,
1410 2815 1680 2884 egredere
1712 2819 1766 2869 et
1800 2814 1893 2869 abi
1947 2818 2077 2885 post

424 2901 669 2972 vestigia
698 2907 1029 2974 gregum,et
1049 2919 1218 2973 pasce
1244 2903 1441 2958 haedos
1472 2908 1606 2958 tuos
1637 2904 1818 2974 (Cant.
1855 2921 1890 2969 ι,
1923 2903 1978 2972 7)
2005 2918 2018 2956 :
2045 2923 2072 2950 ››

427 2988 558 3044 illos
611 2989 834 3045 scilicet
892 3008 1039 3062 quos
1091 2992 1214 3063 ipse
1283 2997 1482 3064 pastor
1537 2993 1595 3046 in
1657 2994 1769 3046 fine
1826 3009 1860 3046 a
1918 2995 2074 3046 sorte

427 3077 741 3134 humilium
774 3080 969 3135 ovium
1003 3086 1270 3152 separat;
1305 3081 1462 3152 quia,
1517 3082 1714 3136 lascivi
1747 3085 1803 3135 et
1860 3079 2074 3152 petulci

424 3166 518 3222 hic
549 3185 610 3224 se
639 3168 691 3224 vi
725 3169 1010 3240 superbiae
1041 3170 1290 3225 exaltare
1322 3187 1438 3224 non
1471 3174 1720 3225 cessant.

494 3257 685 3313 LXIII.
719 3257 937 3311 Deinde
958 3256 1006 3310 si
1028 3258 1295 3313 universa
1326 3257 1588 3312 Mosaicaz
1613 3257 1755 3328 legis
1788 3256 2064 3328 relinqui-

423 3362 557 3400 mus
587 3345 827 3408 Judaais,
861 3345 1019 3399 nulla
1051 3347 1328 3401 honestas
1362 3352 1463 3400 aut
1494 3346 1770 3400 sanctitas
1802 3362 2064 3401 remane-

423 3432 508 3486 bit
538 3433 728 3499 nobis,
763 3449 868 3487 ceu
899 3449 966 3486 ex
997 3434 1398 3504 superioribus
1431 3433 1764 3505 recolligere
1799 3435 2061 3505 potestis.

420 3519 849 3590 Relinquantur
905 3537 1040 3592 ergo
1072 3521 1154 3575 eis
1199 3521 1322 3575 sola
1351 3523 1610 3577 carnalia
1658 3523 1954 3590 mandata,
2008 3527 2062 3594 et

418 3612 690 3664 sanctum
722 3607 1015 3675 szeculare,
1065 3608 1123 3662 in
1183 3609 1399 3680 quibus
1461 3611 1591 3665 cmei
1625 3616 1892 3680 quarunt
1922 3610 2061 3682 quid

417 3697 698 3768 invenire,
731 3697 874 3752 dum
907 3697 1177 3752 umbram
1210 3703 1502 3752 sectantes
1550 3699 1819 3753 exsulant
1850 3715 1883 3753 a
1913 3697 2060 3752 luce.

418 3789 482 3843 In
514 3805 632 3860 qua
666 3788 879 3843 umbra
917 3792 1263 3842 numeratur
1309 3792 1367 3842 et
1399 3787 1719 3842 Sabbatum
1774 3790 2058 3854 vestrum,

414 3877 690 3949 Apostolo
721 3877 948 3931 dicente
982 3893 995 3930 :
1034 3898 1054 3924 ‹ι
1092 3876 1270 3931 Nemo
1301 3893 1402 3931 vos
1451 3875 1679 3945 judicet
1710 3873 1768 3928 in
1800 3874 1928 3929 cibo
1961 3879 2062 3929 aut

418 3971 558 4038 potu
592 3970 691 4020 aut
719 3965 779 4019 in
811 3970 972 4036 parte
1003 3964 1120 4019 diei
1140 3964 1293 4033 festi,
1317 3970 1418 4019 aut
1448 3963 1764 4018 neomeniac
1787 3968 1888 4018 aut
1917 3964 2062 4018 Sab-

420 4054 712 4119 batorum,
773 4070 900 4122 quae
971 4057 1112 4108 sunt
1170 4055 1379 4108 umbra
1446 4053 1776 4108 futurorum
1835 4053 2057 4123 (Coloss.

417 4161 478 4206 ιι,
513 4143 622 4211 16).
657 4164 686 4190 ››
718 4141 889 4196 Porro
920 4142 1070 4197 sicut
1099 4142 1224 4197 sine
1257 4143 1368 4197 Deo
1417 4147 1555 4197 sunt
1612 4142 1820 4208 Judaei,
1881 4143 1965 4198 sic
2005 4148 2062 4199 et

416 4246 620 4286 omnes
650 4229 924 4285 haeretici.
958 4229 1174 4284 Verum
1229 4247 1300 4285 ne
1332 4231 1470 4301 quid
1520 4233 1596 4286 sit
1626 4232 1844 4298 minus,
1904 4232 2059 4303 quod

414 4319 682 4391 sequitur
711 4319 1106 4373 attendamus.

482 4408 666 4464 LXIV.
694 4408 1429 4464 CONSTANTINOPOLITANUS.
1469 4411 1593 4463 Haec
1623 4415 1817 4465 autem
1846 4410 2056 4480 hujus-

2177 510 2518 580 episcopum
2547 511 2853 575 Joannem,
2880 511 2971 564 cui
2995 510 3137 565 talia
3169 509 3508 581 scripsistis,
3535 507 3830 580 alloqueno

2177 603 2265 653 tes
2294 598 2418 653 oleo
2441 599 2760 670 peccatoris
2783 603 2958 670 caput
2987 599 3115 670 ejus
3139 599 3509 670 impinguare
3531 599 3827 670 satagitis,

2179 687 2474 742 dicentes:
2511 710 2538 736 «
2567 691 2699 742 Haec
2732 692 2928 742 autem
2962 687 3305 758 hujusmodi
3339 685 3638 742 multoties
3695 704 3832 743 cum

2179 775 2391 846 populo
2423 791 2745 846 agnoscens
2792 776 3040 831 docuisti
3099 793 3217 843 eos,
3270 780 3327 830 et
3357 779 3655 830 correctus
3688 777 3836 830 scri-

2181 865 2348 936 psisti
2373 865 2576 919 multis
2598 865 2851 920 similem
2878 864 3363 920 consuetudinem
3388 864 3767 919 habentibus.
3803 886 3832 912 »

2182 955 2291 1008 Sed
2327 971 2430 1008 nos
2463 971 2492 1008 e
2515 953 2802 1008 contrario
2834 969 2936 1024 per
2962 953 3334 1008 Salomoncm
3359 951 3611 1007 dicimus
3643 953 3833 1007 vobis.

2188 1063 2209 1089 ι
2244 1043 2318 1096 Os
2353 1044 2507 1113 quod
2541 1042 2840 1105 mentitur,
2873 1042 3085 1097 occidit
3115 1041 3374 1096 animam
3405 1042 3552 1111 (Sep.
3586 1058 3626 1107 Ι,
3664 1041 3779 1110 11).
3808 1063 3834 1088 »

2182 1132 2378 1201 Neque
2408 1131 2563 1186 enim
2595 1131 2869 1202 praefatus
2899 1131 3207 1200 episcopus
3256 1134 3549 1184 correctus
3602 1146 3638 1183 a
3668 1129 3836 1184 vobis

2183 1219 2496 1290 aliquando
2529 1218 2668 1273 talia
2697 1217 2979 1289 populum
3001 1217 3197 1272 docuit
3228 1220 3331 1272 aut
3351 1216 3629 1287 cuiquam
3657 1233 3838 1288 super

2184 1308 2276 1363 bis
2308 1307 2561 1379 scripsit.
2595 1307 2754 1372 Quod
2817 1306 2866 1362 si
2897 1305 3150 1374 fecisset,
3213 1309 3508 1359 correctus
3569 1322 3602 1358 a
3659 1305 3836 1360 nobis

2185 1397 2410 1462 fuisset,
2445 1413 2547 1450 cur
2569 1400 2867 1467 correptus
2895 1411 3005 1450 non
3033 1399 3227 1448 autem
3262 1398 3555 1448 correctus
3583 1411 3617 1448 a
3646 1393 3834 1458 vobis,

2184 1486 2324 1540 talia
2356 1484 2827 1556 praesumpsisset
2857 1484 2884 1537 εἰ
2914 1483 3023 1538 Sed
3059 1482 3157 1538 ille
3189 1482 3615 1554 qualiscunque
3665 1482 3744 1538 sit
3775 1483 3837 1537 in

2185 1591 2374 1645 opere,
2408 1591 2588 1628 sanus
2619 1580 2812 1627 tamen
2845 1573 3129 1627 hactenus
3158 1571 3379 1627 exstitit
3419 1572 3478 1625 in
3511 1571 3841 1626 orthodoxa

2186 1663 2471 1732 fidejuxta
2491 1662 2871 1732 capacitatem
2893 1677 3011 1715 suae
3030 1659 3840 1731 intelligentia.Unde,nullis

2182 1752 2390 1806 vestris
2419 1749 2922 1806 susurrationibus
2954 1748 3558 1820 acquiescens,adhuc
3588 1765 3840 1820 persua-

2185 1841 2306 1896 deri
2341 1857 2454 1895 non
2488 1839 2675 1910 potuit
2706 1844 2770 1892 ut
2801 1839 2976 1892 alicui
3010 1839 3380 1893 sacerdotum
3439 1837 3545 1892 has
3600 1843 3841 1892 vestras

2189 1930 2407 1984 naeniae
2436 1945 2539 2000 pro
2570 1927 2922 1982 correctione
2948 1927 3181 1981 illorum
3204 1932 3260 1981 et
3283 1925 3474 1997 populi
3499 1942 3626 1979 cum
3653 1925 3836 1994 adju-

2187 2019 2413 2072 toribus
2443 2017 2718 2071 mitteret.
2754 2016 2818 2070 Et
2849 2017 2972 2087 ipse
3003 2033 3119 2070 non
3153 2014 3347 2070 solum
3369 2013 3574 2068 nullam
3595 2028 3831 2069 merce-

2189 2109 2316 2160 dem
2358 2107 2409 2159 in
2443 2107 2536 2160 his
2576 2107 2816 2160 haberet
2845 2106 2947 2160 sed
2978 2105 3219 2175 insuper
3239 2103 3451 2175 gradus
3480 2102 3568 2155 sui
3600 2102 3844 2173 pericu-

2188 2196 2308 2250 lum
2345 2196 2679 2249 incurreret.
2713 2193 2816 2248 Cui
2845 2193 3047 2258 etiam,
3079 2193 3127 2246 si
3158 2193 3321 2247 vobis
3344 2192 3399 2245 in
3425 2191 3634 2246 vestris
3657 2191 3840 2262 nugis

2188 2284 2440 2350 obediat,
2492 2283 2648 2338 aliud
2700 2281 2984 2336 mercedis
3018 2279 3372 2351 repromittis
3413 2297 3425 2333 :
3478 2278 3704 2335 scilicet
3731 2296 3840 2334 vos

2187 2373 2443 2430 secundo
2475 2371 2525 2426 ei
2557 2371 2841 2442 scriptum
2873 2371 2956 2424 ire
2987 2370 3211 2440 majora
3241 2371 3299 2422 et
3339 2367 3690 2438 perfectiora
3719 2367 3840 2434 his,

2185 2477 2319 2516 vera
2346 2460 2480 2514 fidei
2503 2459 2853 2523 ostensione,
2879 2474 2942 2514 ac
2969 2460 3338 2513 firmamento
3364 2456 3842 2532 animarum,pro

2187 2550 2403 2621 quibus
2434 2547 2701 2602 Christus
2729 2553 2922 2618 posuit
2971 2546 3228 2601 animam
3282 2561 3472 2601 suam.
3519 2545 3584 2599 In
3620 2545 3844 2618 quibus

2186 2639 2353 2710 plane
2386 2636 2691 2708 promissis
2720 2635 3029 2706 antiquum
3053 2636 3229 2690 ritum
3261 2634 3676 2690 hereticorum
3711 2634 3846 2690 reti-

2184 2727 2354 2792 netis,
2389 2742 2637 2795 quorum
2669 2742 2859 2780 sermo
2907 2725 3058 2779 sicut
3084 2740 3292 2779 cancer
3339 2723 3541 2794 serpit,
3578 2729 3636 2778 et
3669 2723 3840 2794 polli-

2184 2821 2346 2870 cetur
2375 2813 2620 2869 curiosis
2652 2814 2953 2884 fastigium
2994 2814 3257 2884 perfecta:
3291 2811 3570 2879 scientiae,
3608 2818 3679 2867 ut
3711 2829 3839 2884 per-

2182 2903 2376 2957 trahat
2406 2903 2476 2956 ad
2521 2903 2861 2956 barathrum
2915 2906 3183 2957 cxtermaa
3235 2899 3516 2956 stultitiae.
3571 2900 3842 2963 Quorum

2180 2993 2500 3047 vanitatem
2550 2991 2848 3062 Sapientia
2878 2990 2976 3045 Dei
3011 3007 3114 3062 per
3169 2988 3540 3044 Salomonem
3603 2989 3844 3062 pr0prie

2183 3081 2591 3136 demonstrans
2624 3081 2740 3134 ait:
2776 3102 2803 3129 «
2835 3079 3040 3134 Mulier
3066 3078 3247 3134 stulta
3263 3083 3319 3133 et
3344 3077 3841 3150 clamosa,plena-

2100 3154 2142 3220 C
2182 3185 2294 3239 que
2327 3167 2636 3232 illecebris,
2669 3174 2725 3222 et
2754 3167 2901 3222 nihil
2935 3168 3173 3222 omnino
3216 3166 3426 3233 sciens,
3461 3168 3628 3222 sedet
3662 3169 3724 3222 in
3759 3168 3841 3222 fo-

2179 3258 2340 3313 ribus
2371 3258 2583 3312 domus
2617 3274 2755 3322 suae,
2784 3257 2842 3310 in
2885 3255 3110 3312 excelso
3167 3255 3331 3310 urbis
3387 3254 3536 3319 loco,
3571 3261 3637 3309 ut
3669 3260 3840 3311 vocet

2175 3352 2545 3403 transeuntes
2579 3365 2680 3419 per
2699 3346 2944 3413 viam,et
2975 3349 3281 3417 pergentes
3306 3344 3513 3399 itinere
3545 3346 3836 3409 suo.Quis

2175 3443 2262 3492 est
2294 3436 2608 3508 parvulus?
2625 3435 2876 3490 declinet
2905 3435 2975 3488 ad
3010 3434 3198 3488 me.Et
3227 3433 3450 3488 vecordi
3486 3433 3688 3488 locuta
3709 3440 3836 3489 est:

2172 3528 2348 3596 Aquae
2378 3524 2599 3578 furtiva:
2631 3523 2919 3578 dulciores
2951 3527 3110 3586 sunt,
3143 3526 3200 3576 et
3231 3520 3399 3592 panis
3441 3521 3840 3576 absconditus

2173 3613 2426 3668 suavior.
2461 3613 2531 3666 Et
2563 3611 2854 3682 ignoravit
2884 3610 3036 3681 quod
3074 3611 3338 3681 gigantes
3371 3609 3451 3663 ibi
3482 3612 3633 3672 sunt,
3670 3613 3736 3662 et
3772 3609 3838 3664 in

2173 3699 2498 3772 profundis,
2528 3698 2739 3753 inferni
2772 3699 3019 3753 conviva:
3056 3699 3185 3769 ejus
3215 3701 3398 3766 (Prov.
3436 3715 3506 3758 ix,
3542 3696 3766 3766 13-18).
3807 3720 3840 3745 »

2171 3791 2274 3843 Hic
2306 3789 2476 3861 plane
2498 3788 2591 3842 hic
2615 3787 2792 3843 vestri
2814 3789 3016 3842 efficax
3038 3788 3298 3858 depictor
3327 3790 3441 3852 est:
3460 3786 3561 3858 qui
3592 3787 3834 3857 majora

2170 3884 2226 3934 et
2256 3877 2598 3949 perfectiora
2618 3877 2689 3931 ad
2721 3877 3111 3931 ostensienem
3137 3876 3270 3930 fidei
3292 3880 3350 3930 et
3381 3877 3836 3930 ﬁrmamentum

2170 3967 2500 4022 animarum
2516 3965 2872 4037 pollicemini
2887 3965 3179 4019 invitando
3193 3963 3466 4036 parvulos
3479 3966 3841 4044 etvecordes

2170 4056 2242 4111 ad
2274 4071 2438 4126 aqum
2473 4055 2694 4108 furtivae
2727 4053 3120 4118 dulcedinem,
3154 4059 3211 4108 et
3269 4055 3440 4125 panis
3489 4053 3838 4109 absconditi

2169 4146 2538 4200 suavitatem.
2572 4143 2717 4199 Vere
2749 4143 2991 4198 omnino
3021 4160 3174 4214 aqua
3205 4143 3419 4197 furtiva
3468 4146 3581 4207 est,
3618 4143 3682 4197 in
3717 4159 3838 4214 qua

2167 4233 2537 4305 rebaptizatis
2568 4232 2803 4288 Latinos
2834 4231 3113 4288 catholice
3134 4231 3482 4303 baptizatos,
3516 4232 3683 4302 quod
3709 4230 3840 4286 nul-

2166 4323 2260 4379 lus
2292 4322 2612 4378 catholicus
2635 4321 2827 4376 adhuc
2845 4320 3220 4392 praesumpsit
3251 4319 3472 4375 scilicet
3489 4324 3555 4373 ut
3578 4321 3840 4393 rebapti-

2165 4416 2323 4466 zaret
2354 4410 2601 4482 aliquos,
2634 4409 2693 4465 in
2728 4408 2964 4464 nomine
2987 4414 3199 4464 sanctae
3233 4407 3538 4463 Trinitatis
3573 4409 3648 4463 ab
3681 4409 3835 4480 ipsis

405 4497 565 4554 modi
603 4496 901 4553 multoties
925 4501 982 4552 et
1013 4498 1135 4569 ipse
1165 4514 1300 4552 cum
1333 4497 1547 4569 populo
1578 4516 1902 4569 agnoscens
1953 4500 2054 4554 do-
2089 4521 2135 4585 D
2167 4501 2341 4556 etiam
2372 4498 2658 4554 haereticis
2691 4499 3036 4570 baptizatos.
3063 4503 3210 4553 Vere
3241 4497 3480 4552 omnino
3513 4498 3588 4552 ad
3625 4499 3833 4553 nescio

409 4587 580 4643 cuisti
607 4603 726 4655 eos,
761 4590 818 4642 et
836 4591 1130 4641 correctus
1161 4587 1445 4658 scripsisti
1479 4587 1677 4642 multis
1711 4588 1884 4644 talem
1920 4605 2059 4644 con-

409 4677 785 4733 suetudinem
816 4675 1190 4730 habentibus.
1213 4676 1281 4729 Et
1315 4680 1380 4730 ut
1406 4675 1620 4731 habeas
1653 4676 1901 4731 salutem
1934 4677 2054 4731 ani-

413 4783 522 4820 mm
552 4770 684 4829 tuae,
723 4763 886 4818 mitte
919 4763 1281 4834 principibus
1314 4766 1752 4820 sacerdotumet
1783 4767 2056 4819 sacerdo-

414 4853 598 4917 tibus,
630 4857 686 4906 et
715 4853 922 4921 adjura
955 4857 1016 4906 ut
1074 4870 1173 4923 per
1207 4853 1325 4908 haec
1375 4855 1596 4923 seipsos
1657 4854 1950 4924 corrigunt
2001 4860 2058 4909 et

414 4939 696 5013 populum
731 4943 796 4992 ut
850 4942 1174 4995 mercedem
1207 4947 1263 4996 et
1293 4944 1351 4994 in
1384 4943 1514 4996 istis
1571 4943 1840 4996 habeant.
1903 4943 1968 4996 Et
2006 4942 2054 4996 si

414 5029 523 5084 hoc
549 5027 823 5092 feceritis,
848 5045 1107 5098 propono
1130 5033 1186 5084 ct
1207 5047 1309 5100 per
1331 5032 1648 5085 secundam
1680 5031 2054 5100 scriptionem

415 5119 639 5190 majora
689 5119 743 5170 et
800 5117 1143 5188 perfectiora
1171 5118 1263 5172 his
1295 5119 1547 5174 scribere
1581 5118 1683 5173 tibi
1735 5120 1866 5173 fidei
1921 5137 2055 5174 vera

408 5207 741 5263 ostensione
770 5210 826 5260 et
855 5207 1224 5262 firmamento
1281 5208 1634 5272 animarum,
1678 5225 1779 5280 pro
1839 5209 2054 5278 quibus

409 5296 678 5350 Christus
710 5294 906 5365 posuit
931 5295 1190 5350 animam
1225 5313 1413 5352 suam.

479 5384 636 5438 LXV.
674 5384 976 5438 Romanus.
1015 5387 1056 5438 0
1115 5385 1221 5439 viri
1264 5386 1502 5450 corrlati,
1566 5385 1901 5456 perpendite
1958 5386 2050 5440 hic

414 5477 471 5528 et
502 5476 693 5527 cavete
725 5472 1126 5529 haereticorum
1156 5474 1424 5529 callidam
1457 5475 1891 5544 subreptioncm
1913 5493 1925 5543 ;
1951 5475 2050 5546 qui

405 5576 512 5654 per
569 5561 1002 5622 benedictiones
1059 5567 1115 5622 et
1152 5563 1352 5622 dulces
1399 5579 1695 5632 sermones
1763 5564 2052 5626 seducunt

2169 4607 2342 4661 quem
2376 4603 2585 4659 panem
2617 4587 3026 4642 absconditum
3053 4586 3578 4658 invitatis,quando
3597 4586 3840 4642 vivifica

2169 4683 2225 4734 et
2255 4676 2537 4733 terribilia
2557 4681 2924 4731 sacramenta
2953 4675 3212 4747 corporis
3245 4681 3303 4731 et
3335 4675 3649 4747 sanguinis
3683 4675 3834 4731 Jesu

2167 4765 2376 4820 Christi
2403 4765 2662 4836 profanis
2694 4765 2940 4835 pedibus
2970 4764 3348 4820 conculcatis.

2243 4853 2423 4909 LXVI.
2461 4853 2720 4907 IIazccine
2751 4860 2891 4908 sunt
2923 4854 3020 4909 illa
3080 4855 3303 4924 majora
3331 4858 3387 4908 et
3445 4854 3832 4925 perfectiora,

2166 4948 2230 4998 ut
2261 4949 2422 4998 tanta
2443 4943 2656 4998 oblatio
2717 4943 3052 5013 imponatur
3084 4943 3272 5008 altari,
3307 4948 3529 5014 quanta
3569 4949 3838 5014 nequeat

2165 5051 2198 5087 a
2229 5031 2514 5087 ministris
2546 5031 2631 5086 vel
2664 5048 2696 5084 a
2727 5030 2939 5101 populo
2982 5033 3157 5098 sumi,
3223 5036 3278 5086 et
3334 5031 3550 5086 idcirco
3612 5031 3836 5088 debeat

2165 5121 2610 5187 subterrari,aut
2641 5119 2700 5174 in
2734 5126 2975 5191 puteum
3007 5123 3080 5175 ad
3113 5121 3221 5175 hoc
3253 5125 3647 5192 praeparatum
3685 5138 3834 5191 pru-

2155 5211 2258 5280 jici
2288 5210 2314 5264 ‘2
2348 5209 2603 5264 llazccine
2633 5225 2866 5280 quoque
2898 5213 3038 5264 sunt
3067 5207 3168 5263 illa
3225 5209 3448 5278 majora
3492 5213 3548 5263 et
3588 5209 3837 5278 perfec-

2161 5298 2330 5366 tiora,
2365 5303 2430 5352 ut
2461 5313 2644 5352 novus
2676 5297 2922 5352 maritus
2954 5300 3011 5351 et
3039 5297 3258 5351 recenti
3289 5296 3487 5351 carnis
3518 5293 3834 5366 voluptate

2163 5385 2453 5442 resolutus
2486 5391 2543 5440 et
2573 5389 2731 5440 totus
2753 5385 3052 5442 marcidus
3083 5384 3300 5441 Christi
3349 5383 3645 5439 ministret
3679 5382 3833 5440 alta-

2163 5476 2347 5542 ribus,
2379 5479 2436 5529 et
2464 5476 2535 5530 ab
2568 5476 2695 5546 ejus
2728 5474 3102 5530 immaculato
3135 5490 3375 5546 corpore
3415 5471 3834 5530 sanctilicatas

2161 5580 2372 5626 manus
2393 5564 2699 5626 confestim
2713 5564 2783 5622 ad
2808 5563 3125 5626 muliebres
3145 5564 3457 5626 transferat
3467 5559 3834 5636 amplexus?
