4086 6168
209 258 325 321 973

1557 264 1875 327 CONTRA
1919 265 2279 328 LATINOS.

3497 273 3617 332 9'14

207 389 476 446 Haecine
504 393 646 444 sunt
675 389 780 446 illa
804 393 1165 463 perfectiora,
1199 397 1264 450 ut
1293 395 1640 452 mulieribus
1696 398 1861 453 Chri-
1889 401 1943 467 Α
1974 399 2143 469 peius
2175 398 2252 453 sit
2285 399 2602 454 monachos
2639 399 3016 456 femoralibus
3058 401 3220 456 indui
3269 405 3323 457 et
3345 404 3619 460 carnibus

205 477 422 534 stianis
448 477 510 533 in
542 482 716 550 partu
768 479 860 535 vel
918 481 977 536 in
1035 487 1340 539 menstruo
1400 484 1867 556 periclitantibus

204 567 545 622 communio
569 567 937 638 degenetur?
966 575 1067 626 aut
1098 572 1341 644 paganis
1392 573 1726 645 baptismus
1778 575 1866 629 in-

199 656 649 711 terdicaturPet
678 657 946 728 parvulis
1000 660 1304 716 morituris
1360 666 1498 717 ante
1555 667 1684 718 octo
1743 663 1866 720 dies

201 743 567 816 regeneratio
597 761 705 816 per
734 763 950 818 aquam
982 752 1038 803 et
1068 748 1354 820 Spiritum
1400 754 1670 807 sanctum
1730 753 1868 808 sub-

199 832 508 888 trahatur?
541 834 607 890 In
640 850 757 905 quo
787 836 993 908 utique
1035 837 1391 894 crudeliores
1446 839 1691 905 Herode,
1749 858 1865 897 non

198 924 439 977 tantum
470 921 532 976 in
567 938 809 994 corpore
841 924 941 979 sed
974 928 1032 980 et
1069 924 1128 980 in
1188 927 1389 982 anima
1442 928 1701 998 quotidie
1747 932 1868 984 tru-

196 1009 412 1065 cidatis
460 1009 840 1081 parvulorum
899 1012 1392 1071 innumerabilem
1443 1016 1750 1088 populum,
1809 1021 1866 1072 et

195 1097 511 1155 destinatis
543 1099 614 1154 ad
646 1098 844 1172 ignem
877 1104 1183 1158 aeternum.
1208 1102 1486 1174 Nunquid
1505 1105 1683 1159 etiam
1727 1105 1863 1161 inde

193 1189 283 1242 est
314 1188 472 1258 quod
504 1187 763 1243 hominis
792 1189 1062 1246 morituri
1093 1190 1410 1264 imaginem
1442 1191 1707 1264 afﬂigitis
1729 1210 1859 1248 eru-

191 1274 378 1330 ciﬁxae
408 1275 653 1348 imagini
679 1276 920 1346 Christi,
953 1278 1036 1333 ita
1069 1283 1133 1334 ut
1162 1280 1406 1352 quidam
1463 1281 1861 1338 Antichristus

189 1363 249 1417 in
282 1379 463 1420 cruce
491 1365 709 1421 Christi
742 1366 944 1422 sedeat
997 1369 1314 1425 ostendens
1373 1387 1436 1425 se
1496 1371 1860 1427 adorandum

184 1456 479 1525 tanquam
511 1453 588 1510 sit
612 1453 768 1511 Deus
788 1455 816 1508 ?
844 1455 1123 1527 Nunquid
1159 1461 1216 1512 et
1237 1456 1382 1514 illud
1416 1457 1553 1515 inde
1583 1463 1671 1515 est
1701 1459 1856 1530 quod

1976 487 2152 555 vesci,
2187 504 2364 558 quam
2397 488 2719 544 fornicari?
2746 489 2955 545 Ideone
3003 488 3277 545 clauditis
3333 491 3623 549 Ecelesias

1975 577 2311 632 Latinorum
2345 580 2400 631 et
2427 577 2679 649 dirigitis
2721 578 2939 649 scripta
2968 594 3070 649 per
3091 582 3281 634 totum
3305 579 3532 647 urbem,
3555 586 3621 636 ut

1976 665 2048 718 ad
2082 664 2203 719 haec
2235 667 2458 735 majora
2486 671 2546 720 et
2575 666 2919 737 perfectiora
2975 667 3326 738 pertrahatis
3386 684 3624 724 omnem

1976 751 2373 808 Christianum
2405 754 2688 825 populum
2707 754 2734 808 ?
2755 755 2880 810 Non
2904 760 3042 810 sunt
3067 756 3186 811 haec
3204 755 3348 812 talia
3360 756 3619 812 ostensio

1974 858 2120 896 veras
2153 840 2308 908 ﬁdei,
2343 843 2444 897 sed
2478 843 2809 899 adinventio
2835 843 3073 899 diaboli.
3099 845 3214 900 Nec
3255 848 3394 900 sunt
3422 845 3622 901 ﬁrma-

1975 933 2265 995 mentum,
2299 931 2399 986 sed
2449 931 2766 987 destructio
2824 931 3176 988 animarum.
3235 933 3341 988 Pro
3402 933 3617 1005 quibus

1975 1019 2248 1074 omnibus
2272 1019 2488 1087 etaliis,
2513 1021 2668 1090 quod
2702 1021 2943 1092 longum
2963 1025 3050 1077 est
3080 1022 3297 1093 scripto
3320 1023 3616 1093 prosequi,

1973 1108 2294 1176 erroribus,
2329 1108 2441 1164 nisi
2469 1109 2832 1180 resipueritis
2863 1115 2919 1166 et
2962 1111 3137 1183 digne
3192 1110 3615 1180 satisieceritis,

1971 1195 2346 1250 irrevocabile
2377 1197 2692 1252 anathema
2720 1197 2813 1252 hic
2845 1203 2902 1254 et
2930 1198 2988 1254 in
3021 1199 3216 1254 futuro
3236 1199 3398 1256 eritis
3423 1217 3457 1255 a
3476 1199 3615 1267 Deo,

1974 1289 2030 1338 et
2061 1284 2131 1338 ab
2164 1284 2439 1340 omnibus
2470 1285 2803 1356 Catholicis,
2828 1304 2930 1358 pro
2949 1287 3163 1360 quibus
3194 1287 3461 1346 Christus
3492 1288 3618 1346 ani-

1973 1388 2130 1427 mam
2163 1389 2329 1427 suam
2354 1374 2566 1444 posuit.

1585 1629 1843 1668 EXPLICIT
1895 1628 2220 1670 RESPONSIO.

190 1757 2224 1792 W

2229 1763 3613 1795 m

1757 1890 2047 1952 INCIPIT

1078 2063 1987 2170 αυσυευΔΜ
2071 2067 2749 2169 Νιοειτλει

1173 2285 1555 2330 PRESBYTER!
1597 2287 1670 2330 ET
1709 2286 1990 2333 MONACHI
2032 2286 2406 2333 MONASTERII
2447 2287 2654 2333 STUDII

802 2433 1562 2527 LIBELLUS
1665 2434 2254 2530 CONTRA
2349 2421 2991 2529 LATINOS

877 2639 969 2700 Et
995 2639 1072 2702 ab
1101 2639 1510 2722 apocrisiarius
1537 2639 1874 2720 apastolz'cao
1909 2640 2058 2702 sedi:
2092 2640 2604 2722 Constantinopoli
2635 2651 2921 2723 repertus.

243 2966 311 3015 Ἰ.
343 2961 552 3016 Niceta
581 2960 886 3033 presbyter
913 2963 969 3016 et
997 2960 1324 3017 monachus
1355 2960 1699 3017 monasterii
1723 2961 1853 3016 Stu-
1882 2963 1927 3028 Β
1959 2961 2127 3017 nobis
2157 2963 2244 3018 est
2275 2959 2832 3017 consubstantialis?
2861 2960 3020 3016 Alter
3045 2964 3242 3016 autem
3274 2961 3474 3020 nullus
3509 2967 3600 3021 est

188 3051 448 3117 diorum,
481 3050 582 3121 qui
612 3051 1006 3121 pranominor
1023 3050 1386 3106 Pectoratus:
1419 3049 1722 3116 Romanis,
1774 3050 1844 3104 de

187 3140 412 3212 azymis
438 3144 495 3196 et
525 3139 904 3195 sabbatorum
930 3139 1176 3210 jejuniis
1207 3143 1264 3194 et
1321 3138 1522 3211 nuptis
1572 3139 1843 3194 sacerdo-

179 3235 342 3284 tum.
371 3229 531 3284 Bona
551 3233 641 3284 est
669 3227 902 3284 dilectio
916 3227 986 3283 ad
1001 3228 1356 3300 proximum,
1372 3245 1403 3282 ο
1431 3228 1694 3282 omnium
1709 3243 1845 3299 gen-

180 3317 344 3373 tium
378 3316 803 3388 sapientissimi
834 3320 890 3372 et
922 3315 1273 3400 nobilissimi
1296 3316 1562 3372 Romani.
1588 3317 1668 3371 Ex
1688 3314 1847 3370 babi-
1887 3343 1889 3346 ‹

181 3407 406 3462 tudine
426 3404 578 3460 enim
607 3404 938 3462 dilectionis
967 3406 1039 3460 ad
1074 3405 1428 3477 proximum,
1450 3409 1509 3460 et
1537 3403 1843 3460 humilitas

178 3495 460 3552 abundat
484 3493 552 3549 ad
583 3512 716 3550 eum
739 3494 839 3567 qui
870 3493 1047 3549 habet
1076 3493 1260 3550 illam.
1290 3495 1422 3566 Ipsa
1442 3499 1635 3550 autem
1658 3493 1844 3550 abun-

177 3586 341 3642 dans
360 3582 544 3639 efﬁcit
572 3583 916 3656 participem
947 3583 1041 3638 sui
1073 3583 1272 3639 omnia
1328 3575 1589 3656 diligere,
1647 3583 1846 3638 omnia

184 3671 512 3741 sustinere,
545 3676 612 3728 ut
641 3672 721 3728 ait
749 3673 983 3729 divinus
1007 3671 1342 3744 Apostolus,
1375 3678 1433 3728 et
1488 3690 1603 3727 non
1653 3670 1845 3726 inﬂari

181 3763 476 3817 adversus
505 3762 839 3834 proximum
860 3779 1037 3818 suum
1053 3761 1391 3833 aliquando,
1416 3778 1602 3833 neque
1627 3779 1695 3817 ea
1719 3778 1843 3832 qua

177 3849 374 3922 ipsius
407 3849 594 3906 solius
624 3855 1060 3922 suntquaerere,
1083 3854 1186 3906 aut
1213 3849 1405 3906 zelum
1419 3850 1632 3907 habere
1645 3851 1843 3906 adver-

179 3957 282 3996 sus
315 3955 459 3995 eum
500 3943 557 3994 et
587 3939 1028 3996 altercationem
1060 3943 1118 3995 et
1145 3939 1600 3996 aemulationem.
1639 3939 1848 3995 Omnia

179 4029 341 4084 enim
372 4027 497 4083 hazc
510 4027 884 4084 dilectionem
913 4033 1346 4101 persequuntur
1362 4029 1844 4095 ethumilitatem,

181 4122 235 4172 et
257 4117 493 4173 faciunt
508 4115 808 4172 hominem
832 4134 946 4172 non
970 4118 1300 4173 secundum
1319 4117 1506 4172 Deum
1523 4116 1846 4182 ambulare,

182 4207 280 4262 sed
314 4206 654 4262 secundum
685 4206 995 4262 hominum
1056 4205 1315 4260 libitum.
1351 4205 1513 4269 Quod
1544 4209 1601 4261 et
1628 4203 1848 4260 Paulus

183 4296 405 4368 arguit,
437 4294 671 4350 dicens:
712 4318 734 4345 ι
769 4295 914 4351 Cum
945 4295 1025 4350 sit
1052 4294 1206 4350 inter
1224 4311 1325 4350 vos
1346 4293 1504 4350 zelus
1525 4297 1582 4349 et
1607 4299 1845 4350 conten-

1965 3050 2134 3105 nobis
2148 3049 2668 3106 consubstantialis
2681 3048 2979 3121 panis,sed
2993 3050 3605 3124 corpusChristi,quod

1959 3137 2265 3194 consimile
2291 3138 2460 3194 nobis
2491 3142 2582 3193 est
2611 3139 2936 3194 secundum
2960 3154 3195 3194 carnem
3216 3139 3606 3198 humanitatis

1953 3227 2162 3298 ipsius.
2188 3227 2244 3281 Si
2277 3232 2472 3283 autem
2492 3228 2750 3282 animata
2770 3232 2859 3283 est
2875 3231 3086 3283 nostrae
3112 3244 3318 3284 massa
3331 3230 3604 3286 substan-

1953 3316 2035 3371 tia
2065 3333 2180 3387 qua
2209 3315 2465 3371 Verbum
2509 3316 2701 3371 induit
2731 3333 2813 3384 se,
2847 3332 2982 3388 ergo
3014 3332 3130 3372 non
3153 3317 3599 3374 substantialem

1954 3405 2125 3460 nobis
2156 3422 2366 3478 panem
2397 3405 2724 3476 comeditis,
2757 3405 2895 3477 quia
2925 3422 3262 3478 azymorum
3286 3407 3598 3479 participa-

1955 3494 2120 3548 mini.
2154 3497 2369 3566 Azyma
2395 3495 2552 3549 enim
2576 3494 2898 3550 inanimata
2913 3495 3234 3563 sunt,sicut
3258 3491 3600 3566 ipsa'rerum

1956 3587 2168 3639 natura
2186 3583 2443 3639 declarat
2462 3587 2638 3655 atque
2658 3582 2940 3656 liquidius
2961 3583 3179 3640 edocet.
3199 3584 3599 3641 Intermistum

1956 3671 2111 3726 enim
2139 3673 2435 3728 modicum
2467 3672 2818 3728 fermentum
2849 3673 2909 3726 in
2964 3672 3155 3728 farina
3205 3677 3263 3727 et
3291 3673 3602 3728 commista

1956 3759 2091 3828 sibi,
2124 3762 2252 3833 ipsa
2271 3779 2449 3816 unam
2472 3762 2651 3817 efﬁcit
2679 3761 2934 3833 seipsam
2965 3764 3201 3831 propter
3221 3760 3598 3831 fermentum,

1954 3849 2180 3906 viviﬁca
2213 3851 2466 3922 quadam
2497 3851 2730 3917 virtute,
2761 3854 2817 3904 et
2842 3848 3108 3904 calefacit
3159 3864 3311 3920 eam,
3363 3853 3421 3904 et
3477 3854 3598 3905 tam

1957 3937 2234 3994 mobilem
2269 3956 2445 4010 quam
2469 3939 2655 3994 vivam
2679 3941 2968 4009 operatur.
3002 3938 3164 4001 Quod
3185 3937 3243 3992 in
3269 3954 3472 4010 azymo
3496 3939 3602 3995 fer.

1956 4031 2154 4082 mento
2187 4027 2632 4092 Pharisaeorum,
2668 4027 2822 4098 quod
2856 4027 3109 4100 effugere
3140 4044 3247 4083 nos
3274 4044 3466 4085 sermo
3495 4029 3602 4084 ad-

1958 4120 2176 4185 monet,
2211 4132 2400 4187 neque
2431 4115 2700 4171 eﬂ'ectum
2730 4119 2819 4172 est
2857 4115 3197 4188 aliquando,
3254 4134 3446 4191 neque
3505 4118 3605 4175 ﬁet

1959 4205 2218 4262 omnino.
2251 4205 2469 4260 Divinas
2502 4204 2658 4259 enim
2684 4206 2870 4261 effecti
2897 4223 3104 4263 sumus
3136 4207 3460 4280 particepes
3499 4225 3603 4264 na-

1957 4298 2123 4363 turai,
2139 4295 2308 4364 cujus
2329 4298 2386 4350 et
2406 4293 2826 4366 participamur
2847 4295 3128 4366 quotidie,
3152 4295 3253 4367 qui
3275 4296 3604 4352 communi-

181 4385 261 4440 tio
295 4389 356 4440 et
379 4384 695 4452 discordia,
715 4400 910 4439 nonne
940 4383 1208 4439 carnales
1239 4383 1402 4449 estis,
1436 4387 1493 4438 et
1524 4383 1848 4438 secundum
1880 4381 1922 4448 C
1961 4386 2140 4438 tatem
2170 4382 2459 4438 habemus
2491 4399 2625 4438 cum
2659 4381 2911 4451 Christo,
2945 4383 3098 4440 sicut
3127 4384 3269 4439 dicit
3315 4388 3372 4439 et
3399 4384 3604 4440 Petrus

181 4472 497 4528 hominem
555 4471 974 4528 ambulatis?»
1051 4473 1097 4543 (I
1155 4471 1275 4528 Cor.
1339 4489 1424 4540 111,
1476 4471 1551 4542 3).
1611 4475 1854 4544 Propter

181 4562 343 4632 quod
369 4577 511 4634 rogo
530 4569 791 4618 vestrum
815 4559 1488 4629 charitatem,humi1iari
1501 4577 1602 4616 vos
1615 4563 1851 4632 propter

178 4650 282 4706 Dei
319 4655 707 4724 praeceptum,
741 4654 798 4706 et
830 4651 1035 4707 audire
1069 4668 1102 4706 a
1133 4650 1303 4706 nobis
1335 4649 1594 4723 indignis
1624 4659 1680 4706 et
1735 4649 1848 4705 mi-

183 4741 396 4795 nimis.

259 4830 333 4885 ll.
368 4829 755 4901 Requirentes
814 4829 972 4885 enim
994 4829 1068 4885 ab
1098 4828 1214 4885 illis
1235 4829 1333 4901 qui
1353 4846 1422 4885 ex
1443 4829 1686 4885 diversis
1719 4845 1849 4900 pro-

182 4919 406 4974 vinciis
440 4919 840 4974 Romanorum
883 4919 1330 4990 peregrinantur
1363 4919 1456 4972 hic
1496 4919 1565 4973 de
1610 4917 1853 4989 azymis,

185 5009 334 5078 quid
371 5008 640 5063 dicemus
668 5007 740 5062 de
762 5007 854 5062 bis
887 5008 944 5061 in
987 5007 1298 5063 dilectione
1353 5007 1567 5063 Christi
1600 5008 1671 5061 ad
1706 5024 1804 5061 vos
1827 5005 1853 5058 ?

183 5095 300 5159 Qui
333 5113 679 5169 azymorum
713 5096 907 5152 adhuc
927 5096 1300 5169 participant,
1333 5098 1442 5151 sub
1475 5097 1685 5151 umbra
1710 5095 1854 5166 legis

182 5189 357 5257 sunt,
375 5190 435 5242 et
464 5185 842 5242 Hebraeorum
870 5201 1137 5242 mensam
1157 5186 1491 5254 comedunt,
1516 5202 1632 5240 non
1660 5189 1855 5239 autem

182 5273 542 5332 rationalem
587 5280 644 5332 et
699 5275 892 5332 vivam
924 5275 1026 5331 Dei
1089 5292 1379 5344 mensam,
1413 5279 1471 5330 et
1527 5275 1698 5330 nobis
1755 5273 1857 5344 qui

181 5365 560 5421 credidimus
573 5363 1210 5438 supersubstantialem
1223 5363 1744 5436 ,quemadmodum
1758 5380 1854 5418 su-

177 5454 394 5527 perius
425 5455 656 5528 exigere
690 5452 1328 5528 supersubstantialem
1362 5453 1514 5509 docti
1540 5469 1748 5508 sumus
1765 5469 1860 5524 pa-

176 5557 348 5603 nem.
384 5544 539 5614 Quid
571 5543 731 5602 enim
765 5547 856 5602 est
903 5542 1516 5618 supersubstantialis,
1577 5542 1690 5602 nisi
1723 5541 1862 5623 quia

1961 4476 2189 4527 vertex:
2225 4493 2252 4520 «
2313 4471 2511 4527 Gratia
2566 4472 2730 4527 vobis
2787 4477 2843 4526 et
2888 4488 3000 4543 pax
3056 4471 3484 4542 multiplicetur
3536 4473 3596 4528 in

1959 4560 2287 4632 cognitione
2307 4560 2646 4631 Dei,etJesu
2669 4560 2897 4616 Domini
2927 4560 3110 4616 nostri
3143 4562 3192 4630 (Ι
3207 4565 3358 4616 Petr.
3394 4579 3434 4631 1,
3465 4562 3543 4633 2).
3575 4584 3604 4611 ››

1958 4650 2030 4704 Et
2067 4654 2200 4722 post
2234 4666 2456 4721 pauca:
2488 4673 2512 4699 ‹‹
2547 4650 2620 4705 Ut
2673 4667 2776 4720 per
2821 4665 2949 4704 eam
3010 4649 3350 4705 efﬁciamini
3397 4650 3602 4707 divina:

1958 4738 2270 4811 participes
2317 4743 2536 4794 naturae
2576 4738 2650 4809 (II
2676 4739 2825 4792 Pclr.
2855 4755 2889 4804 1,
2924 4739 3001 4806 11),
3032 4759 3060 4787 »
3095 4755 3210 4794 non
3241 4742 3437 4795 autem
3495 4740 3606 4796 fer-

1961 4832 2158 4883 mento
2191 4828 2379 4900 azymi
2416 4828 2852 4882 interfectorum
2912 4826 3032 4882 Dei.
3092 4827 3359 4884 Divinam
3411 4833 3606 4886 autem

1963 4921 2255 4987 naturam,
2289 4916 2559 4988 quisquis
2591 4914 2833 4970 rationis
2865 4919 2953 4971 est
2981 4916 3278 4986 dominus,
3321 4918 3474 4976 dicet
3503 4919 3608 4976 ali-

1963 5006 2197 5076 quando
2233 5022 2496 5077 uzymum
2527 5009 2582 5059 et
2613 5010 2912 5060 mortuum
2962 5006 3316 5064 fermentum
3373 5009 3606 5065 Judaeo-

1965 5111 2117 5161 rum,
2151 5097 2304 5166 quod
2337 5096 2393 5149 in
2423 5093 2704 5150 sacriﬁcio
2734 5110 2835 5150 vos
2866 5096 2980 5150 Deo
3026 5096 3267 5162 offertis,
3330 5097 3485 5167 quod
3547 5097 3606 5151 in

1964 5185 2156 5256 ﬁgura
2183 5201 2327 5239 verte
2357 5187 2412 5239 et
2432 5183 2566 5239 viva:
2587 5183 2780 5238 carnis
2805 5183 3034 5240 Domini
3059 5183 3360 5241 comeditis
3381 5184 3408 5237 ‘I
3456 5187 3606 5249 Quo-

1968 5275 2140 5328 modo
2172 5273 2454 5329 unitalem
2485 5272 2776 5330 habebitis
2794 5290 2928 5329 cum
2946 5274 3196 5341 Christo,
3221 5273 3447 5328 vivente
3468 5272 3606 5344 Deo,

1970 5367 2288 5429 mortuum,
2309 5367 2373 5418 ut
2394 5361 2615 5418 dictum
2640 5366 2747 5431 est,
2781 5367 2835 5418 et
2856 5363 3334 5418 infermentatum
3357 5361 3608 5419 fermen-

1969 5456 2096 5508 tum
2127 5453 2521 5521 comedentes,
2547 5451 2715 5525 legis,
2750 5452 2990 5517 umbrae,
3062 5468 3176 5507 non
3207 5450 3348 5506 Novi
3403 5452 3606 5509 Testa-

1969 5540 2176 5602 mentil
2211 5541 2271 5601 Si
2289 5541 2447 5601 enim
2478 5545 2535 5602 et
2564 5541 2673 5602 hoc
2694 5540 3086 5613 dixeritis,sed
3117 5556 3231 5598 non
3282 5539 3366 5600 sic
3410 5558 3474 5601 se
3504 5540 3609 5602 ha-
