4086 6168
404 269 524 330 975

1085 265 1567 327 HUMBERTUS
1613 266 1677 324 S.
1729 263 1799 321 lt.
1849 263 1920 322 E.
1965 259 2454 320 CkRDINALlS.
2489 291 2567 306 -
2596 260 2745 321 LIB.
2788 259 3120 322 NICETE.

3685 258 3820 320 976‘

361 396 366 404 ’
406 400 522 454 bet.
559 398 754 471 Inquit
783 397 937 454 enim
970 398 1216 454 dilectus
1251 397 1465 454 Christi
1523 393 1882 466 discipulus:
1922 413 1949 443 ‹‹
1980 392 2039 447 Si
2069 392 2124 458 Α
2152 408 2258 448 nos
2289 396 2345 448 et
2374 391 2674 448 immolato
2707 392 2934 449 Christo
2967 391 3343 465 incorporati,
3375 393 3432 446 et
3457 389 3621 446 velut
3669 397 3810 446 care

403 489 724 548 dixerimus
754 488 892 560 quia
912 488 1394 546 communitatem
1423 486 1709 541 habemus
1736 501 1870 539 cum
1896 485 2046 549 eo,et

401 579 462 634 in
483 579 737 635 tenebris
767 578 1163 646 ambulamus,
1199 576 1537 646 mentimur,
1571 580 1627 630 et
1650 591 1764 628 non
1798 572 2045 628 facimus

399 669 721 725 veritatem.
757 668 816 724 Si
834 673 1030 725 autem
1047 668 1106 722 in
1123 667 1345 722 lumine
1361 664 1736 720 ambulamus
1753 663 1905 718 sicut
1920 662 2048 732 ipse

401 762 489 814 est
520 757 580 812 in
605 757 850 824 lumine,
869 757 1348 814 communitatem
1369 755 1658 810 habemus
1681 753 1752 808 ad
1777 751 2044 818 invicem,

399 851 456 902 et
485 847 727 920 sanguis
751 847 890 903 Jesu
922 846 1136 903 Christi
1167 846 1435 917 puriﬁcat
1467 860 1572 898 nos
1604 843 1674 898 ab
1724 841 1883 898 omni
1916 856 2045 912 pec-

400 939 527 992 cato
557 938 604 1007 (1
631 939 786 992 Joan.
822 952 860 1002 1,
891 937 945 1004 6,
977 937 1052 1006 7).
1088 958 1116 984 ››
1145 935 1251 998 Qui
1283 951 1418 1006 ergo
1450 949 1651 1004 azyma
1680 930 1952 995 comedit,
1985 929 2045 983 in

396 1025 654 1080 tenebris
697 1024 843 1096 legis
874 1023 1154 1079 ambulat.
1188 1025 1259 1078 Et
1289 1023 1580 1094 quomodo
1612 1021 1774 1092 [non]
1807 1018 2048 1075 habebit

401 1113 888 1182 societatemcum
911 1113 1160 1182 Christo,
1195 1112 1295 1183 qui
1328 1116 1415 1168 est
1447 1112 1506 1166 in
1541 1110 1763 1166 lumine
1783 1108 1923 1163 Novi
1954 1107 2045 1162 sui

401 1201 760 1257 Tcstamenti
790 1205 847 1256 et
878 1201 1276 1272 gratim?Nam
1309 1199 1407 1270 qui
1431 1197 1722 1253 inlumine
1741 1195 2046 1252 ambulant

398 1290 616 1361 gratiae,
651 1307 863 1362 panem
893 1291 1205 1346 comedunt
1227 1289 1326 1361 qui
1348 1293 1437 1344 est
1467 1305 1677 1359 corpus
1714 1286 1949 1351 Christi,
1992 1288 2050 1340 et

400 1377 610 1432 bibunt
641 1379 988 1449 sanguinem
1010 1377 1455 1433 immaculatum
1485 1378 1634 1447 ejus,
1663 1375 2047 1430 ctitahabent

403 1467 477 1520 ad
508 1466 777 1534 invicem,
810 1471 866 1521 et
887 1484 1018 1520 cum
1051 1465 1280 1521 Christo
1311 1465 1668 1531 societatem,
1731 1463 2044 1535 purificati,

405 1554 556 1610 sicut
585 1555 808 1610 dictum
839 1560 946 1624 est,
980 1556 1050 1610 ab
1082 1555 1241 1610 omni
1274 1555 1740 1627 inquinamento.
1764 1556 2045 1625 Azymum

405 1647 601 1698 autem
620 1661 734 1699 non
768 1648 855 1699 est
877 1645 1062 1716 panis.
1089 1645 1288 1715 Neque
1301 1644 1455 1700 enim
1469 1644 2047 1716 compositus,neque

405 1748 506 1804 per
522 1750 582 1788 se
599 1733 793 1804 ipsum
813 1735 1102 1804 perfectus
1117 1735 1332 1802 est,sed
1355 1732 1625 1803 indigcns
1644 1733 1909 1804 scmiquc
1926 1748 2049 1804 pcr-

404 1821 611 1887 fectus,
646 1821 915 1893 indigens
948 1823 1308 1894 plenitudine
1333 1821 1620 1876 fermenti.
1655 1821 1828 1876 Panis
1853 1827 2049 1877 autem

405 1911 792 1981 compositus,
818 1929 917 1982 per
938 1912 1198 1983 seipsum
1237 1911 1532 1983 perfectus
1564 1915 1652 1964 est
1681 1913 1737 1964 et
1782 1910 2053 1982 plenissi-

403 2017 558 2067 mus,
579 2001 730 2056 sicut
761 2001 856 2056 ille
885 2002 983 2073 qui
1031 2006 1216 2057 totum
1247 2001 1422 2056 habet
1455 2001 1512 2053 in
1546 1999 1739 2072 scipso
1803 2000 2054 2072 plenitu-

409 2089 587 2146 dinis.

479 2179 573 2234 III.
608 2179 1066 2234 Animadvertite
1094 2183 1153 2234 et
1209 2179 1494 2235 attendite
1543 2180 1682 2252 quia
1729 2179 1787 2232 in
1837 2177 2056 2250 azymis

414 2267 576 2323 nulla
605 2273 696 2323 est
718 2268 916 2323 vivens
937 2267 1142 2338 virtus,
1169 2273 1399 2323 mortua
1429 2268 1585 2323 enim
1619 2271 1783 2335 sunt;
1819 2267 1878 2322 in
1912 2284 2060 2339 pane

415 2359 612 2410 autem
635 2356 746 2410 hoc
777 2360 887 2424 est,
919 2373 1155 2428 corpore
1186 2356 1421 2422 Christi,
1481 2355 1591 2410 tria
1625 2360 1763 2411 sunt
1810 2355 2062 2411 viventia

417 2448 474 2500 et
500 2443 682 2498 vitam
732 2445 1049 2516 prebentia
1091 2445 1174 2500 eis
1233 2446 1332 2517 qui
1372 2462 1440 2500 ca
1513 2445 1688 2517 digne
1747 2445 2062 2501 comedunt

417 2532 692 2605 Spiritus,
727 2549 880 2604 aqua
908 2538 964 2589 et
995 2533 1258 2605 sanguis,
1283 2550 1384 2588 ceu
1417 2542 1472 2588 ct
1521 2533 1665 2604 ipse,
1725 2533 1826 2604 qui
1885 2550 2063 2605 super

416 2623 619 2694 pectus
633 2621 846 2677 Christi
878 2622 936 2676 in
965 2638 1127 2676 omna
1157 2621 1442 2690 recubuit,
1473 2622 1731 2677 Joannes
1748 2622 2064 2677 contestiﬁ-

419 2714 586 2765 catur
614 2709 671 2764 in
725 2727 791 2766 eo
821 2711 1024 2766 verbo:
1060 2735 1086 2760 ‹‹
1121 2713 1263 2766 Tres
1302 2716 1443 2766 sunt
1508 2711 1608 2782 qui
1656 2699 2060 2766 testimonium

418 2801 578 2868 dant,
607 2799 880 2872 Spiritus,
909 2818 1061 2872 aqua
1093 2804 1148 2855 et
1173 2801 1433 2873 sanguis,
1469 2805 1524 2856 et
1556 2800 1613 2855 hi
1662 2804 1780 2856 tres
1832 2800 1892 2854 in
1948 2818 2063 2856 uno

418 2893 557 2944 sunt
585 2891 634 2958 (I
660 2892 815 2945 Joan.
841 2908 897 2959 v,
951 2893 1026 2960 8),
1087 2890 1355 2946 videlicet
1401 2890 1459 2944 in
1530 2907 1768 2962 corpore
1823 2889 2060 2945 Christi.

417 2977 580 3042 Quod
609 2981 665 3033 et
693 2979 1018 3034 secundum
1050 2983 1287 3052 tempus
1325 2979 1639 3035 Dominicae
1671 2978 2063 3034 cruciﬁxionis

418 3067 778 3123 declaratum
809 3073 915 3136 est,
935 3085 1068 3124 cum
1082 3086 1234 3141 aqua
1248 3073 1301 3126 et
1323 3069 1567 3141 sanguis
1586 3086 1654 3124 ex
1683 3067 2064 3125 immaculata

415 3163 575 3214 costa
604 3157 793 3230 ipsius
821 3158 1073 3215 effluxit:
1104 3159 1306 3215 lancea
1327 3175 1602 3230 percussa
1638 3176 1811 3214 carne
1851 3159 2059 3230 ipsius,

414 3251 653 3304 sanctus
683 3248 937 3319 Spiritus
959 3248 1337 3318 vivificusque
1358 3249 1416 3304 in
1439 3249 1707 3303 deificata
1726 3264 1902 3304 carne
1933 3249 2058 3319 ejus

411 3337 947 3406 permansit.Quam
962 3338 1330 3392 comedentes
1345 3337 1403 3390 in
1423 3337 2058 3408 pane,quiimmutatus

413 3427 501 3477 est
531 3440 635 3495 per
662 3424 943 3495 Spiritum
968 3429 1025 3479 et
1049 3427 1287 3480 effectus
1317 3430 1406 3480 est
1427 3442 1639 3497 corpus
1656 3426 1889 3490 Christi,
1915 3427 2056 3482 vivi-

411 3527 545 3566 mus
575 3512 634 3566 in
666 3506 815 3582 ipso,
848 3516 1131 3583 tanquam
1162 3514 1351 3568 vivam
1373 3518 1429 3569 et
1458 3515 1793 3570 deificatam
1815 3531 2056 3571 carnem

410 3600 771 3658 edentes.Sic
803 3605 996 3658 autem
1031 3607 1086 3658 et
1108 3603 1455 3675 sanguinem
1473 3605 1664 3658 vivum
1687 3608 1744 3659 et
1765 3603 2055 3661 calidissi-

410 3707 574 3747 mum
604 3692 736 3762 ejus
765 3692 1030 3748 bibentes
1054 3709 1185 3747 cum
1205 3693 1475 3748 effluente
1505 3711 1656 3765 aqua
1678 3710 1744 3748 ex
1767 3693 2052 3750 immacu-

408 3778 526 3835 lata
547 3785 708 3836 costa
723 3782 1238 3853 ejus,mundamur
1257 3783 1329 3837 ab
1352 3783 1510 3837 omni
1535 3781 1763 3854 delicto,
1807 3783 2051 3839 ferventi

406 3869 702 3941 replemur
732 3870 1247 3942 Spiritu.Calidum
1276 3872 1525 3941 enim,ut
1553 3872 1943 3942 videtis,velut
1982 3890 2051 3930 ex

404 3957 584 4014 latere
603 3960 852 4025 Domini,
886 3961 1122 4017 calicem
1157 3962 1437 4030 bibimus,
1463 3962 1600 4034 quia
1623 3979 1686 4016 ex
1719 3963 1846 4017 viva
1876 3979 2050 4018 carne

404 4050 462 4102 et
491 4046 679 4102 calida
707 4048 917 4118 spiritu
949 4049 1161 4106 Christi
1187 4051 1583 4107 calidissimus
1617 4051 1786 4107 nobis
1804 4052 2048 4124 sanguis

403 4138 460 4190 et
488 4152 640 4206 aqua
671 4138 982 4193 emanavit.
1016 4140 1176 4204 Quod
1209 4140 1268 4194 in
1309 4140 1393 4196 eis
1445 4141 1542 4212 qui
1604 4158 1805 4214 azyma
1853 4158 2046 4198 come-

402 4225 570 4294 dunt,
604 4224 807 4297 nequit
836 4227 978 4282 ﬁeri.

472 4312 564 4369 IV.
601 4314 659 4369 Si
691 4320 887 4371 autem
918 4319 1218 4372 mortuum
1252 4318 1601 4372 fermentum
1635 4319 1960 4387 comeditis,
2009 4337 2042 4375 ο

398 4403 838 4476 sapientissimi,
873 4410 935 4461 ut
965 4423 1155 4462 sermo
1184 4406 1515 4474 declaravit,
1547 4409 1714 4479 cujus
1734 4409 1812 4463 rei
1854 4409 2042 4480 gratia

2095 3142 2136 3208 C

2152 482 2300 551 ejus,
2334 482 2487 538 sicut
2517 482 2803 553 scriptum
2833 485 2940 539 est.
2973 482 3031 536 Si
3063 484 3264 538 autem
3296 481 3368 537 ad
3398 481 3720 537 inoreatam
3747 482 3808 536 et

2154 571 2554 643 incorpoream
2591 575 2863 627 naturam
2891 575 3104 628 sancta
3135 570 3440 626 Trinitatis
3467 569 3802 637 assumitis,

2154 660 2360 716 erratis
2391 661 2668 716 cadentes
2695 661 2753 716 in
2788 660 3057 716 hmresim
3114 677 3320 715 eorum
3377 659 3477 731 qui
3529 662 3811 714 asserunt

2155 750 2339 805 Deum
2355 746 2943 822 passum,quidicunt
2959 765 3336 821 compassum
3349 748 3608 804 Verbum
3622 748 3814 815 carni,

2155 844 2210 893 et
2237 839 2503 894 eamdem
2536 839 2727 911 ipsam
2757 839 3035 896 deitatem
3065 838 3424 894 sustinuisse
3443 837 3812 910 passionem.

2155 927 2279 982 Non
2311 928 2466 982 enim
2490 929 2706 1000 pariter
2735 927 2995 992 Trinitas
3022 927 3328 984 incarnata
3354 931 3462 995 est,
3522 931 3698 983 Pater
3750 930 3816 981 et

2155 1016 2334 1072 Filius
2364 1021 2421 1071 et
2449 1017 2700 1089 Spiritus
2731 1021 2992 1086 sanctus,
3027 1022 3093 1072 ut
3125 1017 3564 1088 conspiciantur
3619 1016 3680 1070 in
3741 1031 3818 1070 ea

2154 1103 2276 1161 haec
2292 1105 2424 1172 tria,
2459 1122 2614 1177 aqua
2645 1111 2709 1161 ut
2739 1107 2970 1172 dicitur,
3005 1106 3196 1162 farina
3223 1110 3281 1160 et
3310 1105 3487 1176 ignis,
3546 1109 3604 1159 et
3631 1108 3697 1158 ut
3747 1103 3815 1157 in

2152 1194 2339 1265 figura
2369 1195 2554 1266 ipsius
2579 1195 2804 1251 faciatis
2837 1212 3116 1268 azymum
3149 1198 3204 1250 et
3221 1193 3576 1251 sacriﬁcium
3599 1193 3818 1249 offera-

2155 1285 2229 1338 tis
2257 1302 2268 1338 :
2306 1284 2406 1339 sed
2439 1301 2592 1340 unus
2622 1302 2691 1340 ex
2721 1286 3005 1340 Trinitate
3023 1284 3292 1351 Filius,et
3322 1283 3583 1339 Verbum
3605 1283 3704 1337 Dei
3729 1281 3823 1337 in-

2155 1378 2460 1430 carnatum
2474 1378 2656 1442 est,sx
2677 1374 3026 1431 castissimis
3041 1371 3820 1445 sancteVirginiscarnibus

2157 1463 2331 1520 homo
2350 1464 2588 1520 effectus
2612 1468 2688 1532 ;et
2709 1462 2908 1519 omnia
2927 1463 3314 1519 ordinationis
3333 1478 3451 1518 sum
3474 1460 3822 1534 perficiens,

2158 1553 2470 1608 crucifixus
2501 1557 2590 1608 est
2619 1570 2810 1620 carne,
2845 1570 2960 1608 non
3011 1569 3188 1624 passa
3243 1551 3553 1606 divinitate
3601 1549 3823 1621 ipsius.

2157 1642 2339 1696 Carne
2363 1641 2541 1713 igitur
2569 1642 2902 1708 crucifixus,
2959 1640 3203 1696 tradidit
3260 1640 3433 1696 nobis
3481 1640 3652 1696 edere
3709 1655 3820 1712 per

2160 1748 2371 1803 panem
2403 1747 2636 1786 carnem
2669 1748 2861 1798 suam,
2897 1747 3075 1802 quam
3103 1731 3161 1785 in
3211 1730 3434 1801 Spiritu
3479 1733 3684 1785 sancto
3734 1729 3824 1784 ita

2162 1821 2348 1876 vivam
2381 1821 2644 1876 dicimus
2667 1839 2684 1874 :
2720 1843 2740 1870 ι
2776 1820 3030 1892 Accipite
3061 1823 3116 1875 et
3173 1819 3482 1887 comedite,
3544 1819 3656 1874 hoc
3720 1824 3815 1874 est

2162 1927 2373 1981 corpus
2407 1926 2623 1975 meum,
2659 1910 2810 1980 quod
2838 1926 2940 1981 pro
2970 1909 3133 1964 vobis
3165 1909 3417 1964 fractum
3447 1912 3551 1973 est,
3603 1908 3660 1960 in
3709 1923 3818 1961 re-

2165 1999 2504 2054 misstonem
2536 2004 2906 2070 peccatorum
2944 1999 3150 2070 (Matth.
3183 2015 3337 2066 xxvr,
3367 1999 3560 2067 26~28).
3597 2019 3624 2043 υ

2237 2089 2303 2145 V.
2338 2088 2485 2152 Quid
2516 2105 2654 2160 ergo
2683 2089 2868 2155 vobis,
2899 2088 2958 2143 in
2987 2087 3215 2143 Christo
3248 2086 3521 2142 fratribus
3568 2083 3824 2148 nostris,

2168 2181 2223 2232 et
2241 2175 2354 2249 legi
2380 2195 2507 2250 qure
2532 2178 2835 2233 moledicta
2854 2181 2943 2232 est
2960 2177 3018 2232 in
3033 2176 3262 2232 Christo
3279 2176 3306 2230 ?
3328 2174 3604 2247 quoniam
3627 2172 3828 2228 adhuc

2171 2283 2442 2339 azymum
2474 2267 2827 2324 fermentum
2851 2268 2978 2337 ejus
3000 2265 3346 2323 comeditis?
3366 2265 3521 2320 Nova
3551 2267 3830 2319 creatura

2171 2373 2379 2412 sumus
2401 2355 2460 2410 in
2482 2355 2711 2411 Christo
2733 2374 2744 2411 :
2763 2360 2959 2411 vetera
2976 2352 3614 2412 transierunt.Paulum
3630 2352 3836 2408 audito

2172 2445 2495 2502 dicentem:
2527 2469 2554 2495 ‹‹
2584 2447 2726 2501 Ecce
2759 2445 2910 2501 facta
2941 2449 3080 2501 sunt
3113 2445 3313 2501 omnia
3369 2460 3518 2499 nova
3579 2443 3665 2513 (II
3703 2443 3833 2498 Cor.

2172 2554 2226 2605 ν,
2268 2536 2375 2605 17).
2416 2557 2442 2584 ››
2461 2536 2521 2590 Si
2544 2539 2741 2590 autem
2766 2535 3199 2590 haeccomedere
3223 2533 3832 2604 decernitisjustum:

2173 2643 2278 2681 cur
2308 2641 2423 2680 non
2456 2628 2513 2681 et
2540 2624 3033 2680 circumcidimini
3054 2623 3081 2678 Ἰ
3113 2623 3379 2679 Christus
3429 2621 3829 2678 circumcisus

2173 2718 2281 2770 est.
2315 2715 2431 2769 Cur
2458 2731 2571 2769 non
2595 2718 2650 2769 et
2681 2713 3118 2784 puriﬁcamini?
3151 2711 3364 2768 Paulus
3395 2711 3576 2767 etiam
3627 2715 3690 2766 et
3721 2711 3829 2768 hoc

2175 2803 2334 2858 fecit:
2367 2809 2423 2858 et
2452 2803 2568 2857 alia
2597 2803 2775 2856 etiam
2807 2802 3005 2857 omnia
3063 2801 3335 2857 similiter
3391 2816 3626 2856 servare
3677 2805 3836 2856 vete-

2175 2909 2326 2960 rum,
2358 2892 2510 2948 sicut
2531 2895 2588 2945 et
2613 2890 2672 2945 hi
2703 2907 2771 2946 ea
2801 2908 2926 2962 quae
2948 2890 3093 2962 legis
3117 2894 3255 2946 sunt
3278 2888 3518 2958 faciunt,
3547 2906 3652 2961 per
3673 2906 3826 2960 quos

2173 2997 2383 3038 nomen
2416 2980 2514 3036 Dei
2538 2981 2594 3034 in
2619 2981 2890 3052 gentibus
2913 2979 3372 3052 blasphematur,
3391 2979 3545 3036 sicut
3567 2983 3661 3035 est
3674 2979 3828 3035 scri-

2174 3076 2339 3144 ptum
2369 3087 2380 3125 :
2416 3093 2442 3120 ‹‹
2475 3071 2600 3125 Non
2633 3071 2786 3124 bona
2815 3073 2904 3124 est
2933 3068 3198 3141 gloriatio
3224 3072 3415 3125 vestra
3444 3069 3492 3140 (Ι
3512 3068 3638 3124 Cor.
3679 3069 3828 3137 v,6),

2176 3166 2240 3216 ut
2266 3165 2322 3218 et
2337 3177 2444 3233 ego
2467 3177 2593 3231 quae
2616 3159 2780 3215 Pauli
2811 3159 3169 3230 suntloquar
3191 3159 3262 3214 ad
3283 3175 3412 3215 vos:
3435 3180 3463 3208 ‹‹
3488 3158 3772 3226 Nescitis,
3802 3179 3832 3205 η

2168 3251 2380 3322 inquit,
2415 3274 2442 3301 ‹‹
2476 3249 2615 3321 quia
2645 3249 2941 3304 modicum
2965 3249 3316 3304 fermentum
3347 3252 3528 3304 totam
3557 3263 3830 3304 massam

2168 3339 2536 3412 corrumpit?
2595 3360 2622 3388 »
2672 3339 2902 3409 (Ιὸἱάη),
2966 3342 3032 3392 Et
3107 3337 3276 3409 panis
3361 3338 3622 3406 tandem,
3711 3355 3830 3393 non

2167 3446 2436 3502 azymum
2485 3428 2757 3483 efﬁcitur.
2791 3427 2902 3482 Sed
2949 3426 3089 3498 quid
3122 3426 3217 3482 hic
3269 3427 3460 3482 dictus
3497 3427 3828 3500 Apostolus

2165 3519 2368 3576 scribit
2398 3519 2471 3574 ad
2502 3517 2870 3574 Corinthios?
2893 3517 3190 3587 Nunquid,
3226 3521 3292 3572 ut
3320 3534 3422 3573 vos
3480 3517 3823 3587 restituatis,

2165 3609 2234 3663 de
2265 3606 2651 3663 celebratione
2683 3624 2860 3677 quam
2891 3623 2993 3661 vos
3017 3606 3074 3660 in
3098 3607 3318 3678 azymis
3339 3605 3641 3662 celebratis
3663 3604 3694 3659 ?
3716 3606 3836 3661 Nc-

2163 3713 2480 3769 quaquam.
2518 3695 2631 3750 Sed
2665 3696 2943 3767 quoniam
2976 3694 3058 3750 illi
3090 3695 3201 3750 hoc
3234 3695 3632 3768 despiciebant
3655 3696 3827 3766 quod

2161 3785 2376 3858 aliquis
2407 3801 2712 3840 novercam
2747 3787 3066 3856 acceperat,
3099 3788 3155 3840 ct
3186 3785 3246 3839 in
3279 3783 3534 3856 antiquis
3569 3800 3825 3840 consue-

2160 3874 2464 3930 tudinibus
2495 3873 2653 3929 falsa:
2689 3873 2944 3928 scientiae
2979 3890 3096 3928 suae
3127 3873 3562 3945 gloriabantur;
3617 3873 3828 3929 volens

2159 3968 2353 4019 autem
2387 3979 2484 4019 eos
2518 3963 2773 4019 converti
2804 3963 3025 4018 Paulus
3056 3967 3112 4019 et
3153 3981 3221 4019 ex
3277 3968 3465 4019 vetere
3519 3980 3828 4018 removere

2158 4053 2399 4121 malitia,
2423 4053 2580 4108 venit
2611 4070 2712 4124 per
2734 4051 3183 4109 similitudinem
3205 4052 3376 4122 hanc,
3401 4052 3676 4107 fermenti
3693 4053 3825 4108 dico

2155 4147 2211 4199 et
2240 4159 2467 4207 massa),
2501 4142 2758 4198 ostendit
2785 4142 2870 4197 eis
2904 4143 3185 4214 quoniam
3209 4159 3393 4198 unum
3420 4139 3670 4207 malum,
3696 4147 3828 4197 tan-

2153 4249 2330 4304 quam
2346 4231 3352 4304 modicumcontemptum,magnam
3369 4233 3427 4286 in
3440 4235 3561 4286 toto
3577 4247 3828 4303 corpore

2150 4320 2418 4376 Ecclesiae
2432 4319 3257 4393 facietlaasionemPr-opterea
3277 4320 3469 4392 inquit
3491 4320 3822 4391 adjiciens:

2149 4433 2177 4460 «
2209 4411 2277 4466 Et
2299 4426 2413 4466 non
2443 4410 2666 4465 luctum
2698 4409 3012 4478 habuistis,
3051 4415 3114 4465 ut
3144 4410 3444 4466 auferatur
3471 4410 3541 4464 de
3610 4410 3816 4466 medio

397 4492 752 4565 gloriamini,
779 4494 1077 4552 dicentes:
1120 4517 1140 4544 α
1174 4497 1319 4559 Quia
1349 4513 1461 4551 non
1483 4496 1632 4552 sicut
1663 4515 1762 4552 vos
1797 4498 1918 4552 sale
1979 4503 2036 4553 et
2070 4519 2116 4582 D
2149 4499 2323 4555 vestri
2373 4499 2470 4570 qui
2507 4499 2613 4554 hoc
2671 4515 2824 4570 opus
2883 4503 3158 4570 operatus
3219 4498 3354 4555 est?
3384 4499 3431 4569 (Ι
3461 4499 3584 4554 Cor.
3620 4515 3674 4564 ν,
3740 4499 3828 4567 2.)

394 4583 676 4639 fermento
708 4588 882 4657 atque
912 4604 1066 4657 aqua
1097 4586 1345 4642 farinam
1367 4590 1786 4658 temperamus,
1848 4591 1905 4642 et
1953 4587 2036 4643 sic

394 4672 644 4729 facimus
665 4674 1017 4731 oblationem
1043 4693 1376 4748 azymorum
1403 4675 1864 4741 nostrorum,sed
1885 4693 2040 4748 aqua

394 4759 518 4815 sola
537 4767 593 4816 et
615 4763 801 4818 farina
820 4769 877 4818 et
893 4765 1012 4836 igni
1031 4783 1300 4837 azymum
1325 4765 1750 4829 conficimus,et
1777 4765 2038 4821 intribus

395 4847 486 4902 his
505 4867 711 4920 puram
735 4853 983 4908 facimus
1005 4860 1265 4910 nostram
1289 4855 1638 4909 oblationem
1667 4873 1717 4922 ;n
1743 4860 2040 4926 perconta-

391 4953 525 4991 mur
556 4938 734 5010 igitur
754 4941 1004 5007 vos,ha:c
1025 4943 1372 5015 tria,aquam
1395 4950 1452 4998 et
1475 4944 1719 4999 farinam
1745 4949 1800 4999 et
1819 4943 2034 5016 ignem,

391 5027 462 5081 ad
495 5027 635 5099 quid
670 5029 972 5101 accipitis;
1007 5033 1173 5088 etcui
1203 5034 1454 5105 effigiem
1487 5051 1614 5088 esse
1638 5034 1756 5087 inec
1788 5033 2038 5088 aestima-

388 5115 465 5172 tis
486 5118 512 5172 ?
529 5116 735 5174 Carnis
755 5121 980 5176 Domini
1003 5124 1028 5177 ‘2
1055 5123 1166 5178 Sed
1190 5141 1302 5179 non
1326 5123 1518 5195 inquit
1539 5122 1784 5178 dilectus
1807 5123 2036 5180 Christo

385 5203 723 5264 Joannes:«
749 5209 888 5264 Tres
929 5215 1071 5266 sunt
1119 5213 1220 5284 qui
1265 5211 1670 5267 testimonium
1731 5212 2038 5283 perhibent

389 5294 438 5365 (l
473 5296 628 5352 Joan.
661 5315 715 5365 ν,
751 5300 826 5368 8),
854 5321 882 5348 ››
915 5317 1066 5371 aqua
1095 5306 1151 5355 et
1174 5301 1360 5354 farina
1391 5305 1447 5354 et
1476 5299 1648 5371 ignis.
1699 5300 1807 5353 Sed
1862 5299 2040 5369 quid?

387 5403 414 5430 «
445 5383 698 5454 Spiritus
734 5392 792 5441 et
812 5404 966 5460 aqua
997 5394 1053 5444 ct
1083 5390 1346 5462 sanguis,
1370 5393 1426 5444 et
1457 5389 1512 5442 hi
1537 5392 1655 5442 tres
1681 5387 1736 5442 in
1762 5405 1878 5443 uno
1901 5393 2038 5444 sunt

385 5471 614 5543 (Ibiel.,),
649 5497 676 5522 ››
702 5475 965 5534 videlicet
1007 5478 1066 5534 in
1129 5495 1367 5551 corpore
1421 5475 1655 5541 Christi,
1719 5480 1783 5531 ut
1813 5477 2035 5534 dictum

383 5564 490 5633 est,
506 5565 682 5636 quod
718 5583 822 5625 nos
839 5572 1207 5628 comedentes
1227 5568 1464 5624 unimur
1484 5566 1786 5624 incarnato
1801 5573 2040 5642 propter

2151 4589 2343 4644 Potest
2368 4587 2545 4655 enim,
2579 4587 2793 4660 inquit,
2818 4587 3102 4659 iniquitas
3125 4587 3241 4643 ista
3257 4588 3327 4642 ad
3356 4603 3562 4643 omnes
3588 4591 3824 4642 vestras

2152 4678 2326 4733 urbes
2347 4677 2618 4746 transire,
2651 4682 2726 4744 et,
2759 4681 3044 4748 tanquam
3092 4676 3389 4732 modicum
3448 4676 3822 4732 fermentum

2150 4771 2332 4822 totam
2365 4783 2625 4822 massam
2659 4767 2988 4832 fermentat,
3022 4767 3105 4822 sic
3137 4783 3342 4822 omnes
3363 4766 3729 4838 apprehendi
3756 4771 3816 4820 et

2151 4855 2511 4926 fermentari,
2529 4859 2583 4909 et
2600 4873 2775 4910 unam
2791 4871 3048 4910 massam
3067 4855 3307 4925 majoris
3330 4854 3664 4926 iniquitatis
3677 4869 3821 4926 ope-

2150 4945 2304 5000 rari:
2349 4968 2374 4993 ‹‹
2429 4945 2776 5016 Expurgate,
2814 4967 2841 4992 »
2895 4945 3104 5016 inquit,
3146 4966 3174 4997 ι
3229 4949 3398 5001 vetus
3450 4945 3818 5000 fermentum

2149 5035 2345 5106 (Ibid,
2367 5035 2444 5104 7),
2479 5034 2717 5107 peccati.
2751 5032 2955 5088 Tollite
2991 5033 3146 5089 hunc
3178 5051 3212 5090 a
3243 5034 3458 5103 medio,
3503 5038 3561 5089 et
3591 5031 3818 5088 efficia-

2150 5124 2292 5179 mini
2324 5123 2556 5179 Christo
2585 5139 2730 5177 nova
2759 5123 3116 5194 conspersio,
3154 5123 3309 5180 sicut
3341 5123 3473 5180 istis
3495 5122 3807 5196 baptizati,

2149 5213 2204 5267 id
2229 5216 2318 5268 est
2346 5211 2428 5268 vel
2464 5210 2650 5282 azymi
2675 5209 2760 5265 vel
2792 5211 2946 5282 puri,
2974 5212 3308 5269 mortificati
3334 5213 3556 5268 mundo
3579 5215 3633 5268 et
3653 5210 3823 5266 (1εεὶ-

2148 5301 2326 5356 deriis
2357 5300 2569 5356 carnis.
2605 5298 2832 5354 Etenim
2867 5300 3090 5372 pascha
3119 5305 3389 5358 nostrum
3411 5301 3524 5357 hoc
3547 5301 3818 5370 est,quo-

2148 5389 2326 5458 niam,
2362 5393 2426 5445 ut
2447 5389 2698 5461 eriperet
2723 5405 2830 5445 nos
2862 5406 2929 5445 ex
2963 5390 3274 5462 iniquitate
3296 5409 3362 5448 ac
3386 5389 3825 5454 morte,immo~

2146 5479 2300 5535 latus
2332 5481 2417 5534 est
2436 5477 2722 5535 Christus.
2758 5480 2883 5545 Qua
2911 5479 2984 5535 de
3016 5497 3079 5536 re
3127 5481 3212 5537 sic
3271 5481 3388 5538 ait:
3423 5504 3450 5530 «
3484 5475 3822 5551 Epulemur

2146 5585 2261 5627 non
2287 5567 2347 5625 in
2380 5567 2665 5626 fermento
2697 5569 2898 5638 veteri,
2934 5587 3122 5647 neque
3151 5571 3211 5630 in
3243 5571 3531 5631 fermento
3556 5562 3822 5627 malitia
