4086 6168
252 344 382 432 ρετ-τ

1627 349 1942 417 CONTRA
1979 345 2339 414 LATINOS.

3539 348 3659 415 9'18

259 486 318 541 et
344 481 635 556 nequitiae,
669 481 772 540 sed
804 481 863 541 in
907 483 1123 559 azymis
1170 483 1524 544 sinceritatis
1554 491 1610 544 et
1637 484 1898 544 veritatis
1925 479 1982 549 Α
2009 482 2070 540 in
2103 502 2219 559 quo
2250 482 2535 562 contingit
2563 488 2790 546 evenire
2823 487 2951 546 153i
2999 503 3183 545 annos
3219 503 3231 545 :
3264 487 3456 562 cyclus
3496 490 3653 546 enim

257 572 418 647 (Ibid.
452 573 528 645 8),
559 595 589 624 »
621 572 734 630 hoc
763 577 853 630 est
883 591 1037 647 purae
1063 575 1191 632 vitze
1222 580 1278 632 et
1307 577 1462 647 ﬁdei,
1495 594 1613 649 qua
1639 577 1700 632 in
1725 581 1906 632 Deum

255 663 573 732 credimus,
605 668 660 719 et
702 680 934 721 veraces
978 670 1237 722 oratores
1286 667 1414 738 ejus
1455 666 1762 722 efﬁcimur.
1811 667 1906 722 Sic

253 754 504 826 Magnus
526 753 842 826 Gregorius
866 754 1171 827 theologus
1193 756 1301 812 hoc
1322 757 1562 812 verbum
1587 755 1826 827 accepit.
1862 755 1905 810 Ο

249 841 781 915 sapientissimi,ea
814 860 941 914 quae
971 846 1187 900 mentis
1218 844 1547 917 apostolicae
1575 849 1714 902 snnt
1733 843 1903 900 intel-

249 932 500 1006 ligite,et
531 934 1181 1005 non,quemadmodum
1212 935 1322 990 hoc
1348 952 1452 990 vos
1474 934 1802 1007 accepistis,
1836 935 1906 989 de

251 1038 594 1095 azymorum
626 1021 939 1078 festivitate
969 1027 1025 1078 et
1054 1023 1515 1096 participatione.
1550 1024 1608 1079 Si
1635 1023 1790 1079 enim
1835 1024 1906 1077 de

250 1102 471 1174 azymis
524 1106 581 1157 et
629 1101 1018 1158 celebratione
1064 1119 1265 1159 eorum
1318 1104 1635 1160 Corinthiis
1689 1103 1905 1160 Paulus

249 1191 711 1264 praecepisset,et
739 1207 838 1247 eos
869 1191 928 1246 in
963 1193 1182 1264 azymis
1203 1193 1425 1265 epulari
1455 1194 1756 1264 jussisset,
1790 1210 1905 1248 non

251 1269 691 1355 promulgasset
721 1296 854 1335 cum
898 1281 1191 1350 undecim,
1237 1286 1294 1337 ct
1342 1299 1575 1338 omnem
1623 1284 1907 1338 reducens

249 1369 572 1426 Ecclesiam
607 1368 870 1424 ﬁdelium
893 1369 950 1424 in
977 1370 1330 1438 ordinem,in
1353 1373 1786 1444 septuagesimo
1817 1389 1908 1427 ca-

253 1475 571 1527 none,cum
590 1459 1192 1516 excommunicatione
1221 1461 1590 1533 praecepisset
1610 1460 1904 1527 omnibus,

251 1548 603 1621 hujusmodi
635 1565 875 1606 causam
905 1567 939 1604 a
967 1550 1185 1608 Judaais
1217 1551 1554 1608 nullatenus
1585 1551 1829 1623 accipizu
1848 1551 1906 1605 Si

259 1639 400 1712 quis
453 1638 775 1712 episcopus,
809 1643 912 1695 aut
959 1641 1278 1712 presbyter,
1313 1645 1414 1698 aut
1461 1641 1763 1708 diaconus,
1806 1643 1909 1697 aut

254 1727 506 1784 omnino
533 1745 597 1783 ex
623 1744 868 1784 numero
899 1728 1240 1785 clericorum
1264 1729 1620 1802 jejunaverit
1640 1747 1775 1786 cum
1797 1730 1905 1786 He-

256 1818 562 1886 braeis,aut
589 1816 860 1892 epulatus
893 1819 1067 1874 fuerit
1085 1836 1219 1875 cum
1248 1821 1418 1888 eis,et
1445 1820 1734 1892 acceperit
1754 1819 1909 1876 festi-

251 1907 504 1964 vitatum
536 1923 738 1964 eorum
770 1924 1037 1977 munera,
1071 1914 1136 1965 ut
1162 1912 1300 1965 sunt
1321 1927 1524 1983 azyma
1554 1913 1654 1966 aut
1683 1909 1907 1982 aliquid

248 1996 621 2071 hujusmodi,
652 1997 981 2070 deponatur
1015 2017 1026 2055 :
1060 2000 1110 2055 si
1141 2003 1335 2056 autem
1366 1999 1906 2072 laicus,sequestre-

246 2091 368 2143 tur.
412 2109 442 2138 ))

318 2178 418 2233 Vl.
453 2178 515 2234 Si
546 2181 743 2241 autem
774 2177 966 2234 dicitis
1001 2197 1013 2233 :
1049 2179 1195 2242 Quia
1220 2179 1293 2234 ab
1323 2178 1584 2234 Hebraeis
1616 2195 1730 2235 non
1755 2178 1908 2235 acci-

243 2269 522 2336 mus,sed
557 2269 716 2324 domi
765 2268 952 2324 facere
1004 2269 1445 2338 consuevimus;
1481 2286 1584 2326 cur
1612 2268 1760 2324 hoc?
1791 2267 1910 2323 sive

245 2359 322 2413 ab
357 2357 480 2414 illis
513 2357 834 2428 accipiatis,
859 2357 978 2413 sive
1007 2358 1166 2412 domi
1199 2358 1657 2431 faciatis,azyma
1678 2359 1911 2413 sunt.Et

235 2449 420 2520 juxta
466 2447 576 2502 hoc
624 2447 947 2520 graviorem
993 2463 1223 2518 pcnnam
1274 2447 1583 2514 habebitis,
1631 2446 1907 2518 quoniam

243 2536 590 2609 relinquitis
621 2552 792 2608 agere
821 2552 949 2607 quas
974 2537 1145 2607 jussa
1176 2541 1315 2592 sunt
1344 2537 1508 2592 vobis
1539 2553 1572 2592 a
1597 2535 1824 2592 Christo
1854 2538 1911 2590 et

244 2625 548 2700 Apostolis
570 2625 780 2697 ipsius,
797 2625 1074 2682 facientes
1094 2624 1254 2681 velut
1274 2624 1358 2680 illi
1382 2626 1481 2698 qui
1501 2627 1610 2681 sub
1635 2625 1910 2680 servitute

238 2717 400 2791 legis
424 2713 789 2787 sunt,qualia
806 2715 993 2770 Judaei
1016 2714 1322 2783 faciunt,in
1348 2716 1556 2772 umbra
1577 2719 1633 2770 et
1653 2713 1910 2770 tenebris

237 2806 396 2880 legis
430 2803 1063 2873 sedentes,nullatenus
1102 2803 1316 2860 dicenti
1347 2803 1527 2860 Paulo
1558 2803 1858 2860 credentes
1893 2819 1905 2856 :

239 2919 267 2947 ‹‹
303 2893 988 2966 Fratres,unusquisque
1007 2893 1066 2948 in
1088 2910 1154 2950 eo
1176 2894 1379 2949 ordine
1402 2910 1516 2965 quo
1541 2896 1777 2948 vocatus
1799 2895 1906 2963 est,

239 2986 301 3042 in
338 2985 477 3056 ipso
509 2986 850 3055 permaneat
879 2983 926 3053 (I
957 2982 1074 3038 Cor.
1106 3000 1206 3050 vn,
1240 2983 1310 3036 2O
1337 2983 1520 3053 et24).
1547 3004 1574 3030 »
1597 2981 1722 3036 Non
1752 2981 1908 3036 enim

237 3071 563 3131 invenietis
579 3070 817 3127 omnino
839 3071 898 3125 in
927 3071 1125 3127 divina
1154 3070 1454 3143 Scriptura
1482 3069 1760 3142 quoniam
1783 3085 1911 3141 azy-

241 3179 420 3231 mum
445 3161 669 3216 dictum
706 3159 781 3216 sit
819 3177 854 3215 a
895 3159 1125 3215 Christo
1160 3163 1260 3215 aut
1292 3158 1572 3231 apostolis
1593 3159 1738 3228 ejus,
1773 3174 1906 3214 cum

2015 575 2155 633 solis
2201 582 2325 635 erat
2347 580 2412 635 18
2433 584 2489 636 et
2506 581 2559 646 5,
2587 583 2776 636 utnon
2799 579 2994 636 adhuc
3015 579 3267 636 traditus
3285 581 3658 652 praevenisset

2014 667 2314 739 proprium
2347 669 2564 741 pascha
2594 670 2900 742 discipulis
2930 672 3180 738 tradere,
3213 670 3564 727 recumbens
3595 671 3686 752 in.

2014 773 2176 812 ccena
2206 759 2528 814 secundum
2572 775 2880 832 vesperum
2911 761 3102 831 quinti
3132 760 3244 815 diei
3274 779 3286 816 :
3344 763 3656 832 postquam

2014 845 2282 914 coenavit,
2312 847 2534 918 accepit
2564 863 2794 917 panem,
2846 847 3037 919 fregit,
3085 847 3330 902 tradidit
3377 846 3659 918 apostolis

2013 934 2356 1006 mysterium
2385 936 2524 990 Novi
2544 936 2900 991 Testamenti
2933 937 2990 990 in
3024 941 3192 991 nocte
3215 936 3422 1007 quinta
3450 937 3510 990 in
3542 953 3660 1008 qua

2012 1023 2260 1079 traditus
2290 1027 2379 1079 est
2427 1042 2461 1080 a
2489 1025 2642 1080 Juda
2675 1041 2686 1080 :
2723 1025 2874 1080 sicut
2902 1025 3185 1098 scriptum
3217 1028 3324 1080 est.
3370 1027 3480 1081 Sed
3513 1025 3654 1096 quid

2013 1113 2154 1167 dicit
2184 1114 2370 1169 Lucas
2401 1114 2699 1185 apostolus
2721 1115 2748 1169 ‘I
2780 1140 2801 1166 ι»
2839 1115 3074 1186 Accepit
3093 1131 3324 1186 panem,
3351 1117 3406 1169 et
3424 1115 3658 1169 benedi-

2013 1218 2151 1257 cens
2182 1203 2353 1273 fregit
2385 1205 2532 1274 (Luc.
2567 1222 2717 1270 xxxv,
2749 1205 2857 1276 30).
2883 1227 2910 1253 ››
2933 1206 3075 1259 Ecce
3106 1207 3163 1258 et
3191 1205 3374 1259 Lucas
3397 1204 3656 1276 accipere

2015 1309 2223 1362 panem
2255 1293 2553 1350 Christum
2587 1294 2751 1361 dixit,
2784 1299 2840 1349 et
2871 1311 2986 1348 non
3018 1311 3308 1365 azymum.
3341 1295 3467 1348 Non
3499 1295 3656 1348 enim

2014 1381 2203 1438 adhuc
2223 1385 2346 1437 erat
2370 1386 2540 1438 sextae
2563 1383 2716 1438 feria:
2738 1383 2882 1438 dies.
2908 1384 3105 1439 Tertia
3125 1383 3352 1438 decima
3371 1387 3495 1439 erat
3518 1383 3659 1438 luna

2013 1470 2074 1525 in
2123 1469 2224 1526 illa
2253 1471 2458 1542 quinta
2505 1473 2667 1539 feria,
2719 1476 2775 1526 et
2805 1490 2921 1528 non
2962 1476 3085 1527 erat
3128 1489 3420 1544 azymum,
3471 1488 3660 1543 neque

2015 1560 2209 1616 adhuc
2239 1559 2452 1616 oblatio
2484 1562 2837 1618 fermentati.

2086 1651 2234 1704 VIII.
2267 1657 2483 1723 Azyma
2503 1651 2657 1706 enim
2679 1652 2737 1706 in
2765 1651 3202 1722 quintadecima
3229 1651 3371 1707 luna
3399 1649 3661 1722 promul-

2012 1742 2150 1810 gata
2177 1742 2344 1794 erant
2374 1740 2433 1794 in
2463 1739 2608 1812 lege,
2643 1743 2708 1795 ut
2745 1740 2802 1794 in
2865 1739 3307 1810 quartadecima
3335 1739 3429 1794 die
3468 1741 3540 1795 ad
3571 1755 3662 1795 ve-

2015 1844 2247 1900 speram
2269 1844 2458 1900 agnus
2478 1828 2900 1894 immolaretur,
2933 1831 2990 1882 et
3016 1828 3075 1881 in
3097 1827 3539 1898 quartadecima
3567 1827 3662 1882 die

2022 1915 2174 1972 lunae
2191 1917 2366 1989 primi
2392 1918 2614 1973 mensis
2637 1917 2859 1972 Pascha
2881 1915 3198 1987 appellaret
3226 1916 3335 1982 lex,
3361 1915 3659 1986 quintam-

2015 2006 2302 2061 decimam
2335 2007 2486 2062 diem
2512 2007 2769 2078 primum
2787 2021 3123 2078 azymorum
3147 2008 3206 2060 et
3221 2005 3540 2060 Sabbatum
3564 2021 3663 2060 no-

2017 2095 2286 2150 minaret.
2320 2095 2470 2150 Proh
2503 2095 2667 2150 dolor
2694 2095 3094 2166 insipientiam
3131 2093 3575 2150 illiteratorum!
3604 2097 3664 2149 et

2015 2201 2130 2240 non
2162 2188 2285 2240 erat
2314 2201 2515 2257 azyma
2536 2185 2594 2238 in
2623 2183 2827 2255 quinta
2856 2184 3018 2251 feria,
3050 2200 3183 2238 cum
3205 2187 3360 2240 esset
3388 2181 3529 2238 luna
3560 2190 3663 2239 ter-

2015 2273 2540 2339 tiadecima,etnon
2555 2273 3354 2344 quartadecima.Secundum
3373 2273 3664 2345 quintam-

2017 2363 2523 2419 decimamlunam
2539 2362 3079 2418 fueratinstitutum
3111 2378 3313 2434 azyma
3333 2361 3480 2427 ﬁeri,
3513 2361 3665 2417 sicut

2017 2456 2074 2508 et
2104 2468 2292 2524 agnus
2322 2453 2390 2507 ad
2427 2467 2728 2523 vesperam
2773 2451 3234 2522 quarttcdecimaa
3285 2450 3396 2506 diei
3422 2450 3664 2520 jussum

2017 2557 2144 2597 esse
2159 2541 2476 2608 immolari,
2492 2542 2817 2597 secundum
2837 2558 3013 2612 quam
3038 2539 3379 2594 immolatus
3391 2543 3480 2595 est
3498 2540 3662 2594 Chri-

2016 2635 2163 2698 stus,
2192 2633 2388 2703 Agnus
2409 2630 2531 2695 Dei,
2564 2630 2665 2700 qui
2688 2629 2836 2685 tollit
2861 2633 3097 2701 peccata
3126 2628 3352 2683 mundi.
3378 2628 3436 2683 Si
3468 2631 3663 2683 autem

2015 2719 2284 2775 Christus
2333 2718 2673 2774 immolatus
2722 2721 2809 2774 est
2856 2722 2913 2773 et
2965 2717 3277 2772 cruciﬁxus
3329 2717 3389 2770 in
3440 2717 3666 2773 decima

2017 2812 2227 2879 quarta
2286 2809 2379 2864 die
2428 2809 2601 2875 lunae,
2649 2808 2800 2863 ferire
2850 2810 3042 2872 sextae,
3079 2802 3141 2860 in
3182 2806 3436 2861 Sabbato
3469 2809 3663 2861 autem

2015 2900 2139 2952 erat
2187 2899 2400 2952 festum
2442 2914 2801 2970 azymorum.
2853 2895 3094 2961 Quando
3125 2911 3329 2967 azyma
3369 2895 3666 2950 comedit?

2015 2987 2193 3042 etiam
2227 2987 2512 3058 apostolis
2544 2986 2626 3042 sic
2659 2987 2843 3041 facere
2871 2985 2931 3039 in
2963 2985 3118 3040 Novo
3147 2985 3520 3040 Testamento
3549 2988 3664 3039 tra-

2015 3075 2163 3130 didit
2187 3079 2210 3130 Ρ
2237 3077 2534 3142 Quomodo
2555 3075 2747 3131 dicitis
2765 3076 2836 3130 ab
2854 3074 3132 3146 apostolis
3151 3074 3444 3146 accepisse
3464 3090 3566 3129 vos
3589 3073 3668 3127 fa-

2016 3181 2146 3220 cere
2181 3182 2383 3238 azyma
2405 3166 2529 3236 jam
2575 3169 2706 3237 post
2755 3163 3242 3219 resurrectionem
3297 3180 3330 3218 a
3377 3161 3666 3217 mortuis?

239 3249 775 3323 administraretur
793 3246 984 3303 abillo
1007 3247 1518 3303 NoviTestamenti
1543 3247 1908 3318 mysterium.
1942 3233 1986 3302 C
2020 3254 2144 3309 Non
2187 3233 2595 3326 videtiswquia‘
2627 3253 2933 3308 manifeste
2973 3268 3041 3307 ex
3099 3252 3272 3307 rebus
3322 3250 3660 3322 arguimini,

239 3339 480 3396 Paulus
509 3337 662 3394 enim
686 3336 999 3393 Corinthiis
1019 3337 1280 3392 scribens
1315 3335 1492 3391 dicit:
1521 3336 1908 3392 «Discernere

243 3445 360 3486 vos
375 3425 852 3500 oportetcalicem
866 3425 1287 3482 benedictionis
1300 3442 1474 3498 quem
1487 3424 1908 3492 benedicimus;

241 3532 460 3577 nonne
488 3514 939 3572 communicatio
971 3513 1276 3587 sanguinis
1307 3514 1521 3570 Christi
1541 3515 1672 3570 est?
1696 3513 1910 3570 Panem

240 3623 437 3680 quem
454 3605 1000 3677 frangimus,nonne
1012 3603 1464 3660 communicatio
1483 3603 1744 3675 corporis
1757 3602 1915 3659 Chri-

239 3697 323 3754 sti
357 3696 496 3752 est?
542 3694 826 3761 Quoniam
859 3711 1014 3749 unus
1045 3693 1236 3767 panis,
1270 3711 1456 3749 unum
1478 3710 1709 3766 corpus,
1745 3692 1913 3748 mulli

240 3801 492 3842 sumus.
527 3783 758 3839 Etenim
790 3800 996 3839 omnes
1051 3800 1119 3839 ex
1167 3800 1282 3839 uno
1314 3800 1462 3855 pane
1493 3784 1914 3855 participamus

235 3879 292 3949 (Ι
324 3876 465 3932 Car.
489 3891 548 3945 x,
583 3873 818 3945 i6).Ego
849 3873 1006 3928 enim
1053 3872 1248 3945 accepi
1281 3891 1314 3929 a
1344 3873 1611 3939 Domino,
1660 3873 1813 3943 quod
1862 3876 1918 3926 et

233 3963 477 4022 tradidi
502 3963 667 4019 vobis
689 3980 702 4016 :
721 3961 997 4034 quoniam
1030 3960 1314 4017 Dominus
1336 3962 1508 4018 Jesus
1537 3963 1592 4016 in
1619 3978 1734 4033 qua
1752 3965 1918 4016 nocte

235 4053 628 4119 tradebatur,
664 4050 886 4123 accepit
916 4067 1149 4122 panem,
1185 4073 1212 4100 »
1245 4055 1302 4106 et
1334 4067 1449 4107 non
1478 4067 1767 4122 azymum,
1804 4073 1829 4099 ‹‹
1866 4054 1920 4104 et

237 4141 621 4202 benedicens
675 4140 866 4212 fregit,
899 4145 956 4194 et
988 4139 1133 4194 dixit
1155 4157 1167 4195 :
1193 4140 1448 4212 Accipite
1481 4143 1538 4194 ct
1578 4139 1862 4194 comedite
1903 4155 1915 4193 :

237 4233 364 4290 hoc
392 4233 493 4287 est
523 4246 738 4302 corpus
762 4230 1144 4301 meum,quod
1166 4245 1269 4301 pro
1292 4228 1456 4284 vobis
1479 4228 1921 4300 frangetur.Hoc

239 4322 438 4379 facite
492 4320 550 4375 in
605 4336 798 4375 meam
855 4317 1468 4374 commemorationem
1499 4319 1544 4389 (l
1569 4319 1688 4373 Cor.
1722 4315 1797 4386 'Xi,
1831 4319 1920 4386 23,

241 4414 372 4484 24).
421 4433 443 4460 ι
483 4409 551 4466 Et
583 4425 696 4465 non
730 4408 911 4466 semel
944 4408 1088 4463 dixit
1118 4424 1350 4480 panem,
1384 4407 1484 4463 sed
1533 4407 1711 4464 etiam
1752 4423 1921 4479 saepe.

243 4504 393 4559 Non
437 4499 539 4556 hic
569 4500 732 4556 solus
763 4498 928 4566 dixit,
963 4498 1063 4554 sed
1097 4502 1153 4553 et
1183 4497 1374 4552 caeteri
1416 4497 1835 4569 apostolorum,
1870 4501 1926 4551 et

241 4590 585 4648 Mattheeus
616 4589 854 4662 quidem
907 4587 988 4642 ait
1038 4603 1051 4642 :
1085 4609 1113 4637 ‹‹
1160 4585 1537 4642 Cmnantibus
1582 4590 1776 4641 autem
1810 4585 1926 4641 illis
1957 4607 2006 4674 ι)

238 4685 449 4752 atque
484 4677 929 4738 comedentibus
960 4675 1252 4747 accipiens
1275 4674 1448 4731 Jesus
1472 4691 1684 4747 panem
1717 4675 1925 4743 (Matth.

242 4785 426 4836 xxvr,
457 4767 553 4839 26)
589 4785 602 4822 ε
637 4789 666 4815 ››
697 4765 950 4838 Aspicis,
980 4781 1191 4836 panem
1223 4769 1280 4820 et
1315 4763 1411 4819 hic
1439 4763 1654 4835 inquit,
1693 4784 1720 4814 «
1749 4767 1806 4819 et
1833 4764 1930 4819 be-

238 4857 553 4914 nedicens
585 4854 774 4927 fregit,
807 4859 865 4910 et
894 4853 1054 4909 dedit
1083 4852 1390 4926 discipulis
1437 4853 1560 4909 suis
1609 4857 1665 4909 et
1712 4852 1857 4908 dixit
1909 4870 1920 4908 :

242 4946 506 5004 Sumite
581 4947 637 5000 et
702 4943 1008 5009 comedite,
1078 4942 1186 4998 hoc
1271 4946 1359 4998 est
1435 4959 1645 5014 corpus
1729 4959 1924 4997 meum

239 5034 486 5109 (Ibid.).
522 5055 551 5083 >›
583 5033 866 5089 Similiter
894 5039 1090 5088 autem
1121 5037 1178 5088 et
1209 5023 1318 5087 hoc
1349 5032 1579 5087 Marcus
1633 5032 1840 5103 inquit,
1875 5037 1930 5087 et

241 5123 489 5194 reliqui
525 5139 537 5177 :
570 5126 628 5177 et
657 5138 1029 5193 nequaquam
1058 5137 1325 5194 azymum
1359 5121 1428 5175 ab
1459 5121 1542 5176 eis
1576 5137 1928 5176 commemo-

244 5219 468 5271 ratur.

333 5301 472 5357 VII.
509 5301 795 5368 Quoniam
846 5300 1086 5372 quidem
1135 5299 1438 5371 Oportebat
1486 5300 1607 5372 pati
1638 5300 1932 5356 Christum

244 5387 615 5453 Eecundum
647 5390 802 5446 diem
833 5389 1037 5462 legalis
1068 5388 1392 5461 paschae,in
1425 5406 1541 5460 qua
1569 5395 1626 5446 et
1656 5408 1842 5463 agnus
1866 5392 1935 5446 ab

243 5480 544 5542 Hebraeis
575 5479 1014 5538 immolabatur.
1043 5478 1311 5552 Oportuit
1338 5479 1494 5534 enim
1545 5480 1671 5535 ﬁeri
1720 5481 1942 5551 pascha

243 5574 338 5633 ab
381 5569 864 5626 interfectoribus
895 5569 994 5625 Dci
1030 5568 1088 5623 in
1116 5573 1279 5625 sexta
1307 5568 1534 5637 feria,in
1557 5585 1674 5640 qua
1704 5571 1940 5625 tandem

247 5671 317 5723 et
361 5665 586 5732 quarta
611 5659 838 5718 decima
862 5658 1004 5718 luna
1033 5662 1156 5717 erat
1168 5659 1342 5730 juxta
1371 5659 1628 5730 primum
1657 5676 1940 5730 mensem,

2018 3343 2296 3414 quoniam
2329 3361 2444 3398 non
2477 3348 2617 3398 tunc
2639 3359 2858 3414 azyma,
2893 3357 3028 3397 cum
3061 3339 3340 3413 mysteria
3363 3340 3505 3395 Novi
3523 3340 3662 3395 Tes-

2016 3433 2262 3489 tamenti
2292 3434 2548 3489 traderet
2577 3431 2854 3504 apostolis
2894 3431 3160 3486 Christus
3179 3431 3206 3483 ἱ)

2095 3524 2186 3578 ΙΧ.
2236 3523 2553 3578 Ostendam
2591 3521 2754 3576 vobis
2784 3521 2893 3576 hoc
2922 3537 2988 3575 ex
3036 3518 3404 3591 legislatione
3462 3518 3666 3590 Moysi.

2026 3613 2310 3684 Loquitur
2347 3611 2502 3668 enim
2533 3630 2545 3666 :
2583 3632 2610 3661 «
2644 3611 2736 3665 Ha:
2769 3615 2909 3666 sunt
2958 3609 3300 3663 festivitates
3334 3606 3567 3661 Domini
3616 3610 3672 3661 et

2021 3702 2160 3774 ipsa:
2193 3706 2427 3768 sanctae,
2463 3718 2610 3772 quas
2630 3699 2910 3755 vocabitis
2941 3698 3000 3752 in
3031 3695 3394 3766 temporibus
3427 3694 3571 3748 suis.
3609 3697 3670 3750 In

2025 3791 2213 3864 primo
2246 3807 2445 3845 mense
2475 3789 2533 3842 in
2558 3788 2989 3858 quintadecima
3018 3785 3109 3839 die
3138 3783 3356 3837 mensis
3378 3782 3560 3852 hujus
3590 3783 3670 3838 fe-

2026 3884 2183 3935 stum
2217 3893 2553 3950 azymorum
2603 3874 2867 3939 Domini;
2902 3877 2958 3928 et
2986 3872 3046 3927 in
3099 3870 3538 3944 quartadecima
3581 3871 3673 3927 die

2028 3968 2249 4024 mensis
2281 3967 2434 4021 intra
2463 3963 2723 4018 medium
2752 3962 2824 4016 ad
2855 3977 3161 4034 vesperum
3184 3959 3292 4014 erit
3310 3959 3534 4015 Pascha
3563 3960 3675 4016 Do-

2029 4057 2220 4123 mino;
2255 4058 2311 4110 et
2339 4055 2397 4108 in
2418 4051 2854 4124 quintadecima
2881 4050 2973 4106 die
2998 4050 3179 4121 hujus
3209 4048 3430 4105 mensis
3462 4049 3675 4104 festum

2030 4160 2365 4217 azymorum
2390 4141 2655 4197 Domino.
2680 4141 2912 4214 Septem
2945 4139 3098 4196 enim
3123 4139 3329 4194 diebus
3360 4156 3563 4211 azyma
3583 4155 3676 4194 co-

2033 4235 2249 4290 medite
2281 4234 2473 4303 (Levii.
2507 4249 2668 4294 xxm,
2698 4231 2837 4301 46).
2884 4253 2911 4281 ››
2945 4230 3088 4284 Ecce
3131 4229 3286 4283 enim
3325 4245 3393 4282 ex
3439 4225 3676 4300 legisla-

2031 4323 2188 4379 tione
2221 4321 2405 4392 Moysi
2449 4318 2761 4384 didicistis,
2795 4318 3071 4390 quoniam
3118 4334 3232 4371 non
3267 4321 3404 4370 tunc
3453 4332 3675 4388 azyma,

2034 4412 2268 4485 quando
2300 4414 2432 4482 post
2460 4426 2684 4463 comam
2725 4408 3048 4462 secundum
3091 4405 3246 4459 diem
3280 4402 3493 4474 quinta:
3525 4403 3679 4458 feriae

2035 4501 2302 4557 Christus
2329 4498 2571 4553 tradidit
2601 4513 2704 4568 per
2735 4496 3073 4550 fractionem
3106 4492 3274 4564 panis
3304 4490 3444 4546 Novi
3476 4492 3682 4546 Testa-

2038 4589 2220 4646 menti
2253 4587 2616 4660 mysterium.
2658 4586 2802 4639 Ante
2842 4583 3055 4638 festum
3104 4583 3301 4634 autem
3345 4596 3683 4649 azymorum

2038 4679 2146 4734 hoc
2165 4675 2457 4744 fecit,cum
2474 4679 2624 4728 esset
2640 4668 3168 4726 tertiadecimadics
3182 4668 3423 4724 mensis.
3444 4667 3682 4735 Quinta-

2041 4767 2269 4823 dccima
2299 4765 2454 4820 enim
2487 4763 2580 4818 die
2606 4760 2846 4826 mensis,
2882 4762 2947 4814 ut
2976 4757 3264 4830 legislatio
3295 4757 3535 4830 Moysis,
3565 4762 3689 4814 erat

2042 4858 2258 4912 festum
2291 4865 2649 4926 azymorum.
2683 4849 2753 4904 Et
2781 4848 3062 4918 Chrystus
3091 4848 3151 4902 in
3181 4847 3324 4903 feria
3363 4852 3524 4904 sexta
3555 4865 3687 4904 cru-

2037 4947 2269 5011 ciﬁxus,
2302 4941 2626 4999 secundum
2660 4936 3223 5010 quartamdecimam
3255 4937 3408 4994 diem
3445 4937 3688 5004 mensis,

2043 5035 2280 5108 quando
2303 5031 2592 5088 debebant
2614 5027 2799 5083 Judaei
2823 5027 3128 5083 immolare
3150 5044 3369 5099 agnum
3397 5045 3408 5093 ;
3437 5026 3691 5081 Sabbato

2040 5128 2233 5178 autem
2247 5118 2568 5176 secundum
2587 5115 3143 5188 quintamdecimam
3159 5115 3314 5169 diem
3327 5113 3548 5168 mensis
3562 5128 3694 5166 cum

2043 5216 2199 5268 esset
2229 5211 2444 5266 festum
2479 5207 2820 5272 azimorum,
2847 5205 2904 5259 in
2929 5205 3195 5276 sepulcro
3215 5202 3403 5274 jacuit
3425 5199 3696 5271 sepultus

2043 5304 2257 5374 Azyma
2287 5315 2420 5370 ergo
2440 5298 2579 5352 dum
2600 5311 2715 5350 non
2739 5298 2936 5349 essent
2967 5297 3098 5348 ante
3122 5293 3334 5346 festum
3356 5305 3695 5362 azymorum

2050 5391 2107 5445 in
2130 5394 2251 5444 tota
2283 5403 2434 5443 anno
2456 5387 2584 5458 ipso
2611 5403 2622 5440 :
2649 5389 2872 5456 septem
2907 5382 3061 5437 enim
3087 5381 3296 5437 diebus
3313 5379 3699 5436 comedebant

2051 5488 2252 5552 azyma
2272 5476 2477 5543 Judaei,
2504 5493 2607 5530 ceu
2630 5473 2885 5530 instituit
2906 5471 3133 5544 Moyses
3155 5470 3242 5527 :in
3261 5469 3700 5542 quintadecima

2053 5569 2144 5624 die
2169 5567 2337 5640 primi
2373 5564 2593 5621 mensis
2615 5563 2957 5635 incipientes
2981 5561 3194 5617 festum
3229 5561 3460 5626 horum,
3488 5560 3590 5616 ubi
3612 5574 3700 5613 re-

2055 5663 2218 5733 perta
2249 5661 2387 5714 sunt
2427 5671 2648 5727 azyma,
2684 5652 2918 5726 quando
2950 5668 3082 5708 cum
3114 5650 3419 5724 discipulis
3449 5651 3573 5710 suis
3595 5665 3701 5705 cae-
