4086 6168
452 403 568 470 979

1129 401 1613 468 HUMBERTUS
1661 401 1724 463 s.
1774 400 1848 462 Β.
1890 395 1962 460 E.
2011 341 2809 474 CAItDINALIS.-—LIB._
2840 393 3174 459 NICETE.

3735 391 3850 461 980

457 555 594 597 nam
614 536 941 595 comederet
969 535 1272 593 Christus?
1315 537 1375 592 Si
1422 536 1579 591 enim
1628 534 1779 589 sicut
1821 531 2032 596 dicitis,
2064 545 2099 583 a
2127 527 2182 593 Α
2211 543 2335 582 rem
2365 528 2520 584 circa
2547 545 2683 584 eum
2713 529 2913 584 ﬂetum
2945 529 3238 586 habebant
3267 543 3445 600 quam
3477 526 3770 602 gaudium
3795 548 3850 586 ex

459 627 701 685 Domino
731 625 976 699 apostoli
1005 629 1354 698 acceperunt
1401 640 1624 697 azyma,
1656 625 1714 678 et
1757 621 1840 676 illi
1888 621 2100 676 iterum

451 717 821 774 tradiderunt
847 716 1012 771 vobis
1043 716 1164 770 hmo
1193 716 1253 769 in
1285 715 1471 788 figura
1502 712 1756 785 corporis
1801 710 2014 765 Christi
2043 709 2102 763 in

455 805 731 879 mysterio
760 805 898 860 Novi
929 805 1287 870 testamenti,
1336 805 1476 859 dum
1519 819 1624 858 nec
1674 801 1885 857 ablatio
1934 798 2103 871 panis

454 896 618 950 ﬁeret
646 895 969 951 secundum
1002 893 1480 948 constitutionem
1503 890 1910 963 Moysi,neque
1941 891 2105 943 erant

456 988 595 1040 tunc
627 981 956 1055 azyma,ubi
988 985 1216 1054 reperta
1246 981 1429 1037 sunt?
1471 979 1768 1044 Quomodo
1813 975 2104 1032 oblivisci-

458 1090 593 1128 mur
617 1071 1054 1144 legislationum
1085 1071 1338 1143 Moysis?
1376 1071 1608 1141 Septem
1658 1083 1912 1137 namque
1961 1064 2101 1119 solis

454 1161 662 1217 diebus
693 1160 880 1216 facere
910 1160 1152 1215 tradidit
1180 1159 1364 1213 vobis.
1399 1159 1507 1213 Sed
1557 1173 1659 1211 vos
1691 1155 1746 1209 in
1785 1158 1904 1209 toto
1948 1169 2101 1207 anno

452 1250 808 1307 conculcatis
837 1249 1110 1303 instituta
1141 1248 1379 1320 Moysis.
1413 1248 1482 1301 Et
1525 1245 1794 1301 Christus
1843 1260 1955 1299 non
1999 1259 2102 1298 ve-

453 1342 618 1396 nerat
647 1338 866 1393 solvere
897 1337 1105 1409 legem,
1138 1337 1236 1391 sed
1270 1334 1591 1407 adimplere
1620 1333 1834 1404 (Matth.
1867 1350 1923 1400 v,
1953 1332 2061 1403 17).

523 1429 587 1482 Χ.
635 1425 815 1480 Valde
861 1425 1014 1480 enim
1063 1425 1366 1479 veritatem
1426 1422 1730 1490 obsistilis,
1777 1423 2002 1477 fratres.
2044 1421 2100 1474 Si

452 1515 610 1572 enim
653 1513 935 1568 traditum
985 1513 1149 1567 vobis
1197 1511 1307 1568 fuit
1352 1513 1424 1568 ab
1473 1512 1752 1584 apostolis
1801 1511 2102 1566 comedere

455 1603 979 1677 azyma,quomodo
1000 1602 1269 1675 Agathon
1292 1601 1707 1658 sanctissimus
1729 1617 1880 1674 papa
1893 1603 2100 1668 vester,

452 1709 770 1768 praesessor
799 1708 932 1746 cum
965 1694 1121 1747 esset
1150 1693 1320 1747 sextae
1354 1691 1558 1764 synodi
1585 1691 1695 1745 sub
1722 1688 2101 1745 Constantino

452 1781 828 1854 imperatore,
862 1783 920 1836 et
949 1780 1183 1836 divinus
1223 1781 1534 1852 Gregorius
1585 1779 2103 1851 Acragantinorum

452 1871 763 1944 episcopus
793 1887 909 1926 non
942 1869 1311 1937 abstinuere;
1345 1886 1500 1935 cum,
1525 1868 1675 1922 sicut
1694 1867 1872 1938 hujus
1899 1864 2104 1938 synodi
2131 1900 2178 1967 B

451 1959 634 2015 divini
661 1959 1204 2026 Patres,adversum
1229 1975 1430 2030 azyma
1452 1957 1638 2030 legem
1659 1949 2105 2012 constituissent

452 2067 487 2105 a
516 2049 750 2106 nemine
781 2049 1044 2106 ﬁdelium
1078 2048 1189 2103 hoc
1219 2047 1385 2102 ﬁeri?
1414 2048 1576 2114 Et,ut
1605 2043 2102 2112 ostendam,vobis

451 2137 1119 2209 horumlegislationem
1151 2140 1354 2193 contra
1383 2151 1605 2207 azyma,
1643 2133 1852 2206 adjicio
1893 2132 2103 2190 rationi

453 2229 512 2282 et
540 2240 824 2282 canonem
857 2224 1122 2296 ipsorum
1147 2224 1230 2280 sic
1254 2224 1563 2278 habentem
1588 2223 1646 2278 in
1670 2223 1979 2278 undecimo
2016 2238 2106 2277 ca-

455 2313 909 2386 pitulo:«Neque
942 2313 999 2367 in
1030 2311 1376 2368 sacerdotali
1399 2312 1753 2367 constitutus
1776 2312 2108 2379 ordine,aut

455 2401 662 2468 laicus,
696 2417 764 2456 ea
793 2417 921 2471 qum
953 2402 1107 2472 apud
1136 2402 1371 2456 Judaeos
1403 2405 1538 2456 sunt
1585 2418 1788 2474 azyma
1817 2400 2102 2468 comedat,

456 2494 559 2546 aut
587 2506 723 2544 cum
751 2488 836 2543 eis
867 2488 1287 2558 cohabitet,aut
1318 2490 1375 2544 in
1406 2489 1847 2546 infirmitatibus
1877 2489 2102 2559 invitet,

457 2581 558 2636 aut
589 2577 935 2633 medicinam
971 2578 1041 2633 ab
1072 2577 1155 2632 eis
1186 2577 1448 2649 accipiat,
1480 2577 1569 2634 vel
1617 2578 1675 2633 in
1715 2579 1939 2634 balneis
1969 2594 2104 2633 cum

364 2718 380 2728 .
455 2667 539 2724 eis
569 2666 811 2723 lavetur.
861 2666 919 2722 Si
969 2666 1100 2738 quis
1129 2666 1239 2723 hoc
1271 2683 1439 2740 agere
1468 2666 1785 2724 initiaverit
1813 2667 2104 2739 siquidem

381 2821 384 2826 ,
427 2755 700 2813 clericus
728 2755 919 2824 fuerit,
953 2756 1313 2828 deponatur;
1349 2757 1396 2811 si
1429 2761 1625 2812 autem
1654 2757 1863 2825 laicus,
1897 2773 2105 2828 seque-

380 2855 382 2858 ’
460 2850 701 2903 stretur.
741 2868 768 2897 »
802 2845 909 2912 Qui
936 2861 1209 2917 azymum
1236 2846 1470 2901 conficit
1489 2850 1546 2901 et
1567 2846 1836 2914 comedit,
1861 2845 1969 2901 etsi
1993 2862 2107 2901 non

457 2935 744 3008 acceperit
772 2935 880 2991 hoc
911 2952 945 2990 a
977 2935 1218 3006 Judaeis,
1262 2935 1362 2990 sed
1395 2934 1653 2991 imitator
1683 2934 1858 2991 fuerit
1889 2935 1947 2989 in
1979 2934 2105 3001 hoc,

456 3028 523 3081 ut
549 3025 787 3081 Judasus
808 3023 1168 3096 intelligit,et
1188 3028 1348 3080 extra
1368 3023 1556 3097 legem
1589 3029 1694 3093 est,
1729 3024 2107 3097 quemadmo-

457 3116 597 3171 dum
627 3118 685 3170 et
713 3113 763 3170 si
792 3113 1222 3169 circumciderit
1251 3114 1384 3185 quis
1406 3115 1690 3187 seipsum,
1714 3120 1815 3169 aut
1837 3132 1869 3170 a
1889 3113 2109 3169 Judaais

460 3202 1106 3269 circumciditur,simul
1136 3207 1193 3259 et
1223 3203 1282 3258 in
1315 3202 1557 3259 scientia
1576 3207 1664 3260 est
1691 3203 2111 3274 illis,canones-

2210 617 2494 673 memoria
2542 617 2749 673 divinae
2796 617 3170 690 operationis.
3209 641 3235 666 ››
3269 617 3688 675 Verumtamen
3743 619 3850 676 haec

2210 708 2452 781 mystice
2477 725 2580 781 per
2609 708 2964 764 Clementem
2996 725 3208 782 papam
3240 709 3695 765 constituentem
3747 727 3849 766 non

2211 801 2498 854 steterunt
2528 797 2645 865 hic,
2677 798 2778 853 sed
2809 797 3060 854 scientes
3093 813 3366 870 magnam
3419 797 3851 855 damnationem

2209 903 2337 942 esse
2381 887 2650 957 jejunare
2695 887 2972 956 Sabbata,
3022 886 3624 943 excommunicatione
3671 887 3852 943 valida

2211 975 2397 1048 ligant
2429 991 2496 1031 ex
2525 976 2633 1032 hoc
2661 975 3001 1032 Eeclesiam.
3037 975 3187 1032 Dicit
3216 976 3375 1032 enim
3407 975 3464 1031 in
3497 977 3849 1048 sexagesimo

2211 1067 2418 1136 quarto
2450 1081 2670 1120 canone
2706 1081 2717 1119 :
2754 1087 2781 1114 «
2817 1065 2876 1120 Si
2907 1065 3040 1137 quis
3068 1064 3340 1120 inventus
3381 1064 3557 1120 fuerit
3601 1066 3848 1121 Domini-

2210 1171 2343 1209 cum
2388 1153 2542 1208 diem
2590 1154 2882 1225 jejunare,
2917 1158 3017 1210 aut
3061 1154 3406 1221 Sabbatum,
3439 1157 3647 1226 praeter
3677 1172 3847 1211 unum

2210 1242 2422 1311 solum,
2457 1244 2817 1314 deponatur;
2850 1244 2896 1298 si
2931 1247 3126 1299 autem
3157 1243 3368 1312 laicus,
3399 1247 3846 1315 sequestretur.»

2281 1333 2400 1387 ΧΙῐ.
2436 1332 2552 1387 Hoc
2583 1336 2778 1388 autem
2811 1336 3194 1405 exsequentes
3243 1337 3300 1388 et
3346 1331 3444 1404 qui
3485 1332 3543 1386 in
3576 1337 3740 1388 sexta
3771 1350 3844 1404 sy-

2212 1422 2362 1478 nodo
2385 1422 2606 1492 Patres,
2625 1421 3032 1477 convenienter
3051 1422 3189 1477 huic
3212 1423 3295 1478 sic
3319 1421 3701 1494 promulgant
3729 1439 3844 1478 san-

2210 1515 2320 1579 cte,
2354 1510 2698 1582 praesidente
2744 1512 2962 1584 synodo
3005 1510 3312 1584 Agathone
3361 1526 3514 1582 papa
3556 1510 3774 1579 Romze,
3801 1514 3846 1566 et

2211 1599 2484 1671 Gregorio
2507 1616 2640 1655 cum
2663 1599 2748 1655 eis
2771 1601 3284 1672 Agrigentinorum
3315 1599 3589 1672 episcopo
3611 1615 3844 1671 praesen-

2209 1693 2265 1744 te
2297 1706 2308 1745 :
2351 1711 2378 1738 «
2411 1687 2701 1755 Quoniam
2746 1688 2984 1760 quidem
3007 1689 3295 1745 discimus
3315 1705 3413 1744 eos
3436 1688 3534 1759 qui
3566 1689 3625 1742 in
3650 1688 3846 1744 Roma-

2211 1795 2419 1833 norum
2444 1779 2588 1834 urbe
2610 1781 2770 1845 sunt,
2803 1779 2862 1833 in
2891 1782 3102 1834 sancta:
3125 1778 3592 1850 Quadragesima
3615 1779 3847 1850 jejuniis

2210 1868 2410 1923 eadem
2431 1867 2684 1923 Sabbata
2702 1868 2976 1939 jejunare
2997 1871 3156 1924 extra
3177 1867 3454 1923 traditam
3475 1865 3581 1922 sibi
3595 1867 3848 1923 ecclesia-

2214 1955 2419 2012 sticam
2439 1957 2948 2029 consequentiam:
2967 1957 3187 2030 placuit
3207 1959 3418 2012 sanctae
3431 1956 3641 2028 synodo
3658 1957 3846 2012 obser-

2212 2062 2345 2101 vare
2357 2046 2581 2101 Roman
2590 2050 2757 2102 orum
2776 2045 3092 2102 Ecclesiam
3108 2044 3461 2101 immobilem
3477 2059 3761 2100 canonem
3772 2044 3849 2101 di-

2213 2137 2437 2190 centem
2464 2152 2476 2190 :
2509 2134 2569 2190 Si
2593 2135 2726 2206 quis
2748 2134 2995 2191 clericus
3016 2135 3188 2190 fuerit
3218 2134 3506 2200 inventus,
3531 2155 3557 2181 υ
3579 2137 3638 2188 et
3658 2138 3852 2189 cetera

2214 2240 2343 2294 quae
2361 2223 2568 2279 deinde
2591 2223 2815 2279 scribit.
2848 2225 2979 2280 Haec
3008 2223 3209 2295 igitur,
3240 2222 3392 2278 sicut
3424 2220 3687 2290 cernitis,
3724 2238 3851 2294 apo-

2215 2312 2438 2368 stolicis
2461 2313 2978 2369 constitutionibus
3000 2317 3056 2368 et
3076 2310 3372 2368 canonicis
3391 2309 3651 2367 fidelium
3676 2310 3850 2367 Eccle-

2217 2401 2362 2456 siam
2395 2401 2536 2474 ligat
2568 2419 2702 2458 cum
2721 2419 2872 2474 papa
2895 2402 3088 2456 Romae
3119 2399 3564 2473 Agathone.Vos
3587 2400 3746 2455 unde
3764 2398 3849 2454 ali-

2213 2493 2303 2545 ter
2319 2495 2375 2545 ct
2391 2508 2457 2546 ex
2481 2508 2596 2562 quo
2605 2491 2686 2562 jej
2695 2507 2874 2547 unare
2899 2491 3152 2547 Sabbata
3173 2489 3478 2562 accepistis
3491 2489 3518 2542 ?
3534 2488 3849 2555 Quinetiam

2215 2579 2566 2636 oblationem
2601 2582 2863 2652 perfectae
2897 2579 3091 2635 missae
3121 2597 3224 2651 per
3243 2594 3477 2635 omnem
3503 2578 3660 2634 diem
3685 2579 3850 2633 facere

2212 2667 2274 2722 in
2293 2670 2474 2723 sacris
2497 2669 2703 2725 diebus
2717 2668 3231 2741 jejuniorum,sive
3253 2667 3508 2723 Sabbato
3534 2666 3657 2723 sive
3681 2667 3852 2722 Domi-

2215 2757 2344 2812 nico
2365 2758 2458 2812 die
2490 2773 2501 2811 :
2529 2760 2684 2813 unde
2705 2757 3120 2814 assuevistis?a
3140 2774 3255 2829 quo
3278 2757 3512 2813 doctore
3535 2754 3851 2829 accepistis?

2214 2847 2296 2900 Ex
2342 2847 2666 2918 apostolis?
2715 2847 3074 2904 nullatenus.
3124 2845 3386 2920 Apostoli
3435 2845 3596 2902 enim
3645 2860 3715 2900 ex
3755 2844 3848 2898 hoc

2216 2952 2460 3009 posuere
2486 2953 2769 2995 canonem
2803 2938 2887 2993 sic
2907 2937 3242 3009 loquentem
3267 2935 3387 2992 :«Si
3405 2936 3540 3008 quis
3561 2934 3849 3008 episcopus

2217 3030 2319 3082 aut
2348 3027 2667 3099 presbyter,
2699 3027 2786 3082 vel
2837 3027 3120 3082 diaconus
3171 3029 3274 3082 aut
3299 3025 3482 3105 lector
3511 3028 3618 3080 aut
3646 3027 3848 3088 cantor,

2217 3119 2482 3171 sanctam
2511 3132 2626 3170 non
2653 3115 3005 3187 jejunaverit
3023 3113 3544 3187 Quadragesimam
3577 3116 3852 3184 quartam-

2220 3220 2332 3275 que
2361 3207 2418 3259 et
2448 3208 2670 3260 sextam
2709 3204 2934 3271 feriam,
2967 3204 3313 3275 deponatur,
3366 3201 3482 3258 nisi
3529 3201 3850 3257 inﬁmitate

456 3309 570 3365 que
589 3298 645 3348 et
664 3292 933 3348 instituta
963 3291 1364 3362 apostolorum
1398 3298 1851 3364 sanctorumque
1873 3293 2108 3348 Patrum
2141 3276 2183 3343 C
2221 3292 2479 3364 corporis
2511 3293 3324 3365 impediatur.»Ministrantes
3353 3306 3492 3363 ergo
3513 3296 3688 3364 atque
3708 3305 3849 3346 como

457 3380 917 3452 transgrediens,
949 3383 1006 3434 et
1037 3379 1201 3434 irrita
1231 3381 1429 3435 omnia
1459 3381 1615 3450 facit,
1650 3385 1715 3436 ut
1739 3382 1888 3436 ratio
1910 3385 2110 3436 nostra

460 3467 900 3524 demonstravit.
928 3467 1038 3522 Sed
1063 3468 1134 3523 de
1159 3484 1361 3539 azymo
1393 3469 1748 3526 sufficienter
1767 3470 1930 3525 vobis
1953 3470 2106 3541 quod

461 3555 823 3628 prohibitum
867 3555 944 3609 sit
985 3555 1056 3610 ab
1105 3556 1264 3610 omni
1293 3557 1591 3627 Scriptura
1618 3558 1813 3613 divina
1843 3559 2111 3614 demons-

462 3643 770 3701 travimus.
873 3660 878 3666 ’

530 3733 623 3790 ΧΙ.
657 3735 778 3806 Age
807 3749 963 3788 nunc
995 3732 1094 3805 qui
1124 3737 1330 3788 caetera
1359 3735 1894 3791 demonstravimus
1916 3736 2101 3806 vobis,

458 3828 515 3880 et
542 3823 736 3881 subito
768 3822 1062 3879 memoriae
1095 3827 1439 3896 suggestum
1472 3827 1560 3879 est
1587 3824 1750 3880 vobis
1785 3825 1856 3880 de
1878 3826 2106 3896 jejunio

455 3910 1196 3983 Sabbatoruum,quoniam
1225 3912 1526 3968 insultatis
1553 3913 1721 3970 nobis
1745 3930 1757 3968 :
1785 3915 2108 3985 undejeju-

456 4017 595 4056 nare
613 4001 889 4066 Sabbata,
924 4015 994 4054 ex
1031 4017 1147 4071 qua
1177 4005 1381 4058 sancta
1419 4002 1720 4072 Scriptura
1759 4003 2106 4074 accepistis?

453 4089 541 4144 Ab
573 4087 896 4160 apostolis?
917 4089 1320 4160 Nequaquam.
1343 4091 1759 4161 Apostolorum
1782 4091 2023 4148 vertices
2044 4091 2103 4147 in

455 4176 661 4249 quinto
688 4175 927 4247 quidem
958 4176 1106 4231 libro
1139 4178 1592 4246 ordinationum,
1629 4180 1730 4251 qui
1777 4181 1848 4235 de
1890 4186 2104 4252 marty-

454 4265 618 4320 ribus
646 4263 1008 4332 inscribitur,
1033 4265 1205 4335 juxta
1234 4266 1590 4322 Clementem
1617 4286 1630 4322 :
1656 4291 1682 4318 «
1711 4271 1987 4335 Quartam
2021 4269 2102 4324 fe-

454 4353 602 4410 riam
633 4357 690 4410 et
717 4358 940 4409 sextam
972 4354 1245 4424 praecepit
1275 4355 1445 4410 nobis
1485 4357 1755 4428 jejunare
1793 4358 2100 4414 Dominus.

452 4443 640 4499 Unam
687 4443 925 4513 quidem
970 4445 1208 4514 propter
1256 4443 1651 4513 traditionem,
1682 4445 1923 4502 alteram
1971 4463 2101 4518 pro-

449 4536 580 4606 pter
608 4533 964 4605 passionem.
999 4532 1200 4604 Ipsum
1233 4536 1430 4588 autem
1462 4533 1782 4590 Sabbatum
1823 4553 1940 4591 non
1977 4540 2101 4590 tra-

451 4620 601 4678 didit
629 4623 814 4712 nobis
850 4622 1146 4712 jejunare,
1179 4622 1459 4692 quoniam
1510 4641 1623 4679 non
1675 4629 1918 4696 oportet,
1971 4641 2177 4712 pro-D

449 4715 579 4783 pter
605 4710 750 4766 illud
781 4710 1066 4777 solum,in
1101 4727 1216 4782 quo
1247 4712 1482 4767 Creator
1511 4713 1774 4768 omnium
1802 4715 1914 4769 sub
1946 4719 2099 4770 terra

449 4798 576 4854 fuit.
605 4820 632 4848 »
670 4799 845 4866 Unde,
869 4800 1041 4868 juxta
1061 4798 1279 4854 calcem
1310 4800 1574 4870 ejusdem
1599 4801 1750 4869 libri,
1771 4801 1985 4858 iterum
2013 4805 2096 4859 sic

447 4885 708 4957 loquitur
739 4902 792 4939 ;‹‹
824 4886 1007 4942 Omne
1038 4887 1274 4958 quidem
1307 4889 1629 4944 Sabbatum
1652 4895 1707 4945 ct
1728 4907 1962 4947 omnem
1993 4893 2100 4950 Do-

447 4974 732 5030 minicum
765 4973 1178 5031 celebrandum
1199 4992 1326 5033 esse
1349 4977 1621 5034 dicimus.
1657 4979 1918 5036 Gaudere
1941 4983 2098 5040 enim

445 5066 673 5138 oportet
702 5063 759 5118 in
791 5063 883 5118 his
915 5068 972 5119 et
1002 5081 1116 5119 non
1142 5064 1359 5137 lugere.
1392 5086 1417 5117 η
1455 5068 1712 5139 Septimo
1751 5068 1989 5141 quidem
2023 5071 2097 5126 li-

441 5154 546 5210 bro
559 5169 760 5211 earum
774 5153 1197 5209 constitutionu
1209 5170 1263 5208 m
1278 5155 1301 5225 j
1316 5160 1451 5211 uxta
1462 5157 1804 5214 vicesimum
1822 5164 2095 5230 quartum

441 5248 616 5317 caput
647 5244 756 5300 hoc
786 5243 1063 5315 inquiunt
1098 5259 1110 5297 :
1138 5266 1163 5292 ‹‹
1191 5244 1513 5300 Sabbatum
1550 5265 1801 5320 namque
1823 5254 1879 5303 ct
1904 5249 2097 5305 Domi-

441 5333 641 5388 nicum
662 5332 1047 5400 celebramus,
1064 5332 1202 5404 quia
1222 5331 1369 5390 illud
1394 5335 1633 5406 quidem
1657 5337 1863 5392 divina:
1886 5355 2093 5410 opera-

440 5421 618 5476 tionis
648 5425 738 5477 est
773 5421 1084 5490 memoria;
1119 5421 1211 5476 hic
1245 5440 1376 5478 vero
1411 5424 1873 5480 resurrectionis.
1900 5427 2092 5483 Unum

441 5525 573 5565 vero
587 5514 816 5565 tantum
841 5511 1164 5566 Sabbatum
1183 5510 1634 5566 custodiendum
1658 5518 1747 5568 est
1771 5514 1826 5569 in
1851 5520 1968 5572 toto
1994 5535 2091 5572 an-

442 5615 516 5654 no
547 5598 857 5670 sepulturae
880 5599 1132 5666 Domini,
1151 5599 1550 5669 quojcjunare
1575 5605 1818 5673 oportet.
1846 5607 2088 5671 Quando

440 5687 597 5745 enim
619 5687 884 5744 Christus
907 5688 966 5742 in
989 5686 1257 5759 sepulcro
1280 5687 1487 5758 jacuit,
1511 5688 1779 5764 discipuli
1807 5694 2088 5765 potentio-

2221 3379 2447 3453 plentes
2469 3381 2958 3438 ministrationem
2985 3383 3196 3438 sanctas
3219 3380 3414 3436 missa:
3445 3397 3615 3437 secus
3635 3380 3847 3436 tertiam

2219 3469 2423 3524 horam
2448 3469 2584 3537 diei,
2618 3469 2676 3524 in
2714 3486 2832 3543 qua
2860 3475 2917 3526 et
2945 3468 3385 3542 promulgatum
3415 3473 3507 3525 est
3537 3468 3725 3524 offerri
3765 3484 3849 3523 sa-

2218 3556 2526 3622 criﬁcium,
2559 3559 2852 3629 quomodo
2869 3557 3159 3628 jejunium
3185 3572 3375 3629 usque
3410 3557 3482 3612 ad
3517 3556 3713 3611 horam
3741 3555 3850 3610 diei

2217 3662 2434 3701 nonam
2466 3647 2828 3703 observatis?
2857 3647 3146 3704 solventes
3168 3646 3289 3702 haec
3313 3647 3371 3701 in
3395 3650 3643 3718 tempore
3680 3642 3854 3698 mini-

2217 3735 2516 3790 strationis
2548 3736 2780 3792 missae?
2811 3735 3282 3808 Nequaquam.Si
3308 3740 3504 3792 autem
3527 3734 3633 3790 hoc
3651 3732 3854 3806 impos-

2216 3822 2387 3878 sibile
2416 3828 2526 3890 est,
2556 3824 2964 3882 maledictione
2995 3824 3341 3898 plectimini.

2286 3911 2430 3968 XIII.
2465 3913 2572 3976 Qui
2605 3913 2663 3968 in
2695 3917 3002 3986 Gangreno
3030 3915 3187 3969 fuere
3218 3914 3418 3969 Patres
3449 3911 3696 3968 concilio
3731 3926 3845 3981 cap.

2217 4001 2284 4055 19
2316 4000 2457 4056 talia
2484 4003 2735 4058 etfantur
2768 4019 2781 4057 :
2811 4026 2838 4054 ‹‹
2870 4003 2928 4058 Si
2959 4002 3092 4075 quis
3124 4001 3485 4058 continentia
3511 4000 3639 4057 sine
3666 4013 3847 4070 corpo-

2215 4088 2322 4144 rali
2353 4091 2703 4146 necessitate
2724 4091 2912 4148 elatus
2939 4093 3199 4159 fuerit,et
3215 4091 3536 4146 constituta
3549 4089 3766 4161 jejunis
3791 4085 3845 4140 in

2214 4193 2526 4234 commune
2551 4184 2607 4234 et
2629 4180 2927 4236 observata
2956 4181 3027 4236 ab
3059 4178 3315 4236 Ecclesia
3337 4177 3682 4244 dissolverit,
3712 4191 3846 4248 pras-

2213 4268 2500 4324 sumendo
2531 4269 2642 4323 sibi
2671 4270 2986 4341 perfectam
3017 4269 3324 4339 rationem,
3359 4267 3668 4323 anathema
3701 4265 3785 4320 sit.
3816 4286 3843 4311 ιο

2213 4354 2494 4411 Similiter
2523 4361 2724 4414 Patres
2775 4358 2875 4430 qui
2924 4359 2984 4412 in
3037 4356 3380 4414 Laodicensi
3412 4358 3573 4412 luere
3603 4351 3839 4414 concilio,

2211 4446 2536 4500 secundum
2557 4446 3115 4519 quinquagesimum
3130 4461 3414 4502 canonem
3437 4445 3517 4500 sit
3536 4443 3835 4500 etl'atisunt:

2216 4553 2242 4585 α
2265 4534 2413 4600 Quia
2433 4551 2548 4588 non
2577 4539 2803 4606 oportet
2821 4535 2882 4590 in
2906 4535 3367 4608 Quadragesima
3399 4537 3718 4606 martyrum
3744 4545 3836 4584 na-

2209 4621 2398 4677 talitia
2423 4622 2733 4692 celebrare,
2750 4625 2850 4679 sed
2873 4629 3212 4680 sanctorum
3243 4620 3834 4680 commemorationem

2209 4709 2396 4767 facere
2425 4711 2484 4766 in
2516 4712 2788 4769 Sabbatis
2823 4716 2882 4769 et
2909 4712 3230 4769 Dominicis
3263 4712 3491 4767 diebus.
3529 4734 3556 4761 ››
3587 4711 3654 4766 Et
3687 4710 3835 4780 juxta

2207 4801 2726 4874 quadragesimum
2753 4807 3021 4859 octavum
3045 4818 3328 4858 canonem
3357 4801 3498 4856 item
3524 4800 3683 4856 aiunt
3705 4795 3830 4868 ipsi:

2212 4913 2240 4939 »
2274 4891 2436 4954 Quod
2467 4908 2580 4947 non
2612 4893 2774 4948 decet
2805 4893 2863 4947 in
2895 4891 3357 4964 Quadragesima
3387 4907 3601 4962 panem
3630 4888 3831 4952 offerre,

2213 4979 2326 5034 nisi
2358 4980 2414 5034 in
2447 4981 2702 5037 Sabbato
2734 4985 2791 5037 et
2819 4981 3122 5037 Dominico
3153 4979 3297 5037 solo.
3335 5002 3362 5028 ››

2280 5069 2420 5123 XIV.
2453 5071 2522 5124 Et
2551 5069 2651 5141 qui
2682 5069 2743 5124 in
2772 5075 2931 5126 sexto
2963 5068 3277 5126 universali
3307 5065 3554 5124 concilio
3587 5077 3827 5122 convene-

2208 5163 2345 5214 runt
2371 5159 2568 5215 Patres
2593 5159 3050 5231 similiterjuxta
3073 5156 3633 5232 quinquagesimum
3653 5166 3826 5212 secun-

2207 5249 2346 5303 dum
2380 5264 2662 5303 canonem
2685 5249 2957 5304 sanciunt
2987 5266 3123 5304 cum
3157 5247 3536 5304 sanctissimo
3558 5243 3822 5318 Agathone

2205 5354 2358 5410 papa
2384 5337 2610 5392 dicente
2641 5337 2725 5392 sic
2759 5353 2770 5392 :
2805 5360 2833 5387 «
2865 5336 2929 5392 In
2953 5339 3228 5393 omnibus
3268 5337 3489 5392 sanctis
3522 5334 3820 5402 Quadrage-

2204 5427 2364 5482 sima:
2387 5426 2751 5497 jejuniorum
2779 5426 3008 5495 diebus,
3044 5427 3169 5482 sine
3199 5427 3454 5482 Sabbato
3479 5429 3535 5481 et
3555 5420 3820 5480 Dominico

2202 5515 2318 5582 die,
2351 5521 2406 5570 et
2437 5515 2565 5571 sine
2597 5519 2798 5571 sancto
2829 5515 3314 5572 Annuntiationis
3345 5513 3567 5582 die,fiat
3587 5512 3818 5568 missan

2201 5605 2723 5661 antesanctificatis
2751 5603 3167 5662 oblationibus.
3185 5628 3212 5655 »
3235 5604 3324 5660 Sic
3344 5619 3481 5676 ergo
3504 5600 3816 5674 accipientes

2200 5711 2306 5752 nos
2343 5694 2592 5751 Sabbato
2649 5697 2705 5749 et
2755 5693 3059 5752 Dominica
3109 5695 3222 5762 die,
3273 5709 3441 5752 secus
3471 5689 3695 5749 tertiam
3721 5683 3814 5742 diei
