4086 6168
248 354 363 426 901

1598 357 1910 427 CONTRA
1955 358 2315 429 LATINOS.

3532 366 3653 436 982

245 492 474 560 horam,
496 489 556 548 in
587 504 707 565 qua
725 493 783 549 et
811 489 1062 568 Spiritus
1101 496 1340 552 sanctus
1386 493 1682 552 descendit
1713 513 1894 567 super
1923 497 1977 561 Α
2008 497 2118 553 bus
2152 498 2433 570 ipsorum,
2468 498 2567 573 qui
2600 517 2634 557 a
2664 490 2834 559 nobis
2855 498 3113 575 pradicti
3156 501 3313 575 sunt,
3356 518 3467 562 non
3502 505 3651 578 abji-

247 582 590 656 discipulos,
623 580 1017 653 immolantes,
1039 583 1099 639 in
1120 582 1264 657 ipsis
1293 583 1730 640 sanctiﬁcamus
1760 601 1895 640 mu-

243 688 404 739 nera,
428 687 498 728 ex
517 672 735 743 quibus
752 671 1104 729 sufﬁcientia
1135 673 1193 728 in
1224 676 1346 729 tota
1376 673 1743 729 hebdomade
1764 690 1898 730 con-

242 776 569 819 servamus.
603 761 669 814 In
702 759 835 816 aliis
864 767 1058 816 autem
1090 762 1295 817 diebus
1326 761 1713 818 hebdomadis
1725 763 1896 833 juxta

239 853 480 921 tempus
506 849 659 904 hora
692 865 856 904 nona
889 848 1001 904 diei
1024 849 1436 905 concludentes
1457 866 1688 905 omnem
1720 850 1895 905 mini-

237 938 589 994 strationem
605 937 663 992 in
681 939 1248 994 consummationem
1265 937 1647 1010 completorii,
1664 939 1895 1011 agimus
1947 930 1955 937 ’

237 1044 344 1083 nos
374 1027 709 1083 sacerdotes
750 1043 885 1082 eum
923 1026 1267 1082 diaconibus
1312 1027 1668 1098 ingressum,
1713 1026 1896 1082 thuri-

235 1115 447 1172 bulum
480 1115 674 1170 solum
694 1115 964 1171 ferentes.
996 1116 1066 1170 Et
1092 1120 1224 1187 post
1254 1115 1559 1171 lectionem
1585 1116 1895 1188 propheta-

235 1221 367 1260 rum
388 1204 741 1260 constitutas
758 1204 1051 1259 orationes
1072 1221 1105 1258 a
1126 1220 1339 1275 magno
1365 1204 1576 1260 Basilio
1596 1204 1895 1275 facientes,

235 1299 291 1350 et
310 1310 562 1350 munera
579 1292 997 1349 transferentes
1019 1293 1406 1366 appositionis
1431 1293 1638 1349 altario
1661 1298 1716 1348 et
1732 1310 1895 1348 oran-

230 1388 321 1439 tes
349 1399 484 1438 eum
526 1381 692 1452 ipsis.
733 1382 983 1454 Insuper
1015 1388 1206 1437 autem
1240 1386 1297 1437 et
1336 1382 1617 1437 traditam
1664 1382 1833 1436 nobis
1864 1399 1897 1436 a

233 1472 485 1529 Domino
526 1470 848 1528 orationem
882 1470 1166 1539 dicentes,
1197 1471 1524 1526 exaltemus
1568 1470 1898 1542 prasancti-

233 1561 478 1617 ﬁcetum
525 1576 758 1632 panem,
808 1564 864 1615 et
912 1560 1125 1614 damus
1174 1560 1662 1631 prasanctificata
1692 1563 1895 1614 saneta

235 1649 485 1716 sanctis,
519 1653 573 1704 et
602 1648 752 1704 uniti
784 1647 1198 1704 communione
1222 1665 1371 1720 pane
1400 1652 1458 1703 et
1484 1648 1661 1703 calice
1685 1652 1895 1721 myste-

234 1739 467 1795 riorum
500 1737 727 1793 Christi.
762 1738 833 1793 Et
861 1737 942 1793 ita
972 1741 1211 1809 agentes
1256 1736 1473 1811 gratias
1505 1741 1643 1802 Deo,
1675 1735 1893 1809 linqui-

2005 600 2132 641 eere
2163 586 2466 661 episcopos
2502 593 2558 645 et
2587 590 2956 664 presbyteros
2991 590 3293 647 occasione
3323 592 3651 667 religionis,

2004 690 2214 731 uxores
2238 682 2574 739 sanxerunt.
2620 683 2677 735 et
2707 683 2771 735 ut
2799 681 3072 736 caderent
3101 698 3194 737 res
3241 682 3652 754 episcoporum

2003 777 2072 819 ex
2113 766 2500 836 potestatibus
2552 784 2752 823 eorum
2797 773 3033 842 propter
3081 768 3233 826 ﬁlios
3271 774 3329 825 et
3374 770 3651 830 mulieres

2002 868 2288 923 ipsorum.

2076 942 2220 997 XVI.
2260 943 2318 997 Si
2350 949 2545 1001 autem
2581 946 2796 1020 aliquis
2846 947 3057 1003 dixerit
3088 949 3157 1005 de
3201 953 3404 1006 sancta
3434 955 3491 1007 et
3519 952 3650 1008 uni-

2002 1032 2213 1085 versali
2258 1034 2498 1103 synodo,
2549 1036 2701 1105 quod
2732 1054 2947 1109 papam
2980 1038 3173 1093 Roma
3206 1038 3650 1097 sanctissimum

2002 1119 2390 1190 Agathonem,
2409 1126 2473 1177 ut
2494 1123 3521 1199 sapissimediximus,prasessorem
3552 1129 3651 1184 ha-

2003 1208 2152 1272 buit,
2176 1210 2305 1281 ipsa
2325 1215 2561 1267 centum
2581 1215 2955 1285 septuaginta
2974 1217 3361 1285 Patrum,sub
3374 1217 3649 1274 Constan-

2002 1296 2126 1351 tino
2158 1297 2523 1369 imperatore,
2545 1306 2750 1373 nepote
2774 1303 3017 1359 Heraclii
3036 1308 3088 1359 et
3106 1308 3269 1375 patre
3296 1305 3645 1362 Justiniani:

2004 1387 2296 1456 quomodo
2330 1406 2442 1442 non
2476 1389 2704 1445 obstitit
2734 1392 2968 1448 divinus
3006 1394 3277 1464 Agathon
3308 1399 3524 1451 sancta
3554 1413 3647 1465 sy-

2004 1475 2155 1529 nodo
2169 1476 2453 1531 sancienti
2475 1478 2755 1536 adversus
2767 1479 2874 1536 hos
2895 1481 3110 1553 impios
3132 1500 3280 1554 quos
3293 1500 3479 1556 usque
3492 1501 3649 1539 nunc

2002 1561 2231 1618 habetis
2250 1564 2278 1617 ?
2296 1564 2354 1618 Si
2371 1581 2504 1621 vero
2526 1567 2598 1622 ab
2631 1568 2913 1640 apostolis
2934 1570 3226 1627 haberetis
3250 1572 3359 1629 has
3386 1572 3650 1628 traditio-

2002 1667 2126 1717 nes,
2168 1652 2475 1709 obsisteret
2532 1655 2797 1723 forsitan,
2840 1662 2897 1713 et
2951 1676 3069 1715 non
3128 1661 3488 1733 suscepisset
3528 1662 3649 1718 hac

2001 1755 2129 1810 qua
2178 1742 2332 1812 apud
2378 1760 2484 1799 nos
2517 1744 2589 1799 ab
2619 1761 2686 1801 ea
2715 1746 3087 1819 promulgata
3135 1751 3291 1803 sunt.
3324 1754 3483 1820 Papa
3511 1766 3645 1805 cum

235 1844 376 1884 mus
392 1844 490 1884 eos
511 1830 682 1898 atque
706 1825 1061 1882 dimittimus
1081 1843 1148 1882 ex
1169 1826 1636 1900 congregatione,
1660 1842 1893 1882 sumen-
1922 1867 1970 1932 B
2000 1832 2154 1882 esset
2171 1834 2379 1897 vester,
2414 1831 2692 1902 quoniam
2724 1833 3017 1889 adulteras
3049 1837 3435 1909 cognoscebat
3464 1838 3647 1892 tradi-

229 1921 321 1975 tes
356 1933 465 1972 nos
497 1931 870 1971 communem
889 1931 1154 1971 mensam
1190 1932 1292 1987 per
1321 1914 1459 1970 folia
1480 1919 1538 1971 et
1566 1914 1890 1989 legumina,
1922 1914 1970 1932 ”
2002 1916 2190 1972 tiones
2218 1917 2380 1989 ipsas
2410 1923 2468 1973 et
2483 1923 2787 1976 extraneas
2806 1922 2877 1976 ab
2908 1923 3307 1993 apostolorum
3339 1924 3643 1982 doctrina:

224 2010 285 2063 et
309 2005 571 2061 calidam
602 2020 819 2076 aquam
850 2003 950 2076 qui
979 2003 1288 2059 voluerint.
1314 2004 1461 2059 Sunt
1482 2007 1678 2059 autem
1710 2006 1767 2059 et
1793 2002 1892 2059 alii
2002 2009 2308 2077 propterea
2336 2006 2555 2078 pariter
2570 2025 2701 2064 cum
2726 2009 2997 2066 Patribus
3022 2028 3199 2067 sacra
3222 2016 3392 2069 sexta
3415 2013 3644 2086 synodi,

229 2093 334 2168 qui
352 2093 481 2150 sola
500 2093 913 2149 communione
935 2096 991 2147 et
1008 2092 1416 2147 benedictione
1440 2107 1542 2163 per
1559 2096 1743 2147 totam
1762 2108 1892 2164 per-
2001 2093 2157 2148 sicut
2206 2095 2278 2149 de
2326 2095 2545 2168 azymis
2576 2100 2634 2151 et
2655 2098 2902 2169 jejuniis
2942 2100 3333 2156 Sabbatorum
3373 2105 3430 2158 et
3471 2119 3648 2159 sacra

226 2187 503 2239 severant
551 2181 1005 2238 hebdomadam.
1052 2184 1171 2236 Vos
1202 2185 1397 2236 autem
1433 2181 1747 2236 referentes
1790 2196 1893 2252 per
2001 2178 2200 2238 missa’
2230 2183 2545 2255 mysteriis,
2571 2185 2654 2240 sic
2685 2190 2742 2241 et
2769 2188 2841 2242 de
2861 2189 3084 2260 nuptiis
3115 2192 3487 2247 sacerdotum
3518 2209 3650 2264 pro-

224 2287 723 2345 unumquemque
771 2270 927 2326 diem
972 2270 1284 2342 perfectam
1331 2270 1391 2324 in
1434 2268 1894 2341 Quadrsgesima
2002 2271 2287 2344 mulgavit
2316 2272 2516 2327 dicens
2547 2272 2607 2327 in
2639 2274 2867 2330 decimo
2889 2278 3061 2333 tertio
3085 2278 3274 2349 capite
3309 2296 3321 2334 :
3357 2303 3385 2329 ‹‹
3418 2280 3565 2345 Quia
3591 2281 3650 2336 in

223 2360 754 2423 ministrationem,
787 2376 914 2432 quae
947 2375 1206 2431 congrua
1235 2374 1302 2413 ex
1320 2359 1492 2429 juxta
1519 2359 1752 2413 tertiam
1786 2357 1891 2413 bo-
2001 2359 2396 2415 Romanorum
2424 2362 2680 2417 Ecclesia
2700 2361 2759 2417 in
2778 2365 2981 2421 ordine
3002 2367 3242 2422 canonis
3262 2368 3413 2423 tradi
3439 2385 3650 2441 cogno-

223 2468 360 2508 ram
401 2449 519 2505 diei
559 2448 772 2514 offerri,
822 2448 1045 2520 positos
1111 2446 1591 2519 transgredimini
1638 2462 1893 2502 canones
1997 2448 2211 2513 vimus,
2249 2454 2563 2521 prasentes
2584 2451 2814 2507 diaconi
2834 2455 3273 2527 autpresbyteri
3301 2456 3510 2529 dignas
3531 2458 3652 2514 fore

219 2538 525 2596 Ecclesia!
560 2539 631 2593 Et
650 2537 709 2591 in
732 2536 841 2591 hoc
867 2536 1262 2592 maledictioni
1288 2535 1525 2590 Patrum
1549 2534 1887 2607 subjaeetis,
2000 2552 2283 2593 manuum
2314 2538 2721 2611 impositiones
2761 2543 3045 2610 conﬁteri,
3090 2547 3153 2598 ut
3182 2562 3299 2600 non
3331 2545 3585 2617 amplius
3614 2565 3649 2603 a

218 2628 388 2685 sicut
417 2627 643 2685 dictum
675 2629 784 2681 est.
1999 2626 2124 2681 suis
2155 2627 2574 2699 disjungantur
2602 2630 2974 2702 conjugibus.
3006 2632 3122 2687 Nos
3140 2632 3450 2706 antiquum
3474 2651 3644 2689 exse-

298 2716 420 2773 XV.
455 2715 598 2781 Quis
628 2713 725 2768 ille
755 2718 843 2769 est
874 2713 975 2785 qui
1006 2713 1253 2767 tradidit
1295 2713 1460 2768 vobis
1495 2713 1803 2784 prohibere
1835 2717 1893 2768 et
1999 2718 2247 2786 quentes
2268 2732 2547 2770 canonem
2572 2718 2902 2789 apostolica
2924 2719 3240 2791 diligentia
3255 2723 3311 2776 et
3331 2721 3645 2777 ordinatio-

222 2804 584 2862 abscindere
614 2802 852 2875 nuptias
882 2801 1295 2857 sacerdotum?
1325 2802 1432 2867 Qui
1462 2818 1531 2856 ex
1553 2801 1891 2857 doctoribus
2000 2803 2111 2869 nis,
2147 2809 2483 2859 sanctorum
2506 2806 2762 2860 virorum
2786 2806 3179 2879 copulationes
3206 2810 3531 2865 secundum
3564 2809 3643 2866 le-

217 2893 509 2952 Ecclesia
555 2891 709 2947 hanc
753 2890 919 2946 vobis
968 2890 1213 2954 tradidit
1259 2890 1601 2961 pravitatem
1623 2890 1651 2944 ‘I
1694 2890 1890 2961 Siqui-
1999 2907 2130 2964 gem
2163 2893 2458 2947 etamodo
2479 2893 2669 2949 valere
2696 2893 2990 2961 volumus,
3023 2895 3356 2953 nullatenus
3386 2915 3421 2953 a
3449 2899 3647 2969 conju-

220 2984 369 3040 dem
417 2981 534 3037 nisi
567 2980 1073 3053 nupserit,manus
1104 2979 1499 3050 impositionis
1529 2978 1791 3050 accipiet.
1822 2979 1893 3033 Et
1998 2996 2138 3052 gum
2171 2980 2540 3052 copulatione
2570 2982 2959 3039 dissolventes
2989 2989 3090 3040 aut
3120 2985 3413 3056 privantes
3443 3004 3542 3044 eos
3573 2989 3645 3043 ab

220 3074 319 3129 ita
344 3071 420 3127 ad
445 3069 683 3143 nuptias
713 3070 849 3137 ruit,
885 3068 984 3140 qui
1016 3067 1319 3123 ordinatus
1350 3072 1439 3123 est
1477 3068 1782 3139 innuptus,
1814 3066 1891 3121 le-
1998 3069 2269 3137 invicem,
2316 3071 2639 3125 secundum
2673 3075 2908 3144 tempus
2948 3089 3275 3146 congruum
3319 3074 3644 3133 locationis.

219 3161 461 3235 gitime.
498 3160 617 3215 Hoc
660 3163 717 3213 et
745 3158 1070 3213 secundum
1116 3172 1368 3211 canones
1428 3155 1642 3224 facitis,
1683 3156 1890 3226 hujus-
1936 3232 1961 3235 AV
2003 3157 2151 3226 Quia
2180 3174 2313 3212 vero
2332 3158 2380 3213 si
2406 3158 3059 3230 quisdignusinventus
3082 3162 3506 3230 fuerit,manus
3538 3165 3647 3219 im-

216 3232 393 3307 modi
428 3248 664 3319 nuptias
685 3245 1106 3319 prohibentes?
1132 3245 1191 3300 Si
1223 3248 1418 3300 autem
1452 3248 1588 3299 ante
1618 3244 1893 3300 habuerit
1923 3232 1964 3298 C
2000 3248 2290 3321 positione
2320 3248 2601 3303 diaconus
2630 3248 2717 3303 vel
2759 3249 3154 3306 subdiaconus
3197 3255 3300 3307 aut
3326 3253 3647 3326 presbyter,

215 3354 477 3395 uxorem
500 3336 596 3391 ille
620 3336 719 3408 qui
738 3335 1044 3391 ordinatus
1074 3337 1163 3389 est
1183 3334 1453 3389 sacerdos
1485 3349 1885 3404 perseverave-
1996 3335 2094 3391 hic
2124 3335 2463 3391 nullatenus
2504 3335 2881 3407 prohibeatur
2910 3338 2981 3393 ad
3014 3338 3356 3411 hujusmodi
3397 3342 3645 3414 gradum

215 3432 436 3498 ritque
464 3425 521 3479 in
539 3424 803 3480 castitate
830 3439 1159 3497 magnaque
1180 3422 1317 3487 vita,
1350 3421 1587 3494 nuptias
1618 3422 1747 3492 ejus
1777 3421 1890 3477 sol-
1998 3425 2332 3490 ascendere,
2366 3423 2601 3496 conjugi
2640 3424 3082 3482 eohabitaturus
3119 3427 3414 3500 legitime;
3460 3446 3649 3502 neque

211 3515 392 3580 vitis,
430 3512 923 3588 transgredimini,
942 3517 1010 3567 ut
1030 3529 1099 3567 ex
1119 3514 1403 3584 praecepto
1433 3510 1887 3582 apostolicorum
1999 3513 2059 3567 in
2091 3517 2351 3583 tempore
2368 3513 2750 3569 ordinationis
2771 3515 3036 3586 exigatur
3063 3517 3327 3572 conﬁteri
3358 3518 3429 3572 ad
3458 3516 3649 3591 legem

213 3620 527 3663 canonum
583 3603 888 3659 ostendam
944 3601 1129 3657 vobis.
1193 3601 1257 3655 In
1314 3604 1472 3656 sexto
1528 3600 1686 3655 enim
1739 3598 1888 3655 libro
1999 3618 2224 3674 propra
2269 3601 2573 3656 locationis
2621 3606 2856 3674 propter
2884 3604 3180 3675 propriam
3224 3622 3485 3661 uxorem.
3520 3628 3547 3655 ››
3579 3609 3650 3662 Et

209 3691 546 3753 Clementis
565 3691 1001 3747 ordinationum
1026 3706 1152 3761 qua
1174 3688 1247 3744 ab
1278 3704 1343 3744 eo
1362 3688 1703 3760 conscripta
1727 3690 1888 3752 sunt,
2001 3694 2136 3762 post
2164 3706 2352 3762 pauca
2377 3708 2389 3745 :
2415 3712 2443 3741 «
2472 3689 2531 3746 Si
2556 3690 2689 3761 quis
2706 3707 2841 3762 ergo
2874 3692 3315 3765 praesumpserit
3333 3697 3495 3748 extra
3518 3711 3652 3765 apo-

203 3785 396 3856 juxta
436 3780 756 3853 septimum
803 3779 1098 3835 decimum
1139 3781 1316 3849 caput
1345 3777 1604 3849 Apostoli
1636 3777 1758 3832 hac
1801 3776 1888 3831 di—
2003 3778 2240 3834 stolicos
2272 3778 2506 3834 ordines
2525 3783 2721 3833 motus
2738 3781 3054 3850 quemdam
3077 3796 3375 3835 sacrorum
3409 3782 3649 3852 presby-

212 3875 377 3929 cunt
408 3888 421 3926 :
468 3894 494 3919 «
530 3868 883 3941 Episcopum
926 3873 983 3923 et
1027 3867 1430 3939 presbyterum
1473 3869 1529 3922 et
1577 3867 1891 3922 diaconum
2003 3870 2263 3922 terorum
2297 3872 2354 3921 et
2382 3866 2761 3921 diaconorum
2796 3867 3025 3937 privare
3053 3883 3087 3922 a
3109 3866 3479 3940 copulatione
3516 3868 3653 3941 legi-

210 3957 834 4029 dicimus,quiunam
857 3956 1076 4011 habent
1096 3971 1358 4021 uxorem,
1384 3954 1665 4021 ordinari,
1690 3971 1893 4026 quam-
2006 3955 2284 4010 timarum
2319 3954 2654 4021 mulierum,
2702 3971 2737 4008 a
2783 3956 3196 4011 communione
3235 3959 3650 4029 sequestretur.

211 4050 312 4106 vis
346 4047 549 4101 vivant
578 4061 780 4101 eorum
812 4045 1114 4116 conjuges,
1146 4042 1415 4114 quamvis
1446 4043 1755 4110 defuncta,
1778 4059 1891 4097 non
2007 4042 2348 4098 Similitersi
2367 4041 2497 4113 quis
2512 4042 2810 4113 presbyter
2829 4043 3224 4102 autdiaconus
3241 4044 3655 4103 collectaneam

212 4138 372 4195 licet
399 4151 500 4192 eos
531 4140 664 4207 post
704 4150 918 4190 manus
950 4132 1386 4204 impositionem
1431 4130 1712 4203 innuptos
1742 4147 1892 4199 esse,
2009 4149 2180 4188 suam
2240 4130 2541 4186 occasione
2599 4129 2897 4203 religionis
2953 4134 3280 4205 projecerit,
3311 4138 3657 4208 ‘separetur;

213 4244 341 4284 nec
375 4225 619 4297 insuper
647 4224 717 4279 ad
749 4222 984 4294 nuptias
1016 4221 1120 4292 ire,
1170 4225 1271 4275 aut
1303 4221 1351 4275 si
1395 4219 1722 4291 nupserint,
1755 4219 1896 4275 alte-
2009 4236 2385 4293 perseverans
2417 4223 2611 4273 autem
2642 4219 2987 4292 deponatur.
3021 4244 3049 4271 ››

212 4306 327 4371 ras
354 4312 653 4385 amplecti,
669 4311 768 4367 sed
789 4311 1057 4366 sufficere
1075 4325 1225 4381 quas
1237 4308 1455 4363 habent
1473 4324 1607 4362 cum
1636 4308 1707 4362 ad
1739 4308 1897 4363 ordi-
2078 4308 2245 4364 XVll.
2274 4308 2433 4363 Unde
2454 4306 2635 4379 igitur
2655 4308 2819 4365 vobis
2844 4314 2900 4366 et
2922 4327 2990 4367 ex
3006 4312 3222 4384 quibus
3244 4312 3335 4367 ha
3349 4312 3660 4369 horribiles

212 4402 539 4461 nationem
560 4404 862 4457 venerunt.
887 4421 915 4450 »
936 4401 994 4454 In
1019 4398 1222 4469 quinto
1247 4400 1581 4475 sanctorum
1606 4413 1896 4452 canonum
2009 4398 2335 4453 inﬁrmates
2385 4402 2867 4467 supervenerunt,
2909 4415 2941 4454 0
2970 4399 3077 4453 viri
3126 4400 3522 4455 Romanorum
3568 4416 3661 4455 sa-

209 4493 305 4548 ita
332 4491 500 4546 fatur
528 4490 587 4545 in
618 4493 654 4543 2
684 4505 810 4561 cap.
849 4504 862 4540 :
904 4511 929 4539 ‹‹
962 4487 1285 4559 Episcopus
1318 4488 1421 4540 aut
1452 4484 1754 4557 presbyter
1799 4490 1901 4540 aut
2009 4485 2435 4559 pientissimiet
2459 4485 2721 4541 omnium
2740 4485 2985 4541 aliarum
3002 4487 3263 4560 gentium
3284 4486 3666 4543 nobilissimi?

209 4582 522 4639 diaconus
554 4595 795 4634 uxorem
820 4593 989 4633 suam
1012 4593 1129 4632 non
1148 4573 1386 4645 abjiciat
1409 4573 1649 4628 obtentu
1674 4573 1901 4646 religio-
1935 4598 1981 4663 D
2012 4574 2259 4630 Estimo
2283 4574 2436 4663 quod
2461 4574 2702 4645 quidam
2726 4590 2791 4663 ex
2822 4575 3035 4630 Judais
3065 4575 3123 4629 in
3151 4579 3414 4647 tempore
3435 4580 3664 4648 aposto-

211 4672 323 4727 nis
356 4688 371 4736 ;
407 4668 460 4723 si
492 4672 687 4723 autem
720 4665 1017 4738 abjecerit,
1053 4666 1474 4735 sequestretur.
1518 4662 1902 4718 Pcrseverans
1936 4660 1969 4663 ⁷
2014 4663 2205 4719 lorum
2238 4662 2559 4726 credentes,
2593 4678 2742 4716 vana
2772 4660 2934 4716 lucra
2964 4662 3264 4733 cupientes
3303 4667 3359 4719 et
3389 4664 3663 4735 pecunia-

212 4764 441 4817 autem
475 4757 821 4828 deponatur.
858 4777 886 4804 ››
920 4758 984 4808 In
1008 4751 1463 4825 quadragesimo
1494 4767 1629 4805 vero
1661 4768 1903 4817 canene,
2018 4768 2146 4807 rum
2179 4755 2470 4806 amatores
2493 4748 2726 4820 reperti,
2750 4748 3006 4805 volentes
3028 4750 3248 4807 multos
3278 4751 3540 4808 ﬁdelium
3572 4754 3669 4809 ab-

208 4845 522 4920 inquiunt
552 4844 746 4918 palam
779 4862 791 4899 :
832 4863 853 4891 ι
888 4842 1139 4914 Propria
1171 4840 1426 4912 episcopi
1463 4856 1574 4894 res.
1612 4862 1639 4888 ››
1676 4840 1740 4894 Et
1771 4845 1905 4911 post
2017 4840 2277 4895 strahere
2300 4857 2367 4894 ex
2385 4836 2870 4907 Evangelico,hoc
2893 4840 3667 4913 est,exﬁdeipradicatione,

213 4952 429 5010 pauca
465 4953 479 4989 :
517 4956 544 4983 ‹‹
575 4935 655 4989 Ne
678 4931 981 4989 occasione
1010 4928 1539 4986 ecclesiasticarum
1575 4944 1767 4983 rerum
1800 4945 1901 4983 ca-
2018 4929 2309 5000 corruptis
2330 4928 2469 4981 dum
2488 4924 2891 4996 pradixissent
2910 4927 3012 4994 eis,
3038 4928 3095 4982 in
3118 4928 3227 4984 hoc
3250 4934 3306 4985 et
3325 4929 3669 4987 Christiani-

208 5026 376 5082 dere
427 5021 770 5094 episcopum
808 5021 881 5076 ab
911 5020 995 5076 eis
1027 5036 1153 5090 qua
1185 5021 1327 5073 sunt
1367 5017 1646 5090 episcOpi,
1680 5017 1739 5072 in
1772 5034 1900 5071 mu-
2014 5022 2104 5072 tas
2135 5021 2192 5072 et
2218 5016 2563 5071 Judaismus
2585 5016 2859 5085 corrupta
2883 5019 3042 5071 sunt.
3070 5016 3149 5072 De
3175 5017 3392 5089 quibus
3411 5017 3669 5072 Joannes

209 5115 442 5170 liorem
475 5116 532 5167 et
561 5127 774 5182 pueros
798 5114 855 5164 et
883 5108 1266 5181 propinquos,
1301 5123 1373 5161 ne
1406 5122 1505 5177 per
1537 5105 1900 5161 occasionem
2016 5107 2173 5160 fatus
2198 5110 2318 5160 est:
2346 5126 2373 5153 ‹‹
2405 5103 2487 5158 Ex
2517 5101 2688 5156 nobis
2716 5102 3002 5170 exierunt,
3025 5106 3125 5161 sed
3149 5122 3265 5161 non
3288 5108 3455 5161 erant
3480 5121 3548 5159 ex
3565 5121 3666 5159 no-

204 5217 464 5266 eorum,
489 5215 704 5270 eaqua
724 5196 997 5253 Ecclesia
1021 5199 1160 5250 sunt
1176 5193 1499 5249 subtrahat.
1520 5214 1547 5244 »
1569 5194 1637 5247 Et
1662 5193 1898 5250 deinde:
2016 5194 2125 5249 bis.
2160 5193 2217 5247 Si
2241 5192 2395 5247 enim
2420 5191 2673 5245 fuissent
2692 5205 2761 5245 ex
2781 5191 3440 5264 nobis,permansissent
3468 5191 3673 5263 utique

205 5314 239 5341 ‹‹
292 5288 615 5361 Siquidem
659 5292 798 5343 sunt
829 5286 929 5358 qui
965 5283 1312 5357 prohibeant
1352 5282 1681 5338 sacerdotes
1714 5282 1901 5355 legiti-
2018 5282 2329 5339 nobiscum
2361 5280 2405 5351 (ι
2427 5281 2583 5336 Joan.
2620 5296 2679 5345 11,
2713 5280 2825 5351 49),
2858 5301 2886 5331 ››
2920 5282 2992 5335 de
3031 5281 3125 5336 his
3156 5280 3257 5351 qui
3303 5278 3457 5335 circa
3488 5279 3673 5337 Simo-

205 5379 347 5436 mis
370 5370 1904 5448 conjugibus.»Nonitaverticesapostolorumexpo-
2017 5387 2149 5427 nem
2190 5373 2246 5425 et
2293 5369 2536 5434 Deman,
2599 5367 3025 5439 Nicolaumque
3074 5372 3130 5423 et
3176 5366 3476 5423 Cleobium
3533 5369 3672 5424 sub-

202 5471 487 5525 suerunt
516 5463 947 5520 ecclesiasticos
970 5476 1244 5517 canones.
1280 5458 1337 5515 Si
1371 5464 1569 5515 autem
1593 5461 1738 5516 dicis
1771 5479 1900 5516 mu-
2019 5459 2281 5515 texendo.
2313 5456 2543 5527 Reliqui
2571 5461 2765 5511 autem
2797 5457 3082 5511 verticum
3134 5456 3193 5512 in
3231 5457 3482 5529 septimo
3525 5456 3673 5514 libro

200 5557 438 5614 lierem
482 5538 807 5610 Ecclesiam
857 5551 1075 5608 dixisse
1107 5548 1424 5623 apostolos,
1476 5553 1617 5605 tunc
1646 5550 1902 5607 inﬁdelis
2012 5548 2453 5605 institutionum
2478 5546 2649 5616 juxta
2698 5550 2927 5601 sextum
2971 5545 3267 5602 decimum
3299 5550 3475 5619 caput
3504 5546 3675 5620 liqui-

209 5641 555 5718 apparebit
584 5657 773 5699 sermo
786 5646 925 5699 tuus
949 5644 1006 5696 et
1024 5654 1269 5706 vacuus,
1303 5653 1437 5693 cum
1460 5638 1646 5693 sacris
1670 5640 1903 5695 canoni-
2013 5638 2146 5695 dius
2168 5636 2438 5693 dixerunt
2476 5652 2486 5689 :
2521 5658 2548 5683 ‹‹
2585 5634 2818 5691 Scimus
2842 5634 3021 5708 enim,
3054 5634 3248 5708 inquit
3284 5635 3426 5707 quia
3454 5634 3513 5690 hi
3545 5634 3670 5707 qui,
