4086 6168
399 288 520 386 9.8.3

1412 289 1901 360 HUMBEBTUS.
1945 289 2011 356 S.
2048 289 2132 360 KR.
2179 287 2253 356 Ε.
2297 287 2799 354 CARDINALIS.

399 425 555 484 circa
583 423 878 502 Simonem
910 428 966 481 et
992 423 1292 481 Cleobium
1323 429 1379 494 et
1405 425 1640 491 Judam,
1684 422 2046 495 conscripse-
2077 423 2133 490 Α
2161 437 2317 477 nunc
2347 423 2504 494 quod
2525 421 2782 494 primum
2799 422 2885 478 est
2903 435 3128 490 eorum,
3151 416 3397 500 exomni
3423 435 3464 486 _a
3489 417 3606 480 Deo
3624 417 3808 494 inspi-

399 519 538 574 runt
561 515 742 571 libros
771 514 829 569 in
861 514 1098 570 nomine
1119 514 1332 570 Christi
1363 518 1419 570 et
1435 511 1860 586 discipulorum
1888 513 2040 582 ejus,

397 589 818 679 circumferunt
837 604 907 659 ad
931 604 1328 659 seductionem
1345 607 1622 670 vestram,
1637 605 1693 656 et
1713 617 1913 656 eorum
1937 601 2038 672 qui

400 693 654 764 diligunt
692 692 1010 759 Christum,
1053 696 1110 748 et
1152 709 1258 746 nos
1307 708 1502 747 servos
1557 690 1765 762 ipsius.
1820 711 1847 741 »
1890 690 1959 744 Et
1986 689 2044 743 in

398 782 692 838 veteribus
724 781 963 853 quidam
986 780 1461 852 conscripserunt
1483 779 1659 835 libros
1685 779 2047 851 apocryphos

403 872 588 942 Moysi
628 875 686 927 et
715 870 911 926 Enoch
944 873 1000 924 et
1029 871 1237 936 Adam,
1271 869 1428 925 Isaize
1460 873 1516 924 et
1559 869 1762 937 David,
1806 873 1862 924 et
1894 868 2071 955 Elige“

401 967 460 1019 et
495 961 676 1017 trium
701 958 1188 1036 patriarcharum,
1223 959 1622 1031 corruptiones
1653 960 1931 1014 facientes
1965 963 2048 1012 at-

400 1069 512 1126 que
540 1048 801 1106 veritatis
830 1048 1101 1105 inimicos
1128 1049 1328 1105 libros.
1357 1051 1464 1104 Sed
1498 1055 1553 1105 et
1577 1050 1821 1105 Paulum
1859 1049 2046 1102 Domi-

401 1141 460 1197 ni
492 1137 823 1213 apostolum
866 1139 987 1196 hzec
1017 1140 1423 1212 prescientem,
1470 1143 1534 1193 ut
1571 1139 1818 1206 aestimo,
1858 1139 1941 1193 sic
1976 1139 2045 1192 ad

396 1247 500 1288 vos
517 1228 851 1287 ascendisse
868 1228 1211 1299 hujusmodi
1233 1229 1590 1294 seductores,
1615 1227 1814 1282 dolum
1848 1231 2014 1282 texen
2028 1257 2051 1269 -

398 1325 487 1377 tes
510 1320 697 1376 vobis.
720 1317 1193 1389 Philippensibus
1215 1316 1453 1372 scribit:
1481 1339 1508 1364 ‹‹
1541 1315 1729 1370 videte
1745 1331 1941 1382 canes,
1964 1315 2049 1369 vi-

397 1409 526 1465 dete
557 1406 744 1462 malos
761 1406 1076 1477 operarios,
1098 1405 1286 1462 videte
1317 1404 1738 1460 abscissionem
1770 1405 2040 1476 (Philipp.

398 1513 482 1563 III,
511 1496 588 1566 2).
616 1517 643 1542 »
675 1495 742 1548 Et
769 1492 1070 1550 Timotheo
1093 1493 1303 1548 iterum
1338 1511 1350 1548 :
1377 1518 1403 1542 ‹‹
1439 1495 1499 1548 In
1525 1493 1755 1550 ulrimis
1777 1493 2050 1565 tempori-

395 1585 508 1640 bus
538 1582 840 1656 discedent
857 1581 1146 1652 quidama
1166 1581 1301 1650 fide,
1324 1584 1688 1638 attendentes
1741 1581 2048 1654 spiritibus

397 1675 454 1728 et
483 1670 764 1728 doctrinis
808 1671 1163 1739 daemonum,
1205 1670 1264 1725 in
1323 1670 1615 1743 hypocrisi
1671 1671 2048 1742 loquentium

397 1760 725 1827 mendacia,
759 1763 815 1816 et
842 1759 1239 1815 incedentium
1269 1759 1505 1832 propria
1534 1759 1916 1825 conscientia,
1949 1758 2055 1814 im-

397 1848 760 1922 pedientium
789 1849 1029 1916 nubere,
1062 1853 1118 1903 et
1148 1848 1441 1904 abstinere
1472 1866 1506 1904 a
1535 1848 1682 1903 cibis
1714 1865 1860 1921 quos
1893 1847 2052 1904 Deus

399 1937 616 2014 creavit
656 1939 705 2010 (Ι
744 1937 878 1993 Tim.
913 1955 988 2005 ιν,
1020 1937 1162 2006 4-3).
1199 1961 1226 1986 »
1278 1939 1348 1993 Et
1377 1953 1445 1992 ea
1474 1954 1600 2009 quae
1653 1937 1879 1993 exinde.
1920 1938 2055 1992 Pro-

400 2032 533 2102 pter
563 2029 718 2100 quod
749 2031 806 2083 et
835 2027 964 2102 Tito
994 2027 1268 2101 praecepit
1295 2043 1309 2082 :
1343 2032 1537 2099 Argue
1567 2027 1915 2099 cos,inquit,
1947 2027 2052 2082 du-

399 2118 558 2185 riter,
591 2121 657 2172 ut
685 2116 811 2173 sani
843 2116 962 2172 sint
992 2117 1051 2171 in
1083 2117 1216 2184 ﬁde,
1250 2133 1365 2173 non
1398 2117 1763 2172 attendentes
1779 2117 1811 2172 J
1820 2115 2046 2172 udaicis

401 2205 638 2271 fabulis,
671 2209 729 2262 et
749 2204 1054 2278 praeceptis
1079 2204 1386 2260 hominum
1410 2205 1872 2262 subvertentium
1903 2204 2052 2260 veri-

400 2298 582 2352 tatem
611 2295 737 2365 (Tit.
763 2311 802 2359 Ι,
838 2293 1001 2364 14).»

471 2381 666 2437 XVIII.
716 2381 1106 2450 Quamobrem
1137 2379 1584 2452 diligentissime
1632 2381 2051 2452 inquisivimus

402 2472 474 2528 de
502 2473 706 2540 czetero
731 2468 887 2525 circa
917 2469 1058 2536 haec,
1086 2486 1118 2525 ο
1150 2469 1380 2536 fratres,
1412 2486 1483 2524 ne
1512 2469 1827 2540 aliquando
1858 2486 1927 2525 ex
1958 2469 2051 2525 his

404 2577 530 2634 quas
562 2558 718 2616 dicta
746 2562 888 2615 sunt
917 2561 974 2614 et
1005 2559 1318 2630 redarguta
1347 2556 1509 2614 vobis
1543 2558 1868 2626 mendacia,
1922 2557 2051 2613 dico

403 2666 562 2708 nunc
591 2665 813 2723 azyma,
838 2646 1488 2719 Sabbatorumjejunia,
1523 2647 1758 2720 nuptias
1785 2647 2055 2704 sacerdo-

404 2743 532 2798 tum
563 2744 620 2797 et
640 2739 699 2796 in
716 2737 960 2812 jejuniis
979 2736 1300 2794 oblationes
1322 2735 1646 2810 accipiatis,
1667 2737 1769 2792 sed
1800 2736 2052 2794 scientes

2155 516 2281 568 rata
2300 513 2602 584 Scriptura
2625 530 2638 580 ;
2671 512 2853 586 fugite
2874 529 3000 584 quae
3021 509 3364 584 hujusmodi
3392 513 3531 566 sunt
3551 509 3809 580 actitare,

2161 618 2294 657 cum
2326 601 2456 657 sitis
2489 600 2744 656 Ecclesia
2773 600 2872 657 Dei
2896 605 2953 657 et
2967 601 3150 657 totius
3179 599 3336 661 orbis
3365 616 3599 671 semper
3628 599 3811 672 splen-

2154 688 2328 746 didus
2361 690 2588 756 oculus,
2622 694 2687 746 ut
2719 690 2868 745 uniti
2902 690 3070 746 nobis
3115 688 3330 746 vestris
3371 687 3804 756 confratribus:

2156 796 2304 850 quos
2335 795 2438 852 per
2459 780 2586 850 jam
2619 779 2772 835 dicta
2789 779 3067 848 scidistis,
3101 795 3237 835 cum
3257 777 3388 836 sitis
3412 794 3629 851 corpus
3660 776 3810 833 Chri-

2157 869 2265 935 sti;
2317 868 2567 924 revelata
2611 867 2755 923 facie
2786 866 3034 940 gloriam
3084 867 3316 923 Domini
3358 866 3419 922 in
3450 869 3737 922 concentu
3762 870 3815 922 et

2158 957 2380 1012 unitate
2413 974 2546 1012 cum
2578 956 2898 1012 orthodoxa
2916 957 3028 1013 fide
3045 955 3556 1030 conspeculemur,
3582 959 3640 1011 et
3671 955 3810 1012 ima-

2156 1048 2352 1121 ginem
2382 1046 2510 1118 ejus
2541 1046 3032 1103 transformemus
3061 1046 3121 1102 in
3153 1045 3350 1114 nobis,
3383 1045 3516 1100 viva
3547 1045 3810 1102 demons-

2157 1134 2429 1200 tratione,
2460 1139 2515 1190 et
2547 1133 2734 1206 ipsius
2762 1134 2833 1190 ad
2865 1133 3113 1208 gloriam
3137 1135 3585 1207 sempiternam,
3609 1131 3756 1190 sicut
3781 1150 3810 1187 a

2157 1223 2390 1280 Domini
2423 1223 2656 1295 spiritu,
2681 1224 2960 1296 quoniam
2990 1223 3114 1296 ipse
3146 1228 3235 1280 est
3265 1227 3443 1295 caput
3474 1226 3689 1279 nostra;
3720 1222 3808 1277 Ec-

2158 1313 2350 1370 clesia:
2381 1313 2641 1384 corporis
2667 1331 2679 1380 ;
2711 1317 2768 1368 et
2790 1313 2847 1368 in
2877 1328 2942 1369 eo
2977 1312 3127 1368 sicut
3154 1313 3212 1368 in
3247 1329 3363 1368 uno
3395 1328 3663 1385 corpore,
3694 1328 3804 1368 om-

2160 1418 2263 1458 nes
2294 1419 2400 1456 nos
2433 1401 2872 1473 conjungimur.

2231 1490 2374 1545 ΧΙΧ.
2409 1489 2538 1544 Haec
2565 1489 2729 1544 vobis
2762 1489 3063 1545 Romanis.
3100 1490 3158 1545 Si
3193 1504 3328 1562 ergo
3360 1487 3666 1564 possimus
3694 1505 3803 1556 vos,

2160 1595 2295 1634 cum
2327 1579 2456 1635 sitis
2475 1579 2764 1646 homines,
2789 1579 2860 1634 ad
2885 1577 3290 1635 credulitatem
3313 1577 3624 1635 nobiscum
3641 1579 3804 1636 redu-

2161 1684 2288 1725 cere
2320 1684 2421 1742 per
2449 1685 2515 1724 ea
2537 1685 2664 1739 quae
2690 1667 2970 1736 diximus,
3004 1673 3060 1724 et
3092 1668 3350 1724 docendo
3382 1683 3492 1722 vox
3519 1683 3592 1724 ex
3620 1666 3805 1734 divina

2162 1757 2464 1830 Scriptura
2493 1759 2828 1830 arguimus;
2851 1758 3044 1830 gratia
3064 1755 3188 1825 Dei,
3219 1761 3276 1812 et
3299 1757 3465 1812 vobis
3495 1756 3804 1814 scientibus

2159 1847 2307 1904 bene
2338 1846 2580 1918 Spiritui
2606 1850 2808 1903 sancto
2843 1847 3098 1914 credere,
3131 1850 3188 1901 et
3217 1846 3494 1918 prosequi
3523 1843 3794 1909 rationem

2157 1937 2282 2008 jam
2313 1936 2530 1991 dictam
2550 1953 2618 1990 ex
2637 1935 2978 2008 Scripturis.
3000 1935 3060 1991 Si
3082 1950 3216 1990 vero
3240 1934 3411 1990 aliter
3428 1934 3643 2000 tenetis,
3666 1934 3794 1994 date

2165 2024 2332 2082 nobis
2363 2024 2698 2082 testimonia
2725 2041 2794 2080 ex
2826 2023 3025 2081 divina
3053 2023 3357 2097 Scriptura
3387 2022 3754 2088 consistentia
3781 2039 3797 2077 ι

2163 2115 2222 2170 in
2256 2115 2472 2186 quibus
2501 2112 2627 2170 volo
2657 2113 2969 2170 benevolos
3001 2130 3103 2169 vos
3135 2129 3288 2182 esse,
3330 2117 3397 2169 ut
3440 2107 3614 2185 super
3643 2111 3806 2172 sedes

2161 2202 2558 2275 intelligentiae
2612 2201 3015 2274 requiescatis,
3049 2206 3107 2258 et
3137 2219 3265 2271 nos,
3298 2201 3552 2258 scientes
3584 2199 3808 2257 obedire

2162 2291 2541 2348 inenarrabili
2572 2292 2782 2348 rationi
2815 2291 3079 2364 spiritus,
3113 2291 3321 2348 docere
3345 2290 3548 2346 omnia
3575 2305 3702 2364 quae
3740 2289 3807 2346 ad

2162 2399 2264 2437 vos
2297 2381 2666 2453 scripsimus.
2690 2380 3030 2437 Salutamus
3061 2397 3163 2437 vos
3195 2380 3254 2435 in
3286 2379 3515 2438 Christo
3535 2383 3677 2438 Jesu
3709 2379 3809 2440 Do-

2165 2470 2324 2526 mino
2357 2474 2577 2540 nostro,
2610 2469 2704 2526 cui
2733 2474 2823 2527 est
2842 2470 3029 2543 gloria
3057 2475 3115 2526 et
3143 2469 3424 2544 potentia,
3456 2485 3593 2533 cum
3624 2470 3803 2526 Patre.

2164 2563 2221 2614 et
2243 2557 2464 2630 Spiritu
2489 2562 2875 2626 sancto,nunc
2897 2563 2954 2615 et
2975 2563 3290 2630 semper,et
3311 2557 3372 2614 in
3394 2556 3611 2616 saecula
3633 2573 3807 2615 saecu-

2172 2647 2386 2703 lorum.
2419 2648 2625 2704 Amen.

815 2891 985 2952 Finis
1015 2890 1204 2952 libelli
1228 2889 1474 2968 Nicetae,
1502 2889 1846 2972 presbyteri
1873 2899 1926 2950 et
1958 2888 2236 2952 monachi
2257 2889 2606 2951 monasterii
2628 2887 2856 2964 Studii,
2891 2899 3098 2952 contra
3127 2890 3392 2952 Latinos.

418 3069 2974 3101 Μ

2977 3063 3817 3099 εΣ--Ξ--εε-τ

1977 3231 2268 3293 INCIPIT

961 3392 1735 3488 BESPONSIO
1835 3391 2147 3486 SIVE
2247 3391 3335 3504 CONTRADICTIO_

1675 3573 1752 3632 IN
1795 3571 2134 3634 EUMDEM
2177 3572 2574 3635 LIBELLUM

1146 3751 1255 3850 Δ
1337 3747 2028 3852 FRATRI:
2114 3747 3096 3874 HUMBBRTQ

1615 3942 1951 4000 EPISCOPO
1991 3943 2221 4000 SILVIE
2260 3943 2610 4001 CANDIDZE.

1912 4107 2334 4120 “—

487 4227 529 4282 Ι.
585 4226 646 4282 Si
693 4226 970 4301 diligente
1027 4233 1240 4285 sanctae
1309 4231 1796 4288 Chalcedonensis
1854 4234 2060 4307 synodi
2093 4236 2134 4302 C
2169 4233 2696 4304 leonis,etmurum
2717 4234 3160 4290 adamantinum
3187 4235 3817 4309 frangeretentastilln

413 4319 690 4388 quartum
721 4316 1185 4374 considerassses
1217 4321 1411 4390 caput,
1435 4320 1628 4390 quiete
1659 4321 1984 4378 monastica
2009 4327 2066 4378 et

403 4404 650 4478 jejuniis
667 4409 842 4478 atque
859 4405 1221 4463 orationibus
1240 4407 1298 4462 in
1323 4409 1678 4464 monasterio
1703 4414 1803 4465 tuo
1827 4414 2064 4466 conten-

409 4499 906 4568 tus,nequaquam
922 4495 1331 4552 ecclesiasticis
1348 4497 1522 4554 rebus
1537 4499 2064 4567 communicasses,

415 4601 524 4642 nec
551 4584 1058 4657 importunitatem
1082 4585 1408 4642 intulisses.
1435 4589 1796 4660 Quapropter
1827 4605 2063 4643 sexcen-

410 4677 606 4731 torum
638 4674 880 4747 triginta
905 4675 1143 4730 Patrum
1171 4675 1443 4731 concordi
1475 4677 1706 4731 decreto
1739 4693 1773 4732 a
1804 4693 2062 4732 commu-

411 4762 586 4819 nione
615 4779 677 4819 es
705 4781 1051 4835 suspensus,
1083 4781 1154 4820 ne
1186 4781 1288 4837 per
1311 4770 1366 4819 te
1402 4781 1612 4820 nomen
1646 4764 1872 4820 Domini
1904 4764 2059 4821 blas-

409 4850 742 4924 phematur.
760 4852 933 4907 Decet
952 4854 1111 4908 enim
1131 4870 1612 4926 unamquamque
1634 4853 2058 4926 professionem

411 4955 474 4996 se
495 4938 606 4994 sub
637 4955 916 4996 mensura
945 4942 1036 4996 sui
1067 4941 1306 4998 habitus
1337 4948 1394 4998 et
1414 4945 1633 5014 gradus
1665 4941 1955 5008 cohibere,
1989 4961 2061 4998 ne

409 5027 720 5085 conturbet
775 5029 1152 5086 ecclesiastici
1203 5033 1494 5104 dogmatis
1535 5031 1799 5086 ordinem
1848 5033 2058 5097 totum,

409 5119 573 5186 dum,
619 5135 734 5174 non
786 5135 891 5174 suo
921 5123 1228 5176 contentus
1257 5120 1796 5193 0fﬁcio,praeripere
1855 5119 2063 5192 quierit

408 5209 687 5266 alienum.
721 5209 830 5264 Sed
861 5225 941 5265 vos
965 5209 1094 5278 tibi,
1115 5210 1434 5276 Sarabaila,
1470 5210 1569 5282 qui
1610 5207 1774 5264 nulla
1803 5211 2058 5264 cmnobi-

409 5298 510 5354 tali
533 5296 898 5354 examinatus
921 5298 1252 5371 disciplina,
1267 5299 1565 5355 voluntate
1579 5304 1751 5370 atque
1763 5297 2059 5371 voluptate

409 5387 622 5444 duotus
671 5387 924 5458 propria,
971 5395 1175 5445 contra
1228 5392 1490 5445 sanctam
1531 5391 1588 5442 et
1627 5387 1951 5442 Romanam
2004 5394 2060 5443 et

409 5473 1112 5549 apostolicamEcclesiam
1127 5482 1183 5534 et
1194 5495 1285 5534 om
1296 5478 1460 5532 nium
1473 5479 1744 5530 sanctoru
1755 5481 2055 5532 mPatrum

408 5563 655 5625 concilia
685 5563 1041 5626 horribiliter
1063 5568 1312 5637 latrasti,
1334 5564 1566 5624 stultior
1588 5565 1773 5637 asino,
1804 5567 2054 5625 frontem

2177 4341 2290 4395 quo
2322 4323 2525 4394 utique
2555 4326 2787 4391 conatu,
2809 4341 2924 4378 non
2956 4339 3018 4380 es
3036 4325 3218 4380 victor
3247 4326 3482 4394 erroris,
3513 4327 3615 4383 sed
3637 4327 3816 4398 victus

2175 4429 2370 4468 errore
2395 4430 2406 4480 ;
2434 4428 2541 4467 nec
2569 4411 2884 4484 presbyter,
2917 4413 3016 4468 sed
3050 4413 3404 4476 inveteratus
3435 4415 3666 4472 dierum
3699 4433 3816 4471 ma.

2173 4500 2385 4568 lorum,
2419 4505 2475 4555 et
2492 4517 2636 4572 puer
2655 4503 2891 4555 centum
2912 4517 3201 4556 annorum
3217 4502 3600 4572 maledictus;
3633 4505 3816 4578 potius

2173 4589 2456 4645 dicendus
2479 4589 2974 4662 Epicurus,quam
2991 4590 3336 4648 monachus.
3362 4592 3476 4662 Nec
3497 4593 3814 4660 credendus

2172 4695 2234 4734 es
2263 4679 2471 4750 degere
2494 4678 2551 4731 in
2572 4678 2924 4734 monasterio
2948 4679 3151 4748 studii,
3175 4681 3276 4736 sed
3308 4680 3366 4735 in
3394 4671 3811 4756 amphitheatro

2172 4771 2274 4823 aut
2296 4767 2587 4839 lupanari.
2618 4766 2725 4834 Qui
2745 4767 2921 4823 etiam
2951 4783 3083 4824 vere
3100 4769 3548 4844 przenominaris
3575 4779 3807 4843 pectora-

2170 4863 2282 4923 t-us,
2316 4855 2594 4928 quoniam
2628 4872 2762 4911 cum
2803 4861 3072 4929 serpente
3103 4856 3344 4931 antiquo
3393 4875 3574 4932 super
3616 4864 3805 4934 pectus

2171 4951 2337 5002 tuum
2372 4943 2654 5017 graderis.
2686 4945 2870 5012 Quod,
2905 4945 3316 5019 sicutquidam
3350 4935 3589 5005 Patrum
3623 4941 3761 5010 dixit
3789 4961 3802 5000 :

2172 5058 2197 5082 «
2252 5034 2594 5105 Quicunque
2637 5032 2776 5102 vult,
2822 5033 3003 5089 intrat
3048 5040 3104 5090 et
3147 5035 3318 5092 solvit
3359 5037 3593 5094 asinum
3628 5056 3642 5095 :
3674 5058 3698 5088 ››
3745 5051 3808 5092 ex

2171 5122 2532 5178 abundantia
2561 5121 2716 5176 enim
2735 5121 2929 5178 cordis
2961 5140 3025 5179 os
3054 5122 3320 5196 loquitur
3341 5125 3553 5198 (Matth.
3576 5143 3674 5194 xu,
3704 5125 3806 5191 3t).

2168 5212 2388 5268 Deinde
2419 5209 2818 5266 detestabilior
2839 5213 2999 5267 omni
3029 5214 3329 5283 veneficio,
3349 5213 3508 5272 labia
3539 5212 3806 5272 mortiferi

2168 5299 2364 5373 poculi
2394 5298 2566 5355 melle
2597 5297 2902 5356 charitatis
2952 5305 3007 5356 et
3038 5301 3188 5358 bono
3243 5304 3421 5360 odore
3464 5302 3804 5362 humilitatis

2166 5389 2459 5456 imbuens,
2492 5405 2559 5444 ex
2592 5388 2885 5460 praedictis
2929 5389 3245 5448 virtutibus
3289 5392 3628 5451 delectabile
3656 5390 3803 5449 exhi-

2166 5477 2347 5534 buisti
2380 5477 2714 5549 prmmium,
2747 5482 2812 5536 ut
2841 5484 3194 5554 prtegustata
3222 5481 3470 5540 dulcedo
3495 5484 3697 5542 faceret
3721 5480 3802 5534 in-

2165 5571 2508 5625 cunctanter
2553 5568 2854 5625 absorberi
2907 5569 2982 5626 fel
3031 5571 3352 5630 draconum
3409 5577 3469 5632 et
3523 5572 3796 5652 reliquum
