  <div class='ocr_page' id='page_1' title='image "/cluster/home/n/w/nwhite01/storage/ocr_20150623/143/hvd.32044054760038/500.png"; bbox 0 0 4090 6176; ppageno 0'>
   <div class='ocr_carea' id='block_1_1' title="bbox 238 334 372 424">
    <p class='ocr_par' dir='ltr' id='par_1_1' title="bbox 238 334 372 424">
     <span class='ocr_line' id='line_1_1' title="bbox 238 334 372 424; baseline 0 -48"><span class='ocrx_word' id='word_1_1' title='bbox 238 334 372 424; x_wconf 50' lang='grc' dir='ltr'><em>η,</em></span> 
     </span>
    </p>
   </div>
   <div class='ocr_carea' id='block_1_2' title="bbox 1609 331 2339 425">
    <p class='ocr_par' dir='ltr' id='par_1_2' title="bbox 1609 331 2339 425">
     <span class='ocr_line' id='line_1_2' title="bbox 1609 331 2339 425; baseline 0.003 -29"><span class='ocrx_word' id='word_1_2' title='bbox 1609 332 1918 422; x_wconf 58' lang='lat' dir='ltr'>commas</span> <span class='ocrx_word' id='word_1_3' title='bbox 1963 331 2339 425; x_wconf 60' lang='lat' dir='ltr'>suarm.</span> 
     </span>
    </p>
   </div>
   <div class='ocr_carea' id='block_1_3' title="bbox 3539 345 3660 430">
    <p class='ocr_par' dir='ltr' id='par_1_3' title="bbox 3539 345 3660 430">
     <span class='ocr_line' id='line_1_3' title="bbox 3539 345 3660 430; baseline 0 0"><span class='ocrx_word' id='word_1_4' title='bbox 3539 345 3660 430; x_wconf 54' lang='grc' dir='ltr'>κθ</span> 
     </span>
    </p>
   </div>
   <div class='ocr_carea' id='block_1_4' title="bbox 232 461 3662 556">
    <p class='ocr_par' dir='ltr' id='par_1_4' title="bbox 232 461 3662 556">
     <span class='ocr_line' id='line_1_4' title="bbox 232 461 3662 556; baseline 0.006 -35"><span class='ocrx_word' id='word_1_5' title='bbox 232 465 615 556; x_wconf 73' lang='lat' dir='ltr'>veneﬁcium.</span> <span class='ocrx_word' id='word_1_6' title='bbox 659 463 799 556; x_wconf 82' lang='lat' dir='ltr'>Sed</span> <span class='ocrx_word' id='word_1_7' title='bbox 828 463 880 524; x_wconf 91' lang='lat' dir='ltr'>ei</span> <span class='ocrx_word' id='word_1_8' title='bbox 924 463 1044 556; x_wconf 82' lang='lat' dir='ltr'>qui</span> <span class='ocrx_word' id='word_1_9' title='bbox 1079 467 1241 541; x_wconf 91' lang='lat' dir='ltr'>potat</span> <span class='ocrx_word' id='word_1_10' title='bbox 1286 461 1543 524; x_wconf 87' lang='lat' dir='ltr'>amicum</span> <span class='ocrx_word' id='word_1_11' title='bbox 1582 482 1759 524; x_wconf 91' lang='lat' dir='ltr'>suum</span> <span class='ocrx_word' id='word_1_12' title='bbox 1784 483 1893 541; x_wconf 92' lang='lat' dir='ltr'>po-</span> <span class='ocrx_word' id='word_1_13' title='bbox 1923 468 1980 537; x_wconf 80' lang='grc' dir='ltr'><strong>Α</strong></span> <span class='ocrx_word' id='word_1_14' title='bbox 2006 468 2263 527; x_wconf 80' lang='lat' dir='ltr'>tenebris</span> <span class='ocrx_word' id='word_1_15' title='bbox 2296 467 2560 528; x_wconf 81' lang='lat' dir='ltr'>ambulat</span> <span class='ocrx_word' id='word_1_16' title='bbox 2585 470 2639 541; x_wconf 83' lang='lat' dir='ltr'>(I</span> <span class='ocrx_word' id='word_1_17' title='bbox 2671 471 2851 532; x_wconf 78' lang='grc' dir='ltr'>Ιοαη..</span> <span class='ocrx_word' id='word_1_18' title='bbox 2886 490 2948 546; x_wconf 84' lang='lat' dir='ltr'>n,</span> <span class='ocrx_word' id='word_1_19' title='bbox 2995 473 3070 550; x_wconf 88' lang='lat'>9).</span> <span class='ocrx_word' id='word_1_20' title='bbox 3121 473 3226 534; x_wconf 80' lang='lat' dir='ltr'>Hic</span> <span class='ocrx_word' id='word_1_21' title='bbox 3275 477 3445 553; x_wconf 88' lang='lat' dir='ltr'>plane</span> <span class='ocrx_word' id='word_1_22' title='bbox 3474 479 3662 556; x_wconf 82' lang='lat' dir='ltr'>liquet</span> 
     </span>
    </p>
   </div>
   <div class='ocr_carea' id='block_1_5' title="bbox 232 554 1898 634">
    <p class='ocr_par' dir='ltr' id='par_1_5' title="bbox 232 554 1898 634">
     <span class='ocr_line' id='line_1_5' title="bbox 232 554 1898 634; baseline -0.002 -17"><span class='ocrx_word' id='word_1_23' title='bbox 232 558 405 632; x_wconf 85' lang='lat' dir='ltr'>tione</span> <span class='ocrx_word' id='word_1_24' title='bbox 424 555 766 614; x_wconf 85' lang='lat' dir='ltr'>turbulenta</span> <span class='ocrx_word' id='word_1_25' title='bbox 789 554 801 611; x_wconf 85' lang='lat' dir='ltr'>l</span> <span class='ocrx_word' id='word_1_26' title='bbox 827 558 1011 634; x_wconf 87' lang='lat' dir='ltr'>Quam</span> <span class='ocrx_word' id='word_1_27' title='bbox 1032 555 1162 614; x_wconf 91' lang='lat' dir='ltr'>ideo</span> <span class='ocrx_word' id='word_1_28' title='bbox 1205 556 1598 614; x_wconf 80' lang='lat' dir='ltr'>necessariam</span> <span class='ocrx_word' id='word_1_29' title='bbox 1621 557 1898 614; x_wconf 89' lang='lat' dir='ltr'>duximus</span> 
     </span>
    </p>
   </div>
   <div class='ocr_carea' id='block_1_6' title="bbox 230 646 1898 718">
    <p class='ocr_par' dir='ltr' id='par_1_6' title="bbox 230 646 1898 718">
     <span class='ocr_line' id='line_1_6' title="bbox 230 646 1898 718; baseline -0.002 -14"><span class='ocrx_word' id='word_1_30' title='bbox 230 647 539 716; x_wconf 69' lang='lat' dir='ltr'>subtiliori</span> <span class='ocrx_word' id='word_1_31' title='bbox 561 646 744 718; x_wconf 83' lang='lat' dir='ltr'>linteo</span> <span class='ocrx_word' id='word_1_32' title='bbox 762 647 1014 710; x_wconf 85' lang='lat' dir='ltr'>colatum</span> <span class='ocrx_word' id='word_1_33' title='bbox 1035 646 1139 716; x_wconf 90' lang='lat' dir='ltr'>ire,</span> <span class='ocrx_word' id='word_1_34' title='bbox 1173 650 1237 704; x_wconf 89' lang='lat' dir='ltr'>ut</span> <span class='ocrx_word' id='word_1_35' title='bbox 1268 648 1475 704; x_wconf 88' lang='lat' dir='ltr'>modus</span> <span class='ocrx_word' id='word_1_36' title='bbox 1499 646 1898 706; x_wconf 87' lang='lat' dir='ltr'>concinnatic-</span> 
     </span>
    </p>
   </div>
   <div class='ocr_carea' id='block_1_7' title="bbox 227 735 1898 810">
    <p class='ocr_par' dir='ltr' id='par_1_7' title="bbox 227 735 1898 810">
     <span class='ocr_line' id='line_1_7' title="bbox 227 735 1898 810; baseline -0.004 -14"><span class='ocrx_word' id='word_1_37' title='bbox 227 738 332 810; x_wconf 83' lang='lat' dir='ltr'>nis</span> <span class='ocrx_word' id='word_1_38' title='bbox 359 739 512 810; x_wconf 86' lang='lat' dir='ltr'>ejus,</span> <span class='ocrx_word' id='word_1_39' title='bbox 538 740 595 794; x_wconf 84' lang='lat' dir='ltr'>et</span> <span class='ocrx_word' id='word_1_40' title='bbox 612 735 874 808; x_wconf 90' lang='lat' dir='ltr'>potentia</span> <span class='ocrx_word' id='word_1_41' title='bbox 902 735 1271 808; x_wconf 71' lang='lat' dir='ltr'>aliquatenus</span> <span class='ocrx_word' id='word_1_42' title='bbox 1289 736 1478 808; x_wconf 86' lang='lat' dir='ltr'>possit</span> <span class='ocrx_word' id='word_1_43' title='bbox 1519 735 1898 808; x_wconf 85' lang='lat' dir='ltr'>deprehendi,</span> 
     </span>
    </p>
   </div>
   <div class='ocr_carea' id='block_1_8' title="bbox 226 823 1900 899">
    <p class='ocr_par' dir='ltr' id='par_1_8' title="bbox 226 823 1900 899">
     <span class='ocr_line' id='line_1_8' title="bbox 226 823 1900 899; baseline -0.003 -15"><span class='ocrx_word' id='word_1_44' title='bbox 226 831 292 884; x_wconf 91' lang='lat' dir='ltr'>et</span> <span class='ocrx_word' id='word_1_45' title='bbox 324 826 610 899; x_wconf 86' lang='lat' dir='ltr'>deinceps</span> <span class='ocrx_word' id='word_1_46' title='bbox 653 825 866 893; x_wconf 90' lang='lat' dir='ltr'>caveri,</span> <span class='ocrx_word' id='word_1_47' title='bbox 914 826 1015 898; x_wconf 90' lang='lat' dir='ltr'><strong>qui</strong></span> <span class='ocrx_word' id='word_1_48' title='bbox 1055 825 1384 899; x_wconf 85' lang='lat' dir='ltr'>ingreditur</span> <span class='ocrx_word' id='word_1_49' title='bbox 1421 823 1655 894; x_wconf 83' lang='lat' dir='ltr'>blande,</span> <span class='ocrx_word' id='word_1_50' title='bbox 1703 825 1804 881; x_wconf 90' lang='lat' dir='ltr'>sed</span> <span class='ocrx_word' id='word_1_51' title='bbox 1841 824 1900 879; x_wconf 92' lang='lat' dir='ltr'>in</span> 
     </span>
    </p>
   </div>
   <div class='ocr_carea' id='block_1_9' title="bbox 226 913 1900 994">
    <p class='ocr_par' dir='ltr' id='par_1_9' title="bbox 226 913 1900 994">
     <span class='ocr_line' id='line_1_9' title="bbox 226 913 1900 994; baseline -0.002 -21"><span class='ocrx_word' id='word_1_52' title='bbox 226 915 566 994; x_wconf 78' lang='lat' dir='ltr'>novissimo</span> <span class='ocrx_word' id='word_1_53' title='bbox 599 913 890 972; x_wconf 85' lang='lat' dir='ltr'>mordebit</span> <span class='ocrx_word' id='word_1_54' title='bbox 937 919 1002 970; x_wconf 86' lang='lat' dir='ltr'>ut</span> <span class='ocrx_word' id='word_1_55' title='bbox 1049 914 1304 979; x_wconf 89' lang='lat' dir='ltr'>coluber,</span> <span class='ocrx_word' id='word_1_56' title='bbox 1355 917 1411 970; x_wconf 91' lang='lat' dir='ltr'>et</span> <span class='ocrx_word' id='word_1_57' title='bbox 1459 913 1610 970; x_wconf 84' lang='lat' dir='ltr'>sicut</span> <span class='ocrx_word' id='word_1_58' title='bbox 1660 913 1900 986; x_wconf 89' lang='lat' dir='ltr'>regulus</span> 
     </span>
    </p>
   </div>
   <div class='ocr_carea' id='block_1_10' title="bbox 224 1003 805 1080">
    <p class='ocr_par' dir='ltr' id='par_1_10' title="bbox 224 1003 805 1080">
     <span class='ocr_line' id='line_1_10' title="bbox 224 1003 805 1080; baseline -0.007 -17"><span class='ocrx_word' id='word_1_59' title='bbox 224 1022 466 1080; x_wconf 82' lang='lat' dir='ltr'>venena</span> <span class='ocrx_word' id='word_1_60' title='bbox 496 1003 805 1066; x_wconf 76' lang='lat' dir='ltr'>diﬁundet.</span> 
     </span>
    </p>
   </div>
   <div class='ocr_carea' id='block_1_11' title="bbox 299 1091 1898 1166">
    <p class='ocr_par' dir='ltr' id='par_1_11' title="bbox 299 1091 1898 1166">
     <span class='ocr_line' id='line_1_11' title="bbox 299 1091 1898 1166; baseline -0.001 -16"><span class='ocrx_word' id='word_1_61' title='bbox 299 1095 382 1150; x_wconf 90' lang='lat' dir='ltr'>II.</span> <span class='ocrx_word' id='word_1_62' title='bbox 417 1095 565 1152; x_wconf 85' lang='lat' dir='ltr'>Ecce</span> <span class='ocrx_word' id='word_1_63' title='bbox 593 1093 652 1166; x_wconf 86' lang='lat' dir='ltr'>in</span> <span class='ocrx_word' id='word_1_64' title='bbox 683 1093 810 1165; x_wconf 88' lang='lat' dir='ltr'>ipso</span> <span class='ocrx_word' id='word_1_65' title='bbox 841 1091 1121 1150; x_wconf 89' lang='lat' dir='ltr'>livoratus</span> <span class='ocrx_word' id='word_1_66' title='bbox 1168 1093 1255 1148; x_wconf 89' lang='lat' dir='ltr'>tui</span> <span class='ocrx_word' id='word_1_67' title='bbox 1302 1091 1591 1149; x_wconf 87' lang='lat' dir='ltr'>vestibulo</span> <span class='ocrx_word' id='word_1_68' title='bbox 1623 1091 1736 1148; x_wconf 89' lang='lat' dir='ltr'>tria</span> <span class='ocrx_word' id='word_1_69' title='bbox 1765 1109 1898 1165; x_wconf 87' lang='lat' dir='ltr'>pro-</span> 
     </span>
    </p>
   </div>
   <div class='ocr_carea' id='block_1_12' title="bbox 224 1180 1897 1254">
    <p class='ocr_par' dir='ltr' id='par_1_12' title="bbox 224 1180 1897 1254">
     <span class='ocr_line' id='line_1_12' title="bbox 224 1180 1897 1254; baseline -0.001 -16"><span class='ocrx_word' id='word_1_70' title='bbox 224 1181 498 1254; x_wconf 85' lang='lat' dir='ltr'>posuisti</span> <span class='ocrx_word' id='word_1_71' title='bbox 522 1199 535 1236; x_wconf 95' lang='lat'>:</span> <span class='ocrx_word' id='word_1_72' title='bbox 559 1181 629 1236; x_wconf 90' lang='lat' dir='ltr'>de</span> <span class='ocrx_word' id='word_1_73' title='bbox 649 1196 849 1252; x_wconf 78' lang='lat' dir='ltr'>azymo</span> <span class='ocrx_word' id='word_1_74' title='bbox 871 1180 1113 1248; x_wconf 87' lang='lat' dir='ltr'>scilicet,</span> <span class='ocrx_word' id='word_1_75' title='bbox 1135 1181 1206 1236; x_wconf 91' lang='lat' dir='ltr'>de</span> <span class='ocrx_word' id='word_1_76' title='bbox 1240 1181 1491 1238; x_wconf 87' lang='lat' dir='ltr'>Sabbato</span> <span class='ocrx_word' id='word_1_77' title='bbox 1522 1184 1579 1236; x_wconf 92' lang='lat' dir='ltr'>et</span> <span class='ocrx_word' id='word_1_78' title='bbox 1617 1180 1686 1237; x_wconf 91' lang='lat' dir='ltr'>de</span> <span class='ocrx_word' id='word_1_79' title='bbox 1707 1197 1897 1237; x_wconf 86' lang='lat' dir='ltr'>sacer-</span> 
     </span>
    </p>
   </div>
   <div class='ocr_carea' id='block_1_13' title="bbox 222 1258 1899 1344">
    <p class='ocr_par' dir='ltr' id='par_1_13' title="bbox 222 1258 1899 1344">
     <span class='ocr_line' id='line_1_13' title="bbox 222 1258 1899 1344; baseline -0.001 -18"><span class='ocrx_word' id='word_1_80' title='bbox 222 1271 452 1344; x_wconf 78' lang='lat' dir='ltr'>dotum</span> <span class='ocrx_word' id='word_1_81' title='bbox 481 1269 722 1344; x_wconf 82' lang='lat' dir='ltr'>nuptiis.</span> <span class='ocrx_word' id='word_1_82' title='bbox 748 1270 832 1324; x_wconf 90' lang='lat' dir='ltr'>Ex</span> <span class='ocrx_word' id='word_1_83' title='bbox 851 1269 1069 1340; x_wconf 88' lang='lat' dir='ltr'>quibus</span> <span class='ocrx_word' id='word_1_84' title='bbox 1090 1273 1178 1325; x_wconf 87' lang='lat' dir='ltr'>tot</span> <span class='ocrx_word' id='word_1_85' title='bbox 1195 1274 1254 1325; x_wconf 91' lang='lat' dir='ltr'>et</span> <span class='ocrx_word' id='word_1_86' title='bbox 1273 1273 1438 1326; x_wconf 84' lang='lat' dir='ltr'>tanta</span> <span class='ocrx_word' id='word_1_87' title='bbox 1475 1258 1809 1338; x_wconf 86' lang='lat' dir='ltr'>evomuisti,</span> <span class='ocrx_word' id='word_1_88' title='bbox 1835 1274 1899 1325; x_wconf 92' lang='lat' dir='ltr'>ut</span> 
     </span>
    </p>
   </div>
   <div class='ocr_carea' id='block_1_14' title="bbox 222 1357 1898 1431">
    <p class='ocr_par' dir='ltr' id='par_1_14' title="bbox 222 1357 1898 1431">
     <span class='ocr_line' id='line_1_14' title="bbox 222 1357 1898 1431; baseline 0 -17"><span class='ocrx_word' id='word_1_89' title='bbox 222 1360 289 1416; x_wconf 91' lang='lat' dir='ltr'>in</span> <span class='ocrx_word' id='word_1_90' title='bbox 311 1359 707 1431; x_wconf 87' lang='lat' dir='ltr'>pervertendo</span> <span class='ocrx_word' id='word_1_91' title='bbox 729 1357 958 1414; x_wconf 84' lang='lat' dir='ltr'>divinas</span> <span class='ocrx_word' id='word_1_92' title='bbox 979 1359 1298 1430; x_wconf 87' lang='lat' dir='ltr'>sententias</span> <span class='ocrx_word' id='word_1_93' title='bbox 1317 1375 1431 1416; x_wconf 90' lang='lat' dir='ltr'>non</span> <span class='ocrx_word' id='word_1_94' title='bbox 1451 1358 1689 1415; x_wconf 91' lang='lat' dir='ltr'>inferior</span> <span class='ocrx_word' id='word_1_95' title='bbox 1709 1359 1898 1415; x_wconf 81' lang='lat' dir='ltr'>videa-</span> 
     </span>
    </p>
   </div>
   <div class='ocr_carea' id='block_1_15' title="bbox 223 1446 1896 1522">
    <p class='ocr_par' dir='ltr' id='par_1_15' title="bbox 223 1446 1896 1522">
     <span class='ocr_line' id='line_1_15' title="bbox 223 1446 1896 1522; baseline -0.001 -18"><span class='ocrx_word' id='word_1_96' title='bbox 223 1449 312 1521; x_wconf 86' lang='lat' dir='ltr'>ris</span> <span class='ocrx_word' id='word_1_97' title='bbox 333 1446 639 1522; x_wconf 76' lang='lat' dir='ltr'>perversis</span> <span class='ocrx_word' id='word_1_98' title='bbox 658 1451 714 1504; x_wconf 91' lang='lat' dir='ltr'>et</span> <span class='ocrx_word' id='word_1_99' title='bbox 733 1447 983 1504; x_wconf 87' lang='lat' dir='ltr'>rabiosis</span> <span class='ocrx_word' id='word_1_100' title='bbox 1006 1447 1247 1506; x_wconf 81' lang='lat' dir='ltr'>canibus</span> <span class='ocrx_word' id='word_1_101' title='bbox 1265 1448 1296 1503; x_wconf 89' lang='lat' dir='ltr'><strong>J</strong></span> <span class='ocrx_word' id='word_1_102' title='bbox 1307 1448 1502 1504; x_wconf 90' lang='lat' dir='ltr'>uliano</span> <span class='ocrx_word' id='word_1_103' title='bbox 1538 1453 1592 1504; x_wconf 91' lang='lat' dir='ltr'>et</span> <span class='ocrx_word' id='word_1_104' title='bbox 1631 1448 1896 1521; x_wconf 82' lang='lat' dir='ltr'>Porphy-</span> 
     </span>
    </p>
   </div>
   <div class='ocr_carea' id='block_1_16' title="bbox 224 1535 1896 1609">
    <p class='ocr_par' dir='ltr' id='par_1_16' title="bbox 224 1535 1896 1609">
     <span class='ocr_line' id='line_1_16' title="bbox 224 1535 1896 1609; baseline -0.003 -11"><span class='ocrx_word' id='word_1_105' title='bbox 224 1537 338 1608; x_wconf 82' lang='lat' dir='ltr'>rio.</span> <span class='ocrx_word' id='word_1_106' title='bbox 380 1536 647 1609; x_wconf 84' lang='lat' dir='ltr'>Denique</span> <span class='ocrx_word' id='word_1_107' title='bbox 668 1535 847 1592; x_wconf 88' lang='lat' dir='ltr'>divini</span> <span class='ocrx_word' id='word_1_108' title='bbox 867 1535 1084 1608; x_wconf 90' lang='lat' dir='ltr'>eloquii</span> <span class='ocrx_word' id='word_1_109' title='bbox 1113 1536 1333 1594; x_wconf 89' lang='lat' dir='ltr'>scalam</span> <span class='ocrx_word' id='word_1_110' title='bbox 1370 1538 1442 1592; x_wconf 89' lang='lat' dir='ltr'>ad</span> <span class='ocrx_word' id='word_1_111' title='bbox 1487 1537 1660 1594; x_wconf 82' lang='lat' dir='ltr'>caelos</span> <span class='ocrx_word' id='word_1_112' title='bbox 1692 1538 1896 1594; x_wconf 86' lang='lat' dir='ltr'>subre-</span> 
     </span>
    </p>
   </div>
   <div class='ocr_carea' id='block_1_17' title="bbox 224 1613 1896 1700">
    <p class='ocr_par' dir='ltr' id='par_1_17' title="bbox 224 1613 1896 1700">
     <span class='ocr_line' id='line_1_17' title="bbox 224 1613 1896 1700; baseline -0.001 -17"><span class='ocrx_word' id='word_1_113' title='bbox 224 1613 421 1694; x_wconf 72' lang='lat' dir='ltr'>ctam,</span> <span class='ocrx_word' id='word_1_114' title='bbox 455 1629 745 1700; x_wconf 81' lang='lat' dir='ltr'>quantum</span> <span class='ocrx_word' id='word_1_115' title='bbox 775 1625 836 1682; x_wconf 90' lang='lat' dir='ltr'>in</span> <span class='ocrx_word' id='word_1_116' title='bbox 866 1630 922 1682; x_wconf 90' lang='lat' dir='ltr'>te</span> <span class='ocrx_word' id='word_1_117' title='bbox 952 1625 1082 1696; x_wconf 85' lang='lat' dir='ltr'>fuit,</span> <span class='ocrx_word' id='word_1_118' title='bbox 1119 1625 1406 1697; x_wconf 77' lang='lat' dir='ltr'>retorsisti</span> <span class='ocrx_word' id='word_1_119' title='bbox 1437 1627 1509 1682; x_wconf 88' lang='lat' dir='ltr'>ad</span> <span class='ocrx_word' id='word_1_120' title='bbox 1556 1627 1793 1696; x_wconf 86' lang='lat' dir='ltr'>inferos,</span> <span class='ocrx_word' id='word_1_121' title='bbox 1823 1642 1896 1682; x_wconf 91' lang='lat' dir='ltr'>ne</span> 
     </span>
    </p>
   </div>
   <div class='ocr_carea' id='block_1_18' title="bbox 223 1713 1895 1790">
    <p class='ocr_par' dir='ltr' id='par_1_18' title="bbox 223 1713 1895 1790">
     <span class='ocr_line' id='line_1_18' title="bbox 223 1713 1895 1790; baseline -0.002 -17"><span class='ocrx_word' id='word_1_122' title='bbox 223 1732 372 1790; x_wconf 69' lang='lat' dir='ltr'>cum</span> <span class='ocrx_word' id='word_1_123' title='bbox 447 1713 676 1788; x_wconf 80' lang='lat' dir='ltr'>angelis</span> <span class='ocrx_word' id='word_1_124' title='bbox 737 1715 1048 1784; x_wconf 79' lang='lat' dir='ltr'>scanderes</span> <span class='ocrx_word' id='word_1_125' title='bbox 1100 1716 1172 1772; x_wconf 90' lang='lat' dir='ltr'>ad</span> <span class='ocrx_word' id='word_1_126' title='bbox 1218 1714 1554 1783; x_wconf 89' lang='lat' dir='ltr'>catholicos,</span> <span class='ocrx_word' id='word_1_127' title='bbox 1606 1717 1706 1770; x_wconf 89' lang='lat' dir='ltr'>sed</span> <span class='ocrx_word' id='word_1_128' title='bbox 1757 1731 1895 1770; x_wconf 90' lang='lat' dir='ltr'>cum</span> 
     </span>
    </p>
   </div>
   <div class='ocr_carea' id='block_1_19' title="bbox 224 1803 1894 1878">
    <p class='ocr_par' dir='ltr' id='par_1_19' title="bbox 224 1803 1894 1878">
     <span class='ocr_line' id='line_1_19' title="bbox 224 1803 1894 1878; baseline -0.001 -19"><span class='ocrx_word' id='word_1_129' title='bbox 224 1803 530 1878; x_wconf 72' lang='lat' dir='ltr'>apostatis</span> <span class='ocrx_word' id='word_1_130' title='bbox 559 1803 943 1866; x_wconf 84' lang='lat' dir='ltr'>descenderes</span> <span class='ocrx_word' id='word_1_131' title='bbox 973 1805 1043 1870; x_wconf 85' lang='lat' dir='ltr'>ad</span> <span class='ocrx_word' id='word_1_132' title='bbox 1075 1804 1396 1860; x_wconf 64' lang='lat' dir='ltr'>haereticos.</span> <span class='ocrx_word' id='word_1_133' title='bbox 1430 1805 1573 1862; x_wconf 87' lang='lat' dir='ltr'>Inde</span> <span class='ocrx_word' id='word_1_134' title='bbox 1609 1807 1697 1860; x_wconf 91' lang='lat' dir='ltr'>est</span> <span class='ocrx_word' id='word_1_135' title='bbox 1717 1803 1894 1876; x_wconf 90' lang='lat' dir='ltr'>quod,</span> 
     </span>
    </p>
   </div>
   <div class='ocr_carea' id='block_1_20' title="bbox 225 1892 1897 1964">
    <p class='ocr_par' dir='ltr' id='par_1_20' title="bbox 225 1892 1897 1964">
     <span class='ocr_line' id='line_1_20' title="bbox 225 1892 1897 1964; baseline -0.001 -15"><span class='ocrx_word' id='word_1_136' title='bbox 225 1897 459 1950; x_wconf 67' lang='lat' dir='ltr'>sancta</span> <span class='ocrx_word' id='word_1_137' title='bbox 493 1893 768 1949; x_wconf 69' lang='lat' dir='ltr'>Romanae</span> <span class='ocrx_word' id='word_1_138' title='bbox 798 1896 856 1948; x_wconf 92' lang='lat' dir='ltr'>et</span> <span class='ocrx_word' id='word_1_139' title='bbox 898 1892 1227 1964; x_wconf 71' lang='lat' dir='ltr'>apostolicae</span> <span class='ocrx_word' id='word_1_140' title='bbox 1276 1892 1432 1952; x_wconf 89' lang='lat' dir='ltr'>sedis</span> <span class='ocrx_word' id='word_1_141' title='bbox 1479 1892 1766 1950; x_wconf 89' lang='lat' dir='ltr'>sacriﬁcio</span> <span class='ocrx_word' id='word_1_142' title='bbox 1798 1892 1897 1949; x_wconf 91' lang='lat' dir='ltr'>de-</span> 
     </span>
    </p>
   </div>
   <div class='ocr_carea' id='block_1_21' title="bbox 223 1981 1898 2052">
    <p class='ocr_par' dir='ltr' id='par_1_21' title="bbox 223 1981 1898 2052">
     <span class='ocr_line' id='line_1_21' title="bbox 223 1981 1898 2052; baseline -0.002 -14"><span class='ocrx_word' id='word_1_143' title='bbox 223 1982 509 2051; x_wconf 80' lang='lat' dir='ltr'>trahens,</span> <span class='ocrx_word' id='word_1_144' title='bbox 539 1981 861 2052; x_wconf 83' lang='lat' dir='ltr'>falsissime</span> <span class='ocrx_word' id='word_1_145' title='bbox 889 1981 1199 2039; x_wconf 87' lang='lat' dir='ltr'>deﬁnivisti</span> <span class='ocrx_word' id='word_1_146' title='bbox 1229 1999 1337 2038; x_wconf 90' lang='lat' dir='ltr'>nos</span> <span class='ocrx_word' id='word_1_147' title='bbox 1367 1997 1634 2042; x_wconf 86' lang='lat' dir='ltr'>mensam</span> <span class='ocrx_word' id='word_1_148' title='bbox 1661 1981 1898 2042; x_wconf 82' lang='lat' dir='ltr'>Judeeo-</span> 
     </span>
    </p>
   </div>
   <div class='ocr_carea' id='block_1_22' title="bbox 223 2069 1899 2147">
    <p class='ocr_par' dir='ltr' id='par_1_22' title="bbox 223 2069 1899 2147">
     <span class='ocr_line' id='line_1_22' title="bbox 223 2069 1899 2147; baseline -0.003 -18"><span class='ocrx_word' id='word_1_149' title='bbox 223 2089 371 2130; x_wconf 80' lang='lat' dir='ltr'>rum</span> <span class='ocrx_word' id='word_1_150' title='bbox 404 2072 734 2147; x_wconf 69' lang='lat' dir='ltr'>comedere.</span> <span class='ocrx_word' id='word_1_151' title='bbox 769 2071 931 2144; x_wconf 88' lang='lat' dir='ltr'>Quod</span> <span class='ocrx_word' id='word_1_152' title='bbox 963 2071 1106 2138; x_wconf 87' lang='lat' dir='ltr'>satis</span> <span class='ocrx_word' id='word_1_153' title='bbox 1145 2071 1476 2128; x_wconf 85' lang='lat' dir='ltr'>ostenditur</span> <span class='ocrx_word' id='word_1_154' title='bbox 1521 2071 1581 2125; x_wconf 92' lang='lat' dir='ltr'>in</span> <span class='ocrx_word' id='word_1_155' title='bbox 1614 2069 1899 2144; x_wconf 87' lang='lat' dir='ltr'>superiori</span> 
     </span>
    </p>
   </div>
   <div class='ocr_carea' id='block_1_23' title="bbox 224 2158 1890 2232">
    <p class='ocr_par' dir='ltr' id='par_1_23' title="bbox 224 2158 1890 2232">
     <span class='ocr_line' id='line_1_23' title="bbox 224 2158 1890 2232; baseline -0.003 -14"><span class='ocrx_word' id='word_1_156' title='bbox 224 2166 447 2232; x_wconf 81' lang='lat' dir='ltr'>nostra</span> <span class='ocrx_word' id='word_1_157' title='bbox 477 2160 831 2230; x_wconf 81' lang='lat' dir='ltr'>narratione,</span> <span class='ocrx_word' id='word_1_158' title='bbox 865 2159 965 2216; x_wconf 91' lang='lat' dir='ltr'>ubi</span> <span class='ocrx_word' id='word_1_159' title='bbox 995 2159 1344 2216; x_wconf 88' lang='lat' dir='ltr'>commentis</span> <span class='ocrx_word' id='word_1_160' title='bbox 1387 2158 1739 2231; x_wconf 91' lang='lat' dir='ltr'>complicum</span> <span class='ocrx_word' id='word_1_161' title='bbox 1770 2162 1890 2214; x_wconf 87' lang='lat' dir='ltr'>tuo-</span> 
     </span>
    </p>
   </div>
   <div class='ocr_carea' id='block_1_24' title="bbox 225 2246 1902 2326">
    <p class='ocr_par' dir='ltr' id='par_1_24' title="bbox 225 2246 1902 2326">
     <span class='ocr_line' id='line_1_24' title="bbox 225 2246 1902 2326; baseline -0.002 -20"><span class='ocrx_word' id='word_1_162' title='bbox 225 2266 408 2325; x_wconf 70' lang='lat' dir='ltr'>rum,</span> <span class='ocrx_word' id='word_1_163' title='bbox 436 2248 739 2326; x_wconf 72' lang='lat' dir='ltr'>Michaelis</span> <span class='ocrx_word' id='word_1_164' title='bbox 772 2247 1004 2304; x_wconf 89' lang='lat' dir='ltr'>seiliceo</span> <span class='ocrx_word' id='word_1_165' title='bbox 1035 2246 1666 2320; x_wconf 83' lang='lat' dir='ltr'>Constantinopolitani</span> <span class='ocrx_word' id='word_1_166' title='bbox 1687 2252 1746 2326; x_wconf 86' lang='lat' dir='ltr'>et</span> <span class='ocrx_word' id='word_1_167' title='bbox 1770 2251 1902 2304; x_wconf 84' lang='lat' dir='ltr'>Leo-</span> 
     </span>
    </p>
   </div>
   <div class='ocr_carea' id='block_1_25' title="bbox 227 2335 1901 2414">
    <p class='ocr_par' dir='ltr' id='par_1_25' title="bbox 227 2335 1901 2414">
     <span class='ocr_line' id='line_1_25' title="bbox 227 2335 1901 2414; baseline -0.001 -20"><span class='ocrx_word' id='word_1_168' title='bbox 227 2339 340 2394; x_wconf 83' lang='lat' dir='ltr'>nis</span> <span class='ocrx_word' id='word_1_169' title='bbox 396 2337 662 2414; x_wconf 77' lang='lat' dir='ltr'>Acridani</span> <span class='ocrx_word' id='word_1_170' title='bbox 709 2336 1003 2404; x_wconf 76' lang='lat' dir='ltr'>voluimus</span> <span class='ocrx_word' id='word_1_171' title='bbox 1052 2335 1307 2400; x_wconf 81' lang='lat' dir='ltr'>obviare.</span> <span class='ocrx_word' id='word_1_172' title='bbox 1358 2336 1473 2392; x_wconf 91' lang='lat' dir='ltr'>Nec</span> <span class='ocrx_word' id='word_1_173' title='bbox 1521 2339 1610 2392; x_wconf 90' lang='lat' dir='ltr'>est</span> <span class='ocrx_word' id='word_1_174' title='bbox 1663 2351 1901 2392; x_wconf 90' lang='lat' dir='ltr'>necesse</span> 
     </span>
    </p>
   </div>
   <div class='ocr_carea' id='block_1_26' title="bbox 225 2424 1899 2500">
    <p class='ocr_par' dir='ltr' id='par_1_26' title="bbox 225 2424 1899 2500">
     <span class='ocr_line' id='line_1_26' title="bbox 225 2424 1899 2500; baseline -0.001 -16"><span class='ocrx_word' id='word_1_175' title='bbox 225 2428 459 2500; x_wconf 73' lang='lat' dir='ltr'>eadem</span> <span class='ocrx_word' id='word_1_176' title='bbox 497 2442 600 2500; x_wconf 83' lang='lat' dir='ltr'>nos</span> <span class='ocrx_word' id='word_1_177' title='bbox 639 2425 806 2492; x_wconf 80' lang='lat' dir='ltr'>toties</span> <span class='ocrx_word' id='word_1_178' title='bbox 853 2428 1130 2497; x_wconf 88' lang='lat' dir='ltr'>repetere.</span> <span class='ocrx_word' id='word_1_179' title='bbox 1181 2424 1327 2489; x_wconf 88' lang='lat' dir='ltr'>Quia</span> <span class='ocrx_word' id='word_1_180' title='bbox 1375 2428 1599 2498; x_wconf 72' lang='lat' dir='ltr'>stuppze</span> <span class='ocrx_word' id='word_1_181' title='bbox 1649 2425 1899 2482; x_wconf 64' lang='lat' dir='ltr'>collectae</span> 
     </span>
    </p>
   </div>
   <div class='ocr_carea' id='block_1_27' title="bbox 220 2513 1902 2590">
    <p class='ocr_par' dir='ltr' id='par_1_27' title="bbox 220 2513 1902 2590">
     <span class='ocr_line' id='line_1_27' title="bbox 220 2513 1902 2590; baseline -0.002 -16"><span class='ocrx_word' id='word_1_182' title='bbox 220 2520 286 2582; x_wconf 75' lang='lat' dir='ltr'>et</span> <span class='ocrx_word' id='word_1_183' title='bbox 317 2514 516 2589; x_wconf 75' lang='lat' dir='ltr'>paleae</span> <span class='ocrx_word' id='word_1_184' title='bbox 557 2515 826 2590; x_wconf 60' lang='lat' dir='ltr'>conjectis</span> <span class='ocrx_word' id='word_1_185' title='bbox 856 2513 1212 2588; x_wconf 83' lang='lat' dir='ltr'>zizaniisque</span> <span class='ocrx_word' id='word_1_186' title='bbox 1259 2513 1516 2570; x_wconf 89' lang='lat' dir='ltr'>collectis</span> <span class='ocrx_word' id='word_1_187' title='bbox 1548 2531 1666 2570; x_wconf 89' lang='lat' dir='ltr'>una</span> <span class='ocrx_word' id='word_1_188' title='bbox 1712 2519 1902 2586; x_wconf 88' lang='lat' dir='ltr'>potest</span> 
     </span>
    </p>
   </div>
   <div class='ocr_carea' id='block_1_28' title="bbox 220 2601 1901 2674">
    <p class='ocr_par' dir='ltr' id='par_1_28' title="bbox 220 2601 1901 2674">
     <span class='ocr_line' id='line_1_28' title="bbox 220 2601 1901 2674; baseline -0.001 -14"><span class='ocrx_word' id='word_1_189' title='bbox 220 2604 491 2674; x_wconf 73' lang='lat' dir='ltr'>ﬂamma</span> <span class='ocrx_word' id='word_1_190' title='bbox 517 2602 802 2658; x_wconf 78' lang='lat' dir='ltr'>sufficere.</span> <span class='ocrx_word' id='word_1_191' title='bbox 838 2602 1002 2659; x_wconf 91' lang='lat' dir='ltr'>Unde</span> <span class='ocrx_word' id='word_1_192' title='bbox 1030 2619 1098 2658; x_wconf 86' lang='lat' dir='ltr'>ea</span> <span class='ocrx_word' id='word_1_193' title='bbox 1117 2605 1348 2658; x_wconf 88' lang='lat' dir='ltr'>tantum</span> <span class='ocrx_word' id='word_1_194' title='bbox 1377 2601 1743 2659; x_wconf 86' lang='lat' dir='ltr'>decrevimus</span> <span class='ocrx_word' id='word_1_195' title='bbox 1764 2601 1901 2659; x_wconf 92' lang='lat' dir='ltr'>levi-</span> 
     </span>
    </p>
   </div>
   <div class='ocr_carea' id='block_1_29' title="bbox 218 2691 1898 2764">
    <p class='ocr_par' dir='ltr' id='par_1_29' title="bbox 218 2691 1898 2764">
     <span class='ocr_line' id='line_1_29' title="bbox 218 2691 1898 2764; baseline -0.002 -16"><span class='ocrx_word' id='word_1_196' title='bbox 218 2697 318 2762; x_wconf 83' lang='lat' dir='ltr'>ter</span> <span class='ocrx_word' id='word_1_197' title='bbox 367 2691 752 2762; x_wconf 83' lang='lat' dir='ltr'>succendere,</span> <span class='ocrx_word' id='word_1_198' title='bbox 808 2707 936 2764; x_wconf 65' lang='lat' dir='ltr'>quae</span> <span class='ocrx_word' id='word_1_199' title='bbox 987 2691 1150 2748; x_wconf 90' lang='lat' dir='ltr'>solus</span> <span class='ocrx_word' id='word_1_200' title='bbox 1197 2691 1414 2747; x_wconf 90' lang='lat' dir='ltr'>videris</span> <span class='ocrx_word' id='word_1_201' title='bbox 1453 2691 1586 2764; x_wconf 89' lang='lat' dir='ltr'>plus</span> <span class='ocrx_word' id='word_1_202' title='bbox 1614 2691 1733 2748; x_wconf 90' lang='lat' dir='ltr'>illis</span> <span class='ocrx_word' id='word_1_203' title='bbox 1763 2708 1898 2748; x_wconf 92' lang='lat' dir='ltr'>con-</span> 
     </span>
    </p>
   </div>
   <div class='ocr_carea' id='block_1_30' title="bbox 221 2780 526 2856">
    <p class='ocr_par' dir='ltr' id='par_1_30' title="bbox 221 2780 526 2856">
     <span class='ocr_line' id='line_1_30' title="bbox 221 2780 526 2856; baseline -0.023 -14"><span class='ocrx_word' id='word_1_204' title='bbox 221 2780 526 2856; x_wconf 73' lang='lat' dir='ltr'>gessisse.</span> 
     </span>
    </p>
   </div>
   <div class='ocr_carea' id='block_1_31' title="bbox 294 2867 1900 2944">
    <p class='ocr_par' dir='ltr' id='par_1_31' title="bbox 294 2867 1900 2944">
     <span class='ocr_line' id='line_1_31' title="bbox 294 2867 1900 2944; baseline -0.003 -15"><span class='ocrx_word' id='word_1_205' title='bbox 294 2871 410 2930; x_wconf 86' lang='grc' dir='ltr'>ΙΠ.</span> <span class='ocrx_word' id='word_1_206' title='bbox 443 2868 650 2941; x_wconf 86' lang='lat' dir='ltr'>Itaque</span> <span class='ocrx_word' id='word_1_207' title='bbox 676 2868 832 2942; x_wconf 91' lang='lat' dir='ltr'>quod</span> <span class='ocrx_word' id='word_1_208' title='bbox 864 2867 1062 2926; x_wconf 78' lang='lat' dir='ltr'>dixisti</span> <span class='ocrx_word' id='word_1_209' title='bbox 1111 2867 1680 2944; x_wconf 81' lang='lat' dir='ltr'>consubstantialem</span> <span class='ocrx_word' id='word_1_210' title='bbox 1711 2873 1766 2926; x_wconf 91' lang='lat' dir='ltr'>et</span> <span class='ocrx_word' id='word_1_211' title='bbox 1797 2886 1900 2924; x_wconf 92' lang='lat' dir='ltr'>su-</span> 
     </span>
    </p>
   </div>
   <div class='ocr_carea' id='block_1_32' title="bbox 217 2957 1902 3036">
    <p class='ocr_par' dir='ltr' id='par_1_32' title="bbox 217 2957 1902 3036">
     <span class='ocr_line' id='line_1_32' title="bbox 217 2957 1902 3036; baseline -0.001 -20"><span class='ocrx_word' id='word_1_212' title='bbox 217 2957 808 3036; x_wconf 80' lang='lat' dir='ltr'>persuhstantialem</span> <span class='ocrx_word' id='word_1_213' title='bbox 821 2957 979 3014; x_wconf 90' lang='lat' dir='ltr'>idem</span> <span class='ocrx_word' id='word_1_214' title='bbox 991 2971 1139 3022; x_wconf 90' lang='lat' dir='ltr'>esse,</span> <span class='ocrx_word' id='word_1_215' title='bbox 1156 2957 1394 3022; x_wconf 87' lang='lat' dir='ltr'>omnino</span> <span class='ocrx_word' id='word_1_216' title='bbox 1418 2961 1507 3014; x_wconf 90' lang='lat' dir='ltr'>est</span> <span class='ocrx_word' id='word_1_217' title='bbox 1529 2957 1714 3014; x_wconf 86' lang='lat' dir='ltr'>futile.</span> <span class='ocrx_word' id='word_1_218' title='bbox 1755 2958 1902 3022; x_wconf 85' lang='lat' dir='ltr'>Quia</span> 
     </span>
    </p>
   </div>
   <div class='ocr_carea' id='block_1_33' title="bbox 219 3045 1901 3127">
    <p class='ocr_par' dir='ltr' id='par_1_33' title="bbox 219 3045 1901 3127">
     <span class='ocr_line' id='line_1_33' title="bbox 219 3045 1901 3127; baseline -0.003 -19"><span class='ocrx_word' id='word_1_219' title='bbox 219 3049 536 3124; x_wconf 81' lang='lat' dir='ltr'>Dominus</span> <span class='ocrx_word' id='word_1_220' title='bbox 565 3047 762 3127; x_wconf 63' lang='lat' dir='ltr'>Jesus,</span> <span class='ocrx_word' id='word_1_221' title='bbox 793 3047 1061 3122; x_wconf 84' lang='lat' dir='ltr'>quamvis</span> <span class='ocrx_word' id='word_1_222' title='bbox 1093 3046 1262 3112; x_wconf 87' lang='lat' dir='ltr'>nobis</span> <span class='ocrx_word' id='word_1_223' title='bbox 1282 3045 1650 3103; x_wconf 88' lang='lat' dir='ltr'>humanitate</span> <span class='ocrx_word' id='word_1_224' title='bbox 1671 3047 1748 3103; x_wconf 90' lang='lat' dir='ltr'>sit</span> <span class='ocrx_word' id='word_1_225' title='bbox 1769 3064 1901 3103; x_wconf 92' lang='lat' dir='ltr'>con-</span> 
     </span>
    </p>
   </div>
   <div class='ocr_carea' id='block_1_34' title="bbox 221 3135 1902 3209">
    <p class='ocr_par' dir='ltr' id='par_1_34' title="bbox 221 3135 1902 3209">
     <span class='ocr_line' id='line_1_34' title="bbox 221 3135 1902 3209; baseline -0.004 -12"><span class='ocrx_word' id='word_1_226' title='bbox 221 3136 698 3204; x_wconf 78' lang='lat' dir='ltr'>substantialis;</span> <span class='ocrx_word' id='word_1_227' title='bbox 734 3136 817 3193; x_wconf 91' lang='lat' dir='ltr'>sic</span> <span class='ocrx_word' id='word_1_228' title='bbox 847 3140 904 3193; x_wconf 91' lang='lat' dir='ltr'>et</span> <span class='ocrx_word' id='word_1_229' title='bbox 948 3136 1218 3194; x_wconf 72' lang='lat' dir='ltr'>humanae</span> <span class='ocrx_word' id='word_1_230' title='bbox 1261 3153 1478 3194; x_wconf 66' lang='lat' dir='ltr'>mensa</span> <span class='ocrx_word' id='word_1_231' title='bbox 1525 3153 1726 3209; x_wconf 89' lang='lat' dir='ltr'>panes,</span> <span class='ocrx_word' id='word_1_232' title='bbox 1767 3135 1902 3193; x_wconf 91' lang='lat' dir='ltr'>licet</span> 
     </span>
    </p>
   </div>
   <div class='ocr_carea' id='block_1_35' title="bbox 2010 560 3657 647">
    <p class='ocr_par' dir='ltr' id='par_1_35' title="bbox 2010 560 3657 647">
     <span class='ocr_line' id='line_1_35' title="bbox 2010 560 3657 647; baseline 0.01 -32"><span class='ocrx_word' id='word_1_233' title='bbox 2010 561 2163 632; x_wconf 88' lang='lat' dir='ltr'>quod</span> <span class='ocrx_word' id='word_1_234' title='bbox 2189 577 2302 616; x_wconf 89' lang='lat' dir='ltr'>non</span> <span class='ocrx_word' id='word_1_235' title='bbox 2327 561 2397 616; x_wconf 89' lang='lat' dir='ltr'>ab</span> <span class='ocrx_word' id='word_1_236' title='bbox 2421 560 2684 634; x_wconf 87' lang='lat' dir='ltr'>apostolo</span> <span class='ocrx_word' id='word_1_237' title='bbox 2706 567 2932 636; x_wconf 89' lang='lat' dir='ltr'>sancto,</span> <span class='ocrx_word' id='word_1_238' title='bbox 2954 567 3056 640; x_wconf 86' lang='lat' dir='ltr'>sed</span> <span class='ocrx_word' id='word_1_239' title='bbox 3078 569 3150 626; x_wconf 89' lang='lat' dir='ltr'>ab</span> <span class='ocrx_word' id='word_1_240' title='bbox 3168 574 3436 640; x_wconf 88' lang='lat' dir='ltr'>apostata</span> <span class='ocrx_word' id='word_1_241' title='bbox 3453 574 3657 647; x_wconf 81' lang='lat' dir='ltr'>angelo</span> 
     </span>
    </p>
   </div>
   <div class='ocr_carea' id='block_1_36' title="bbox 2009 649 3660 730">
    <p class='ocr_par' dir='ltr' id='par_1_36' title="bbox 2009 649 3660 730">
     <span class='ocr_line' id='line_1_36' title="bbox 2009 649 3660 730; baseline 0.007 -24"><span class='ocrx_word' id='word_1_242' title='bbox 2009 649 2304 722; x_wconf 86' lang='lat' dir='ltr'>accepisti,</span> <span class='ocrx_word' id='word_1_243' title='bbox 2338 655 2403 705; x_wconf 89' lang='lat' dir='ltr'>ut</span> <span class='ocrx_word' id='word_1_244' title='bbox 2432 650 2655 708; x_wconf 88' lang='lat' dir='ltr'>diceres</span> <span class='ocrx_word' id='word_1_245' title='bbox 2689 669 2702 707; x_wconf 96' lang='lat'>:</span> <span class='ocrx_word' id='word_1_246' title='bbox 2755 655 2861 722; x_wconf 86' lang='lat' dir='ltr'>Qui</span> <span class='ocrx_word' id='word_1_247' title='bbox 2903 672 3028 728; x_wconf 82' lang='lat' dir='ltr'>ergo</span> <span class='ocrx_word' id='word_1_248' title='bbox 3069 675 3269 730; x_wconf 65' lang='lat' dir='ltr'>azyma</span> <span class='ocrx_word' id='word_1_249' title='bbox 3312 662 3564 728; x_wconf 84' lang='lat' dir='ltr'>comedit,</span> <span class='ocrx_word' id='word_1_250' title='bbox 3595 665 3660 718; x_wconf 84' lang='lat' dir='ltr'>in</span> 
     </span>
    </p>
   </div>
   <div class='ocr_carea' id='block_1_37' title="bbox 2009 738 3656 819">
    <p class='ocr_par' dir='ltr' id='par_1_37' title="bbox 2009 738 3656 819">
     <span class='ocr_line' id='line_1_37' title="bbox 2009 738 3656 819; baseline 0.008 -25"><span class='ocrx_word' id='word_1_251' title='bbox 2009 738 2244 795; x_wconf 61' lang='lat' dir='ltr'>tenebris</span> <span class='ocrx_word' id='word_1_252' title='bbox 2269 740 2406 809; x_wconf 81' lang='lat' dir='ltr'>legis</span> <span class='ocrx_word' id='word_1_253' title='bbox 2435 742 2700 812; x_wconf 81' lang='lat' dir='ltr'>ambulat,</span> <span class='ocrx_word' id='word_1_254' title='bbox 2751 743 2890 815; x_wconf 90' lang='lat' dir='ltr'>quia</span> <span class='ocrx_word' id='word_1_255' title='bbox 2935 748 3057 800; x_wconf 88' lang='lat' dir='ltr'>tota</span> <span class='ocrx_word' id='word_1_256' title='bbox 3104 747 3350 819; x_wconf 89' lang='lat' dir='ltr'>epistola</span> <span class='ocrx_word' id='word_1_257' title='bbox 3396 749 3514 816; x_wconf 89' lang='lat' dir='ltr'>illa,</span> <span class='ocrx_word' id='word_1_258' title='bbox 3550 768 3656 807; x_wconf 90' lang='lat' dir='ltr'>nec</span> 
     </span>
    </p>
   </div>
   <div class='ocr_carea' id='block_1_38' title="bbox 2005 827 3656 908">
    <p class='ocr_par' dir='ltr' id='par_1_38' title="bbox 2005 827 3656 908">
     <span class='ocr_line' id='line_1_38' title="bbox 2005 827 3656 908; baseline 0.01 -28"><span class='ocrx_word' id='word_1_259' title='bbox 2005 827 2423 885; x_wconf 87' lang='lat' dir='ltr'>fermentatum</span> <span class='ocrx_word' id='word_1_260' title='bbox 2449 845 2553 884; x_wconf 89' lang='lat' dir='ltr'>nec</span> <span class='ocrx_word' id='word_1_261' title='bbox 2576 847 2847 903; x_wconf 84' lang='lat' dir='ltr'>azymum</span> <span class='ocrx_word' id='word_1_262' title='bbox 2868 841 3307 908; x_wconf 87' lang='lat' dir='ltr'>commemorat,</span> <span class='ocrx_word' id='word_1_263' title='bbox 3340 838 3441 894; x_wconf 92' lang='lat' dir='ltr'>sed</span> <span class='ocrx_word' id='word_1_264' title='bbox 3464 839 3656 896; x_wconf 91' lang='lat' dir='ltr'>solum</span> 
     </span>
    </p>
   </div>
   <div class='ocr_carea' id='block_1_39' title="bbox 2010 915 2380 972">
    <p class='ocr_par' dir='ltr' id='par_1_39' title="bbox 2010 915 2380 972">
     <span class='ocr_line' id='line_1_39' title="bbox 2010 915 2380 972; baseline 0.005 -2"><span class='ocrx_word' id='word_1_265' title='bbox 2010 915 2354 972; x_wconf 88' lang='lat' dir='ltr'>charitatem</span> <span class='ocrx_word' id='word_1_266' title='bbox 2366 959 2380 972; x_wconf 95' lang='lat'>.</span> 
     </span>
    </p>
   </div>
   <div class='ocr_carea' id='block_1_40' title="bbox 2078 1005 3656 1085">
    <p class='ocr_par' dir='ltr' id='par_1_40' title="bbox 2078 1005 3656 1085">
     <span class='ocr_line' id='line_1_40' title="bbox 2078 1005 3656 1085; baseline 0.008 -26"><span class='ocrx_word' id='word_1_267' title='bbox 2078 1005 2145 1061; x_wconf 94' lang='lat' dir='ltr'>V.</span> <span class='ocrx_word' id='word_1_268' title='bbox 2179 1006 2316 1061; x_wconf 89' lang='lat' dir='ltr'>Post</span> <span class='ocrx_word' id='word_1_269' title='bbox 2345 1006 2466 1062; x_wconf 70' lang='lat' dir='ltr'>hinc</span> <span class='ocrx_word' id='word_1_270' title='bbox 2512 1023 2627 1062; x_wconf 88' lang='lat' dir='ltr'>non</span> <span class='ocrx_word' id='word_1_271' title='bbox 2679 1009 2890 1065; x_wconf 90' lang='lat' dir='ltr'>minori</span> <span class='ocrx_word' id='word_1_272' title='bbox 2937 1011 3243 1085; x_wconf 87' lang='lat' dir='ltr'>sacrilegio</span> <span class='ocrx_word' id='word_1_273' title='bbox 3293 1014 3513 1069; x_wconf 90' lang='lat' dir='ltr'>abusus</span> <span class='ocrx_word' id='word_1_274' title='bbox 3545 1015 3656 1073; x_wconf 89' lang='lat' dir='ltr'>alio</span> 
     </span>
    </p>
   </div>
   <div class='ocr_carea' id='block_1_41' title="bbox 2008 1095 3662 1170">
    <p class='ocr_par' dir='ltr' id='par_1_41' title="bbox 2008 1095 3662 1170">
     <span class='ocr_line' id='line_1_41' title="bbox 2008 1095 3662 1170; baseline 0.006 -20"><span class='ocrx_word' id='word_1_275' title='bbox 2008 1095 2348 1150; x_wconf 84' lang='lat' dir='ltr'>testimonio</span> <span class='ocrx_word' id='word_1_276' title='bbox 2381 1096 2646 1167; x_wconf 84' lang='lat' dir='ltr'>ejusdem</span> <span class='ocrx_word' id='word_1_277' title='bbox 2678 1099 2926 1170; x_wconf 87' lang='lat' dir='ltr'>apostoli</span> <span class='ocrx_word' id='word_1_278' title='bbox 2958 1101 3236 1157; x_wconf 87' lang='lat' dir='ltr'>dicentis:</span> <span class='ocrx_word' id='word_1_279' title='bbox 3277 1122 3299 1150; x_wconf 79' lang='grc' dir='ltr'>ι</span> <span class='ocrx_word' id='word_1_280' title='bbox 3351 1107 3490 1160; x_wconf 82' lang='lat' dir='ltr'>Tres</span> <span class='ocrx_word' id='word_1_281' title='bbox 3520 1109 3662 1160; x_wconf 89' lang='lat' dir='ltr'>sunt</span> 
     </span>
    </p>
   </div>
   <div class='ocr_carea' id='block_1_42' title="bbox 2007 1183 3660 1265">
    <p class='ocr_par' dir='ltr' id='par_1_42' title="bbox 2007 1183 3660 1265">
     <span class='ocr_line' id='line_1_42' title="bbox 2007 1183 3660 1265; baseline 0.008 -29"><span class='ocrx_word' id='word_1_282' title='bbox 2007 1183 2109 1256; x_wconf 87' lang='lat' dir='ltr'>qui</span> <span class='ocrx_word' id='word_1_283' title='bbox 2135 1183 2541 1240; x_wconf 88' lang='lat' dir='ltr'>testimonium</span> <span class='ocrx_word' id='word_1_284' title='bbox 2577 1186 2887 1256; x_wconf 88' lang='lat' dir='ltr'>perhibent</span> <span class='ocrx_word' id='word_1_285' title='bbox 2928 1188 2988 1243; x_wconf 93' lang='lat' dir='ltr'>in</span> <span class='ocrx_word' id='word_1_286' title='bbox 3011 1193 3184 1254; x_wconf 89' lang='lat' dir='ltr'>terra,</span> <span class='ocrx_word' id='word_1_287' title='bbox 3208 1192 3479 1264; x_wconf 85' lang='lat' dir='ltr'>Spiritus,</span> <span class='ocrx_word' id='word_1_288' title='bbox 3508 1209 3660 1265; x_wconf 88' lang='lat' dir='ltr'>aqua</span> 
     </span>
    </p>
   </div>
   <div class='ocr_carea' id='block_1_43' title="bbox 2007 1273 3653 1352">
    <p class='ocr_par' dir='ltr' id='par_1_43' title="bbox 2007 1273 3653 1352">
     <span class='ocr_line' id='line_1_43' title="bbox 2007 1273 3653 1352; baseline 0.002 -24"><span class='ocrx_word' id='word_1_289' title='bbox 2007 1275 2065 1328; x_wconf 90' lang='lat' dir='ltr'>et</span> <span class='ocrx_word' id='word_1_290' title='bbox 2093 1273 2354 1345; x_wconf 83' lang='lat' dir='ltr'>sanguis,</span> <span class='ocrx_word' id='word_1_291' title='bbox 2387 1278 2444 1329; x_wconf 90' lang='lat' dir='ltr'>et</span> <span class='ocrx_word' id='word_1_292' title='bbox 2473 1274 2533 1328; x_wconf 89' lang='lat' dir='ltr'>hi</span> <span class='ocrx_word' id='word_1_293' title='bbox 2578 1278 2700 1330; x_wconf 89' lang='lat' dir='ltr'>tres</span> <span class='ocrx_word' id='word_1_294' title='bbox 2750 1293 2935 1332; x_wconf 92' lang='lat' dir='ltr'>unum</span> <span class='ocrx_word' id='word_1_295' title='bbox 2987 1283 3124 1333; x_wconf 90' lang='lat' dir='ltr'>sunt</span> <span class='ocrx_word' id='word_1_296' title='bbox 3167 1281 3214 1348; x_wconf 81' lang='lat' dir='ltr'>(l</span> <span class='ocrx_word' id='word_1_297' title='bbox 3239 1283 3395 1336; x_wconf 75' lang='lat' dir='ltr'>Juan.</span> <span class='ocrx_word' id='word_1_298' title='bbox 3419 1299 3474 1346; x_wconf 89' lang='lat' dir='ltr'>v,</span> <span class='ocrx_word' id='word_1_299' title='bbox 3494 1283 3552 1352; x_wconf 91' lang='lat'>7)</span> <span class='ocrx_word' id='word_1_300' title='bbox 3580 1301 3592 1348; x_wconf 88' lang='lat'><strong>;</strong></span> <span class='ocrx_word' id='word_1_301' title='bbox 3633 1305 3653 1331; x_wconf 71' lang='grc' dir='ltr'>ι</span> 
     </span>
    </p>
   </div>
   <div class='ocr_carea' id='block_1_44' title="bbox 2004 1362 3656 1437">
    <p class='ocr_par' dir='ltr' id='par_1_44' title="bbox 2004 1362 3656 1437">
     <span class='ocr_line' id='line_1_44' title="bbox 2004 1362 3656 1437; baseline 0.006 -21"><span class='ocrx_word' id='word_1_302' title='bbox 2004 1377 2271 1433; x_wconf 87' lang='lat' dir='ltr'>perverse</span> <span class='ocrx_word' id='word_1_303' title='bbox 2292 1362 2522 1419; x_wconf 88' lang='lat' dir='ltr'>conaris</span> <span class='ocrx_word' id='word_1_304' title='bbox 2543 1364 2615 1419; x_wconf 89' lang='lat' dir='ltr'>ad</span> <span class='ocrx_word' id='word_1_305' title='bbox 2639 1381 2847 1436; x_wconf 88' lang='lat' dir='ltr'>panem</span> <span class='ocrx_word' id='word_1_306' title='bbox 2864 1381 3077 1432; x_wconf 84' lang='lat' dir='ltr'>mensae</span> <span class='ocrx_word' id='word_1_307' title='bbox 3092 1368 3305 1423; x_wconf 86' lang='lat' dir='ltr'>Christi</span> <span class='ocrx_word' id='word_1_308' title='bbox 3323 1371 3656 1437; x_wconf 80' lang='lat' dir='ltr'>transferre,</span> 
     </span>
    </p>
   </div>
   <div class='ocr_carea' id='block_1_45' title="bbox 2006 1449 3661 1529">
    <p class='ocr_par' dir='ltr' id='par_1_45' title="bbox 2006 1449 3661 1529">
     <span class='ocr_line' id='line_1_45' title="bbox 2006 1449 3661 1529; baseline 0.005 -23"><span class='ocrx_word' id='word_1_309' title='bbox 2006 1449 2659 1524; x_wconf 89' lang='lat' dir='ltr'>quodilledebaptismo</span> <span class='ocrx_word' id='word_1_310' title='bbox 2673 1453 2800 1524; x_wconf 89' lang='lat' dir='ltr'>ejus</span> <span class='ocrx_word' id='word_1_311' title='bbox 2830 1453 3013 1510; x_wconf 91' lang='lat' dir='ltr'>voluit</span> <span class='ocrx_word' id='word_1_312' title='bbox 3040 1455 3403 1512; x_wconf 86' lang='lat' dir='ltr'>intimare.ln</span> <span class='ocrx_word' id='word_1_313' title='bbox 3433 1458 3661 1529; x_wconf 90' lang='lat' dir='ltr'>baptis-</span> 
     </span>
    </p>
   </div>
   <div class='ocr_carea' id='block_1_46' title="bbox 2006 1539 3661 1617">
    <p class='ocr_par' dir='ltr' id='par_1_46' title="bbox 2006 1539 3661 1617">
     <span class='ocr_line' id='line_1_46' title="bbox 2006 1539 3661 1617; baseline 0.004 -21"><span class='ocrx_word' id='word_1_314' title='bbox 2006 1555 2102 1596; x_wconf 86' lang='lat' dir='ltr'>mo</span> <span class='ocrx_word' id='word_1_315' title='bbox 2113 1539 2409 1611; x_wconf 89' lang='lat' dir='ltr'>siquidem</span> <span class='ocrx_word' id='word_1_316' title='bbox 2420 1541 2543 1597; x_wconf 84' lang='lat' dir='ltr'>haec</span> <span class='ocrx_word' id='word_1_317' title='bbox 2570 1543 2682 1598; x_wconf 90' lang='lat' dir='ltr'>tria</span> <span class='ocrx_word' id='word_1_318' title='bbox 2699 1546 2861 1610; x_wconf 90' lang='lat' dir='ltr'>sunt,</span> <span class='ocrx_word' id='word_1_319' title='bbox 2883 1547 2941 1599; x_wconf 91' lang='lat' dir='ltr'>et</span> <span class='ocrx_word' id='word_1_320' title='bbox 2960 1561 3146 1600; x_wconf 90' lang='lat' dir='ltr'>unum</span> <span class='ocrx_word' id='word_1_321' title='bbox 3168 1545 3463 1617; x_wconf 89' lang='lat' dir='ltr'>baptisma</span> <span class='ocrx_word' id='word_1_322' title='bbox 3482 1546 3661 1602; x_wconf 79' lang='lat' dir='ltr'>effici-</span> 
     </span>
    </p>
   </div>
   <div class='ocr_carea' id='block_1_47' title="bbox 2004 1629 3664 1706">
    <p class='ocr_par' dir='ltr' id='par_1_47' title="bbox 2004 1629 3664 1706">
     <span class='ocr_line' id='line_1_47' title="bbox 2004 1629 3664 1706; baseline 0.005 -22"><span class='ocrx_word' id='word_1_323' title='bbox 2004 1633 2132 1684; x_wconf 91' lang='lat' dir='ltr'>unt.</span> <span class='ocrx_word' id='word_1_324' title='bbox 2153 1629 2222 1685; x_wconf 88' lang='lat' dir='ltr'>Et</span> <span class='ocrx_word' id='word_1_325' title='bbox 2240 1629 2492 1702; x_wconf 87' lang='lat' dir='ltr'>Spiritus</span> <span class='ocrx_word' id='word_1_326' title='bbox 2511 1629 2750 1702; x_wconf 90' lang='lat' dir='ltr'>quidem</span> <span class='ocrx_word' id='word_1_327' title='bbox 2767 1633 3112 1700; x_wconf 82' lang='lat' dir='ltr'>sanctiﬁcat,</span> <span class='ocrx_word' id='word_1_328' title='bbox 3132 1650 3286 1706; x_wconf 88' lang='lat' dir='ltr'>aqua</span> <span class='ocrx_word' id='word_1_329' title='bbox 3302 1634 3510 1702; x_wconf 90' lang='lat' dir='ltr'>abluit,</span> <span class='ocrx_word' id='word_1_330' title='bbox 3534 1653 3664 1693; x_wconf 88' lang='lat' dir='ltr'>san-</span> 
     </span>
    </p>
   </div>
   <div class='ocr_carea' id='block_1_48' title="bbox 2005 1717 3662 1796">
    <p class='ocr_par' dir='ltr' id='par_1_48' title="bbox 2005 1717 3662 1796">
     <span class='ocr_line' id='line_1_48' title="bbox 2005 1717 3662 1796; baseline 0.008 -24"><span class='ocrx_word' id='word_1_331' title='bbox 2005 1717 2138 1790; x_wconf 82' lang='lat' dir='ltr'>guis</span> <span class='ocrx_word' id='word_1_332' title='bbox 2159 1719 2411 1774; x_wconf 89' lang='lat' dir='ltr'>redimit.</span> <span class='ocrx_word' id='word_1_333' title='bbox 2431 1720 2488 1774; x_wconf 88' lang='lat' dir='ltr'>Si</span> <span class='ocrx_word' id='word_1_334' title='bbox 2503 1719 2806 1792; x_wconf 87' lang='lat' dir='ltr'>quodlibet</span> <span class='ocrx_word' id='word_1_335' title='bbox 2821 1721 3032 1777; x_wconf 91' lang='lat' dir='ltr'>horum</span> <span class='ocrx_word' id='word_1_336' title='bbox 3046 1723 3314 1791; x_wconf 83' lang='lat' dir='ltr'>defuerit,</span> <span class='ocrx_word' id='word_1_337' title='bbox 3330 1724 3662 1796; x_wconf 85' lang='lat' dir='ltr'>baptismus</span> 
     </span>
    </p>
   </div>
   <div class='ocr_carea' id='block_1_49' title="bbox 2005 1806 3657 1884">
    <p class='ocr_par' dir='ltr' id='par_1_49' title="bbox 2005 1806 3657 1884">
     <span class='ocr_line' id='line_1_49' title="bbox 2005 1806 3657 1884; baseline 0.006 -22"><span class='ocrx_word' id='word_1_338' title='bbox 2005 1823 2122 1864; x_wconf 91' lang='lat' dir='ltr'>non</span> <span class='ocrx_word' id='word_1_339' title='bbox 2152 1806 2282 1874; x_wconf 90' lang='lat' dir='ltr'>erit,</span> <span class='ocrx_word' id='word_1_340' title='bbox 2337 1807 2490 1864; x_wconf 89' lang='lat' dir='ltr'>sicut</span> <span class='ocrx_word' id='word_1_341' title='bbox 2539 1808 2891 1868; x_wconf 88' lang='lat' dir='ltr'>venerabilis</span> <span class='ocrx_word' id='word_1_342' title='bbox 2929 1813 3094 1882; x_wconf 89' lang='lat' dir='ltr'>pater</span> <span class='ocrx_word' id='word_1_343' title='bbox 3139 1811 3509 1884; x_wconf 79' lang='lat' dir='ltr'>Augustinus</span> <span class='ocrx_word' id='word_1_344' title='bbox 3535 1815 3657 1876; x_wconf 84' lang='lat' dir='ltr'>ait:</span> 
     </span>
    </p>
   </div>
   <div class='ocr_carea' id='block_1_50' title="bbox 2011 1895 3660 1971">
    <p class='ocr_par' dir='ltr' id='par_1_50' title="bbox 2011 1895 3660 1971">
     <span class='ocr_line' id='line_1_50' title="bbox 2011 1895 3660 1971; baseline 0.007 -25"><span class='ocrx_word' id='word_1_345' title='bbox 2011 1919 2039 1946; x_wconf 86' lang='lat'><strong>«</strong></span> <span class='ocrx_word' id='word_1_346' title='bbox 2073 1895 2231 1952; x_wconf 89' lang='lat' dir='ltr'>Tolle</span> <span class='ocrx_word' id='word_1_347' title='bbox 2259 1913 2495 1970; x_wconf 84' lang='lat' dir='ltr'>aquam,</span> <span class='ocrx_word' id='word_1_348' title='bbox 2530 1914 2646 1953; x_wconf 91' lang='lat' dir='ltr'>non</span> <span class='ocrx_word' id='word_1_349' title='bbox 2679 1903 2770 1956; x_wconf 88' lang='lat' dir='ltr'>est</span> <span class='ocrx_word' id='word_1_350' title='bbox 2803 1899 3155 1970; x_wconf 89' lang='lat' dir='ltr'>baptismus,</span> <span class='ocrx_word' id='word_1_351' title='bbox 3211 1899 3347 1966; x_wconf 87' lang='lat' dir='ltr'>tolle</span> <span class='ocrx_word' id='word_1_352' title='bbox 3393 1902 3660 1971; x_wconf 87' lang='lat' dir='ltr'>verbum,</span> 
     </span>
    </p>
   </div>
   <div class='ocr_carea' id='block_1_51' title="bbox 2009 1985 3661 2058">
    <p class='ocr_par' dir='ltr' id='par_1_51' title="bbox 2009 1985 3661 2058">
     <span class='ocr_line' id='line_1_51' title="bbox 2009 1985 3661 2058; baseline 0.004 -16"><span class='ocrx_word' id='word_1_353' title='bbox 2009 1999 2125 2042; x_wconf 88' lang='lat' dir='ltr'>non</span> <span class='ocrx_word' id='word_1_354' title='bbox 2158 1987 2248 2041; x_wconf 90' lang='lat' dir='ltr'>est</span> <span class='ocrx_word' id='word_1_355' title='bbox 2266 1985 2621 2058; x_wconf 88' lang='lat' dir='ltr'>baptismus.</span> <span class='ocrx_word' id='word_1_356' title='bbox 2646 1986 2757 2042; x_wconf 93' lang='lat' dir='ltr'>Sed</span> <span class='ocrx_word' id='word_1_357' title='bbox 2781 1987 3005 2055; x_wconf 83' lang='lat' dir='ltr'>accedit</span> <span class='ocrx_word' id='word_1_358' title='bbox 3025 1989 3266 2044; x_wconf 90' lang='lat' dir='ltr'>verbum</span> <span class='ocrx_word' id='word_1_359' title='bbox 3307 1989 3378 2045; x_wconf 87' lang='lat' dir='ltr'>ad</span> <span class='ocrx_word' id='word_1_360' title='bbox 3408 1989 3661 2053; x_wconf 89' lang='lat' dir='ltr'>elemen-</span> 
     </span>
    </p>
   </div>
   <div class='ocr_carea' id='block_1_52' title="bbox 2007 2074 3664 2150">
    <p class='ocr_par' dir='ltr' id='par_1_52' title="bbox 2007 2074 3664 2150">
     <span class='ocr_line' id='line_1_52' title="bbox 2007 2074 3664 2150; baseline 0.005 -22"><span class='ocrx_word' id='word_1_361' title='bbox 2007 2076 2158 2146; x_wconf 85' lang='lat' dir='ltr'>tum,</span> <span class='ocrx_word' id='word_1_362' title='bbox 2181 2076 2236 2130; x_wconf 92' lang='lat' dir='ltr'>et</span> <span class='ocrx_word' id='word_1_363' title='bbox 2257 2074 2323 2128; x_wconf 88' lang='lat' dir='ltr'>ﬁt</span> <span class='ocrx_word' id='word_1_364' title='bbox 2339 2078 2799 2130; x_wconf 89' lang='lat' dir='ltr'>sacramentum.</span> <span class='ocrx_word' id='word_1_365' title='bbox 2823 2096 2844 2125; x_wconf 80' lang='grc'><strong>»</strong></span> <span class='ocrx_word' id='word_1_366' title='bbox 2873 2078 2959 2132; x_wconf 93' lang='lat' dir='ltr'>Tu</span> <span class='ocrx_word' id='word_1_367' title='bbox 2982 2080 3179 2132; x_wconf 88' lang='lat' dir='ltr'>autem</span> <span class='ocrx_word' id='word_1_368' title='bbox 3198 2093 3450 2149; x_wconf 89' lang='lat' dir='ltr'>nequam</span> <span class='ocrx_word' id='word_1_369' title='bbox 3471 2084 3664 2150; x_wconf 89' lang='lat' dir='ltr'>pecto-</span> 
     </span>
    </p>
   </div>
   <div class='ocr_carea' id='block_1_53' title="bbox 2009 2162 3661 2238">
    <p class='ocr_par' dir='ltr' id='par_1_53' title="bbox 2009 2162 3661 2238">
     <span class='ocr_line' id='line_1_53' title="bbox 2009 2162 3661 2238; baseline 0.004 -21"><span class='ocrx_word' id='word_1_370' title='bbox 2009 2165 2151 2231; x_wconf 84' lang='lat' dir='ltr'>rate,</span> <span class='ocrx_word' id='word_1_371' title='bbox 2173 2162 2440 2236; x_wconf 81' lang='lat' dir='ltr'>nequiter</span> <span class='ocrx_word' id='word_1_372' title='bbox 2471 2163 2904 2236; x_wconf 89' lang='lat' dir='ltr'>interpretando</span> <span class='ocrx_word' id='word_1_373' title='bbox 2944 2168 3000 2220; x_wconf 92' lang='lat' dir='ltr'>et</span> <span class='ocrx_word' id='word_1_374' title='bbox 3037 2166 3406 2238; x_wconf 85' lang='lat' dir='ltr'>depravando</span> <span class='ocrx_word' id='word_1_375' title='bbox 3428 2172 3661 2232; x_wconf 87' lang='lat' dir='ltr'>senten-</span> 
     </span>
    </p>
   </div>
   <div class='ocr_carea' id='block_1_54' title="bbox 2008 2249 3664 2324">
    <p class='ocr_par' dir='ltr' id='par_1_54' title="bbox 2008 2249 3664 2324">
     <span class='ocr_line' id='line_1_54' title="bbox 2008 2249 3664 2324; baseline 0.005 -20"><span class='ocrx_word' id='word_1_376' title='bbox 2008 2249 2151 2306; x_wconf 86' lang='lat' dir='ltr'>tiam</span> <span class='ocrx_word' id='word_1_377' title='bbox 2172 2251 2568 2322; x_wconf 85' lang='lat' dir='ltr'>recumbentis</span> <span class='ocrx_word' id='word_1_378' title='bbox 2591 2268 2766 2323; x_wconf 90' lang='lat' dir='ltr'>super</span> <span class='ocrx_word' id='word_1_379' title='bbox 2795 2256 2999 2324; x_wconf 88' lang='lat' dir='ltr'>pectus</span> <span class='ocrx_word' id='word_1_380' title='bbox 3035 2254 3199 2321; x_wconf 88' lang='lat' dir='ltr'>Jesu,</span> <span class='ocrx_word' id='word_1_381' title='bbox 3241 2255 3474 2319; x_wconf 83' lang='lat' dir='ltr'>dixisti:</span> <span class='ocrx_word' id='word_1_382' title='bbox 3505 2261 3574 2316; x_wconf 81' lang='lat' dir='ltr'>Et</span> <span class='ocrx_word' id='word_1_383' title='bbox 3603 2257 3664 2318; x_wconf 80' lang='lat' dir='ltr'>hi</span> 
     </span>
    </p>
   </div>
   <div class='ocr_carea' id='block_1_55' title="bbox 2010 2340 3660 2415">
    <p class='ocr_par' dir='ltr' id='par_1_55' title="bbox 2010 2340 3660 2415">
     <span class='ocr_line' id='line_1_55' title="bbox 2010 2340 3660 2415; baseline 0.005 -22"><span class='ocrx_word' id='word_1_384' title='bbox 2010 2342 2118 2401; x_wconf 73' lang='lat' dir='ltr'>tres</span> <span class='ocrx_word' id='word_1_385' title='bbox 2147 2341 2206 2394; x_wconf 85' lang='lat' dir='ltr'>in</span> <span class='ocrx_word' id='word_1_386' title='bbox 2234 2356 2341 2396; x_wconf 80' lang='lat' dir='ltr'>uno</span> <span class='ocrx_word' id='word_1_387' title='bbox 2370 2345 2522 2410; x_wconf 80' lang='lat' dir='ltr'>sunt,</span> <span class='ocrx_word' id='word_1_388' title='bbox 2570 2340 2791 2397; x_wconf 88' lang='lat' dir='ltr'>scilicet</span> <span class='ocrx_word' id='word_1_389' title='bbox 2828 2341 2887 2396; x_wconf 90' lang='lat' dir='ltr'>in</span> <span class='ocrx_word' id='word_1_390' title='bbox 2934 2359 3171 2414; x_wconf 91' lang='lat' dir='ltr'>corpore</span> <span class='ocrx_word' id='word_1_391' title='bbox 3218 2342 3452 2413; x_wconf 89' lang='lat' dir='ltr'>Christi,</span> <span class='ocrx_word' id='word_1_392' title='bbox 3503 2345 3660 2415; x_wconf 88' lang='lat' dir='ltr'>quod</span> 
     </span>
    </p>
   </div>
   <div class='ocr_carea' id='block_1_56' title="bbox 2009 2427 3663 2504">
    <p class='ocr_par' dir='ltr' id='par_1_56' title="bbox 2009 2427 3663 2504">
     <span class='ocr_line' id='line_1_56' title="bbox 2009 2427 3663 2504; baseline 0.005 -22"><span class='ocrx_word' id='word_1_393' title='bbox 2009 2427 2258 2492; x_wconf 81' lang='lat' dir='ltr'>dilectus</span> <span class='ocrx_word' id='word_1_394' title='bbox 2278 2429 2426 2500; x_wconf 86' lang='lat' dir='ltr'>ejus,</span> <span class='ocrx_word' id='word_1_395' title='bbox 2450 2446 2556 2485; x_wconf 89' lang='lat' dir='ltr'>nec</span> <span class='ocrx_word' id='word_1_396' title='bbox 2578 2430 2780 2499; x_wconf 90' lang='lat' dir='ltr'>sensit,</span> <span class='ocrx_word' id='word_1_397' title='bbox 2823 2447 2926 2487; x_wconf 90' lang='lat' dir='ltr'>nec</span> <span class='ocrx_word' id='word_1_398' title='bbox 2949 2431 3206 2504; x_wconf 87' lang='lat' dir='ltr'>scripsit,</span> <span class='ocrx_word' id='word_1_399' title='bbox 3248 2433 3372 2497; x_wconf 90' lang='lat' dir='ltr'>sed,</span> <span class='ocrx_word' id='word_1_400' title='bbox 3416 2456 3437 2483; x_wconf 76' lang='grc' dir='ltr'><strong>α</strong></span> <span class='ocrx_word' id='word_1_401' title='bbox 3462 2432 3522 2488; x_wconf 89' lang='lat' dir='ltr'>bi</span> <span class='ocrx_word' id='word_1_402' title='bbox 3545 2437 3663 2492; x_wconf 89' lang='lat' dir='ltr'>tres</span> 
     </span>
    </p>
   </div>
   <div class='ocr_carea' id='block_1_57' title="bbox 2009 2519 3661 2595">
    <p class='ocr_par' dir='ltr' id='par_1_57' title="bbox 2009 2519 3661 2595">
     <span class='ocr_line' id='line_1_57' title="bbox 2009 2519 3661 2595; baseline 0.006 -24"><span class='ocrx_word' id='word_1_403' title='bbox 2009 2533 2194 2586; x_wconf 83' lang='lat' dir='ltr'>unum</span> <span class='ocrx_word' id='word_1_404' title='bbox 2225 2521 2366 2573; x_wconf 91' lang='lat' dir='ltr'>sunt</span> <span class='ocrx_word' id='word_1_405' title='bbox 2397 2519 2444 2590; x_wconf 91' lang='grc' dir='ltr'>(Ι</span> <span class='ocrx_word' id='word_1_406' title='bbox 2468 2520 2623 2575; x_wconf 83' lang='lat' dir='ltr'>Joan.</span> <span class='ocrx_word' id='word_1_407' title='bbox 2661 2536 2756 2589; x_wconf 84' lang='lat' dir='ltr'>vn,</span> <span class='ocrx_word' id='word_1_408' title='bbox 2792 2522 2868 2590; x_wconf 89' lang='lat'>8).</span> <span class='ocrx_word' id='word_1_409' title='bbox 2901 2544 2922 2574; x_wconf 77' lang='grc' dir='ltr'><strong><em>ι</em></strong></span> <span class='ocrx_word' id='word_1_410' title='bbox 2950 2521 3276 2578; x_wconf 89' lang='lat' dir='ltr'>secundum</span> <span class='ocrx_word' id='word_1_411' title='bbox 3298 2522 3661 2595; x_wconf 89' lang='lat' dir='ltr'>superiorem</span> 
     </span>
    </p>
   </div>
   <div class='ocr_carea' id='block_1_58' title="bbox 2010 2605 2703 2678">
    <p class='ocr_par' dir='ltr' id='par_1_58' title="bbox 2010 2605 2703 2678">
     <span class='ocr_line' id='line_1_58' title="bbox 2010 2605 2703 2678; baseline 0.004 -18"><span class='ocrx_word' id='word_1_412' title='bbox 2010 2605 2082 2661; x_wconf 90' lang='lat' dir='ltr'>de</span> <span class='ocrx_word' id='word_1_413' title='bbox 2105 2606 2400 2678; x_wconf 90' lang='lat' dir='ltr'>baptismo</span> <span class='ocrx_word' id='word_1_414' title='bbox 2440 2624 2703 2664; x_wconf 88' lang='lat' dir='ltr'>sensum.</span> 
     </span>
    </p>
   </div>
   <div class='ocr_carea' id='block_1_59' title="bbox 2079 2694 3666 2770">
    <p class='ocr_par' dir='ltr' id='par_1_59' title="bbox 2079 2694 3666 2770">
     <span class='ocr_line' id='line_1_59' title="bbox 2079 2694 3666 2770; baseline 0.004 -22"><span class='ocrx_word' id='word_1_415' title='bbox 2079 2694 2176 2750; x_wconf 86' lang='lat' dir='ltr'>Vl.</span> <span class='ocrx_word' id='word_1_416' title='bbox 2207 2699 2392 2752; x_wconf 89' lang='lat' dir='ltr'>Parva</span> <span class='ocrx_word' id='word_1_417' title='bbox 2420 2699 2562 2752; x_wconf 91' lang='lat' dir='ltr'>sunt</span> <span class='ocrx_word' id='word_1_418' title='bbox 2590 2696 2712 2752; x_wconf 64' lang='lat' dir='ltr'>haec</span> <span class='ocrx_word' id='word_1_419' title='bbox 2753 2700 2812 2754; x_wconf 91' lang='lat' dir='ltr'>et</span> <span class='ocrx_word' id='word_1_420' title='bbox 2843 2713 2988 2770; x_wconf 89' lang='lat' dir='ltr'>pene</span> <span class='ocrx_word' id='word_1_421' title='bbox 3035 2697 3199 2754; x_wconf 90' lang='lat' dir='ltr'>nulla</span> <span class='ocrx_word' id='word_1_422' title='bbox 3246 2698 3319 2754; x_wconf 89' lang='lat' dir='ltr'>ad</span> <span class='ocrx_word' id='word_1_423' title='bbox 3368 2713 3666 2770; x_wconf 89' lang='lat' dir='ltr'>compara-</span> 
     </span>
    </p>
   </div>
   <div class='ocr_carea' id='block_1_60' title="bbox 2010 2783 3660 2858">
    <p class='ocr_par' dir='ltr' id='par_1_60' title="bbox 2010 2783 3660 2858">
     <span class='ocr_line' id='line_1_60' title="bbox 2010 2783 3660 2858; baseline 0.002 -19"><span class='ocrx_word' id='word_1_424' title='bbox 2010 2783 2230 2840; x_wconf 88' lang='lat' dir='ltr'>tionem</span> <span class='ocrx_word' id='word_1_425' title='bbox 2253 2785 2552 2856; x_wconf 88' lang='lat' dir='ltr'>sequentis</span> <span class='ocrx_word' id='word_1_426' title='bbox 2569 2784 2967 2858; x_wconf 76' lang='lat' dir='ltr'>blasphemiae,</span> <span class='ocrx_word' id='word_1_427' title='bbox 2993 2803 3110 2858; x_wconf 89' lang='lat' dir='ltr'>qua</span> <span class='ocrx_word' id='word_1_428' title='bbox 3127 2802 3386 2842; x_wconf 89' lang='lat' dir='ltr'>asserere</span> <span class='ocrx_word' id='word_1_429' title='bbox 3407 2785 3660 2856; x_wconf 89' lang='lat' dir='ltr'>laboras,</span> 
     </span>
    </p>
   </div>
   <div class='ocr_carea' id='block_1_61' title="bbox 2011 2873 3659 2946">
    <p class='ocr_par' dir='ltr' id='par_1_61' title="bbox 2011 2873 3659 2946">
     <span class='ocr_line' id='line_1_61' title="bbox 2011 2873 3659 2946; baseline 0.002 -18"><span class='ocrx_word' id='word_1_430' title='bbox 2011 2873 2167 2944; x_wconf 91' lang='lat' dir='ltr'>quod</span> <span class='ocrx_word' id='word_1_431' title='bbox 2189 2877 2448 2944; x_wconf 90' lang='lat' dir='ltr'>tempore</span> <span class='ocrx_word' id='word_1_432' title='bbox 2469 2873 2782 2930; x_wconf 68' lang='lat' dir='ltr'>Dominicis</span> <span class='ocrx_word' id='word_1_433' title='bbox 2819 2873 3109 2946; x_wconf 89' lang='lat' dir='ltr'>passionis</span> <span class='ocrx_word' id='word_1_434' title='bbox 3146 2878 3203 2930; x_wconf 89' lang='lat' dir='ltr'>et</span> <span class='ocrx_word' id='word_1_435' title='bbox 3245 2874 3659 2934; x_wconf 87' lang='lat' dir='ltr'>cruciﬁxionis.</span> 
     </span>
    </p>
   </div>
   <div class='ocr_carea' id='block_1_62' title="bbox 2011 2961 3664 3036">
    <p class='ocr_par' dir='ltr' id='par_1_62' title="bbox 2011 2961 3664 3036">
     <span class='ocr_line' id='line_1_62' title="bbox 2011 2961 3664 3036; baseline 0.003 -18"><span class='ocrx_word' id='word_1_436' title='bbox 2011 2961 2246 3035; x_wconf 84' lang='lat' dir='ltr'>quando</span> <span class='ocrx_word' id='word_1_437' title='bbox 2269 2962 2512 3034; x_wconf 85' lang='lat' dir='ltr'>sanguis</span> <span class='ocrx_word' id='word_1_438' title='bbox 2535 2966 2591 3019; x_wconf 91' lang='lat' dir='ltr'>et</span> <span class='ocrx_word' id='word_1_439' title='bbox 2610 2979 2764 3035; x_wconf 89' lang='lat' dir='ltr'>aqua</span> <span class='ocrx_word' id='word_1_440' title='bbox 2782 2964 2852 3019; x_wconf 92' lang='lat' dir='ltr'>de</span> <span class='ocrx_word' id='word_1_441' title='bbox 2874 2963 3052 3022; x_wconf 86' lang='lat' dir='ltr'>latere</span> <span class='ocrx_word' id='word_1_442' title='bbox 3067 2966 3195 3036; x_wconf 79' lang='lat' dir='ltr'>eius</span> <span class='ocrx_word' id='word_1_443' title='bbox 3217 2965 3410 3034; x_wconf 79' lang='lat' dir='ltr'>exivit,</span> <span class='ocrx_word' id='word_1_444' title='bbox 3425 2968 3664 3024; x_wconf 85' lang='lat' dir='ltr'>sanctus</span> 
     </span>
    </p>
   </div>
   <div class='ocr_carea' id='block_1_63' title="bbox 2012 3051 3662 3125">
    <p class='ocr_par' dir='ltr' id='par_1_63' title="bbox 2012 3051 3662 3125">
     <span class='ocr_line' id='line_1_63' title="bbox 2012 3051 3662 3125; baseline 0.003 -18"><span class='ocrx_word' id='word_1_445' title='bbox 2012 3055 2070 3107; x_wconf 89' lang='lat' dir='ltr'>et</span> <span class='ocrx_word' id='word_1_446' title='bbox 2088 3051 2351 3108; x_wconf 80' lang='lat' dir='ltr'>vivificus</span> <span class='ocrx_word' id='word_1_447' title='bbox 2372 3052 2616 3124; x_wconf 90' lang='lat' dir='ltr'>spiritus</span> <span class='ocrx_word' id='word_1_448' title='bbox 2642 3052 2700 3108; x_wconf 92' lang='lat' dir='ltr'>in</span> <span class='ocrx_word' id='word_1_449' title='bbox 2725 3053 2992 3110; x_wconf 88' lang='lat' dir='ltr'>deiﬁcata</span> <span class='ocrx_word' id='word_1_450' title='bbox 3013 3055 3144 3125; x_wconf 88' lang='lat' dir='ltr'>ejus</span> <span class='ocrx_word' id='word_1_451' title='bbox 3166 3071 3340 3116; x_wconf 84' lang='lat' dir='ltr'>carne</span> <span class='ocrx_word' id='word_1_452' title='bbox 3359 3055 3662 3114; x_wconf 86' lang='lat' dir='ltr'>remansit.</span> 
     </span>
    </p>
   </div>
   <div class='ocr_carea' id='block_1_64' title="bbox 2014 3140 3665 3209">
    <p class='ocr_par' dir='ltr' id='par_1_64' title="bbox 2014 3140 3665 3209">
     <span class='ocr_line' id='line_1_64' title="bbox 2014 3140 3665 3209; baseline 0.003 -12"><span class='ocrx_word' id='word_1_453' title='bbox 2014 3142 2177 3208; x_wconf 92' lang='lat' dir='ltr'>Quod</span> <span class='ocrx_word' id='word_1_454' title='bbox 2209 3140 2258 3198; x_wconf 91' lang='lat' dir='ltr'>si</span> <span class='ocrx_word' id='word_1_455' title='bbox 2289 3141 2632 3209; x_wconf 90' lang='lat' dir='ltr'>constiterit,</span> <span class='ocrx_word' id='word_1_456' title='bbox 2668 3145 2938 3207; x_wconf 86' lang='lat' dir='ltr'>mortuus</span> <span class='ocrx_word' id='word_1_457' title='bbox 2969 3161 3086 3199; x_wconf 92' lang='lat' dir='ltr'>non</span> <span class='ocrx_word' id='word_1_458' title='bbox 3117 3144 3248 3199; x_wconf 88' lang='lat' dir='ltr'>fuit.</span> <span class='ocrx_word' id='word_1_459' title='bbox 3298 3144 3355 3200; x_wconf 89' lang='lat' dir='ltr'>Si</span> <span class='ocrx_word' id='word_1_460' title='bbox 3394 3147 3665 3202; x_wconf 77' lang='lat' dir='ltr'>mortuus</span> 
     </span>
    </p>
   </div>
   <div class='ocr_carea' id='block_1_65' title="bbox 220 3209 3666 3304">
    <p class='ocr_par' dir='ltr' id='par_1_65' title="bbox 220 3209 3666 3304">
     <span class='ocr_line' id='line_1_65' title="bbox 220 3209 3666 3304; baseline 0 -16"><span class='ocrx_word' id='word_1_461' title='bbox 220 3230 350 3304; x_wconf 80' lang='lat' dir='ltr'>sint</span> <span class='ocrx_word' id='word_1_462' title='bbox 369 3225 917 3298; x_wconf 75' lang='lat' dir='ltr'>consubstantiales</span> <span class='ocrx_word' id='word_1_463' title='bbox 930 3226 1286 3296; x_wconf 70' lang='lat' dir='ltr'>sibi,mensaa</span> <span class='ocrx_word' id='word_1_464' title='bbox 1300 3229 1498 3281; x_wconf 89' lang='lat' dir='ltr'>tamen</span> <span class='ocrx_word' id='word_1_465' title='bbox 1514 3225 1719 3282; x_wconf 72' lang='lat' dir='ltr'>divinae</span> <span class='ocrx_word' id='word_1_466' title='bbox 1732 3225 1903 3299; x_wconf 91' lang='lat' dir='ltr'>panis</span> <span class='ocrx_word' id='word_1_467' title='bbox 1933 3209 1976 3280; x_wconf 83' lang='lat' dir='ltr'>C</span> <span class='ocrx_word' id='word_1_468' title='bbox 2015 3246 2132 3286; x_wconf 92' lang='lat' dir='ltr'>non</span> <span class='ocrx_word' id='word_1_469' title='bbox 2153 3229 2284 3300; x_wconf 87' lang='lat' dir='ltr'>fuit,</span> <span class='ocrx_word' id='word_1_470' title='bbox 2309 3245 2498 3302; x_wconf 91' lang='lat' dir='ltr'>neque</span> <span class='ocrx_word' id='word_1_471' title='bbox 2521 3231 2856 3287; x_wconf 79' lang='lat' dir='ltr'>resurrexit.</span> <span class='ocrx_word' id='word_1_472' title='bbox 2879 3231 2938 3289; x_wconf 88' lang='lat' dir='ltr'>Si</span> <span class='ocrx_word' id='word_1_473' title='bbox 2961 3249 3076 3289; x_wconf 91' lang='lat' dir='ltr'>non</span> <span class='ocrx_word' id='word_1_474' title='bbox 3103 3231 3439 3301; x_wconf 81' lang='lat' dir='ltr'>resurrexit,</span> <span class='ocrx_word' id='word_1_475' title='bbox 3471 3232 3666 3289; x_wconf 87' lang='lat' dir='ltr'>inanis</span> 
     </span>
    </p>
   </div>
   <div class='ocr_carea' id='block_1_66' title="bbox 220 3314 3668 3396">
    <p class='ocr_par' dir='ltr' id='par_1_66' title="bbox 220 3314 3668 3396">
     <span class='ocr_line' id='line_1_66' title="bbox 220 3314 3668 3396; baseline 0.001 -24"><span class='ocrx_word' id='word_1_476' title='bbox 220 3314 1622 3395; x_wconf 65' lang='lat' dir='ltr'>supersubstantialisesteis.Et,omentiteDeo,</span> <span class='ocrx_word' id='word_1_477' title='bbox 1644 3318 1907 3387; x_wconf 87' lang='lat' dir='ltr'>etaperte</span> <span class='ocrx_word' id='word_1_478' title='bbox 2015 3323 2106 3376; x_wconf 90' lang='lat' dir='ltr'>est</span> <span class='ocrx_word' id='word_1_479' title='bbox 2135 3319 2282 3376; x_wconf 83' lang='lat' dir='ltr'>ﬁdes</span> <span class='ocrx_word' id='word_1_480' title='bbox 2313 3322 2370 3375; x_wconf 89' lang='lat' dir='ltr'>et</span> <span class='ocrx_word' id='word_1_481' title='bbox 2397 3319 2731 3392; x_wconf 75' lang='lat' dir='ltr'>praedicatio</span> <span class='ocrx_word' id='word_1_482' title='bbox 2771 3324 2990 3393; x_wconf 90' lang='lat' dir='ltr'>nostra,</span> <span class='ocrx_word' id='word_1_483' title='bbox 3028 3322 3168 3393; x_wconf 91' lang='lat' dir='ltr'>quia</span> <span class='ocrx_word' id='word_1_484' title='bbox 3205 3338 3309 3378; x_wconf 90' lang='lat' dir='ltr'>nec</span> <span class='ocrx_word' id='word_1_485' title='bbox 3347 3338 3455 3380; x_wconf 92' lang='lat' dir='ltr'>nos</span> <span class='ocrx_word' id='word_1_486' title='bbox 3478 3337 3668 3396; x_wconf 81' lang='lat' dir='ltr'>resur-</span> 
     </span>
    </p>
   </div>
   <div class='ocr_carea' id='block_1_67' title="bbox 221 3404 1909 3484">
    <p class='ocr_par' dir='ltr' id='par_1_67' title="bbox 221 3404 1909 3484">
     <span class='ocr_line' id='line_1_67' title="bbox 221 3404 1909 3484; baseline -0.004 -18"><span class='ocrx_word' id='word_1_487' title='bbox 221 3409 638 3482; x_wconf 81' lang='lat' dir='ltr'>impugnator</span> <span class='ocrx_word' id='word_1_488' title='bbox 667 3405 853 3463; x_wconf 87' lang='lat' dir='ltr'>sancti</span> <span class='ocrx_word' id='word_1_489' title='bbox 885 3405 1215 3484; x_wconf 80' lang='lat' dir='ltr'>Evangelii!</span> <span class='ocrx_word' id='word_1_490' title='bbox 1251 3405 1352 3462; x_wconf 91' lang='lat' dir='ltr'>ubi</span> <span class='ocrx_word' id='word_1_491' title='bbox 1401 3409 1457 3460; x_wconf 91' lang='lat' dir='ltr'>et</span> <span class='ocrx_word' id='word_1_492' title='bbox 1498 3405 1731 3479; x_wconf 86' lang='lat' dir='ltr'>quando</span> <span class='ocrx_word' id='word_1_493' title='bbox 1763 3404 1909 3460; x_wconf 84' lang='lat' dir='ltr'>dixit</span> 
     </span>
    </p>
   </div>
   <div class='ocr_carea' id='block_1_68' title="bbox 219 3487 1906 3570">
    <p class='ocr_par' dir='ltr' id='par_1_68' title="bbox 219 3487 1906 3570">
     <span class='ocr_line' id='line_1_68' title="bbox 219 3487 1906 3570; baseline -0.002 -16"><span class='ocrx_word' id='word_1_494' title='bbox 219 3497 507 3566; x_wconf 75' lang='lat' dir='ltr'>Veritas,</span> <span class='ocrx_word' id='word_1_495' title='bbox 538 3495 757 3570; x_wconf 81' lang='lat' dir='ltr'>veracis</span> <span class='ocrx_word' id='word_1_496' title='bbox 787 3495 972 3550; x_wconf 87' lang='lat' dir='ltr'>Patris</span> <span class='ocrx_word' id='word_1_497' title='bbox 1004 3487 1225 3552; x_wconf 81' lang='lat' dir='ltr'>Filius:</span> <span class='ocrx_word' id='word_1_498' title='bbox 1268 3517 1296 3544; x_wconf 89' lang='grc'>‹‹</span> <span class='ocrx_word' id='word_1_499' title='bbox 1330 3494 1536 3550; x_wconf 88' lang='lat' dir='ltr'>Cavete</span> <span class='ocrx_word' id='word_1_500' title='bbox 1583 3494 1655 3550; x_wconf 89' lang='lat' dir='ltr'>ab</span> <span class='ocrx_word' id='word_1_501' title='bbox 1705 3511 1906 3566; x_wconf 80' lang='lat' dir='ltr'>azyma</span> 
     </span>
    </p>
   </div>
   <div class='ocr_carea' id='block_1_69' title="bbox 217 3583 1903 3662">
    <p class='ocr_par' dir='ltr' id='par_1_69' title="bbox 217 3583 1903 3662">
     <span class='ocr_line' id='line_1_69' title="bbox 217 3583 1903 3662; baseline -0.002 -18"><span class='ocrx_word' id='word_1_502' title='bbox 217 3588 540 3662; x_wconf 71' lang='lat' dir='ltr'>fermento</span> <span class='ocrx_word' id='word_1_503' title='bbox 569 3583 995 3652; x_wconf 66' lang='lat' dir='ltr'>Pharisaeorum</span> <span class='ocrx_word' id='word_1_504' title='bbox 1019 3583 1046 3639; x_wconf 89' lang='lat'><strong>?</strong></span> <span class='ocrx_word' id='word_1_505' title='bbox 1067 3607 1096 3634; x_wconf 83' lang='lat'><em>»</em></span> <span class='ocrx_word' id='word_1_506' title='bbox 1125 3584 1312 3657; x_wconf 68' lang='lat' dir='ltr'>(Marc.</span> <span class='ocrx_word' id='word_1_507' title='bbox 1358 3601 1462 3638; x_wconf 77' lang='lat' dir='ltr'>vni</span> <span class='ocrx_word' id='word_1_508' title='bbox 1510 3583 1903 3656; x_wconf 66' lang='lat' dir='ltr'>15.)Nunquid</span> 
     </span>
    </p>
   </div>
   <div class='ocr_carea' id='block_1_70' title="bbox 213 3672 1902 3752">
    <p class='ocr_par' dir='ltr' id='par_1_70' title="bbox 213 3672 1902 3752">
     <span class='ocr_line' id='line_1_70' title="bbox 213 3672 1902 3752; baseline -0.003 -19"><span class='ocrx_word' id='word_1_509' title='bbox 213 3691 513 3752; x_wconf 52' lang='lat' dir='ltr'>aggeratim</span> <span class='ocrx_word' id='word_1_510' title='bbox 569 3672 828 3746; x_wconf 84' lang='lat' dir='ltr'>quolibet</span> <span class='ocrx_word' id='word_1_511' title='bbox 883 3673 1056 3730; x_wconf 91' lang='lat' dir='ltr'>modo</span> <span class='ocrx_word' id='word_1_512' title='bbox 1119 3675 1309 3746; x_wconf 88' lang='lat' dir='ltr'>potest</span> <span class='ocrx_word' id='word_1_513' title='bbox 1380 3672 1494 3728; x_wconf 90' lang='lat' dir='ltr'>dici</span> <span class='ocrx_word' id='word_1_514' title='bbox 1549 3675 1902 3742; x_wconf 79' lang='lat' dir='ltr'>fermentum,</span> 
     </span>
    </p>
   </div>
   <div class='ocr_carea' id='block_1_71' title="bbox 215 3761 1902 3840">
    <p class='ocr_par' dir='ltr' id='par_1_71' title="bbox 215 3761 1902 3840">
     <span class='ocr_line' id='line_1_71' title="bbox 215 3761 1902 3840; baseline -0.001 -20"><span class='ocrx_word' id='word_1_515' title='bbox 215 3764 486 3840; x_wconf 72' lang='lat' dir='ltr'>quando</span> <span class='ocrx_word' id='word_1_516' title='bbox 517 3778 785 3834; x_wconf 82' lang='lat' dir='ltr'>azymum</span> <span class='ocrx_word' id='word_1_517' title='bbox 817 3761 1064 3831; x_wconf 90' lang='lat' dir='ltr'>dicatur,</span> <span class='ocrx_word' id='word_1_518' title='bbox 1096 3778 1163 3834; x_wconf 85' lang='lat' dir='ltr'>eo</span> <span class='ocrx_word' id='word_1_519' title='bbox 1195 3763 1348 3834; x_wconf 87' lang='lat' dir='ltr'>quod</span> <span class='ocrx_word' id='word_1_520' title='bbox 1375 3762 1598 3836; x_wconf 82' lang='lat' dir='ltr'>absque</span> <span class='ocrx_word' id='word_1_521' title='bbox 1618 3761 1902 3819; x_wconf 89' lang='lat' dir='ltr'>fermento</span> 
     </span>
    </p>
   </div>
   <div class='ocr_carea' id='block_1_72' title="bbox 211 3851 1906 3924">
    <p class='ocr_par' dir='ltr' id='par_1_72' title="bbox 211 3851 1906 3924">
     <span class='ocr_line' id='line_1_72' title="bbox 211 3851 1906 3924; baseline -0.003 -12"><span class='ocrx_word' id='word_1_522' title='bbox 211 3855 288 3912; x_wconf 82' lang='lat' dir='ltr'>sit</span> <span class='ocrx_word' id='word_1_523' title='bbox 307 3855 339 3911; x_wconf 76' lang='lat'><strong>7</strong></span> <span class='ocrx_word' id='word_1_524' title='bbox 361 3855 439 3924; x_wconf 65' lang='lat' dir='ltr'>et</span> <span class='ocrx_word' id='word_1_525' title='bbox 460 3851 797 3924; x_wconf 82' lang='lat' dir='ltr'>ubicunque</span> <span class='ocrx_word' id='word_1_526' title='bbox 829 3852 1183 3910; x_wconf 87' lang='lat' dir='ltr'>fermentum</span> <span class='ocrx_word' id='word_1_527' title='bbox 1213 3851 1410 3922; x_wconf 87' lang='lat' dir='ltr'>fuerit,</span> <span class='ocrx_word' id='word_1_528' title='bbox 1442 3866 1682 3908; x_wconf 89' lang='lat' dir='ltr'>necesse</span> <span class='ocrx_word' id='word_1_529' title='bbox 1713 3855 1803 3906; x_wconf 89' lang='lat' dir='ltr'>est</span> <span class='ocrx_word' id='word_1_530' title='bbox 1839 3855 1906 3907; x_wconf 89' lang='lat' dir='ltr'>ut</span> 
     </span>
    </p>
   </div>
   <div class='ocr_carea' id='block_1_73' title="bbox 210 3939 1904 4017">
    <p class='ocr_par' dir='ltr' id='par_1_73' title="bbox 210 3939 1904 4017">
     <span class='ocr_line' id='line_1_73' title="bbox 210 3939 1904 4017; baseline -0.003 -16"><span class='ocrx_word' id='word_1_531' title='bbox 210 3948 320 4017; x_wconf 75' lang='lat' dir='ltr'>aut</span> <span class='ocrx_word' id='word_1_532' title='bbox 348 3942 732 4012; x_wconf 71' lang='lat' dir='ltr'>fermentum</span> <span class='ocrx_word' id='word_1_533' title='bbox 755 3940 989 4010; x_wconf 82' lang='lat' dir='ltr'>efﬁciat,</span> <span class='ocrx_word' id='word_1_534' title='bbox 1013 3945 1113 3996; x_wconf 89' lang='lat' dir='ltr'>aut</span> <span class='ocrx_word' id='word_1_535' title='bbox 1132 3940 1487 4012; x_wconf 78' lang='lat' dir='ltr'>fermentum</span> <span class='ocrx_word' id='word_1_536' title='bbox 1519 3939 1904 4012; x_wconf 83' lang='lat' dir='ltr'>permaneat?</span> 
     </span>
    </p>
   </div>
   <div class='ocr_carea' id='block_1_74' title="bbox 204 4029 1903 4105">
    <p class='ocr_par' dir='ltr' id='par_1_74' title="bbox 204 4029 1903 4105">
     <span class='ocr_line' id='line_1_74' title="bbox 204 4029 1903 4105; baseline -0.002 -17"><span class='ocrx_word' id='word_1_537' title='bbox 204 4037 362 4105; x_wconf 82' lang='lat' dir='ltr'>cum</span> <span class='ocrx_word' id='word_1_538' title='bbox 404 4044 554 4103; x_wconf 68' lang='lat' dir='ltr'>ergo</span> <span class='ocrx_word' id='word_1_539' title='bbox 584 4029 998 4098; x_wconf 81' lang='lat' dir='ltr'>fermentatum</span> <span class='ocrx_word' id='word_1_540' title='bbox 1050 4047 1166 4086; x_wconf 91' lang='lat' dir='ltr'>non</span> <span class='ocrx_word' id='word_1_541' title='bbox 1196 4029 1276 4086; x_wconf 92' lang='lat' dir='ltr'>sit</span> <span class='ocrx_word' id='word_1_542' title='bbox 1306 4029 1432 4094; x_wconf 89' lang='lat' dir='ltr'>sine</span> <span class='ocrx_word' id='word_1_543' title='bbox 1462 4029 1770 4097; x_wconf 90' lang='lat' dir='ltr'>fermento,</span> <span class='ocrx_word' id='word_1_544' title='bbox 1798 4046 1903 4086; x_wconf 91' lang='lat' dir='ltr'>nec</span> 
     </span>
    </p>
   </div>
   <div class='ocr_carea' id='block_1_75' title="bbox 208 4116 1900 4191">
    <p class='ocr_par' dir='ltr' id='par_1_75' title="bbox 208 4116 1900 4191">
     <span class='ocr_line' id='line_1_75' title="bbox 208 4116 1900 4191; baseline -0.001 -15"><span class='ocrx_word' id='word_1_545' title='bbox 208 4122 604 4178; x_wconf 83' lang='lat' dir='ltr'>fermentum</span> <span class='ocrx_word' id='word_1_546' title='bbox 616 4117 931 4190; x_wconf 88' lang='lat' dir='ltr'>aliquando</span> <span class='ocrx_word' id='word_1_547' title='bbox 943 4117 1129 4191; x_wconf 91' lang='lat' dir='ltr'>possit</span> <span class='ocrx_word' id='word_1_548' title='bbox 1139 4134 1268 4174; x_wconf 90' lang='lat' dir='ltr'>esse</span> <span class='ocrx_word' id='word_1_549' title='bbox 1285 4117 1412 4174; x_wconf 92' lang='lat' dir='ltr'>sine</span> <span class='ocrx_word' id='word_1_550' title='bbox 1434 4116 1584 4188; x_wconf 89' lang='lat' dir='ltr'>ipso,</span> <span class='ocrx_word' id='word_1_551' title='bbox 1608 4119 1900 4190; x_wconf 89' lang='lat' dir='ltr'>quomodo</span> 
     </span>
    </p>
   </div>
   <div class='ocr_carea' id='block_1_76' title="bbox 209 4206 1903 4280">
    <p class='ocr_par' dir='ltr' id='par_1_76' title="bbox 209 4206 1903 4280">
     <span class='ocr_line' id='line_1_76' title="bbox 209 4206 1903 4280; baseline -0.004 -12"><span class='ocrx_word' id='word_1_552' title='bbox 209 4211 451 4274; x_wconf 67' lang='lat' dir='ltr'>saltem</span> <span class='ocrx_word' id='word_1_553' title='bbox 480 4207 780 4266; x_wconf 87' lang='lat' dir='ltr'>somniare</span> <span class='ocrx_word' id='word_1_554' title='bbox 811 4223 992 4264; x_wconf 86' lang='lat' dir='ltr'>ausus</span> <span class='ocrx_word' id='word_1_555' title='bbox 1015 4224 1079 4263; x_wconf 82' lang='lat' dir='ltr'>es</span> <span class='ocrx_word' id='word_1_556' title='bbox 1118 4223 1390 4280; x_wconf 82' lang='lat' dir='ltr'>azymum</span> <span class='ocrx_word' id='word_1_557' title='bbox 1439 4206 1856 4264; x_wconf 84' lang='lat' dir='ltr'>fermentatum</span> <span class='ocrx_word' id='word_1_558' title='bbox 1875 4208 1903 4262; x_wconf 87' lang='lat'><strong>?</strong></span> 
     </span>
    </p>
   </div>
   <div class='ocr_carea' id='block_1_77' title="bbox 210 4295 1898 4371">
    <p class='ocr_par' dir='ltr' id='par_1_77' title="bbox 210 4295 1898 4371">
     <span class='ocr_line' id='line_1_77' title="bbox 210 4295 1898 4371; baseline -0.001 -16"><span class='ocrx_word' id='word_1_559' title='bbox 210 4301 335 4366; x_wconf 78' lang='lat' dir='ltr'>Sed</span> <span class='ocrx_word' id='word_1_560' title='bbox 374 4296 659 4371; x_wconf 75' lang='lat' dir='ltr'>quamvis</span> <span class='ocrx_word' id='word_1_561' title='bbox 691 4296 826 4358; x_wconf 84' lang='lat' dir='ltr'>talia</span> <span class='ocrx_word' id='word_1_562' title='bbox 855 4297 1100 4353; x_wconf 88' lang='lat' dir='ltr'>dicendo</span> <span class='ocrx_word' id='word_1_563' title='bbox 1151 4295 1295 4362; x_wconf 84' lang='lat' dir='ltr'>telas</span> <span class='ocrx_word' id='word_1_564' title='bbox 1339 4310 1564 4352; x_wconf 72' lang='lat' dir='ltr'>araneis</span> <span class='ocrx_word' id='word_1_565' title='bbox 1615 4297 1898 4364; x_wconf 89' lang='lat' dir='ltr'>texueris,</span> 
     </span>
    </p>
   </div>
   <div class='ocr_carea' id='block_1_78' title="bbox 211 4385 1904 4456">
    <p class='ocr_par' dir='ltr' id='par_1_78' title="bbox 211 4385 1904 4456">
     <span class='ocr_line' id='line_1_78' title="bbox 211 4385 1904 4456; baseline -0.001 -13"><span class='ocrx_word' id='word_1_566' title='bbox 211 4403 485 4454; x_wconf 74' lang='lat' dir='ltr'>muscas</span> <span class='ocrx_word' id='word_1_567' title='bbox 506 4385 903 4456; x_wconf 74' lang='lat' dir='ltr'>etculicesseu</span> <span class='ocrx_word' id='word_1_568' title='bbox 922 4385 1276 4444; x_wconf 88' lang='lat' dir='ltr'>vermiculos</span> <span class='ocrx_word' id='word_1_569' title='bbox 1287 4386 1628 4442; x_wconf 88' lang='lat' dir='ltr'>aberrantes</span> <span class='ocrx_word' id='word_1_570' title='bbox 1644 4385 1737 4442; x_wconf 91' lang='lat' dir='ltr'>his</span> <span class='ocrx_word' id='word_1_571' title='bbox 1760 4387 1904 4443; x_wconf 90' lang='lat' dir='ltr'>irre-</span> 
     </span>
    </p>
   </div>
   <div class='ocr_carea' id='block_1_79' title="bbox 209 4474 1900 4551">
    <p class='ocr_par' dir='ltr' id='par_1_79' title="bbox 209 4474 1900 4551">
     <span class='ocr_line' id='line_1_79' title="bbox 209 4474 1900 4551; baseline -0.001 -17"><span class='ocrx_word' id='word_1_572' title='bbox 209 4479 335 4536; x_wconf 84' lang='lat' dir='ltr'>tire</span> <span class='ocrx_word' id='word_1_573' title='bbox 358 4475 634 4551; x_wconf 82' lang='lat' dir='ltr'>poteris;</span> <span class='ocrx_word' id='word_1_574' title='bbox 664 4493 782 4531; x_wconf 90' lang='lat' dir='ltr'>non</span> <span class='ocrx_word' id='word_1_575' title='bbox 806 4479 1003 4534; x_wconf 88' lang='lat' dir='ltr'>autem</span> <span class='ocrx_word' id='word_1_576' title='bbox 1034 4475 1339 4547; x_wconf 81' lang='lat' dir='ltr'>columbas</span> <span class='ocrx_word' id='word_1_577' title='bbox 1359 4474 1659 4548; x_wconf 90' lang='lat' dir='ltr'>simplices</span> <span class='ocrx_word' id='word_1_578' title='bbox 1688 4479 1745 4531; x_wconf 90' lang='lat' dir='ltr'>et</span> <span class='ocrx_word' id='word_1_579' title='bbox 1767 4493 1900 4533; x_wconf 90' lang='lat' dir='ltr'>oves</span> 
     </span>
    </p>
   </div>
   <div class='ocr_carea' id='block_1_80' title="bbox 208 4563 1401 4640">
    <p class='ocr_par' dir='ltr' id='par_1_80' title="bbox 208 4563 1401 4640">
     <span class='ocr_line' id='line_1_80' title="bbox 208 4563 1401 4640; baseline -0.002 -18"><span class='ocrx_word' id='word_1_580' title='bbox 208 4568 730 4640; x_wconf 63' lang='lat' dir='ltr'>Wescentes</span> <span class='ocrx_word' id='word_1_581' title='bbox 758 4581 958 4630; x_wconf 89' lang='lat' dir='ltr'>vocem</span> <span class='ocrx_word' id='word_1_582' title='bbox 987 4565 1084 4630; x_wconf 82' lang='lat' dir='ltr'>sui</span> <span class='ocrx_word' id='word_1_583' title='bbox 1123 4563 1401 4630; x_wconf 83' lang='lat' dir='ltr'>auctoris.</span> 
     </span>
    </p>
   </div>
   <div class='ocr_carea' id='block_1_81' title="bbox 283 4653 1896 4725">
    <p class='ocr_par' dir='ltr' id='par_1_81' title="bbox 283 4653 1896 4725">
     <span class='ocr_line' id='line_1_81' title="bbox 283 4653 1896 4725; baseline -0.002 -9"><span class='ocrx_word' id='word_1_584' title='bbox 283 4657 402 4725; x_wconf 66' lang='grc' dir='ltr'>ΙΥ.</span> <span class='ocrx_word' id='word_1_585' title='bbox 455 4653 702 4723; x_wconf 80' lang='lat' dir='ltr'>Deinde,</span> <span class='ocrx_word' id='word_1_586' title='bbox 753 4673 785 4710; x_wconf 94' lang='lat' dir='ltr'>o</span> <span class='ocrx_word' id='word_1_587' title='bbox 836 4654 1116 4712; x_wconf 77' lang='lat' dir='ltr'>subversa</span> <span class='ocrx_word' id='word_1_588' title='bbox 1163 4653 1492 4722; x_wconf 88' lang='lat' dir='ltr'>subversor,</span> <span class='ocrx_word' id='word_1_589' title='bbox 1558 4653 1896 4712; x_wconf 85' lang='lat' dir='ltr'>subvertere</span> 
     </span>
    </p>
   </div>
   <div class='ocr_carea' id='block_1_82' title="bbox 205 4741 1894 4815">
    <p class='ocr_par' dir='ltr' id='par_1_82' title="bbox 205 4741 1894 4815">
     <span class='ocr_line' id='line_1_82' title="bbox 205 4741 1894 4815; baseline -0.004 -11"><span class='ocrx_word' id='word_1_590' title='bbox 519 4743 868 4808; x_wconf 83' lang='lat' dir='ltr'>sententiam</span> <span class='ocrx_word' id='word_1_591' title='bbox 899 4741 1148 4815; x_wconf 89' lang='lat' dir='ltr'>apostoli</span> <span class='ocrx_word' id='word_1_592' title='bbox 1176 4741 1420 4800; x_wconf 88' lang='lat' dir='ltr'>Joannis</span> <span class='ocrx_word' id='word_1_593' title='bbox 1470 4741 1756 4798; x_wconf 90' lang='lat' dir='ltr'>dicentis:</span> <span class='ocrx_word' id='word_1_594' title='bbox 1781 4765 1809 4793; x_wconf 83' lang='lat'><strong>«</strong></span> <span class='ocrx_word' id='word_1_595' title='bbox 1833 4743 1894 4800; x_wconf 91' lang='lat' dir='ltr'>Si</span> 
     </span>
    </p>
   </div>
   <div class='ocr_carea' id='block_1_83' title="bbox 204 4831 1894 4904">
    <p class='ocr_par' dir='ltr' id='par_1_83' title="bbox 204 4831 1894 4904">
     <span class='ocr_line' id='line_1_83' title="bbox 204 4831 1894 4904; baseline -0.002 -12"><span class='ocrx_word' id='word_1_596' title='bbox 204 4832 568 4902; x_wconf 67' lang='lat' dir='ltr'>dixerimus</span> <span class='ocrx_word' id='word_1_597' title='bbox 589 4832 738 4904; x_wconf 82' lang='lat' dir='ltr'>quia</span> <span class='ocrx_word' id='word_1_598' title='bbox 760 4831 1100 4889; x_wconf 86' lang='lat' dir='ltr'>societatem</span> <span class='ocrx_word' id='word_1_599' title='bbox 1127 4831 1416 4899; x_wconf 78' lang='lat' dir='ltr'>habemus</span> <span class='ocrx_word' id='word_1_600' title='bbox 1465 4847 1599 4900; x_wconf 87' lang='lat' dir='ltr'>cum</span> <span class='ocrx_word' id='word_1_601' title='bbox 1631 4848 1718 4900; x_wconf 90' lang='lat' dir='ltr'>eo,</span> <span class='ocrx_word' id='word_1_602' title='bbox 1745 4835 1802 4887; x_wconf 89' lang='lat' dir='ltr'>et</span> <span class='ocrx_word' id='word_1_603' title='bbox 1833 4833 1894 4888; x_wconf 92' lang='lat' dir='ltr'>in</span> 
     </span>
    </p>
   </div>
   <div class='ocr_carea' id='block_1_84' title="bbox 203 4920 1900 4994">
    <p class='ocr_par' dir='ltr' id='par_1_84' title="bbox 203 4920 1900 4994">
     <span class='ocr_line' id='line_1_84' title="bbox 203 4920 1900 4994; baseline -0.002 -13"><span class='ocrx_word' id='word_1_604' title='bbox 203 4921 506 4988; x_wconf 69' lang='lat' dir='ltr'>tenebris</span> <span class='ocrx_word' id='word_1_605' title='bbox 537 4921 935 4994; x_wconf 80' lang='lat' dir='ltr'>ambulamus,</span> <span class='ocrx_word' id='word_1_606' title='bbox 969 4921 1290 4986; x_wconf 85' lang='lat' dir='ltr'>mentimur</span> <span class='ocrx_word' id='word_1_607' title='bbox 1317 4924 1374 4977; x_wconf 93' lang='lat' dir='ltr'>et</span> <span class='ocrx_word' id='word_1_608' title='bbox 1396 4937 1512 4976; x_wconf 91' lang='lat' dir='ltr'>non</span> <span class='ocrx_word' id='word_1_609' title='bbox 1538 4920 1786 4978; x_wconf 83' lang='lat' dir='ltr'>facimus</span> <span class='ocrx_word' id='word_1_610' title='bbox 1805 4938 1900 4978; x_wconf 92' lang='lat' dir='ltr'>ve-</span> 
     </span>
    </p>
   </div>
   <div class='ocr_carea' id='block_1_85' title="bbox 205 5009 1899 5082">
    <p class='ocr_par' dir='ltr' id='par_1_85' title="bbox 205 5009 1899 5082">
     <span class='ocr_line' id='line_1_85' title="bbox 205 5009 1899 5082; baseline -0.001 -13"><span class='ocrx_word' id='word_1_611' title='bbox 205 5015 478 5081; x_wconf 68' lang='lat' dir='ltr'>ritatem</span> <span class='ocrx_word' id='word_1_612' title='bbox 505 5012 724 5082; x_wconf 68' lang='lat' dir='ltr'>(Hann.</span> <span class='ocrx_word' id='word_1_613' title='bbox 770 5029 808 5080; x_wconf 81' lang='grc' dir='ltr'>ι,</span> <span class='ocrx_word' id='word_1_614' title='bbox 829 5013 908 5081; x_wconf 88' lang='lat'>6),</span> <span class='ocrx_word' id='word_1_615' title='bbox 955 5033 976 5062; x_wconf 72' lang='grc' dir='ltr'><strong><em>ι</em></strong></span> <span class='ocrx_word' id='word_1_616' title='bbox 1023 5015 1083 5069; x_wconf 87' lang='lat' dir='ltr'>et</span> <span class='ocrx_word' id='word_1_617' title='bbox 1117 5009 1340 5078; x_wconf 75' lang='lat' dir='ltr'>caeteris</span> <span class='ocrx_word' id='word_1_618' title='bbox 1357 5010 1612 5082; x_wconf 84' lang='lat' dir='ltr'>nequius</span> <span class='ocrx_word' id='word_1_619' title='bbox 1648 5027 1793 5068; x_wconf 89' lang='lat' dir='ltr'>usus</span> <span class='ocrx_word' id='word_1_620' title='bbox 1835 5029 1899 5068; x_wconf 89' lang='lat' dir='ltr'>es</span> 
     </span>
    </p>
   </div>
   <div class='ocr_carea' id='block_1_86' title="bbox 205 5099 1898 5182">
    <p class='ocr_par' dir='ltr' id='par_1_86' title="bbox 205 5099 1898 5182">
     <span class='ocr_line' id='line_1_86' title="bbox 205 5099 1898 5182; baseline -0.002 -22"><span class='ocrx_word' id='word_1_621' title='bbox 205 5103 334 5171; x_wconf 83' lang='lat' dir='ltr'>hoc</span> <span class='ocrx_word' id='word_1_622' title='bbox 559 5100 914 5169; x_wconf 80' lang='lat' dir='ltr'>testimonio,</span> <span class='ocrx_word' id='word_1_623' title='bbox 965 5117 1143 5173; x_wconf 88' lang='lat' dir='ltr'>quam</span> <span class='ocrx_word' id='word_1_624' title='bbox 1192 5099 1422 5169; x_wconf 83' lang='lat' dir='ltr'>adulter</span> <span class='ocrx_word' id='word_1_625' title='bbox 1466 5099 1634 5156; x_wconf 92' lang='lat' dir='ltr'>oculo</span> <span class='ocrx_word' id='word_1_626' title='bbox 1665 5104 1722 5156; x_wconf 89' lang='lat' dir='ltr'>et</span> <span class='ocrx_word' id='word_1_627' title='bbox 1750 5100 1898 5156; x_wconf 89' lang='lat' dir='ltr'>latro</span> 
     </span>
    </p>
   </div>
   <div class='ocr_carea' id='block_1_87' title="bbox 209 5187 1897 5263">
    <p class='ocr_par' dir='ltr' id='par_1_87' title="bbox 209 5187 1897 5263">
     <span class='ocr_line' id='line_1_87' title="bbox 209 5187 1897 5263; baseline -0.002 -13"><span class='ocrx_word' id='word_1_628' title='bbox 209 5194 417 5258; x_wconf 74' lang='lat' dir='ltr'>ferro,</span> <span class='ocrx_word' id='word_1_629' title='bbox 450 5205 584 5262; x_wconf 55' lang='lat' dir='ltr'>qua</span> <span class='ocrx_word' id='word_1_630' title='bbox 611 5190 816 5263; x_wconf 90' lang='lat' dir='ltr'>utique</span> <span class='ocrx_word' id='word_1_631' title='bbox 846 5192 998 5248; x_wconf 86' lang='lat' dir='ltr'>bona</span> <span class='ocrx_word' id='word_1_632' title='bbox 1020 5192 1179 5247; x_wconf 92' lang='lat' dir='ltr'>sunt.</span> <span class='ocrx_word' id='word_1_633' title='bbox 1215 5188 1300 5246; x_wconf 90' lang='lat' dir='ltr'>Illi</span> <span class='ocrx_word' id='word_1_634' title='bbox 1348 5187 1505 5246; x_wconf 88' lang='lat' dir='ltr'>enim</span> <span class='ocrx_word' id='word_1_635' title='bbox 1533 5187 1740 5246; x_wconf 83' lang='lat' dir='ltr'>laedere</span> <span class='ocrx_word' id='word_1_636' title='bbox 1770 5193 1897 5246; x_wconf 89' lang='lat' dir='ltr'>ten-</span> 
     </span>
    </p>
   </div>
   <div class='ocr_carea' id='block_1_88' title="bbox 207 5278 1898 5353">
    <p class='ocr_par' dir='ltr' id='par_1_88' title="bbox 207 5278 1898 5353">
     <span class='ocr_line' id='line_1_88' title="bbox 207 5278 1898 5353; baseline -0.002 -13"><span class='ocrx_word' id='word_1_637' title='bbox 207 5286 359 5340; x_wconf 82' lang='lat' dir='ltr'>tant</span> <span class='ocrx_word' id='word_1_638' title='bbox 396 5279 654 5351; x_wconf 81' lang='lat' dir='ltr'>aliquos,</span> <span class='ocrx_word' id='word_1_639' title='bbox 687 5285 752 5336; x_wconf 90' lang='lat' dir='ltr'>tu</span> <span class='ocrx_word' id='word_1_640' title='bbox 783 5281 1024 5353; x_wconf 88' lang='lat' dir='ltr'>perdere</span> <span class='ocrx_word' id='word_1_641' title='bbox 1053 5282 1314 5344; x_wconf 85' lang='lat' dir='ltr'>cunctos.</span> <span class='ocrx_word' id='word_1_642' title='bbox 1368 5278 1529 5344; x_wconf 91' lang='lat' dir='ltr'>Unde</span> <span class='ocrx_word' id='word_1_643' title='bbox 1557 5281 1614 5335; x_wconf 90' lang='lat' dir='ltr'>et</span> <span class='ocrx_word' id='word_1_644' title='bbox 1645 5279 1728 5334; x_wconf 89' lang='lat' dir='ltr'>sic</span> <span class='ocrx_word' id='word_1_645' title='bbox 1760 5296 1898 5336; x_wconf 91' lang='lat' dir='ltr'>con-</span> 
     </span>
    </p>
   </div>
   <div class='ocr_carea' id='block_1_89' title="bbox 206 5368 1897 5442">
    <p class='ocr_par' dir='ltr' id='par_1_89' title="bbox 206 5368 1897 5442">
     <span class='ocr_line' id='line_1_89' title="bbox 206 5368 1897 5442; baseline -0.001 -14"><span class='ocrx_word' id='word_1_646' title='bbox 206 5370 472 5435; x_wconf 73' lang='lat' dir='ltr'>cludis:</span> <span class='ocrx_word' id='word_1_647' title='bbox 508 5369 614 5437; x_wconf 83' lang='lat' dir='ltr'>Qui</span> <span class='ocrx_word' id='word_1_648' title='bbox 659 5387 785 5439; x_wconf 85' lang='lat' dir='ltr'>ergo</span> <span class='ocrx_word' id='word_1_649' title='bbox 833 5387 1033 5442; x_wconf 69' lang='lat' dir='ltr'>azyma</span> <span class='ocrx_word' id='word_1_650' title='bbox 1077 5368 1330 5442; x_wconf 69' lang='lat' dir='ltr'>comedit,</span> <span class='ocrx_word' id='word_1_651' title='bbox 1378 5371 1438 5425; x_wconf 83' lang='lat' dir='ltr'>in</span> <span class='ocrx_word' id='word_1_652' title='bbox 1487 5368 1722 5424; x_wconf 77' lang='lat' dir='ltr'>tenebris</span> <span class='ocrx_word' id='word_1_653' title='bbox 1760 5369 1897 5441; x_wconf 76' lang='lat' dir='ltr'>legis</span> 
     </span>
    </p>
   </div>
   <div class='ocr_carea' id='block_1_90' title="bbox 201 5458 1895 5520">
    <p class='ocr_par' dir='ltr' id='par_1_90' title="bbox 201 5458 1895 5520">
     <span class='ocr_line' id='line_1_90' title="bbox 201 5458 1895 5520; baseline -0.001 -4"><span class='ocrx_word' id='word_1_654' title='bbox 201 5459 510 5520; x_wconf 75' lang='lat' dir='ltr'>ambulat.</span> <span class='ocrx_word' id='word_1_655' title='bbox 542 5459 651 5514; x_wconf 88' lang='lat' dir='ltr'>Sed</span> <span class='ocrx_word' id='word_1_656' title='bbox 677 5459 836 5518; x_wconf 86' lang='lat' dir='ltr'>idem</span> <span class='ocrx_word' id='word_1_657' title='bbox 856 5458 1112 5518; x_wconf 82' lang='lat' dir='ltr'>Joannes</span> <span class='ocrx_word' id='word_1_658' title='bbox 1133 5458 1519 5517; x_wconf 89' lang='lat' dir='ltr'>intentionem</span> <span class='ocrx_word' id='word_1_659' title='bbox 1541 5461 1706 5515; x_wconf 90' lang='lat' dir='ltr'>tuam</span> <span class='ocrx_word' id='word_1_660' title='bbox 1727 5474 1895 5517; x_wconf 85' lang='lat' dir='ltr'>enar-</span> 
     </span>
    </p>
   </div>
   <div class='ocr_carea' id='block_1_91' title="bbox 195 5547 1896 5622">
    <p class='ocr_par' dir='ltr' id='par_1_91' title="bbox 195 5547 1896 5622">
     <span class='ocr_line' id='line_1_91' title="bbox 195 5547 1896 5622; baseline -0.001 -14"><span class='ocrx_word' id='word_1_661' title='bbox 195 5567 397 5618; x_wconf 82' lang='lat' dir='ltr'>rans,</span> <span class='ocrx_word' id='word_1_662' title='bbox 429 5547 561 5608; x_wconf 84' lang='lat' dir='ltr'>luce</span> <span class='ocrx_word' id='word_1_663' title='bbox 585 5548 800 5608; x_wconf 87' lang='lat' dir='ltr'>clarius</span> <span class='ocrx_word' id='word_1_664' title='bbox 829 5551 1214 5618; x_wconf 85' lang='lat' dir='ltr'>demonstrat,</span> <span class='ocrx_word' id='word_1_665' title='bbox 1249 5548 1350 5622; x_wconf 89' lang='lat' dir='ltr'>qui</span> <span class='ocrx_word' id='word_1_666' title='bbox 1381 5548 1612 5617; x_wconf 86' lang='lat' dir='ltr'>dixerit,</span> <span class='ocrx_word' id='word_1_667' title='bbox 1649 5551 1896 5621; x_wconf 87' lang='lat' dir='ltr'>subjun-</span> 
     </span>
    </p>
   </div>
   <div class='ocr_carea' id='block_1_92' title="bbox 196 5637 1892 5718">
    <p class='ocr_par' dir='ltr' id='par_1_92' title="bbox 196 5637 1892 5718">
     <span class='ocr_line' id='line_1_92' title="bbox 196 5637 1892 5718; baseline -0.002 -18"><span class='ocrx_word' id='word_1_668' title='bbox 196 5655 373 5715; x_wconf 83' lang='lat' dir='ltr'>gens</span> <span class='ocrx_word' id='word_1_669' title='bbox 404 5654 419 5695; x_wconf 90' lang='lat'>:</span> <span class='ocrx_word' id='word_1_670' title='bbox 454 5659 487 5689; x_wconf 79' lang='lat'><em>«</em></span> <span class='ocrx_word' id='word_1_671' title='bbox 507 5637 618 5706; x_wconf 86' lang='lat' dir='ltr'>Qui</span> <span class='ocrx_word' id='word_1_672' title='bbox 639 5640 760 5700; x_wconf 87' lang='lat' dir='ltr'>odit</span> <span class='ocrx_word' id='word_1_673' title='bbox 779 5657 956 5718; x_wconf 84' lang='lat' dir='ltr'>suum</span> <span class='ocrx_word' id='word_1_674' title='bbox 978 5641 1238 5708; x_wconf 83' lang='lat' dir='ltr'>fratrem,</span> <span class='ocrx_word' id='word_1_675' title='bbox 1264 5638 1324 5696; x_wconf 91' lang='lat' dir='ltr'>in</span> <span class='ocrx_word' id='word_1_676' title='bbox 1346 5637 1604 5696; x_wconf 87' lang='lat' dir='ltr'>tenebris</span> <span class='ocrx_word' id='word_1_677' title='bbox 1625 5643 1734 5708; x_wconf 91' lang='lat' dir='ltr'>est,</span> <span class='ocrx_word' id='word_1_678' title='bbox 1759 5645 1816 5696; x_wconf 90' lang='lat' dir='ltr'>et</span> <span class='ocrx_word' id='word_1_679' title='bbox 1835 5640 1892 5697; x_wconf 93' lang='lat' dir='ltr'>in</span> 
     </span>
    </p>
   </div>
   <div class='ocr_carea' id='block_1_93' title="bbox 2013 3407 3668 3482">
    <p class='ocr_par' dir='ltr' id='par_1_93' title="bbox 2013 3407 3668 3482">
     <span class='ocr_line' id='line_1_93' title="bbox 2013 3407 3668 3482; baseline 0.003 -19"><span class='ocrx_word' id='word_1_680' title='bbox 2013 3424 2238 3480; x_wconf 80' lang='lat' dir='ltr'>gamus.</span> <span class='ocrx_word' id='word_1_681' title='bbox 2293 3410 2362 3464; x_wconf 90' lang='lat' dir='ltr'>Et</span> <span class='ocrx_word' id='word_1_682' title='bbox 2411 3407 2564 3466; x_wconf 86' lang='lat' dir='ltr'>sicut</span> <span class='ocrx_word' id='word_1_683' title='bbox 2605 3409 2919 3482; x_wconf 90' lang='lat' dir='ltr'>Apostolus</span> <span class='ocrx_word' id='word_1_684' title='bbox 2983 3410 3102 3466; x_wconf 89' lang='lat' dir='ltr'>ait:</span> <span class='ocrx_word' id='word_1_685' title='bbox 3157 3434 3178 3460; x_wconf 75' lang='grc' dir='ltr'><strong><em>α</em></strong></span> <span class='ocrx_word' id='word_1_686' title='bbox 3215 3410 3274 3469; x_wconf 89' lang='lat' dir='ltr'>Si</span> <span class='ocrx_word' id='word_1_687' title='bbox 3325 3412 3398 3467; x_wconf 88' lang='lat' dir='ltr'>ad</span> <span class='ocrx_word' id='word_1_688' title='bbox 3448 3410 3668 3468; x_wconf 81' lang='lat' dir='ltr'>bestias</span> 
     </span>
    </p>
   </div>
   <div class='ocr_carea' id='block_1_94' title="bbox 2017 3497 3663 3572">
    <p class='ocr_par' dir='ltr' id='par_1_94' title="bbox 2017 3497 3663 3572">
     <span class='ocr_line' id='line_1_94' title="bbox 2017 3497 3663 3572; baseline -0.002 -14"><span class='ocrx_word' id='word_1_689' title='bbox 2017 3498 2269 3571; x_wconf 82' lang='lat' dir='ltr'>pugnavi</span> <span class='ocrx_word' id='word_1_690' title='bbox 2300 3497 2533 3570; x_wconf 90' lang='lat' dir='ltr'>Ephesi,</span> <span class='ocrx_word' id='word_1_691' title='bbox 2563 3499 2702 3570; x_wconf 90' lang='lat' dir='ltr'>quid</span> <span class='ocrx_word' id='word_1_692' title='bbox 2733 3499 2882 3556; x_wconf 89' lang='lat' dir='ltr'>mihi</span> <span class='ocrx_word' id='word_1_693' title='bbox 2913 3500 3170 3572; x_wconf 90' lang='lat' dir='ltr'>prodest,</span> <span class='ocrx_word' id='word_1_694' title='bbox 3212 3499 3262 3556; x_wconf 92' lang='lat' dir='ltr'>si</span> <span class='ocrx_word' id='word_1_695' title='bbox 3303 3500 3517 3556; x_wconf 89' lang='lat' dir='ltr'>mortui</span> <span class='ocrx_word' id='word_1_696' title='bbox 3549 3517 3663 3555; x_wconf 92' lang='lat' dir='ltr'>non</span> 
     </span>
    </p>
   </div>
   <div class='ocr_carea' id='block_1_95' title="bbox 2016 3587 3667 3660">
    <p class='ocr_par' dir='ltr' id='par_1_95' title="bbox 2016 3587 3667 3660">
     <span class='ocr_line' id='line_1_95' title="bbox 2016 3587 3667 3660; baseline 0.002 -17"><span class='ocrx_word' id='word_1_697' title='bbox 2016 3587 2376 3660; x_wconf 84' lang='lat' dir='ltr'>resurgunt?</span> <span class='ocrx_word' id='word_1_698' title='bbox 2395 3611 2423 3636; x_wconf 93' lang='grc'>‹‹</span> <span class='ocrx_word' id='word_1_699' title='bbox 2451 3588 2498 3658; x_wconf 91' lang='lat' dir='ltr'>(l</span> <span class='ocrx_word' id='word_1_700' title='bbox 2522 3587 2642 3643; x_wconf 82' lang='lat' dir='ltr'>Cor.</span> <span class='ocrx_word' id='word_1_701' title='bbox 2670 3605 2762 3657; x_wconf 90' lang='lat' dir='ltr'>xv,</span> <span class='ocrx_word' id='word_1_702' title='bbox 2789 3589 2908 3657; x_wconf 87' lang='lat'>32.)</span> <span class='ocrx_word' id='word_1_703' title='bbox 2935 3593 3008 3645; x_wconf 92' lang='lat' dir='ltr'>Ut</span> <span class='ocrx_word' id='word_1_704' title='bbox 3027 3589 3168 3660; x_wconf 92' lang='lat' dir='ltr'>quid</span> <span class='ocrx_word' id='word_1_705' title='bbox 3212 3588 3368 3645; x_wconf 91' lang='lat' dir='ltr'>enim</span> <span class='ocrx_word' id='word_1_706' title='bbox 3408 3588 3667 3660; x_wconf 89' lang='lat' dir='ltr'>quotidie</span> 
     </span>
    </p>
   </div>
   <div class='ocr_carea' id='block_1_96' title="bbox 2015 3675 3669 3748">
    <p class='ocr_par' dir='ltr' id='par_1_96' title="bbox 2015 3675 3669 3748">
     <span class='ocr_line' id='line_1_96' title="bbox 2015 3675 3669 3748; baseline 0.001 -17"><span class='ocrx_word' id='word_1_707' title='bbox 2015 3679 2178 3732; x_wconf 87' lang='lat' dir='ltr'>tanta</span> <span class='ocrx_word' id='word_1_708' title='bbox 2197 3675 2456 3748; x_wconf 89' lang='lat' dir='ltr'>patimur</span> <span class='ocrx_word' id='word_1_709' title='bbox 2475 3675 2504 3730; x_wconf 85' lang='lat'><strong>?</strong></span> <span class='ocrx_word' id='word_1_710' title='bbox 2524 3675 2916 3740; x_wconf 87' lang='lat' dir='ltr'>Comedamus</span> <span class='ocrx_word' id='word_1_711' title='bbox 2936 3681 2992 3732; x_wconf 90' lang='lat' dir='ltr'>et</span> <span class='ocrx_word' id='word_1_712' title='bbox 3005 3675 3306 3733; x_wconf 88' lang='lat' dir='ltr'>bibamus:</span> <span class='ocrx_word' id='word_1_713' title='bbox 3327 3676 3445 3731; x_wconf 91' lang='lat' dir='ltr'>imo</span> <span class='ocrx_word' id='word_1_714' title='bbox 3457 3676 3669 3732; x_wconf 88' lang='lat' dir='ltr'>bestia-</span> 
     </span>
    </p>
   </div>
   <div class='ocr_carea' id='block_1_97' title="bbox 2013 3763 3663 3832">
    <p class='ocr_par' dir='ltr' id='par_1_97' title="bbox 2013 3763 3663 3832">
     <span class='ocr_line' id='line_1_97' title="bbox 2013 3763 3663 3832; baseline 0 -13"><span class='ocrx_word' id='word_1_715' title='bbox 2013 3763 2146 3820; x_wconf 91' lang='lat' dir='ltr'>liter</span> <span class='ocrx_word' id='word_1_716' title='bbox 2173 3764 2460 3831; x_wconf 87' lang='lat' dir='ltr'>vivamus,</span> <span class='ocrx_word' id='word_1_717' title='bbox 2484 3781 2612 3820; x_wconf 89' lang='lat' dir='ltr'>cras</span> <span class='ocrx_word' id='word_1_718' title='bbox 2634 3765 2790 3832; x_wconf 87' lang='lat' dir='ltr'>enim</span> <span class='ocrx_word' id='word_1_719' title='bbox 2818 3767 2884 3820; x_wconf 93' lang='lat' dir='ltr'>ut</span> <span class='ocrx_word' id='word_1_720' title='bbox 2902 3764 3100 3820; x_wconf 83' lang='lat' dir='ltr'>bestiae</span> <span class='ocrx_word' id='word_1_721' title='bbox 3141 3764 3482 3819; x_wconf 88' lang='lat' dir='ltr'>moriemur.</span> <span class='ocrx_word' id='word_1_722' title='bbox 3522 3763 3581 3818; x_wconf 92' lang='lat' dir='ltr'>Si</span> <span class='ocrx_word' id='word_1_723' title='bbox 3604 3763 3663 3820; x_wconf 92' lang='lat' dir='ltr'>in</span> 
     </span>
    </p>
   </div>
   <div class='ocr_carea' id='block_1_98' title="bbox 2013 3851 3666 3923">
    <p class='ocr_par' dir='ltr' id='par_1_98' title="bbox 2013 3851 3666 3923">
     <span class='ocr_line' id='line_1_98' title="bbox 2013 3851 3666 3923; baseline 0 -15"><span class='ocrx_word' id='word_1_724' title='bbox 2013 3853 2122 3908; x_wconf 90' lang='lat' dir='ltr'>hac</span> <span class='ocrx_word' id='word_1_725' title='bbox 2151 3853 2270 3909; x_wconf 88' lang='lat' dir='ltr'>vita</span> <span class='ocrx_word' id='word_1_726' title='bbox 2298 3856 2529 3910; x_wconf 86' lang='lat' dir='ltr'>tantum</span> <span class='ocrx_word' id='word_1_727' title='bbox 2561 3853 2620 3907; x_wconf 90' lang='lat' dir='ltr'>in</span> <span class='ocrx_word' id='word_1_728' title='bbox 2651 3852 2878 3908; x_wconf 89' lang='lat' dir='ltr'>Christo</span> <span class='ocrx_word' id='word_1_729' title='bbox 2900 3856 3204 3923; x_wconf 88' lang='lat' dir='ltr'>sperantes</span> <span class='ocrx_word' id='word_1_730' title='bbox 3234 3868 3466 3920; x_wconf 89' lang='lat' dir='ltr'>sumus,</span> <span class='ocrx_word' id='word_1_731' title='bbox 3497 3851 3666 3908; x_wconf 90' lang='lat' dir='ltr'>mise-</span> 
     </span>
    </p>
   </div>
   <div class='ocr_carea' id='block_1_99' title="bbox 2014 3939 3664 4010">
    <p class='ocr_par' dir='ltr' id='par_1_99' title="bbox 2014 3939 3664 4010">
     <span class='ocr_line' id='line_1_99' title="bbox 2014 3939 3664 4010; baseline 0 -14"><span class='ocrx_word' id='word_1_732' title='bbox 2014 3941 2318 4010; x_wconf 84' lang='lat' dir='ltr'>rabiliores</span> <span class='ocrx_word' id='word_1_733' title='bbox 2339 3940 2615 3998; x_wconf 90' lang='lat' dir='ltr'>omnibus</span> <span class='ocrx_word' id='word_1_734' title='bbox 2639 3956 2850 3995; x_wconf 91' lang='lat' dir='ltr'>sumus</span> <span class='ocrx_word' id='word_1_735' title='bbox 2871 3939 3212 3996; x_wconf 89' lang='lat' dir='ltr'>hominibus</span> <span class='ocrx_word' id='word_1_736' title='bbox 3237 3958 3250 4008; x_wconf 89' lang='lat'><strong>;</strong></span> <span class='ocrx_word' id='word_1_737' title='bbox 3275 3940 3376 3995; x_wconf 92' lang='lat' dir='ltr'>sed</span> <span class='ocrx_word' id='word_1_738' title='bbox 3389 3939 3664 3998; x_wconf 89' lang='lat' dir='ltr'>absithoc</span> 
     </span>
    </p>
   </div>
   <div class='ocr_carea' id='block_1_100' title="bbox 2014 4025 3663 4103">
    <p class='ocr_par' dir='ltr' id='par_1_100' title="bbox 2014 4025 3663 4103">
     <span class='ocr_line' id='line_1_100' title="bbox 2014 4025 3663 4103; baseline -0.001 -17"><span class='ocrx_word' id='word_1_739' title='bbox 2014 4030 2087 4086; x_wconf 86' lang='lat' dir='ltr'>ab</span> <span class='ocrx_word' id='word_1_740' title='bbox 2109 4030 2270 4086; x_wconf 90' lang='lat' dir='ltr'>omni</span> <span class='ocrx_word' id='word_1_741' title='bbox 2291 4045 2502 4103; x_wconf 84' lang='lat' dir='ltr'>genere</span> <span class='ocrx_word' id='word_1_742' title='bbox 2519 4025 2805 4083; x_wconf 80' lang='lat' dir='ltr'>humano!</span> <span class='ocrx_word' id='word_1_743' title='bbox 2823 4028 2970 4084; x_wconf 87' lang='lat' dir='ltr'>Nam</span> <span class='ocrx_word' id='word_1_744' title='bbox 2983 4027 3137 4084; x_wconf 89' lang='lat' dir='ltr'>idem</span> <span class='ocrx_word' id='word_1_745' title='bbox 3163 4027 3476 4101; x_wconf 66' lang='lat' dir='ltr'>prmelarus</span> <span class='ocrx_word' id='word_1_746' title='bbox 3490 4045 3663 4087; x_wconf 90' lang='lat' dir='ltr'>evan-</span> 
     </span>
    </p>
   </div>
   <div class='ocr_carea' id='block_1_101' title="bbox 2012 4116 3667 4192">
    <p class='ocr_par' dir='ltr' id='par_1_101' title="bbox 2012 4116 3667 4192">
     <span class='ocr_line' id='line_1_101' title="bbox 2012 4116 3667 4192; baseline 0.001 -17"><span class='ocrx_word' id='word_1_747' title='bbox 2012 4118 2242 4192; x_wconf 82' lang='lat' dir='ltr'>gelista;</span> <span class='ocrx_word' id='word_1_748' title='bbox 2291 4118 2391 4190; x_wconf 91' lang='lat' dir='ltr'>qui</span> <span class='ocrx_word' id='word_1_749' title='bbox 2440 4117 2550 4174; x_wconf 91' lang='lat' dir='ltr'>hoc</span> <span class='ocrx_word' id='word_1_750' title='bbox 2596 4116 2794 4188; x_wconf 89' lang='lat' dir='ltr'>ipsum</span> <span class='ocrx_word' id='word_1_751' title='bbox 2837 4134 3093 4190; x_wconf 82' lang='lat' dir='ltr'>praesens</span> <span class='ocrx_word' id='word_1_752' title='bbox 3141 4117 3303 4186; x_wconf 90' lang='lat' dir='ltr'>vidit,</span> <span class='ocrx_word' id='word_1_753' title='bbox 3354 4122 3667 4177; x_wconf 87' lang='lat' dir='ltr'>attestatur</span> 
     </span>
    </p>
   </div>
   <div class='ocr_carea' id='block_1_102' title="bbox 2013 4206 3668 4266">
    <p class='ocr_par' dir='ltr' id='par_1_102' title="bbox 2013 4206 3668 4266">
     <span class='ocr_line' id='line_1_102' title="bbox 2013 4206 3668 4266; baseline 0.001 -2"><span class='ocrx_word' id='word_1_754' title='bbox 2013 4224 2249 4264; x_wconf 89' lang='lat' dir='ltr'>carnem</span> <span class='ocrx_word' id='word_1_755' title='bbox 2281 4206 2494 4264; x_wconf 90' lang='lat' dir='ltr'>Christi</span> <span class='ocrx_word' id='word_1_756' title='bbox 2542 4223 2673 4262; x_wconf 90' lang='lat' dir='ltr'>vere</span> <span class='ocrx_word' id='word_1_757' title='bbox 2723 4207 3115 4264; x_wconf 86' lang='lat' dir='ltr'>exanimatam</span> <span class='ocrx_word' id='word_1_758' title='bbox 3162 4208 3221 4264; x_wconf 91' lang='lat' dir='ltr'>in</span> <span class='ocrx_word' id='word_1_759' title='bbox 3264 4225 3436 4265; x_wconf 91' lang='lat' dir='ltr'>cruce</span> <span class='ocrx_word' id='word_1_760' title='bbox 3485 4209 3668 4266; x_wconf 89' lang='lat' dir='ltr'>fuisse</span> 
     </span>
    </p>
   </div>
   <div class='ocr_carea' id='block_1_103' title="bbox 2013 4295 3662 4370">
    <p class='ocr_par' dir='ltr' id='par_1_103' title="bbox 2013 4295 3662 4370">
     <span class='ocr_line' id='line_1_103' title="bbox 2013 4295 3662 4370; baseline 0.002 -18"><span class='ocrx_word' id='word_1_761' title='bbox 2013 4297 2212 4354; x_wconf 90' lang='lat' dir='ltr'>dicens</span> <span class='ocrx_word' id='word_1_762' title='bbox 2238 4315 2250 4352; x_wconf 89' lang='lat'>:</span> <span class='ocrx_word' id='word_1_763' title='bbox 2288 4317 2314 4351; x_wconf 75' lang='grc' dir='ltr'>α</span> <span class='ocrx_word' id='word_1_764' title='bbox 2335 4298 2404 4352; x_wconf 92' lang='lat' dir='ltr'>Et</span> <span class='ocrx_word' id='word_1_765' title='bbox 2424 4295 2702 4352; x_wconf 88' lang='lat' dir='ltr'>inclinato</span> <span class='ocrx_word' id='word_1_766' title='bbox 2724 4297 2914 4368; x_wconf 87' lang='lat' dir='ltr'>capite</span> <span class='ocrx_word' id='word_1_767' title='bbox 2945 4297 3144 4354; x_wconf 90' lang='lat' dir='ltr'>emisit</span> <span class='ocrx_word' id='word_1_768' title='bbox 3177 4297 3451 4370; x_wconf 86' lang='lat' dir='ltr'>spiritum</span> <span class='ocrx_word' id='word_1_769' title='bbox 3484 4299 3662 4370; x_wconf 84' lang='lat' dir='ltr'>(Joan.</span> 
     </span>
    </p>
   </div>
   <div class='ocr_carea' id='block_1_104' title="bbox 2010 4386 3660 4456">
    <p class='ocr_par' dir='ltr' id='par_1_104' title="bbox 2010 4386 3660 4456">
     <span class='ocr_line' id='line_1_104' title="bbox 2010 4386 3660 4456; baseline -0.001 -13"><span class='ocrx_word' id='word_1_770' title='bbox 2010 4404 2127 4455; x_wconf 71' lang='lat' dir='ltr'>xxx,</span> <span class='ocrx_word' id='word_1_771' title='bbox 2176 4387 2288 4456; x_wconf 89' lang='grc'>30).</span> <span class='ocrx_word' id='word_1_772' title='bbox 2355 4407 2386 4435; x_wconf 85' lang='grc'>››</span> <span class='ocrx_word' id='word_1_773' title='bbox 2432 4390 2610 4442; x_wconf 91' lang='lat' dir='ltr'>Porro</span> <span class='ocrx_word' id='word_1_774' title='bbox 2661 4386 2893 4442; x_wconf 89' lang='lat' dir='ltr'>Marcus</span> <span class='ocrx_word' id='word_1_775' title='bbox 2940 4390 2998 4443; x_wconf 91' lang='lat' dir='ltr'>et</span> <span class='ocrx_word' id='word_1_776' title='bbox 3049 4391 3231 4442; x_wconf 88' lang='lat' dir='ltr'>Lucas</span> <span class='ocrx_word' id='word_1_777' title='bbox 3281 4386 3484 4442; x_wconf 89' lang='lat' dir='ltr'>dicunt</span> <span class='ocrx_word' id='word_1_778' title='bbox 3529 4404 3660 4442; x_wconf 91' lang='lat' dir='ltr'>eum</span> 
     </span>
    </p>
   </div>
   <div class='ocr_carea' id='block_1_105' title="bbox 2012 4475 3667 4548">
    <p class='ocr_par' dir='ltr' id='par_1_105' title="bbox 2012 4475 3667 4548">
     <span class='ocr_line' id='line_1_105' title="bbox 2012 4475 3667 4548; baseline -0.002 -15"><span class='ocrx_word' id='word_1_779' title='bbox 2012 4475 2308 4548; x_wconf 90' lang='lat' dir='ltr'>expirasse</span> <span class='ocrx_word' id='word_1_780' title='bbox 2361 4476 2553 4546; x_wconf 78' lang='lat' dir='ltr'>(Ma-rc.</span> <span class='ocrx_word' id='word_1_781' title='bbox 2605 4493 2696 4542; x_wconf 91' lang='lat' dir='ltr'>xv,</span> <span class='ocrx_word' id='word_1_782' title='bbox 2746 4476 2859 4544; x_wconf 86' lang='lat'>39;</span> <span class='ocrx_word' id='word_1_783' title='bbox 2911 4477 3042 4532; x_wconf 84' lang='lat' dir='ltr'>Luc.</span> <span class='ocrx_word' id='word_1_784' title='bbox 3103 4493 3272 4544; x_wconf 85' lang='lat' dir='ltr'>xxm,</span> <span class='ocrx_word' id='word_1_785' title='bbox 3337 4477 3450 4544; x_wconf 81' lang='grc'>46).</span> <span class='ocrx_word' id='word_1_786' title='bbox 3505 4475 3667 4530; x_wconf 89' lang='lat' dir='ltr'>Unde</span> 
     </span>
    </p>
   </div>
   <div class='ocr_carea' id='block_1_106' title="bbox 1932 4563 3665 4650">
    <p class='ocr_par' dir='ltr' id='par_1_106' title="bbox 1932 4563 3665 4650">
     <span class='ocr_line' id='line_1_106' title="bbox 1932 4563 3665 4650; baseline -0.001 -29"><span class='ocrx_word' id='word_1_787' title='bbox 1932 4584 1980 4650; x_wconf 83' lang='lat' dir='ltr'><strong>D</strong></span> <span class='ocrx_word' id='word_1_788' title='bbox 2011 4570 2070 4621; x_wconf 90' lang='lat' dir='ltr'>et</span> <span class='ocrx_word' id='word_1_789' title='bbox 2097 4564 2158 4620; x_wconf 94' lang='lat' dir='ltr'>in</span> <span class='ocrx_word' id='word_1_790' title='bbox 2187 4563 2452 4638; x_wconf 84' lang='lat' dir='ltr'>symbolo</span> <span class='ocrx_word' id='word_1_791' title='bbox 2473 4565 2822 4621; x_wconf 91' lang='lat' dir='ltr'>conﬁtemur</span> <span class='ocrx_word' id='word_1_792' title='bbox 2843 4569 3120 4620; x_wconf 85' lang='lat' dir='ltr'>mortuum</span> <span class='ocrx_word' id='word_1_793' title='bbox 3137 4569 3190 4620; x_wconf 84' lang='lat' dir='ltr'>et</span> <span class='ocrx_word' id='word_1_794' title='bbox 3209 4565 3504 4635; x_wconf 80' lang='lat' dir='ltr'>sepultum.</span> <span class='ocrx_word' id='word_1_795' title='bbox 3518 4563 3665 4620; x_wconf 81' lang='lat' dir='ltr'>Alio-</span> 
     </span>
    </p>
   </div>
   <div class='ocr_carea' id='block_1_107' title="bbox 2011 4652 3667 4728">
    <p class='ocr_par' dir='ltr' id='par_1_107' title="bbox 2011 4652 3667 4728">
     <span class='ocr_line' id='line_1_107' title="bbox 2011 4652 3667 4728; baseline -0.001 -17"><span class='ocrx_word' id='word_1_796' title='bbox 2011 4655 2112 4728; x_wconf 92' lang='lat' dir='ltr'>qui</span> <span class='ocrx_word' id='word_1_797' title='bbox 2133 4653 2380 4727; x_wconf 91' lang='lat' dir='ltr'>sepeleri</span> <span class='ocrx_word' id='word_1_798' title='bbox 2401 4671 2516 4710; x_wconf 92' lang='lat' dir='ltr'>non</span> <span class='ocrx_word' id='word_1_799' title='bbox 2530 4653 2754 4719; x_wconf 89' lang='lat' dir='ltr'>debuit,</span> <span class='ocrx_word' id='word_1_800' title='bbox 2770 4654 2871 4725; x_wconf 91' lang='lat' dir='ltr'>qui</span> <span class='ocrx_word' id='word_1_801' title='bbox 2892 4658 3163 4710; x_wconf 89' lang='lat' dir='ltr'>mortuus</span> <span class='ocrx_word' id='word_1_802' title='bbox 3177 4669 3292 4708; x_wconf 92' lang='lat' dir='ltr'>non</span> <span class='ocrx_word' id='word_1_803' title='bbox 3309 4652 3436 4708; x_wconf 89' lang='lat' dir='ltr'>fuit.</span> <span class='ocrx_word' id='word_1_804' title='bbox 3453 4653 3667 4709; x_wconf 90' lang='lat' dir='ltr'>Obmu-</span> 
     </span>
    </p>
   </div>
   <div class='ocr_carea' id='block_1_108' title="bbox 2005 4742 3665 4816">
    <p class='ocr_par' dir='ltr' id='par_1_108' title="bbox 2005 4742 3665 4816">
     <span class='ocr_line' id='line_1_108' title="bbox 2005 4742 3665 4816; baseline -0.001 -16"><span class='ocrx_word' id='word_1_805' title='bbox 2005 4748 2182 4811; x_wconf 89' lang='lat' dir='ltr'>tesce,</span> <span class='ocrx_word' id='word_1_806' title='bbox 2209 4744 2372 4801; x_wconf 86' lang='lat' dir='ltr'>canis</span> <span class='ocrx_word' id='word_1_807' title='bbox 2397 4762 2409 4800; x_wconf 92' lang='lat'>:</span> <span class='ocrx_word' id='word_1_808' title='bbox 2436 4743 2721 4816; x_wconf 85' lang='lat' dir='ltr'>linguam,</span> <span class='ocrx_word' id='word_1_809' title='bbox 2745 4742 2906 4798; x_wconf 89' lang='lat' dir='ltr'>canis</span> <span class='ocrx_word' id='word_1_810' title='bbox 2953 4743 3238 4814; x_wconf 91' lang='lat' dir='ltr'>improbe,</span> <span class='ocrx_word' id='word_1_811' title='bbox 3255 4743 3456 4799; x_wconf 89' lang='lat' dir='ltr'>morde</span> <span class='ocrx_word' id='word_1_812' title='bbox 3475 4743 3665 4810; x_wconf 87' lang='lat' dir='ltr'>;Chri-</span> 
     </span>
    </p>
   </div>
   <div class='ocr_carea' id='block_1_109' title="bbox 2012 4831 3664 4904">
    <p class='ocr_par' dir='ltr' id='par_1_109' title="bbox 2012 4831 3664 4904">
     <span class='ocr_line' id='line_1_109' title="bbox 2012 4831 3664 4904; baseline -0.002 -14"><span class='ocrx_word' id='word_1_813' title='bbox 2012 4839 2139 4892; x_wconf 90' lang='lat' dir='ltr'>stus</span> <span class='ocrx_word' id='word_1_814' title='bbox 2163 4832 2320 4891; x_wconf 90' lang='lat' dir='ltr'>enim</span> <span class='ocrx_word' id='word_1_815' title='bbox 2341 4849 2472 4889; x_wconf 88' lang='lat' dir='ltr'>vere</span> <span class='ocrx_word' id='word_1_816' title='bbox 2495 4835 2764 4887; x_wconf 91' lang='lat' dir='ltr'>mortuus</span> <span class='ocrx_word' id='word_1_817' title='bbox 2801 4835 2891 4887; x_wconf 92' lang='lat' dir='ltr'>est</span> <span class='ocrx_word' id='word_1_818' title='bbox 2931 4836 3166 4904; x_wconf 89' lang='lat' dir='ltr'>propter</span> <span class='ocrx_word' id='word_1_819' title='bbox 3202 4831 3414 4889; x_wconf 89' lang='lat' dir='ltr'>delicta</span> <span class='ocrx_word' id='word_1_820' title='bbox 3443 4836 3664 4900; x_wconf 89' lang='lat' dir='ltr'>nostra,</span> 
     </span>
    </p>
   </div>
   <div class='ocr_carea' id='block_1_110' title="bbox 2010 4919 3664 4995">
    <p class='ocr_par' dir='ltr' id='par_1_110' title="bbox 2010 4919 3664 4995">
     <span class='ocr_line' id='line_1_110' title="bbox 2010 4919 3664 4995; baseline -0.001 -16"><span class='ocrx_word' id='word_1_821' title='bbox 2010 4927 2066 4979; x_wconf 91' lang='lat' dir='ltr'>et</span> <span class='ocrx_word' id='word_1_822' title='bbox 2105 4926 2341 4995; x_wconf 85' lang='lat' dir='ltr'>propter</span> <span class='ocrx_word' id='word_1_823' title='bbox 2381 4919 2871 4994; x_wconf 89' lang='lat' dir='ltr'>justiﬁcationem</span> <span class='ocrx_word' id='word_1_824' title='bbox 2923 4927 3186 4978; x_wconf 85' lang='lat' dir='ltr'>nostram</span> <span class='ocrx_word' id='word_1_825' title='bbox 3235 4923 3411 4993; x_wconf 82' lang='lat' dir='ltr'>(Rom.</span> <span class='ocrx_word' id='word_1_826' title='bbox 3442 4940 3518 4994; x_wconf 82' lang='lat' dir='ltr'>1v,</span> <span class='ocrx_word' id='word_1_827' title='bbox 3550 4923 3664 4994; x_wconf 85' lang='lat'>25).</span> 
     </span>
    </p>
   </div>
   <div class='ocr_carea' id='block_1_111' title="bbox 2010 5008 3663 5083">
    <p class='ocr_par' dir='ltr' id='par_1_111' title="bbox 2010 5008 3663 5083">
     <span class='ocr_line' id='line_1_111' title="bbox 2010 5008 3663 5083; baseline -0.001 -15"><span class='ocrx_word' id='word_1_828' title='bbox 2010 5011 2327 5070; x_wconf 83' lang='lat' dir='ltr'>resurrexit</span> <span class='ocrx_word' id='word_1_829' title='bbox 2359 5028 2392 5067; x_wconf 90' lang='lat' dir='ltr'>a</span> <span class='ocrx_word' id='word_1_830' title='bbox 2423 5008 2670 5066; x_wconf 89' lang='lat' dir='ltr'>mortuis</span> <span class='ocrx_word' id='word_1_831' title='bbox 2701 5009 2977 5080; x_wconf 74' lang='lat' dir='ltr'>primitia:</span> <span class='ocrx_word' id='word_1_832' title='bbox 3024 5011 3443 5068; x_wconf 90' lang='lat' dir='ltr'>dormientium</span> <span class='ocrx_word' id='word_1_833' title='bbox 3476 5012 3520 5083; x_wconf 90' lang='grc' dir='ltr'>(Ι</span> <span class='ocrx_word' id='word_1_834' title='bbox 3543 5011 3663 5067; x_wconf 84' lang='lat' dir='ltr'>Cor.</span> 
     </span>
    </p>
   </div>
   <div class='ocr_carea' id='block_1_112' title="bbox 2007 5102 2254 5171">
    <p class='ocr_par' dir='ltr' id='par_1_112' title="bbox 2007 5102 2254 5171">
     <span class='ocr_line' id='line_1_112' title="bbox 2007 5102 2254 5171; baseline -0.004 -14"><span class='ocrx_word' id='word_1_835' title='bbox 2007 5119 2101 5168; x_wconf 92' lang='lat' dir='ltr'>xv,</span> <span class='ocrx_word' id='word_1_836' title='bbox 2133 5102 2254 5171; x_wconf 87' lang='lat'>20).</span> 
     </span>
    </p>
   </div>
   <div class='ocr_carea' id='block_1_113' title="bbox 2079 5187 3662 5261">
    <p class='ocr_par' dir='ltr' id='par_1_113' title="bbox 2079 5187 3662 5261">
     <span class='ocr_line' id='line_1_113' title="bbox 2079 5187 3662 5261; baseline -0.003 -16"><span class='ocrx_word' id='word_1_837' title='bbox 2079 5191 2198 5246; x_wconf 91' lang='lat' dir='ltr'>VII.</span> <span class='ocrx_word' id='word_1_838' title='bbox 2230 5191 2372 5246; x_wconf 89' lang='lat' dir='ltr'>Ecce</span> <span class='ocrx_word' id='word_1_839' title='bbox 2403 5188 2677 5261; x_wconf 87' lang='lat' dir='ltr'>pestifera</span> <span class='ocrx_word' id='word_1_840' title='bbox 2715 5190 3003 5258; x_wconf 87' lang='lat' dir='ltr'>doctrina,</span> <span class='ocrx_word' id='word_1_841' title='bbox 3053 5207 3181 5246; x_wconf 90' lang='lat' dir='ltr'>esse</span> <span class='ocrx_word' id='word_1_842' title='bbox 3213 5187 3499 5245; x_wconf 89' lang='lat' dir='ltr'>diabolica</span> <span class='ocrx_word' id='word_1_843' title='bbox 3524 5203 3662 5260; x_wconf 86' lang='lat' dir='ltr'>sug-</span> 
     </span>
    </p>
   </div>
   <div class='ocr_carea' id='block_1_114' title="bbox 2009 5276 3664 5354">
    <p class='ocr_par' dir='ltr' id='par_1_114' title="bbox 2009 5276 3664 5354">
     <span class='ocr_line' id='line_1_114' title="bbox 2009 5276 3664 5354; baseline -0.004 -16"><span class='ocrx_word' id='word_1_844' title='bbox 2009 5281 2216 5354; x_wconf 85' lang='lat' dir='ltr'>gestio,</span> <span class='ocrx_word' id='word_1_845' title='bbox 2249 5279 2419 5349; x_wconf 89' lang='lat' dir='ltr'>cujus</span> <span class='ocrx_word' id='word_1_846' title='bbox 2452 5281 2515 5333; x_wconf 92' lang='lat' dir='ltr'>tu</span> <span class='ocrx_word' id='word_1_847' title='bbox 2543 5277 2784 5351; x_wconf 86' lang='lat' dir='ltr'>signifer</span> <span class='ocrx_word' id='word_1_848' title='bbox 2815 5279 3056 5334; x_wconf 75' lang='lat' dir='ltr'>effectus</span> <span class='ocrx_word' id='word_1_849' title='bbox 3099 5277 3327 5334; x_wconf 86' lang='lat' dir='ltr'>conaris</span> <span class='ocrx_word' id='word_1_850' title='bbox 3359 5276 3664 5348; x_wconf 88' lang='lat' dir='ltr'>opiniones</span> 
     </span>
    </p>
   </div>
   <div class='ocr_carea' id='block_1_115' title="bbox 2009 5366 3666 5437">
    <p class='ocr_par' dir='ltr' id='par_1_115' title="bbox 2009 5366 3666 5437">
     <span class='ocr_line' id='line_1_115' title="bbox 2009 5366 3666 5437; baseline -0.004 -10"><span class='ocrx_word' id='word_1_851' title='bbox 2009 5373 2067 5427; x_wconf 89' lang='lat' dir='ltr'>et</span> <span class='ocrx_word' id='word_1_852' title='bbox 2095 5368 2539 5426; x_wconf 88' lang='lat' dir='ltr'>adinventiones</span> <span class='ocrx_word' id='word_1_853' title='bbox 2562 5373 2800 5423; x_wconf 91' lang='lat' dir='ltr'>tuorum</span> <span class='ocrx_word' id='word_1_854' title='bbox 2819 5371 3020 5424; x_wconf 89' lang='lat' dir='ltr'>contra</span> <span class='ocrx_word' id='word_1_855' title='bbox 3041 5366 3415 5423; x_wconf 89' lang='lat' dir='ltr'>traditionem</span> <span class='ocrx_word' id='word_1_856' title='bbox 3439 5369 3666 5437; x_wconf 89' lang='lat' dir='ltr'>aposto-</span> 
     </span>
    </p>
   </div>
   <div class='ocr_carea' id='block_1_116' title="bbox 2008 5455 3662 5525">
    <p class='ocr_par' dir='ltr' id='par_1_116' title="bbox 2008 5455 3662 5525">
     <span class='ocr_line' id='line_1_116' title="bbox 2008 5455 3662 5525; baseline -0.002 -9"><span class='ocrx_word' id='word_1_857' title='bbox 2008 5459 2204 5525; x_wconf 88' lang='lat' dir='ltr'>licam,</span> <span class='ocrx_word' id='word_1_858' title='bbox 2241 5462 2296 5514; x_wconf 91' lang='lat' dir='ltr'>et</span> <span class='ocrx_word' id='word_1_859' title='bbox 2325 5462 2531 5514; x_wconf 89' lang='lat' dir='ltr'>contra</span> <span class='ocrx_word' id='word_1_860' title='bbox 2561 5457 2934 5513; x_wconf 88' lang='lat' dir='ltr'>manifestam</span> <span class='ocrx_word' id='word_1_861' title='bbox 2984 5456 3287 5513; x_wconf 87' lang='lat' dir='ltr'>veritatem</span> <span class='ocrx_word' id='word_1_862' title='bbox 3334 5455 3662 5524; x_wconf 86' lang='lat' dir='ltr'>defendere,</span> 
     </span>
    </p>
   </div>
   <div class='ocr_carea' id='block_1_117' title="bbox 2008 5534 3665 5619">
    <p class='ocr_par' dir='ltr' id='par_1_117' title="bbox 2008 5534 3665 5619">
     <span class='ocr_line' id='line_1_117' title="bbox 2008 5534 3665 5619; baseline -0.002 -14"><span class='ocrx_word' id='word_1_863' title='bbox 2008 5548 2253 5605; x_wconf 88' lang='lat' dir='ltr'>dicendo</span> <span class='ocrx_word' id='word_1_864' title='bbox 2279 5564 2292 5603; x_wconf 91' lang='lat'>:</span> <span class='ocrx_word' id='word_1_865' title='bbox 2316 5549 2544 5619; x_wconf 89' lang='lat' dir='ltr'>Aquam</span> <span class='ocrx_word' id='word_1_866' title='bbox 2576 5546 2825 5603; x_wconf 88' lang='lat' dir='ltr'>calidam</span> <span class='ocrx_word' id='word_1_867' title='bbox 2869 5550 2926 5603; x_wconf 91' lang='lat' dir='ltr'>et</span> <span class='ocrx_word' id='word_1_868' title='bbox 2973 5534 3321 5619; x_wconf 84' lang='lat' dir='ltr'>sanguinem</span> <span class='ocrx_word' id='word_1_869' title='bbox 3352 5545 3424 5602; x_wconf 91' lang='lat' dir='ltr'>de</span> <span class='ocrx_word' id='word_1_870' title='bbox 3451 5544 3576 5601; x_wconf 88' lang='lat' dir='ltr'>vivo</span> <span class='ocrx_word' id='word_1_871' title='bbox 3607 5549 3665 5601; x_wconf 90' lang='lat' dir='ltr'>et</span> 
     </span>
    </p>
   </div>
   <div class='ocr_carea' id='block_1_118' title="bbox 2009 5635 3661 5710">
    <p class='ocr_par' dir='ltr' id='par_1_118' title="bbox 2009 5635 3661 5710">
     <span class='ocr_line' id='line_1_118' title="bbox 2009 5635 3661 5710; baseline -0.004 -14"><span class='ocrx_word' id='word_1_872' title='bbox 2009 5637 2196 5698; x_wconf 85' lang='lat' dir='ltr'>calido</span> <span class='ocrx_word' id='word_1_873' title='bbox 2217 5637 2428 5694; x_wconf 86' lang='lat' dir='ltr'>Christi</span> <span class='ocrx_word' id='word_1_874' title='bbox 2456 5653 2694 5710; x_wconf 88' lang='lat' dir='ltr'>corpore</span> <span class='ocrx_word' id='word_1_875' title='bbox 2717 5637 2926 5707; x_wconf 89' lang='lat' dir='ltr'>exisse,</span> <span class='ocrx_word' id='word_1_876' title='bbox 2950 5641 3006 5694; x_wconf 91' lang='lat' dir='ltr'>et</span> <span class='ocrx_word' id='word_1_877' title='bbox 3046 5636 3175 5694; x_wconf 89' lang='lat' dir='ltr'>ideo</span> <span class='ocrx_word' id='word_1_878' title='bbox 3200 5635 3426 5694; x_wconf 70' lang='lat' dir='ltr'>Graecos</span> <span class='ocrx_word' id='word_1_879' title='bbox 3445 5649 3661 5707; x_wconf 85' lang='lat' dir='ltr'>aquam</span> 
     </span>
    </p>
   </div>
  </div>
