4090 6176
430 327 544 398 987

430 467 748 524 ferventem
771 463 1057 540 sanguine
1089 461 1215 536 ejus
1229 461 1362 535 jure
1383 462 1648 518 miscere.
1693 462 1851 527 Quod
1889 465 2075 516 totum
2105 462 2159 528 Α

432 555 604 628 longe
642 554 812 610 aliter
851 558 957 610 est.
996 557 1143 608 Nam
1169 568 1400 608 veraces
1440 550 1807 624 evangelista:
1839 566 2074 607 concor-

428 642 1155 699 diternarrantDominum
1172 644 1434 696 nostrum
1458 639 1599 695 hora
1623 656 1777 695 nona
1817 639 1875 694 in
1900 655 2075 694 cruce

429 737 730 789 mortuum
759 736 814 786 et
844 747 970 786 sero
1003 748 1036 785 a
1065 729 1318 801 Josepho
1359 729 1720 801 postulatum
1746 729 2074 800 depositum

425 822 497 876 de
518 820 674 893 ligno
699 825 754 875 et
779 819 1097 892 sepultum.
1124 821 1255 890 Ipso
1273 819 1429 873 enim
1457 819 1756 873 emittente
1778 817 2074 889 spiritum,

424 910 622 965 velum
668 908 867 980 templi
923 915 981 963 ct
1030 912 1202 980 petrae
1252 907 1451 963 scissa
1499 911 1658 974 sunt,
1712 911 1867 963 terra
1897 910 2074 975 mota,

425 1000 805 1052 monumenta
838 1000 1057 1068 aperta,
1113 1001 1169 1050 et
1211 995 1396 1050 multa
1455 1011 1695 1066 corpora
1742 999 2075 1050 sanctorum

427 1090 888 1141 resurrexerunt.
946 1087 1004 1138 In
1056 1088 1218 1139 tanta
1281 1085 1478 1154 itaque
1536 1085 1973 1156 perturbatione
2019 1087 2076 1137 et

422 1175 588 1244 quasi
624 1173 928 1246 naufragio
963 1172 1140 1227 totius
1185 1177 1483 1236 creaturae,
1535 1189 1647 1226 non
1700 1171 1886 1226 solum
1921 1170 2075 1226 latus

419 1262 649 1317 Domini
685 1279 799 1317 non
835 1262 942 1314 fuit
971 1264 1241 1331 apertum
1277 1261 1498 1320 lancea,
1533 1261 1631 1314 sed
1687 1261 1856 1314 etiam
1892 1259 1948 1313 hi
1974 1260 2070 1331 qui

419 1353 584 1422 prius
609 1351 657 1404 ei
695 1350 1136 1414 insultaverant,
1171 1354 1227 1403 et
1251 1350 1322 1403 ad
1350 1348 1750 1419 spectaculum
1776 1348 1918 1403 illud
1943 1365 2074 1404 con-

417 1443 714 1506 venerant,
743 1438 866 1492 viso
893 1441 1221 1492 terraemotu
1247 1442 1301 1491 et
1329 1437 1420 1490 his
1447 1455 1571 1508 qum
1608 1437 1844 1502 ﬁebant,
1872 1441 2074 1508 pectus

417 1543 592 1581 suum
642 1525 1050 1597 percutientes,
1110 1527 1566 1580 revertebantur.
1625 1527 1778 1580 Adeo
1825 1530 1888 1580 ut
1948 1526 2073 1597 ipse

415 1615 697 1679 centurio,
732 1613 824 1668 cui
856 1614 1110 1668 traditus
1143 1615 1332 1669 fuerat
1361 1616 1431 1669 ad
1483 1615 1873 1686 puniendum,
1915 1614 2068 1669 dice-

415 1707 540 1758 ret:
576 1727 604 1753 ‹‹
631 1703 776 1758 Vere
810 1703 912 1758 Dei
950 1703 1107 1758 ﬁlius
1147 1707 1271 1758 erat
1299 1703 1407 1758 iste
1441 1705 1649 1774 (Matth.
1683 1721 1858 1770 xxvn,
1890 1704 2003 1772 54).
2042 1724 2068 1750 ν

411 1792 485 1846 At
515 1792 613 1847 ubi
647 1792 939 1846 tumultus
973 1792 1177 1846 mundi
1212 1792 1642 1863 conquieverat,
1677 1797 1734 1848 et
1781 1792 2068 1848 securitas
2097 1829 2146 1894 B

413 1879 609 1952 aliqua
658 1879 848 1946 rediit,
895 1897 1027 1936 cum
1053 1882 1178 1950 jam
1229 1897 1356 1936 sero
1402 1886 1575 1949 esset,
1599 1881 1871 1937 Pharisaei
1902 1899 2068 1954 roga-

409 1973 622 2025 verunt
651 1969 900 2024 Pilatum
934 1974 999 2024 ut
1029 1973 1264 2041 propter
1289 1969 1612 2025 solemnem
1647 1971 1801 2026 diem
1824 1971 2064 2026 Sabbati

412 2059 820 2130 frangerentur
846 2059 1256 2114 cruciﬁxorum
1289 2076 1462 2115 crura
1511 2064 1567 2114 et
1615 2061 2064 2131 deponerentur.

410 2150 570 2202 Tunc
593 2163 822 2218 quoque
847 2147 1061 2217 Joseph
1090 2149 1311 2219 rogavit
1333 2148 1582 2202 Pilatum
1617 2154 1681 2203 ut
1699 2148 1924 2205 tolleret
1947 2165 2068 2204 cor-

410 2250 522 2305 pus
543 2235 704 2289 Jesu.
731 2234 951 2288 Pilatus
973 2235 1096 2309 'viro
1126 2236 1455 2290 mirabatur
1490 2236 1539 2290 si
1563 2239 1689 2306 jam
1715 2237 1971 2293 obiissct.
1998 2239 2069 2292 Et

408 2322 687 2376 accersito
719 2322 1079 2387 centurione,
1112 2324 1210 2378 ubi
1245 2325 1514 2395 cognovit
1535 2325 1738 2380 Jesum
1761 2327 1888 2396 jam
1914 2343 2068 2381 mor-

409 2411 603 2474 tuum,
625 2409 860 2463 donavit
881 2425 1091 2481 corpus
1111 2412 1348 2482 Josepb.
1377 2413 1548 2467 Porro
1573 2413 1790 2469 milites
1814 2415 1884 2468 ad
1921 2432 2064 2486 prae-

409 2499 641 2567 ceptum
693 2496 857 2552 Pilati
906 2499 1203 2570 fregerunt
1250 2516 1422 2555 crura
1469 2501 1680 2572 prioris
1729 2507 1785 2557 et
1825 2503 2064 2558 alterius

406 2584 671 2640 latronis.
716 2587 802 2640 Ad
832 2586 1036 2641 Jesum
1071 2593 1266 2642 autem
1300 2605 1433 2642 cum
1467 2589 1783 2659 venissent,
1817 2595 1882 2645 ut
1909 2591 2063 2646 vide-

408 2678 548 2729 runt
576 2691 710 2730 eum
734 2676 861 2746 jam
895 2680 1193 2731 mortuum
1215 2721 1228 2744 ,
1258 2694 1372 2732 non
1407 2679 1705 2749 fregerunt
1725 2681 1852 2750 ejus
1874 2697 2064 2749 crura,

411 2763 513 2818 sed
541 2780 696 2819 unus
721 2764 973 2819 militum
995 2764 1196 2820 lancea
1222 2765 1378 2822 latus
1408 2767 1535 2836 ejus
1567 2769 1814 2839 aperuit,
1849 2773 1906 2824 et
1927 2785 2062 2824 con-

412 2851 579 2908 tinuo
601 2853 777 2907 exivit
800 2854 1040 2924 sanguis
1062 2859 1118 2909 et
1143 2870 1318 2926 aqua,
1358 2855 1577 2926 quibus
1599 2857 1951 2912 formaretur
1973 2858 2067 2912 Ec-

414 2939 612 3008 clesia,
665 2943 1163 3012 quemadmodum
1211 2961 1279 3000 ex
1327 2949 1487 2999 costa
1534 2945 1669 2999 Adze
1718 2946 2064 3002 dormientis

405 3030 655 3085 formata
683 3035 772 3085 est
792 3032 924 3086 Eva.
950 3033 1093 3087 Ecce
1133 3033 1181 3087 si
1233 3033 1378 3088 hora
1417 3049 1572 3089 nona
1615 3035 1779 3102 obiit,
1827 3041 1883 3091 et
1912 3052 2061 3103 sero,

401 3119 529 3190 jam
562 3119 633 3174 de
664 3136 834 3175 cruce
874 3121 1276 3192 deponendus,
1322 3121 1527 3178 lancea
1572 3140 1887 3194 percussus
1931 3125 2061 3180 fuit.

407 3207 654 3280 sanguis
684 3209 794 3264 fuit
823 3209 939 3276 ille,
977 3210 1324 3266 naturaliter
1371 3211 1598 3268 calidus
1627 3230 1742 3267 non
1775 3214 1905 3278 fuit,
1938 3217 2057 3269 toto
2088 3195 2132 3262 (ἶ

415 3311 655 3366 corpore
676 3299 802 3367 jam
837 3304 1187 3368 praemortuo
1218 3304 1276 3354 et
1307 3300 1538 3370 frigido.
1573 3302 1737 3364 Quod
1785 3303 1833 3357 si
1866 3302 2062 3374 aliquo

409 3384 584 3437 modo
606 3384 823 3438 caluit:
845 3385 1218 3455 Evangelium
1243 3402 1423 3456 quare
1454 3391 1683 3442 tantum
1711 3390 2061 3445 miraculum

403 3473 460 3524 et
491 3476 925 3526 sacramentum
956 3473 1179 3527 tacuit?
1215 3475 1378 3529 Unde
1407 3492 1510 3530 vos
1557 3477 1686 3532 novi
1728 3484 2062 3551 symmystaz

399 3556 672 3615 volumus
702 3559 911 3615 dicatis
942 3577 1016 3615 an
1049 3563 1295 3632 sanguis
1329 3567 1583 3631 tantum,
1623 3572 1725 3619 aut
1753 3583 1902 3637 aqua
1931 3573 2061 3622 tan-

401 3650 549 3715 tum,
592 3664 664 3703 an
698 3649 874 3703 simul
909 3654 1225 3722 utrumque
1256 3649 1546 3706 caluerit?
1575 3653 1634 3708 Si
1667 3655 1909 3726 sanguis
1937 3659 2062 3711 tan-

400 3739 549 3804 tum,
601 3754 781 3809 quare
834 3755 1048 3810 aquam
1095 3738 1453 3807 calefacitis;
1506 3741 1554 3796 si
1605 3759 1758 3813 aqua
1804 3747 2057 3811 tantum,

402 3842 582 3898 quare
630 3845 699 3883 ex
751 3845 818 3884 ea
877 3828 1198 3884 calcfacitis
1265 3829 1610 3901 sanguinem
1677 3832 1938 3888 Christi?
2006 3835 2061 3888 Si

403 3920 720 3986 utrumque
745 3917 943 3984 simul,
965 3935 1145 3988 quare
1164 3924 1482 3990 utrumque
1505 3919 1678 3974 simul
1700 3937 1813 3976 non
1833 3921 2063 3977 caleﬁt‘?

403 4003 514 4057 Sed
548 4005 716 4073 cujus
748 4005 873 4059 visu
908 4006 994 4060 vel
1030 4012 1182 4062 tactu
1218 4008 1407 4079 potuit
1450 4008 1726 4079 discerni,
1763 4011 2065 4082 quodlibet

401 4089 613 4145 horum
637 4091 887 4146 duorum
912 4110 978 4147 ex
1010 4111 1123 4149 uno
1145 4095 1382 4150 vulnere
1424 4097 1603 4152 simul
1627 4100 2064 4170 erumpentium

404 4177 659 4233 calidum
685 4184 786 4234 aut
822 4180 1100 4252 frigidum
1139 4183 1319 4239 fuisse
1347 4184 1374 4238 ‘2
1399 4185 1682 4242 Praeterea
1724 4188 1771 4242 si
1797 4189 2066 4260 aquailla

404 4265 604 4336 caluit,
638 4285 816 4340 quare
847 4276 903 4324 et
933 4287 1086 4340 aqua
1118 4271 1490 4343 baptismatis
1524 4291 1639 4329 non
1675 4277 1894 4341 calefit,
1927 4295 2059 4332 cum

404 4355 690 4427 praecipue
705 4356 830 4428 ipsa
845 4357 1210 4429 baptismum
1227 4361 1639 4432 praeﬁguravit,
1655 4363 1805 4418 sicut
1819 4367 2062 4438 sanguis

403 4444 865 4517 redemptionem
888 4448 914 4500 ’ἰ
935 4447 1225 4503 Volumus
1238 4455 1434 4502 autem
1451 4449 1599 4504 scire
1613 4467 1729 4520 qua
1745 4452 2064 4509 intentione

1481 324 1968 393 HUMBERTUS
2011 324 2078 391 S.
2121 322 2198 390 Β.
2241 324 2317 391 Ε.
2361 322 2855 392 GARDINALIS.

3709 317 3843 390 988

2262 465 2328 518 IX
2360 465 2444 518 Tu
2477 479 2609 518 vero
2642 460 2948 518 maledicte
2975 460 3032 518 et
3061 454 3444 517 malecdictus
3474 470 3672 516 sermo
3715 462 3839 518 oris

2185 553 2269 608 tui
2301 557 2562 608 sanctam
2593 551 2801 625 legem,
2835 551 2985 606 sicut
3032 547 3405 620 Severianus,
3452 548 3836 606 maledictam

2186 641 2402 696 dixisti.
2435 641 2550 697 Nec
2580 640 2820 707 mirum,
2842 638 3162 695 cumetiam
3180 654 3390 700 panem
3404 642 3574 693 tuum
3589 637 3842 695 laudare

2185 747 2364 802 supra
2392 731 2633 786 modum
2663 729 2925 801 cupiens,
2961 727 3209 782 nimium
3270 727 3615 800 vituperasti
3663 727 3842 783 illum

2185 819 2420 876 dicens:
2455 842 2483 869 ‹‹
2516 818 2808 874 Modicum
2831 817 3180 872 fermentum
3202 818 3383 871 totam
3413 833 3676 871 massam
3707 834 3837 873 cor-

2186 907 2406 980 rumpit
2434 915 2484 963 et
2516 906 2682 978 panis
2715 906 2973 972 tandem,
3006 921 3122 960 non
3171 921 3443 976 azymum
3496 905 3784 960 efﬁcitur.
3811 929 3836 954 η

2184 997 2300 1053 Deo
2331 997 2536 1069 gratia,
2566 996 2703 1068 quia
2731 1010 2999 1067 azymum
3040 1009 3155 1049 non
3213 994 3466 1048 efficitur
3521 995 3595 1049 de
3628 1010 3840 1050 massa

2183 1086 2465 1142 fermento
2495 1091 2790 1156 corrupta,
2822 1085 2974 1140 sicut
3003 1087 3140 1137 tuus
3164 1082 3505 1153 panis.Nam
3531 1084 3841 1156 corruptio

2183 1191 2488 1247 nunquam
2519 1179 2572 1228 et
2605 1189 2897 1245 nusquam
2945 1172 3003 1226 in
3035 1172 3256 1226 bonum
3314 1171 3644 1243 accipitur;
3690 1173 3837 1244 quia

2183 1264 2514 1334 ubicunque
2528 1261 2843 1334 corruptio,
2867 1259 2948 1316 ibi
2962 1259 3136 1315 etiam
3153 1260 3497 1315 substantia:
3513 1260 3840 1316 deteriora-

2183 1354 2286 1408 tio.
2321 1351 2648 1417 Quinetiam
2681 1367 2815 1407 cum
2872 1364 3190 1420 exponeres
3257 1349 3617 1404 sententiam
3678 1351 3835 1405 beati

2183 1441 2368 1505 Pauli,
2400 1457 2575 1513 quam
2608 1444 2740 1512 post
2767 1442 2852 1495 tot
2882 1437 3234 1492 orthodoxos
3259 1437 3479 1501 Patres,
3513 1438 3689 1493 nobis
3722 1457 3831 1494 no-

2179 1529 2376 1586 lumus
2411 1530 2480 1584 ab
2494 1525 3014 1599 hmreticisexponi,
3041 1526 3308 1598 quamvis
3331 1525 3540 1582 nolens
3557 1544 3834 1599 azymum

2179 1618 2428 1675 laudasti
2464 1617 2662 1674 dicens
2688 1635 2700 1672 :
2732 1617 2897 1672 Sicut
2923 1615 3065 1672 estis
3093 1614 3394 1687 baptizati,
3417 1615 3475 1670 id
3499 1620 3612 1684 est,
3639 1617 3834 1688 azymi

2178 1711 2236 1764 et
2292 1707 2444 1779 puri.
2504 1707 2561 1762 Si
2621 1721 2758 1777 ergo
2817 1704 3142 1761 secundum
3191 1707 3356 1758 tuam
3389 1704 3836 1760 confessionem

2177 1796 2450 1869 baptizati
2485 1799 2624 1850 sunt
2653 1793 2861 1868 azymi,
2894 1793 3032 1866 quid
3067 1796 3207 1850 sunt
3235 1809 3351 1846 non
3374 1792 3674 1864 baptizati,
3710 1793 3834 1848 nisi

2178 1883 2527 1953 fermentati,
2561 1884 2618 1937 id
2650 1887 2739 1939 est
2767 1881 3076 1954 corrupti?

2248 1975 2312 2030 X.
2339 1974 2438 2029 Dic
2468 1977 2664 2028 tamen
2696 1972 2796 2027 ubi
2827 1975 2883 2026 et
2904 1970 3198 2042 quomodo
3220 1968 3420 2024 Paulus
3453 1985 3586 2024 cum
3619 1971 3840 2026 unde--

2175 2063 2287 2120 cim
2321 2061 2600 2134 apostolis
2627 2077 2879 2116 canones
2903 2058 3037 2114 illos
3061 2075 3196 2114 cum
3219 2057 3833 2113 excommunicatione

2175 2151 2460 2224 exposuit,
2495 2166 2744 2222 quorum
2774 2153 2836 2203 tu
2885 2146 3057 2203 nobis
3114 2145 3611 2218 septuagesimum
3644 2150 3836 2217 caput

2175 2241 2424 2312 objicis?
2453 2239 2689 2296 omnino
2722 2237 2988 2293 nesciens
3019 2235 3159 2306 quid
3190 2233 3484 2306 loquaris:
3525 2256 3547 2282 ι
3575 2233 3639 2289 Si
3664 2235 3835 2306 quis,

2175 2329 2387 2402 inquit,
2418 2327 2728 2400 episcOpus
2759 2329 2859 2380 aut
2887 2325 3190 2397 presbyter
3218 2328 3321 2378 aut
3374 2321 3682 2388 diaconus,
3726 2329 3839 2378 aut

2175 2418 2413 2476 omnino
2447 2433 2514 2472 ex
2544 2431 2788 2472 numero
2811 2413 3154 2470 clericorum
3171 2411 3523 2483 jejunaverit
3545 2427 3683 2466 cum
3717 2413 3837 2467 He-

2173 2507 2364 2572 braais,
2398 2510 2498 2561 aut
2528 2505 2798 2578 epulatus
2829 2503 3004 2558 fuerit
3033 2517 3168 2556 cum
3193 2500 3298 2564 eis,
3330 2505 3390 2556 et
3419 2502 3715 2572 acceperit
3745 2500 3839 2556 fe-

2174 2597 2500 2653 stivitatum
2532 2609 2734 2650 eorum
2749 2607 3015 2656 munera,
3039 2595 3105 2645 ut
3126 2594 3266 2645 sunt
3291 2605 3516 2661 azyma,
3538 2593 3644 2643 aut
3666 2587 3837 2644 aliud

2173 2683 2882 2755 hujusmodi,deponatur
2898 2698 2911 2748 ;
2928 2679 3114 2735 laicus
3130 2682 3326 2734 autem
3353 2682 3791 2750 sequestretur.
3813 2701 3841 2728 ››

2172 2773 2362 2828 Etiam
2395 2772 2445 2826 si
2477 2771 2585 2826 hoc
2616 2769 2940 2842 capitulum
2972 2767 3224 2824 exlibris
3257 2767 3618 2822 authenticis
3645 2767 3845 2840 prola—

2175 2865 2303 2917 tum
2335 2864 2512 2926 esset,
2546 2859 2710 2914 nullo
2741 2858 2915 2914 modo
2947 2874 3053 2912 nos
3072 2861 3355 2928 tangeret,
3389 2857 3528 2927 quia
3553 2871 3665 2911 nec
3697 2873 3838 2912 cum

2177 2950 2427 3006 Hebraeis
2454 2949 2815 3020 jejunamus,
2847 2963 2952 3002 nec
2991 2962 3126 3001 cum
3157 2946 3241 3001 eis
3267 2945 3584 3017 epulamur
3614 2951 3725 3000 aut
3758 2947 3841 3002 fe-

2173 3039 2497 3095 stivitatum
2530 3053 2732 3093 eorum
2765 3052 3011 3092 munera
3050 3033 3248 3106 aliqua
3277 3033 3624 3106 accipimus.
3661 3036 3834 3099 Quod

2173 3133 2368 3184 autem
2397 3131 2460 3182 tu
2489 3142 2700 3182 vesane
2729 3124 3040 3197 subjungis
3070 3124 3232 3180 :Sive
3253 3123 3323 3178 ab
3347 3121 3464 3178 illis
3491 3123 3838 3196 accipiatis,

2170 3216 2288 3273 sive
2317 3215 2476 3271 domi
2507 3215 2755 3281 faciatis,
2789 3230 2992 3286 azyma
3021 3218 3180 3269 sunt.
3218 3213 3276 3267 Id
3299 3211 3569 3281 jaculum
3602 3213 3719 3268 tibi
3755 3231 3842 3268 re-

2170 3294 2514 3377 torquemus
2544 3305 2840 3359 dicentes:
2874 3324 2903 3351 «
2937 3302 3066 3358 Sive
3095 3317 3229 3356 cum
3261 3301 3515 3356 Hebraeis
3559 3302 3836 3358 Sabbato

2169 3394 2511 3468 epulemini,
2571 3393 2690 3448 sive
2745 3392 2902 3446 domi
2939 3433 2952 3459 ,
3011 3390 3266 3463 epulatio
3297 3393 3403 3445 est.
3440 3411 3468 3439 ››
3523 3391 3686 3446 Sane
3721 3391 3838 3448 hoc

2170 3483 2406 3553 dignius
2439 3485 2642 3538 contra
2669 3497 2771 3537 vos
2803 3480 3172 3553 dirigeretur,
3207 3478 3344 3549 quia
3364 3494 3466 3533 vos
3488 3477 3630 3532 nihil
3658 3479 3839 3535 aliud

2169 3573 2230 3627 in
2262 3573 2517 3628 Sabbato
2549 3587 2726 3642 quam
2748 3568 3178 3626 solemnitatem
3199 3567 3553 3633 Judaeorum,
3577 3583 3690 3622 nos
3725 3585 3841 3622 au-

2170 3664 2287 3716 tem
2318 3661 2378 3714 in
2411 3675 2611 3732 azymo
2641 3658 2812 3730 longe
2842 3657 3002 3712 aliud
3032 3660 3469 3712 sacramentum
3499 3655 3841 3712 retinemus

2170 3753 2228 3804 et
2258 3746 2765 3819 amplectimur.Si
2780 3745 2937 3801 enim
2956 3744 3430 3817 interrogemusJ
3439 3744 3658 3808 udaaos,
3685 3745 3842 3816 quid

2171 3836 2464 3892 celebrent
2494 3836 2552 3889 in
2584 3834 2838 3890 Sabbato
2859 3833 2887 3888 ‘I
2916 3833 3410 3905 Respondebunt:
3445 3855 3474 3880 ‹‹
3537 3832 3842 3904 Requiem

2171 3923 2422 3979 Domini.
2461 3946 2488 3972 »
2519 3922 2576 3978 Si
2609 3923 2859 3990 Graacos,
2892 3921 3050 3976 idem
3107 3925 3165 3976 et
3229 3937 3343 3975 non
3401 3919 3562 3974 aliud
3606 3920 3838 3977 dicent.

2173 4014 2318 4086 Ergo
2351 4014 2460 4069 sub
2493 4011 2766 4067 servitute
2795 4009 2944 4083 legis
2974 4016 3132 4066 sunt.
3167 4011 3226 4064 In
3279 4009 3447 4079 cujus
3505 4010 3735 4065 umbra
3785 4017 3842 4066 et

2169 4102 2428 4158 tenebris
2461 4101 2869 4157 consederunt.

2246 4191 2313 4246 XI
2343 4191 2560 4246 Deinde
2587 4194 2721 4261 post
2750 4189 2956 4244 inanes
3011 4187 3260 4244 latratus
3318 4203 3496 4260 super
3534 4189 3838 4244 vocabulo

2171 4280 2362 4352 panis,
2389 4279 2671 4335 reduxisti
2695 4277 2864 4333 nobis
2889 4294 3076 4332 annos
3092 4278 3164 4332 ab
3186 4277 3352 4332 initio
3376 4277 3607 4344 mundi,
3637 4294 3842 4350 usque

2173 4369 2243 4424 ad
2278 4367 2609 4440 passionem
2636 4365 2877 4431 Christi,
2913 4365 3148 4436 quando
3178 4365 3505 4420 secundum
3536 4369 3596 4420 te
3627 4365 3845 4436 cyclus

2173 4457 2384 4513 solaris
2414 4461 2538 4511 erat
2566 4472 2706 4510 xvm
2735 4462 2789 4509 et
2813 4454 2961 4509 lunas
2984 4471 3017 4507 v
3046 4471 3059 4509 :
3086 4459 3153 4509 ut
3179 4454 3286 4509 hoc
3308 4453 3512 4509 saltem
3545 4453 3844 4525 figmento

402 4539 624 4588 costam
657 4533 870 4590 Christi
905 4536 1347 4592 immaculatam
1398 4537 1656 4593 dixeris?
1695 4540 1753 4594 Si
1788 4558 1890 4612 pro
1922 4560 2057 4598 san-
2092 4567 2142 4630 υ
2170 4547 2362 4618 possis
2393 4545 2634 4601 evadere
2666 4560 2800 4600 cum
2833 4544 3116 4599 fermento
3142 4547 3264 4610 tuo,
3287 4542 3647 4614 quasijuxta
3679 4543 3844 4598 hanc

405 4621 604 4677 ctitate
635 4628 692 4678 et
715 4623 1075 4679 innocentia:
1112 4625 1330 4696 optime
1360 4644 1372 4692 ;
1409 4625 1458 4681 si
1480 4632 1675 4682 autem
1699 4645 1803 4700 pro
1824 4646 1890 4685 eo
1908 4633 2062 4702 quod

405 4709 874 4780 impenetrabilis
906 4715 1057 4768 ferro
1089 4714 1233 4770 fuit:
1287 4714 1574 4786 pessime;
1627 4717 1769 4788 quia
1817 4719 1888 4773 de
1933 4735 2065 4776 vero

403 4798 642 4854 vulnere
671 4817 892 4869 verum,
927 4819 1041 4856 non
1074 4803 1536 4874 phantasticum,
1581 4806 1929 4878 sanguinem
1959 4826 2063 4881 pro

404 4885 574 4941 nobis
607 4888 773 4943 fudit.
805 4891 870 4943 Et
893 4907 1006 4945 non
1031 4892 1101 4946 de
1124 4897 1304 4958 costa,
1339 4892 1490 4948 sicut
1520 4897 1581 4948 tu
1615 4894 1844 4964 scribis,
1871 4897 1967 4952 sed
1993 4899 2064 4953 de

401 4971 602 5040 latere,
623 4978 764 5046 quia
784 4995 848 5032 os
876 4979 1223 5050 sanguinem
1249 4998 1362 5036 non
1388 4980 1534 5037 solet
1569 4983 1854 5050 emittere,
1875 5001 1977 5040 nec
1997 5003 2062 5041 os

403 5065 836 5120 comminutum
872 5067 982 5121 fuit
1012 5085 1079 5122 ex
1111 5068 1411 5125 Dominico
1443 5087 1701 5142 corpore.

474 5152 617 5208 VIII.
654 5153 940 5210 Caeterum
975 5158 1128 5227 quod
1164 5158 1333 5228 panis
1383 5159 1458 5213 sit
1505 5166 1563 5214 et
1611 5159 1841 5214 dicatur
1883 5162 2058 5217 etiam

402 5257 666 5314 azyinus,
697 5248 755 5299 ct
786 5245 938 5316 quod
976 5262 1086 5300 non
1121 5262 1255 5301 cum
1305 5246 1756 5318 'I‘heupaschitis
1805 5249 1861 5302 in
1895 5267 2063 5307 sacra

403 5329 695 5387 oblatione
727 5351 1014 5402 erremus,
1049 5339 1105 5390 et
1154 5337 1310 5407 quod
1357 5352 1472 5391 non
1521 5352 1792 5407 azymum
1849 5341 2061 5396 veteris

404 5416 572 5488 legis,
591 5422 691 5474 sed
716 5423 1074 5479 sinceritatis
1096 5428 1153 5479 et
1171 5424 1432 5480 veritatis
1473 5426 1872 5495 comedamus,
1901 5431 2057 5500 quod

402 5521 515 5576 quc
556 5513 747 5563 vetera
795 5502 1174 5579 transierunt,
1227 5518 1284 5568 et
1332 5513 1485 5568 facta
1529 5518 1667 5569 sunt
1715 5533 1881 5586 nova,
1915 5519 2059 5576 satis

402 5596 734 5656 ostenditur
764 5598 822 5656 in
857 5600 971 5657 alia
1003 5606 1205 5658 nostra
1237 5601 1502 5674 epistola.

2175 4634 2650 4706 supputationem
2708 4638 2893 4698 tuam,
2927 4637 3195 4687 occurrat
3251 4632 3310 4687 in
3359 4633 3534 4687 Omna
3595 4633 3841 4688 Domini

2175 4723 2316 4778 luna
2373 4741 2495 4786 xm,
2558 4723 2617 4776 in
2675 4738 2792 4794 qua
2845 4722 3108 4777 nondum
3142 4723 3496 4776 fermentum
3527 4721 3842 4792 abjecerat

2175 4813 2339 4886 plebs
2370 4813 2628 4868 Hebraea.
2664 4812 2774 4867 Sed
2801 4827 2907 4866 nos
2937 4810 3402 4882 chronographis
3427 4816 3485 4866 et
3505 4809 3838 4865 calculato-

2173 4903 2336 4958 ribus
2365 4901 2508 4956 talia
2537 4899 2955 4971 relinquentes,
2979 4899 3232 4953 maxime
3252 4915 3386 4953 cum
3411 4899 3567 4970 apud
3593 4899 3838 4955 Grmcos

2172 4995 2230 5046 et
2260 4990 2496 5046 Latinos
2529 4993 2704 5061 atque
2731 4988 2997 5043 Hebraos
3054 4987 3292 5042 diversae
3350 4988 3422 5043 de
3455 4988 3836 5059 temporibus

2173 5079 2503 5136 habeantur
2561 5077 2855 5132 rationes:
2911 5075 3021 5131 hoc
3075 5080 3307 5130 tantum
3364 5075 3645 5142 dicimus,
3681 5077 3833 5147 quia

2170 5169 2438 5226 Christus
2468 5183 2572 5222 nec
2601 5182 2786 5220 unum
2818 5165 2936 5220 iota
2955 5168 3055 5220 aut
3077 5165 3300 5237 apicem
3322 5163 3705 5236 veterislegis
3739 5180 3838 5219 re-

2170 5258 2360 5314 solvit.
2394 5257 2556 5313 Unde
2584 5260 2642 5311 et
2671 5271 2768 5309 xxv
2797 5253 2937 5310 luna
2965 5254 3037 5309 ad
3067 5269 3375 5326 vesperum
3429 5253 3636 5324 quinta
3674 5253 3835 5308 Sab-

2171 5346 2294 5403 bati
2318 5345 2538 5402 Pascha
2565 5342 2896 5412 celebravit,
2929 5345 2986 5398 et
3016 5357 3150 5397 mox
3200 5341 3404 5397 eadem
3464 5345 3630 5396 nocte
3658 5356 3835 5396 com-

2169 5433 2516 5505 prehensus,
2548 5429 2864 5486 crucifixus
2886 5433 2974 5485 est
2998 5428 3438 5500 quintadecima
3457 5427 3617 5496 luna,
3639 5427 3698 5482 id
3734 5432 3834 5484 est

2167 5527 2331 5578 sexta
2359 5520 2617 5591 Sabbati,
2652 5536 2776 5593 quae
2802 5517 3133 5590 specialiter
3151 5517 3458 5574 dicebatur
3480 5518 3668 5591 prima
3689 5518 3833 5573 dies

2167 5627 2524 5684 azymorum.
2559 5608 2834 5676 Quamvis
2865 5612 2921 5665 et
2950 5608 3010 5664 in
3039 5611 3160 5665 tota
3191 5607 3550 5680 pracedente
3581 5605 3692 5672 die,
3762 5605 3825 5659 id
