4086 6168
323 301 446 369 989

1668 301 1984 370 CONTRA
2025 301 2403 368 NICETAM.

3619 320 3738 385 990

327 443 418 497 est
447 440 656 513 quarta
684 439 913 499 decima
941 439 1100 510 luna,
1137 441 1546 499 fermentatum
1576 458 1692 496 non
1725 457 1970 513 appare-
1999 439 2056 507 Α,
2155 444 2296 499 XVI.
2333 443 2476 501 Hinc
2506 443 2811 502 videamus
2833 443 2883 502 si
2907 459 3022 504 non
3035 443 3176 506 estis
3199 447 3556 520 Sabbatiani,
3587 471 3737 526 quos

324 532 415 586 ret
443 529 503 586 in
534 529 814 587 omnibus
839 531 1056 588 ﬁnibus
1096 531 1295 589 Israel.
1337 531 1484 588 Nam
1516 534 1571 587 et
1610 548 1798 603 agnus
1842 546 1976 585 cum

325 619 548 693 azymis
580 621 1012 677 comedebatur.
1038 623 1201 687 Quod
1233 621 1280 678 si
1305 623 1475 694 juxta
1503 625 1666 677 tuam
1700 619 1976 676 assertio-

324 726 463 765 nem
493 709 763 766 Christus
807 711 1030 767 Pascha
1059 712 1193 768 fecit
1220 710 1629 767 tertiadecima
1663 709 1804 764 luna
1842 725 1976 764 cum

321 798 695 865 fermentato,
730 799 1040 872 dupliciter
1087 817 1220 856 reus
1255 800 1400 868 fuit;
1443 801 1606 871 juste
1641 798 1977 870 puniendus

321 888 653 944 secundum
675 887 884 961 legem,
909 890 1049 962 quia
1070 889 1292 946 Pascha
1322 889 1455 944 fecit
1481 889 1539 942 in
1571 892 1831 959 tempore
1863 905 1977 943 non

322 993 457 1047 suo,
509 979 567 1033 et
612 976 751 1048 quia
806 994 941 1033 cum
995 978 1360 1035 fermentato.
1415 979 1778 1049 Quapropter
1819 992 1978 1031 mors

322 1067 455 1139 ejus
489 1064 634 1121 nihil
668 1066 838 1122 nobis
876 1067 1150 1134 conferet,
1186 1067 1284 1139 qui
1326 1083 1442 1122 non
1474 1083 1576 1138 pro
1617 1063 1833 1121 nostris
1878 1065 1978 1120 sed

324 1171 432 1230 pro
465 1155 593 1211 suis
622 1155 878 1228 peccatis
907 1156 1152 1224 interiit,
1199 1155 1421 1212 scilicet
1453 1156 1593 1228 quia
1641 1155 1752 1209 fuit
1783 1158 1980 1209 trans-

324 1259 566 1318 gressor
595 1249 808 1301 sanctae
837 1245 1002 1318 legis.
1027 1245 1138 1302 Sed
1162 1245 1231 1301 de
1261 1245 1354 1300 his
1377 1243 1522 1300 alias
1548 1244 1780 1316 cepiose
1802 1243 1979 1299 disse-

327 1333 588 1389 ruimus.

408 1428 528 1483 ΧΠ.
561 1424 781 1482 Deinde
805 1424 860 1480 si
875 1417 1130 1494 exceptis
1153 1427 1376 1495 septem
1409 1422 1617 1478 diebus
1644 1421 1831 1478 Judaei
1861 1425 1980 1477 toto

329 1535 489 1576 anno
515 1515 948 1578 fermentatum,
973 1516 1036 1567 ut
1063 1512 1302 1576 asseris,
1335 1511 1652 1567 comedunt
1683 1510 1816 1582 quis
1844 1527 1980 1565 con-

249 1593 254 1598 ’
327 1604 663 1664 venientius
706 1602 879 1657 debet
919 1600 1106 1673 argui,
1153 1599 1251 1656 ille
1282 1600 1382 1672 qui
1432 1599 1677 1655 minimo
1723 1602 1981 1670 tempore

330 1714 437 1754 eos
492 1693 752 1750 imitatur
799 1690 859 1745 in
902 1689 1142 1762 azymis,
1199 1707 1272 1744 an
1307 1687 1404 1744 ille
1437 1688 1538 1760 qui
1588 1691 1705 1744 toto
1737 1705 1890 1743 anno
1920 1687 1980 1742 in

329 1779 740 1841 fermentatis?
773 1778 940 1835 Absit
959 1782 1154 1833 tamen
1175 1782 1238 1832 ut
1259 1793 1460 1833 eorum
1484 1777 1778 1833 carnalem
1803 1777 1982 1832 ritum

325 1873 387 1929 in
421 1871 623 1943 aliquo
647 1868 950 1924 imitemur
973 1867 985 1921 Ι

277 1952 292 1966 ³
396 1959 552 2016 ΧΙΙΙ.
591 1957 810 2014 Verum
843 1955 1118 2028 quoniam
1171 1954 1535 2027 labyrintheo
1578 1971 1772 2010 errore
1803 1955 1984 2009 duce-

324 2049 430 2118 ris,
464 2052 532 2104 ut
569 2063 728 2103 nunc
758 2062 875 2117 qua
903 2045 1102 2100 exibas
1135 2045 1335 2110 intres,
1375 2060 1532 2098 nunc
1575 2059 1692 2114 qua
1723 2043 1985 2099 intrabas

327 2155 521 2205 exeas,
556 2137 773 2193 iterum
821 2134 1086 2190 eamdem
1137 2133 1293 2187 viam
1341 2131 1505 2197 teris,
1548 2131 1748 2187 dicens
1795 2149 1807 2186 :
1865 2132 1984 2187 «Si

328 2227 619 2283 traditum
649 2223 815 2282 vobis
847 2222 957 2278 fuit
987 2222 1058 2277 ab
1091 2220 1373 2293 apostolis
1419 2221 1720 2275 comedere
1762 2237 1984 2292 azyma,

331 2315 632 2390 quomodo
687 2311 913 2384 Agatho
969 2327 1121 2382 papa
1167 2314 1374 2376 vester,
1422 2325 1740 2380 praesessor
1772 2314 1986 2364 sanctae

331 2408 507 2462 sextae
551 2400 783 2475 synodi,
817 2415 952 2454 cum
993 2397 1271 2470 Gregorio
1312 2397 1830 2470 Agrigentinorum
1867 2397 1987 2470 epi-

331 2509 510 2565 scopo
561 2493 618 2545 et
665 2487 796 2545 aliis
844 2486 1137 2556 Patribus,
1183 2491 1385 2542 contra
1431 2503 1634 2558 azyma
1678 2503 1748 2542 ne
1780 2487 1988 2542 ﬁerent

329 2583 524 2656 legem
558 2577 800 2635 statuit?
833 2598 860 2625 ››
900 2575 1072 2645 Audi,
1116 2575 1315 2641 stulte,
1360 2591 1506 2630 vane
1542 2592 1554 2629 :
1589 2591 1704 2630 non
1756 2579 1988 2631 tantum

332 2671 406 2727 ab
441 2666 743 2742 apostolis,
778 2668 1064 2737 quantum
1099 2663 1172 2718 ab
1194 2663 1322 2736 ipso
1353 2663 1596 2719 Domino
1624 2668 1826 2720 nostro
1848 2666 1986 2720 Jesu

329 2759 566 2816 Christo
608 2753 893 2811 traditum
924 2756 1012 2808 est
1051 2753 1244 2818 nobis,
1289 2769 1494 2825 azyma
1533 2770 1649 2808 non
1682 2754 1753 2809 de
1801 2753 1990 2809 Phase

331 2847 585 2905 Judaico
618 2843 944 2910 comedere,
975 2841 1076 2897 sed
1108 2842 1179 2897 de
1199 2841 1424 2898 Pascha
1453 2841 1779 2898 Christiano
1811 2842 1988 2915 perci—

378 2953 499 2993 ere.

334 2955 558 3080 Ρϐζῐϐῐλν.
590 3023 706 3080 Nec
737 3020 818 3077 rei
846 3024 1114 3075 tenemur
1141 3017 1242 3074 illo
1274 3019 1430 3090 quod
1462 3018 1724 3089 objecisti
1754 3035 1879 3090 cap.
1927 3021 1987 3074 11

340 3118 518 3172 sextae
563 3111 792 3183 synodi,
824 3109 1024 3164 dicens
1055 3125 1067 3162 :
1105 3131 1133 3158 «
1165 3108 1345 3163 Nemo
1378 3107 1437 3162 in
1469 3107 1813 3164 sacerdotali
1855 3125 1989 3164 con-

2091 539 2554 590 commemorant
2606 534 2802 591 Patres
2843 541 3054 593 sancta
3097 538 3316 610 quintae
3365 544 3592 613 synodi.
3626 545 3732 600 Re-

2088 623 2456 694 prehendens
2476 623 2631 679 enim
2647 641 2752 680 nos
2771 627 3226 697 curjejunemus
3249 629 3542 697 Sahbatis,
3568 631 3734 688 dicis:

2096 734 2121 765 α
2153 712 2372 776 Quarta
2410 716 2466 768 et
2513 717 2676 769 sexta
2711 713 2852 770 feria
2886 715 3113 788 jugiter
3145 718 3540 788 jejunandum
3575 738 3587 775 :
3623 738 3740 776 una

2089 805 2325 874 propter
2352 801 2747 869 traditionem,
2783 803 2963 859 altera
2994 809 3229 877 propter
3260 808 3595 878 passionem
3627 810 3738 864 Do-

2091 890 2257 958 mini,
2293 891 2544 946 Sabbato
2577 896 2772 947 autem
2807 910 3115 965 nunquam
3155 895 3268 949 nisi
3301 912 3438 951 uno.
3474 919 3500 944 ››
3533 898 3602 952 Et
3630 898 3739 953 hoc

2090 996 2348 1035 asserere
2388 980 2617 1035 conaris
2647 985 2705 1035 et
2743 982 3090 1054 apocryphis
3119 982 3286 1038 libris
3318 987 3375 1038 et
3415 987 3740 1041 canonibus

2089 1068 2214 1140 pari
2248 1067 2536 1123 sententia
2564 1072 2900 1124 sanctorum
2935 1075 3171 1125 Patrum
3222 1073 3561 1143 repudiatis.
3593 1073 3737 1129 Nam

2090 1156 2403 1212 Clementis
2433 1156 2600 1224 liber,
2623 1156 2678 1211 id
2711 1163 2817 1222 est,
2841 1158 3201 1214 itinerarium
3232 1160 3383 1216 Petri
3408 1161 3651 1231 apostoli
3683 1167 3740 1217 et

2091 1262 2344 1302 canones
2374 1245 2772 1317 apostolorum
2803 1249 3356 1304 numeranturinter
3385 1251 3735 1322 apocrypha,

2090 1334 2342 1407 exceptis
2373 1334 2643 1406 capitulis
2685 1335 3134 1409 quinquaginta,
3184 1355 3309 1408 quae
3364 1339 3743 1394 decreverunt

2092 1423 2310 1497 regulis
2341 1423 2677 1480 orthodoxis
2710 1425 3101 1497 adjungenda.
3138 1426 3300 1480 Unde
3352 1444 3458 1482 nos
3508 1444 3740 1498 quoque

2092 1529 2264 1569 omne
2294 1513 2664 1585 apocryphon
2697 1513 3056 1584 abjicientes,
3107 1515 3500 1586 dedignamur
3541 1517 3743 1572 audire

2092 1619 2294 1660 eorum
2327 1602 2625 1658 fabulosae
2655 1603 3021 1670 traditiones,
3057 1604 3194 1674 quia
3235 1622 3349 1660 non
3382 1610 3521 1661 sunt
3563 1611 3626 1662 ut
3654 1605 3745 1662 lex

2093 1692 2345 1748 Domini.
2379 1694 2740 1763 Quapropter
2762 1691 2854 1746 his
2886 1691 3142 1759 omissis,
3176 1693 3235 1747 in
3267 1692 3448 1748 altera
3475 1695 3741 1766 epistola,

2093 1780 2222 1836 vide
2262 1779 2403 1851 quid
2456 1779 2761 1836 sentierint
2812 1781 2883 1835 de
2936 1781 3186 1836 Sabbato
3237 1781 3387 1836 beati
3431 1785 3488 1836 et
3519 1782 3744 1853 antiqui

2095 1868 2400 1942 pontifices
2449 1868 2718 1935 Romani,
2752 1868 3026 1924 Silvester
3056 1873 3112 1924 et
3164 1870 3550 1938 innocentius,
3599 1887 3748 1942 quo-

2096 1974 2227 2012 rum
2258 1956 2557 2012 sententia:
2603 1957 2892 2012 sententia
2933 1957 3253 2029 Agathonis
3293 1959 3562 2028 quamvis
3610 1977 3744 2016 san-

2096 2045 2346 2102 ctissimi
2390 2043 2724 2100 nullatenus
2783 2046 3103 2117 praefertur.
3163 2046 3275 2102 Sed
3333 2047 3487 2102 absit
3534 2052 3599 2102 ut
3645 2048 3749 2104 ali-

2097 2136 2331 2208 quando
2359 2134 2650 2190 contraria
2671 2134 2755 2189 eis
2777 2134 3000 2206 Agatho
3024 2135 3308 2192 sensisset
3331 2136 3342 2190 l
3369 2138 3434 2192 Et
3457 2140 3650 2193 tamen
3684 2138 3744 2193 in

2096 2224 2224 2292 hoc,
2259 2224 2412 2279 sicut
2440 2227 2497 2278 et
2525 2222 2585 2277 in
2617 2223 2748 2278 aliis
2780 2223 3018 2290 falleris,
3065 2225 3219 2296 quod
3261 2241 3394 2280 eum
3435 2243 3744 2298 praesesso-

2096 2331 2220 2369 rem
2253 2312 2412 2367 illius
2442 2311 2649 2385 synodi
2683 2311 2864 2367 fuisse
2909 2312 3079 2378 dicis,
3126 2331 3262 2368 cum
3292 2318 3523 2370 tantum
3570 2316 3745 2388 legati

2097 2404 2226 2474 ejus
2273 2401 2463 2458 eidem
2513 2401 2733 2473 synodo
2779 2401 3176 2472 praesederint.
3223 2402 3402 2473 Cujus
3449 2407 3614 2476 gesta
3654 2405 3748 2460 hic

2098 2489 2441 2547 summatim
2473 2489 2690 2562 placuit
2720 2489 2917 2545 inseri.

2167 2579 2338 2634 XVII.
2370 2580 2652 2651 Tempore
2684 2578 3071 2647 Constantini,
3101 2578 3205 2633 ﬁlii
3234 2581 3596 2636 Constantini
3632 2583 3746 2638 im-

2099 2667 2403 2742 peratoris,
2437 2684 2588 2722 anno
2621 2666 2853 2738 imperii
2879 2667 3006 2738 ejus
3039 2667 3287 2738 septimo
3319 2667 3564 2735 decimo,
3601 2671 3746 2742 Aga—

2097 2757 2198 2812 tho
2229 2773 2400 2828 papa,
2422 2772 2490 2811 ex
2511 2758 2716 2826 rogatu
2749 2755 3139 2823 Constantini,
3177 2755 3422 2811 Heraclii
3448 2761 3505 2812 et
3532 2758 3746 2815 Tiberii

2100 2845 2434 2917 principum
2482 2843 2909 2915 piissimorum,
2959 2843 3120 2899 misit
3163 2844 3222 2899 in
3272 2846 3492 2918 regiam
3543 2849 3745 2904 urbem

2099 2932 2322 3006 legatos
2361 2950 2518 2989 suos.
2552 2933 2614 2987 In
2649 2932 2864 3004 quibus
2898 2936 3021 2988 erat
3050 2933 3304 2990 Joannes
3352 2935 3620 2992 Romana:
3654 2938 3751 2993 Ec-

2101 3021 2287 3077 clesia:
2335 3025 2474 3076 tunc
2533 3021 2835 3090 diaconus,
2885 3020 3054 3094 longe
3101 3027 3235 3093 post
3282 3024 3614 3096 episcopus,
3649 3043 3750 3097 pro

2106 3110 2457 3167 adunatione
2506 3110 2770 3166 facienda
2817 3114 3155 3165 sanctarum
3185 3111 3287 3166 Dei
3334 3112 3748 3171 Ecclesiarum.

342 3205 591 3262 stitutus
639 3199 861 3268 ordine,
908 3202 1010 3254 aut
1049 3196 1233 3253 laicus
1274 3213 1342 3252 ea
1390 3213 1517 3268 quae
1567 3197 1723 3268 apud
1761 3197 1996 3253 Judaeos
2025 3179 2068 3247 C
2107 3198 2648 3272 Quibenignissime
2670 3199 2925 3271 suscepti
2949 3217 2981 3255 ει
3013 3201 3751 3258 reverendissimoﬁdeica-

348 3295 496 3351 sunt
523 3307 721 3363 azyma
759 3288 1044 3355 comedat,
1079 3289 1181 3341 aut
1211 3303 1342 3341 cum
1387 3285 1472 3340 eis
1518 3283 1760 3351 habitet,
1805 3291 1905 3341 aut
1937 3286 1995 3341 in

345 3379 792 3439 infirmitatibus
815 3394 913 3433 eos
941 3376 1163 3443 invitet,
1188 3378 1290 3430 aut
1312 3373 1663 3430 medicinam
1691 3374 1762 3429 ab
1795 3374 1877 3431 eis
1904 3393 1996 3431 ac-

343 3471 550 3544 cipiat,
580 3468 668 3525 vel
699 3469 760 3523 in
791 3465 1020 3523 balneis
1051 3481 1186 3520 cum
1219 3465 1301 3521 eis
1333 3463 1575 3518 lavetur.
1609 3462 1665 3516 Si
1693 3463 1823 3534 quis
1872 3463 1995 3518 haec

339 3558 555 3634 egerit,
586 3557 878 3629 siquidem
911 3554 1158 3610 clericus
1187 3552 1383 3620 fuerit,
1414 3553 1741 3623 deponatur
1774 3569 1786 3606 ε
1816 3551 1861 3607 si
1897 3568 1999 3607 au-

338 3657 468 3706 tem
517 3647 724 3713 laicus,
775 3647 1192 3716 sequestretur.
1247 3664 1274 3689 »
1307 3641 1447 3706 Quis
1495 3645 1785 3708 nostrum,
1832 3657 1992 3713 rogo,

338 3755 554 3813 azyma
585 3753 712 3809 quae
745 3734 899 3807 apud
944 3733 1176 3788 Judaeos
1208 3733 1345 3786 sunt
1386 3728 1676 3785 comedit?
1719 3729 1994 3793 Quamvis

337 3828 507 3886 enim
538 3824 766 3898 reliqua
795 3820 1034 3894 capituli
1076 3821 1256 3893 hujus
1301 3819 1701 3886 observemus,
1733 3817 1877 3873 illud
1911 3822 1993 3874 ta-

337 3933 482 3974 men
511 3932 689 3987 super
717 3912 916 3970 omnia
944 3912 1015 3967 de
1047 3909 1264 3982 azymis
1297 3909 1696 3964 observamus.

415 4004 538 4062 XV.
572 4004 683 4060 Sed
717 4002 854 4075 quid
885 4000 1089 4057 dices?
1134 3999 1336 4054 Nonne
1385 4013 1636 4069 magnus
1677 3995 1929 4052 Basilius
1962 4013 1995 4052 a

333 4092 564 4165 Joseph
589 4092 790 4146 Judeo
824 4087 1172 4145 medicinam
1197 4085 1496 4141 multoties
1527 4081 1785 4154 accepit?
1807 4087 1869 4138 tu
1893 4101 1994 4139 au-

335 4191 464 4239 tem
499 4182 650 4237 sicut
679 4178 949 4235 diabolus
982 4176 1298 4250 psalmum,
1334 4175 1416 4229 ita
1464 4173 1802 4244 exponendo
1834 4175 1997 4246 capi-

349 4271 549 4329 tulum
581 4267 939 4342 subjunxisti
966 4287 978 4323 :
1025 4290 1051 4317 «
1083 4267 1190 4333 Qui
1221 4281 1356 4338 ergo
1389 4280 1656 4336 azymum
1678 4263 1911 4319 conficit
1942 4269 2000 4320 et

337 4360 622 4429 comedit,
647 4358 915 4432 quamvis
945 4357 1053 4413 hoc
1079 4374 1195 4412 non
1221 4353 1506 4426 acceperit
1534 4371 1566 4410 a
1592 4353 1830 4417 Judazis,
1864 4353 1996 4409 imi-

335 4455 500 4510 tator
529 4453 724 4505 tamen
756 4447 1094 4504 Judaeorum
1127 4449 1234 4514 est,
1268 4443 1417 4500 sicut
1447 4447 1502 4499 et
1532 4443 1582 4498 is
1615 4442 1715 4515 qui
1747 4443 1996 4498 circum-

2103 3287 2331 3345 tholiczc
2363 3289 2665 3344 defensore
2694 3288 3095 3359 Constantino,
3123 3289 3278 3359 jussi
3318 3294 3457 3346 sunt
3487 3291 3751 3347 remissis

2105 3377 2601 3451 disputationibus
2624 3377 3067 3451 philosophicis,
3096 3378 3339 3450 paciﬁco
3376 3379 3753 3452 colloquiode

2105 3469 2220 3523 fide
2249 3485 2385 3523 vera
2423 3467 2779 3539 perquirere,
2813 3467 2964 3522 datis
2991 3467 3075 3522 eis
3107 3467 3175 3522 de
3205 3467 3556 3525 bibliotheca
3603 3472 3750 3526 Con-

2105 3556 2627 3629 stantinopolitana
2655 3557 2881 3612 cunctis
2913 3555 3286 3628 antiquorum
3310 3557 3568 3626 Patrum,
3602 3576 3751 3630 quos

2105 3647 2400 3720 petebant,
2433 3644 2666 3700 libellis.
2695 3645 3024 3699 Adfuerunt
3053 3649 3248 3699 autem
3272 3649 3328 3699 et
3347 3645 3601 3716 episcopi
3625 3647 3748 3713 450,

2105 3735 2452 3808 praesidente
2482 3732 2756 3804 Gregorio
2789 3733 2958 3803 regia:
2994 3733 3154 3786 urbis
3184 3732 3432 3803 praesule
3462 3737 3518 3788 et
3545 3735 3752 3789 Antio-

2105 3823 2247 3880 chiaa
2278 3821 2588 3878 Machario.
2614 3819 2942 3874 Etconvicti
2971 3825 3108 3874 sunt
3139 3819 3238 3891 qui
3273 3837 3449 3877 unam
3481 3820 3754 3877 volunta-

2103 3921 2222 3969 tem
2248 3916 2304 3967 et
2342 3909 2737 3982 operationem
2767 3908 3110 3964 astruebant
3141 3908 3200 3963 in
3227 3908 3476 3978 Christo,
3511 3910 3753 3967 falsasse

2106 4003 2343 4057 Patrum
2371 3997 2794 4054 catholicorum
2825 3997 2982 4053 dicta
3013 4015 3115 4069 per
3137 3998 3412 4070 plurima.
3436 4000 3621 4056 Finito
3656 4018 3754 4055 au-

2105 4096 2223 4146 tem
2257 4087 2548 4158 conﬂictu,
2581 4103 2648 4162 ea
2677 4086 2818 4142 hora
2847 4091 3022 4142 tanta)
3045 4104 3392 4143 aranearum
3413 4088 3537 4145 telae
3557 4090 3616 4144 in
3640 4107 3754 4145 me-

2106 4178 2269 4234 dium
2303 4176 2500 4250 pepuli
2532 4176 2889 4244 ceciderunt,
2927 4182 2992 4232 ut
3019 4193 3224 4232 omnes
3256 4178 3629 4234 mirarentur.
3678 4181 3756 4233 Ac

2106 4284 2210 4340 per
2239 4267 2346 4322 hoc
2376 4265 2770 4338 significatum
2795 4270 2883 4320 est
2906 4266 3062 4337 quod
3093 4267 3295 4321 sordes
3325 4267 3605 4321 haeretica;
3632 4283 3756 4337 pra-

2107 4356 2300 4412 vitatis
2326 4354 2578 4427 depulsze
2609 4359 2824 4410 essent.
2859 4355 2924 4409 Et
2959 4355 3271 4426 Gregorius
3305 4355 3541 4426 quidem
3573 4371 3758 4410 corre-

2107 4449 2235 4500 ctus
2265 4449 2372 4514 est,
2406 4443 2738 4499 Maeharius
2772 4448 2965 4497 autem
2998 4459 3132 4496 cum
3156 4443 3280 4496 suis
3313 4442 3756 4513 sequacibussi-

338 4539 584 4598 ciditur.
621 4561 650 4589 »
696 4538 931 4604 Perdes,
981 4535 1250 4602 Domine,
1281 4550 1484 4589 omnes
1527 4533 1628 4604 qui
1675 4532 2000 4605 loquuntur
2027 4552 2074 4617 D
2106 4533 2231 4590 mul
2262 4538 2319 4589 et
2338 4531 2886 4605 praedecessoribus,
2917 4533 3061 4602 Cyro
3085 4531 3306 4601 Sergio,
3337 4531 3606 4600 Honorio,
3628 4532 3761 4604 Pyr-

340 4628 723 4687 mendacium
745 4626 757 4681 ἓ
784 4627 958 4698 (Psal.
982 4642 1038 4694 v,
1060 4624 1138 4692 3.)
1161 4622 1437 4695 Nunquid
1462 4622 1736 4679 omnibus
1758 4622 1997 4679 omnino

336 4716 696 4776 Christianis
727 4713 1096 4770 interdicitur
1124 4728 1196 4767 ne
1218 4710 1532 4784 aliquando
1553 4710 1768 4767 alicubi
1795 4719 1997 4784 azyma

337 4807 679 4873 comedent,
714 4805 864 4862 sicut
894 4801 1265 4859 interdicitur
1306 4818 1376 4856 ne
1407 4819 1469 4857 se
1518 4801 1832 4874 aliquando
1879 4801 1995 4856 cir-

336 4894 732 4955 cumcidant?
762 4894 948 4958 Quare
978 4892 1124 4948 hoc?
1164 4891 1304 4963 quia
1333 4890 1392 4946 in
1423 4891 1517 4946 his
1549 4891 1859 4947 imitantur
1897 4893 1994 4948 Ju-

336 4985 552 5044 dazos?
579 4982 966 5040 Concedimus
1011 4985 1206 5039 tamen
1249 4979 1756 5037 circumcisionem
1801 4981 1996 5038 solum

335 5075 532 5133 fuisse
577 5073 918 5129 Judaeorum
965 5089 978 5128 :
1024 5073 1428 5128 verumtamen
1480 5087 1683 5144 azyma
1731 5070 1996 5127 omnium

340 5163 638 5240 gentium,
673 5179 799 5234 qua:
829 5165 892 5218 tu
918 5160 1211 5217 malitiose
1236 5177 1352 5216 non
1373 5159 1565 5215 solum
1594 5178 1625 5214 a
1647 5159 1860 5227 divina,
1895 5161 1996 5217 sed

339 5254 418 5312 ab
449 5253 714 5308 humana
760 5267 966 5307 mensa
1014 5249 1254 5306 omnino
1295 5248 1548 5322 repellis.
1581 5249 1692 5305 Sed
1742 5249 1882 5321 quid
1915 5251 1998 5305 fa-

338 5343 488 5412 cies,
521 5357 555 5396 o
581 5341 962 5397 fermentate?
986 5338 1196 5405 Judaei,
1230 5354 1333 5393 ceu
1366 5337 1638 5416 superius
1671 5337 1997 5409 asseruisti,

340 5430 608 5504 exceptis
638 5434 862 5503 septem
892 5429 1101 5486 diebus
1134 5431 1254 5484 toto
1284 5445 1438 5483 anno
1464 5427 1880 5484 fermentatum
1911 5445 2000 5483 co-

339 5520 684 5587 medebant,
717 5524 774 5576 et
803 5519 1118 5593 aliquando
1150 5518 1486 5575 oii‘erebant.
1513 5517 1787 5589 Nunquid
1806 5523 1862 5575 et
1893 5518 2001 5574 hoc

337 5610 522 5670 tolles
555 5607 935 5667 hominibus?

2108 4624 2235 4690 rho,
2267 4621 2446 4678 Paulo
2477 4625 2534 4677 et
2562 4625 2733 4676 Petro
2764 4618 3265 4687 anathematizati,
3298 4625 3352 4675 et
3382 4620 3441 4674 in
3475 4619 3598 4676 loco
3630 4622 3759 4692 ejus

2102 4711 2518 4784 TheOphanius
2541 4711 2722 4765 abbas
2746 4709 2814 4763 de
2829 4707 3030 4763 Cilicia
3051 4708 3362 4780 episcopus
3384 4709 3595 4766 factus.
3612 4712 3760 4767 Tan-

2105 4808 2279 4875 taque
2302 4800 2489 4874 gratia
2534 4799 2756 4871 legatos
2791 4795 3091 4852 catholica:
3135 4797 3294 4869 pacis
3342 4799 3621 4856 comitata
3646 4806 3760 4864 est,

2104 4898 2170 4947 ut
2197 4891 2453 4947 Joannes
2481 4885 2818 4944 Portuensis
2863 4885 3197 4958 episcopus,
3237 4889 3338 4960 qui
3369 4894 3492 4944 erat
3513 4907 3668 4944 unus
3693 4906 3761 4944 ex

2105 4981 2273 5054 ipsis,
2308 4977 2612 5034 Dominica
2641 4975 2857 5032 octavis
2888 4975 3122 5031 Pascha:
3167 4978 3381 5034 missas
3412 4976 3679 5050 publicas
3701 4977 3759 5030 in

2108 5069 2357 5126 ecclesia
2377 5069 2596 5123 Sancta:
2630 5064 2857 5136 Sophia:
2881 5082 3076 5120 coram
3110 5065 3371 5138 principe
3400 5071 3458 5120 et
3487 5065 3759 5136 episcopo

2107 5159 2296 5230 ipsius
2319 5157 2481 5212 urbis
2501 5154 2699 5210 Latine
2719 5153 3056 5209 celebraret.
3074 5154 3152 5208 Eo
3167 5157 3426 5224 tempore
3445 5151 3760 5208 Damianus

2105 5247 2432 5303 Ticinensis
2454 5243 2717 5300 Ecclesiae
2741 5242 3051 5315 epiSCOpus
3074 5242 3183 5297 sub
3208 5241 3442 5296 nomine
3470 5240 3760 5296 Mansueti

2108 5335 2365 5410 episcopi
2408 5333 2672 5390 Ecclesiae
2735 5331 2931 5388 Sancti
2992 5329 3313 5400 Michaelis,
3359 5331 3503 5386 satis
3552 5330 3758 5386 utilem

2107 5429 2390 5498 rectaeque
2422 5423 2557 5479 fidei
2580 5421 2890 5496 epistolam
2915 5419 3262 5490 composuit,
3288 5436 3414 5491 quae
3442 5419 3498 5474 in
3524 5418 3760 5491 praefata

2109 5515 2332 5588 synodo
2364 5531 2479 5570 non
2515 5512 2806 5569 mediocre
2838 5508 3185 5582 suffragium
3210 5510 3364 5565 tulit.

2181 5603 2370 5663 XVIII.
2407 5603 2583 5660 Recta
2611 5607 2807 5659 autem
2841 5606 2896 5658 et
2926 5613 3059 5658 vera
3087 5597 3402 5673 ﬁdeswhzec
3429 5603 3518 5655 est
3549 5615 3563 5658 ;
3598 5595 3672 5654 Ut
3698 5594 3758 5653 in
