4090 6176
197 283 314 348 993

1584 279 1897 343 CONTRA
1941 273 2314 345 NICETAM.

3493 283 3610 352 99'4

194 417 442 475 dixisset
463 415 717 473 abinitio
733 415 998 473 omnium
1012 414 1431 474 catholicorum
1453 415 1691 472 Patrum
1714 431 1846 471 sen-
1876 413 1931 482 Α
1959 414 2143 470 dium.
2170 415 2285 470 Nec
2306 415 2698 472 dubitandum
2715 416 2770 472 in
2795 415 3312 490 quantulacunque
3343 422 3615 493 portione

196 507 407 573 tentia,
441 507 620 563 etiam
652 523 787 562 cum
828 507 1221 562 anathemate.
1255 506 1412 570 Quos
1442 505 1629 561 secuti
1661 505 1848 560 sancti

192 599 401 654 Patres
430 595 794 669 Gangrensis
817 595 1046 652 concilii
1068 595 1342 660 dixerunt
1375 612 1388 650 :
1423 618 1451 644 ‹‹
1486 593 1545 650 Si
1568 593 1702 665 quis
1733 609 1849 648 non

193 686 534 758 dijudicans
565 685 721 740 diem
765 684 1152 752 Dominicam,
1187 683 1542 756 jejunaverit
1570 687 1850 753 tanquam

192 777 254 832 in
287 776 418 847 ejus
449 778 812 847 contemptu,
847 774 1163 830 anathema
1193 773 1290 829 sit.
1326 794 1354 823 »
1379 771 1485 828 Ubi
1516 775 1668 828 certe
1699 770 1852 826 sicut

193 866 288 922 eis
311 867 666 920 attestantur
695 879 899 919 omnes
928 861 1251 919 authentiei
1279 860 1436 928 libri,
1467 876 1582 916 non
1615 864 1850 916 contra-

192 954 407 1009 dicunt
429 951 660 1024 jejunio
689 951 951 1018 Sabbati,
985 952 1086 1007 sed
1120 949 1435 1006 Dominicaa
1466 947 1601 1004 diei.

267 1041 446 1096 XXII.
471 1041 605 1107 Sed,
639 1058 671 1096 ο
698 1041 916 1112 perﬁde
946 1039 1413 1107 Stercerianista,
1447 1037 1548 1109 qui
1581 1041 1754 1110 putas
1780 1037 1852 1091 ﬁ-

195 1130 313 1187 deli
327 1128 774 1203 participatione
787 1128 1049 1201 corporis
1061 1131 1118 1184 et
1139 1127 1445 1200 sanguinis
1465 1125 1694 1182 Domini
1709 1142 1852 1198 qua-

194 1216 618 1291 dragesimalia
630 1221 803 1289 atque
816 1217 1210 1273 ecclesiastica
1221 1215 1466 1272 dissolvi
1473 1215 1723 1287 jejunia,
1737 1230 1856 1270 om-

194 1309 338 1364 nino
387 1306 628 1363 credens
659 1307 956 1363 ccelestem
988 1321 1183 1363 eseam
1224 1305 1383 1362 velut
1432 1309 1722 1360 terrenam
1754 1319 1857 1376 per

197 1394 524 1470 aqualiculi
546 1395 788 1452 fetidam
807 1400 864 1451 et
884 1395 1182 1452 sordidam
1205 1395 1562 1467 egestionem
1590 1393 1647 1448 in
1667 1409 1854 1450 seces-

199 1502 336 1544 sum
367 1484 609 1553 dimitti,
641 1484 814 1558 plane
843 1484 1026 1542 sentis
1073 1499 1206 1540 cum
1237 1484 1394 1539 Ario.
1430 1483 1538 1548 Qui
1577 1499 1712 1538 cum
1754 1498 1856 1554 pro

201 1576 335 1632 aliis
367 1573 755 1647 blasphemiis
775 1575 835 1630 in
862 1573 1072 1630 Filium
1104 1574 1228 1642 D‘ei,
1247 1578 1373 1628 tum
1404 1572 1579 1628 etiam
1601 1572 1854 1645 proista,

201 1666 432 1721 foveam
463 1662 744 1736 delapsus
774 1665 834 1718 in
863 1666 1074 1731 atram,
1106 1663 1427 1719 visceribus
1461 1661 1608 1717 fusis
1639 1677 1856 1716 vacuus

201 1769 442 1827 quoque
456 1758 654 1810 ventre
671 1753 974 1808 remansit.
996 1751 1066 1807 Et
1085 1751 1184 1806 ubi
1204 1753 1567 1807 estSalvator
1587 1750 1687 1823 qui
1710 1750 1857 1806 dans

201 1842 514 1916 diseipulis
543 1855 756 1916 partem
783 1861 813 1898 a
837 1857 898 1898 se
929 1837 1300 1898 benedictum
1319 1836 1376 1896 et
1397 1841 1647 1896 fractum
1672 1838 1817 1894 dixit
1841 1858 1853 1894 :

206 1956 236 1983 «ι
269 1932 530 2005 Accipite
580 1936 637 1988 et
668 1932 973 1998 comedite,
1017 1931 1126 1986 hoc
1156 1933 1246 1985 est
1293 1942 1505 2002 corpus
1545 1928 1790 1986 meum?
1833 1951 1860 1976 n

204 2022 420 2094 (Matth.
470 2033 624 2090 XXVI,
674 2021 790 2090 26.)
842 2023 903 2076 In
937 2037 1052 2093 quo
1098 2019 1239 2092 quid
1282 2019 1558 2086 traderet,
1603 2017 1740 2074 alibi
1774 2018 1862 2074 di-

207 2113 294 2168 cit
325 2130 338 2167 :
373 2134 402 2162 «
446 2111 619 2167 Panis
667 2121 842 2180 quem
871 2123 978 2182 ego
1007 2108 1244 2179 dedero,
1280 2123 1413 2164 caro
1459 2123 1590 2164 mea
1621 2111 1728 2173 est,
1762 2123 1864 2179 pro

200 2201 420 2257 mundi
447 2202 570 2257 vita
591 2202 764 2272 (Joan.
795 2217 872 2269 vr,
896 2200 987 2270 52)
1020 2215 1034 2254 :
1070 2222 1097 2247 »
1130 2202 1186 2254 et
1210 2215 1223 2253 :
1264 2219 1292 2248 «
1315 2214 1448 2254 caro
1472 2207 1604 2253 mea
1626 2212 1756 2252 vere
1778 2200 1870 2252 est

203 2292 408 2358 cibus,
440 2294 499 2346 et
538 2290 780 2363 sanguis
823 2304 992 2344 meus
1039 2303 1172 2344 vere
1211 2291 1300 2343 est
1347 2291 1520 2359 potus
1569 2288 1744 2357 (Joan.
1788 2303 1866 2355 v1,

203 2381 336 2451 56).
370 2401 396 2430 »ι
429 2379 718 2443 Quomodo
748 2377 968 2434 verus?
999 2377 1146 2443 Quia
1182 2397 1210 2426 «
1241 2375 1344 2447 qui
1383 2375 1703 2432 manducat
1751 2391 1870 2430 car-

207 2483 360 2526 nem
394 2483 602 2536 meam,
648 2473 703 2524 et
732 2467 883 2522 bibit
912 2465 1263 2539 sanguinem
1312 2481 1535 2533 meum,
1584 2465 1762 2520 habet
1789 2463 1872 2518 vi-

198 2565 340 2615 tam
365 2562 647 2614 mternam‘
672 2557 858 2626 (Joan.
891 2572 969 2623 vx,
992 2556 1104 2623 55).
1129 2576 1158 2603 »
1176 2555 1246 2609 Et
1279 2569 1406 2627 quae
1439 2557 1528 2610 est
1556 2554 1675 2609 vita
1707 2558 1869 2609 aeter-

202 2647 342 2704 na?
372 2647 592 2719 Nempe
621 2645 890 2702 Christus
915 2645 1107 2710 J'esus,
1129 2641 1283 2698 sicut
1313 2639 1438 2714 ipse
1471 2641 1611 2698 dicit
1644 2659 1657 2697 :
1695 2665 1722 2693 ‹‹
1755 2643 1874 2715 Ego

211 2751 356 2794 sum
388 2735 512 2808 via,
534 2733 758 2790 veritas
789 2733 846 2789 et
881 2734 1002 2788 vita
1039 2734 1218 2803 (Joan.
1258 2749 1375 2800 xw,
1408 2733 1486 2801 6).
1525 2755 1552 2781 »
1587 2731 1693 2796 Qui
1739 2745 1875 2803 ergo

208 2837 436 2895 panem
465 2821 567 2877 Dei
597 2822 934 2887 manducat,
961 2835 1198 2876 carnem
1238 2819 1338 2874 Dei
1370 2819 1586 2876 Christi
1627 2819 1875 2875 mandu-

214 2910 908 2976 cat.Quiautemearnem
923 2911 971 2981 ej
985 2927 1050 2965 us
1064 2908 1881 2975 manducat,Christumman-

211 3002 402 3056 ducat
421 3019 434 3068 ;
455 3000 556 3072 qui
575 2998 874 3057 Christum
899 2997 1238 3064 manducat,
1261 2996 1664 3069 proculdubio
1696 2997 1879 3053 vitam

213 3096 506 3145 aeternam
548 3089 888 3145 manducat.
939 3087 1107 3160 Ergo,
1141 3103 1173 3142 ο
1204 3085 1445 3158 pestifer
1489 3085 1621 3142 leno
1655 3086 1882 3158 antiqui

1958 504 2085 574 ejus
2120 504 2318 560 ﬁdeles
2337 507 2692 562 manducare
2715 507 2826 563 sibi
2849 512 3034 564 totam
3047 508 3247 578 vitam,
3266 509 3323 564 id
3346 514 3434 567 est
3446 509 3614 569 Chri-

1959 594 2414 662 stum,inﬁdcles
2434 600 2630 652 autem
2648 598 2980 663 mortem,id
2994 598 3395 671 est,judicium
3414 618 3612 672 suum,

1960 687 2161 754 utpote
2185 682 2282 755 qui
2316 683 2397 738 rei
2431 685 2582 740 ﬁunt
2613 685 2872 759 corporis
2921 691 2978 742 et
3016 688 3323 761 sanguinis
3355 688 3611 746 Domini.

1959 772 2180 828 Deinde
2211 772 2469 844 quotidie
2491 774 2611 830 sive
2643 775 2832 844 tertia,
2858 776 2978 832 sive
3000 794 3174 845 nona,
3204 779 3322 836 sive
3353 797 3616 852 quacun-

1961 877 2076 934 que
2109 861 2252 917 hora
2285 861 2382 918 ﬁat
2414 880 2447 917 a
2476 864 2649 920 nobis
2684 865 2887 933 missa,
2929 882 3044 920 non
3078 866 3142 921 ﬁt
3173 867 3285 921 nisi
3335 869 3611 940 perfecta.

1961 951 2076 1007 Nec
2105 955 2434 1007 reservatur
2458 968 2526 1007 ex
2547 953 2838 1010 oblatione
2859 955 2987 1026 ejus
3011 973 3146 1027 pars
3169 955 3386 1028 aliqua,
3419 962 3485 1013 ut
3514 975 3618 1031 per

1963 1039 2087 1094 dies
2136 1039 2398 1112 quinque
2447 1046 2656 1114 agatur
2703 1042 2886 1098 missa
2926 1043 3288 1116 imperfecta.
3339 1045 3485 1108 Quia
3513 1063 3620 1101 nec

1963 1128 2410 1201 sanctiapostoli
2437 1129 2714 1203 leguntur
2729 1131 3054 1204 quidquam
3071 1150 3141 1188 ex
3159 1132 3260 1188 illo
3279 1133 3470 1205 primo
3503 1151 3622 1190 cor-

1961 1217 2120 1290 poris
2154 1222 2212 1272 et
2258 1219 2563 1291 sanguinis
2595 1221 2809 1275 Christi
2849 1222 3125 1293 mysterio
3159 1222 3268 1277 sub
3299 1222 3429 1293 ipsa
3457 1240 3622 1279 omna

1964 1307 2278 1362 distributo
2299 1324 2646 1374 reservasse,
2672 1327 2776 1364 nec
2802 1314 2965 1364 actus
2989 1326 3191 1365 eorum
3220 1310 3486 1366 indicant
3515 1329 3615 1368 eos

1965 1395 2405 1467 aliquandotale
2427 1396 2565 1468 quid
2593 1397 2782 1470 egisse
2808 1403 2906 1452 aut.
2926 1399 3291 1470 praecepisse.
3320 1398 3616 1467 Quinimo,

1966 1485 2119 1540 sicut
2149 1485 2335 1541 Lucas
2359 1489 2593 1541 narrat:
2621 1508 2648 1534 «
2673 1487 2851 1541 Erant
2875 1486 3073 1541 ﬁdeles
3097 1491 3534 1558 perseverantes
3562 1487 3622 1544 in

1967 1574 2232 1629 doctrina
2261 1574 2659 1646 apostolorum
2683 1578 2740 1630 et
2768 1574 3302 1631 communicatione
3325 1573 3627 1632 fractionis

1969 1663 2142 1735 panis
2169 1666 2318 1733 (Act.
2355 1682 2416 1730 ιι,
2450 1665 2558 1734 42).
2592 1687 2618 1712 ››
2650 1666 2783 1728 Quae
2806 1664 3262 1720 communicatio
3281 1665 3539 1738 qualiter
3568 1668 3628 1721 et

1970 1751 2186 1826 quibus
2203 1751 2411 1808 diebus
2437 1753 2615 1819 fieret,
2638 1759 2767 1826 post
2785 1770 2967 1825 pauca
2985 1754 3367 1822 demonstrat,
3391 1754 3626 1812 dicens:

1973 1866 1999 1893 ‹‹
2033 1841 2300 1908 Quotidie
2323 1846 2761 1914 perseverantes
2806 1842 3165 1897 unanimiter
3205 1842 3265 1897 in
3297 1842 3538 1916 templo,
3575 1847 3632 1898 et

1972 1933 2306 2003 frangentes
2327 1931 2481 1986 circa
2499 1932 2705 1986 domos
2729 1948 2935 2003 panem
2954 1931 3466 2003 sumebant(lbid.,
3481 1927 3629 2003 46).»

1975 2022 2116 2076 Ecce
2146 2013 2317 2076 verax
2344 2020 2697 2093 evangelista
2728 2025 2976 2075 testatur
2997 2021 3105 2076 sub
3133 2019 3413 2093 apostolis
3433 2020 3633 2076 ﬁdeles

1977 2111 2236 2183 quotidie
2269 2127 2469 2166 orasse
2500 2118 2555 2165 et
2577 2126 2784 2182 panem
2821 2109 3169 2181 frcgisse.Et
3197 2126 3320 2180 vos,
3346 2110 3443 2181 qui
3467 2111 3630 2179 estis,

1977 2199 2077 2272 qui
2111 2199 2309 2254 dicitis
2339 2199 2572 2255 duobus
2593 2202 2825 2254 tantum
2847 2198 3053 2252 diebus
3083 2198 3466 2255 hebdomadis
3489 2199 3635 2254 mis-

1981 2305 2108 2344 sam
2141 2288 2453 2361 perfectam
2489 2287 2614 2343 ﬁeri
2662 2287 2890 2354 debere,
2925 2285 3168 2358 reliquis
3211 2304 3346 2342 vero
3377 2276 3638 2359 quinque

1981 2379 2382 2450 imperfectam
2401 2377 2429 2431 ‘I
2449 2377 2668 2449 Nempe
2689 2375 2783 2431 hic
2809 2376 2865 2430 in
2884 2376 3054 2448 panis
3086 2375 3364 2432 fractione
3386 2380 3443 2432 et
3473 2392 3637 2432 com-

1982 2466 2403 2532 municatione,
2448 2483 2564 2521 non
2597 2465 2712 2521 nisi
2745 2465 3060 2537 perfectam
3111 2464 3398 2520 actionem
3444 2465 3638 2520 missa.-

1984 2558 2266 2612 debemus
2297 2556 2580 2628 accipere,
2613 2553 3113 2627 quemadmodum
3140 2558 3197 2608 et
3220 2554 3414 2626 ipsum
3448 2554 3643 2610 Domi-

1986 2663 2128 2702 num
2148 2645 2419 2718 legimus,
2447 2663 2560 2701 non
2584 2645 3009 2717 imperfectam,
3036 2644 3136 2699 sed
3152 2645 3470 2715 perfectam
3489 2660 3640 2699 com-

1988 2736 2473 2792 memorationem
2506 2734 2630 2790 suis
2664 2732 2970 2806 discipulis
3003 2732 3339 2800 tradidisse,
3363 2733 3418 2786 in
3442 2748 3642 2803 pauca

1989 2842 2050 2881 se
2080 2824 2384 2880 benedicto
2415 2828 2472 2879 et
2502 2840 2636 2878 mox
2667 2822 2847 2878 fracto
2879 2826 2934 2876 et
2964 2819 3297 2877 distributo.
3331 2821 3455 2877 Non
3482 2822 3640 2878 enim

1990 2913 2286 2968 benedixit
2317 2916 2547 2967 tantum
2581 2915 2637 2966 et
2667 2910 2919 2966 servavit
2949 2910 3416 2982 frangendumin
3438 2912 3641 2967 crasti-

1991 3019 2156 3068 num,
2192 3018 2296 3056 nec
2327 3001 2497 3074 fregit
2513 3005 2743 3056 tantum
2757 3004 2812 3054 et
2830 2999 3112 3072 reposuit,
3137 3000 3236 3054 sed
3253 3000 3501 3056 fractum
3519 3006 3644 3058 sta-

1990 3092 2096 3148 tim
2129 3091 2449 3146 distribuit.
2474 3090 2635 3146 Unde
2652 3090 2859 3145 beatus
2877 3089 3200 3144 Alexander
3230 3094 3450 3162 martyr
3465 3095 3522 3146 et
3542 3109 3642 3164 pa-

211 3178 540 3251 serpentis,
573 3177 675 3250 qui
706 3177 937 3233 conaris
969 3175 1190 3232 astutia
1217 3179 1328 3231 tua'
1350 3191 1722 3248 corrumpere
1753 3191 1881 3230 sen-
1911 3163 1954 3229 Ο
1993 3180 2134 3252 paV
2161 3179 2232 3234 ab
2263 3179 2526 3251 apostolo
2545 3179 2732 3245 Petro,
2758 3177 3091 3249 passionem
3115 3177 3346 3233 Domini
3381 3163 3646 3237 inserens

209 3283 329 3326 sus
354 3267 574 3325 Christi
607 3283 860 3340 sponsae,
893 3283 1030 3338 quae
1051 3269 1141 3321 est
1171 3263 1448 3334 Ecclesia,
1481 3269 1548 3319 ut
1577 3263 1880 3319 excidatur

205 3377 242 3414 a
268 3357 562 3413 charitate
590 3355 739 3412 tanti
757 3360 812 3411 et
841 3353 975 3410 talis
997 3354 1223 3426 sponsi,
1243 3353 1433 3409 credis
1460 3369 1568 3409 nos
1587 3351 1768 3409 vitam
1789 3353 1880 3408 in-

199 3443 663 3518 corruptibilem
713 3443 1104 3509 comedentes,
1155 3458 1528 3514 corrumpere
1576 3442 1878 3514 integrita-

207 3543 341 3593 tem
366 3534 759 3606 jejuniorum,
788 3532 948 3589 velut
977 3531 1176 3604 aliquo
1207 3531 1334 3588 cibo
1365 3529 1775 3603 corruptibili?

289 3625 493 3681 XXIII.
520 3624 838 3680 Horremus
860 3621 1097 3695 quidem
1117 3620 1326 3688 dicere,
1342 3622 1442 3676 sed
1475 3621 1883 3693 compellimur

211 3735 245 3772 a
272 3713 727 3786 tuaimpudenti
747 3711 1141 3784 improbitate.
1157 3709 1398 3766 Conaris
1419 3710 1737 3776 Christum,
1763 3710 1880 3766 imo

216 3805 424 3878 ipsam
455 3803 634 3859 vitam
668 3817 772 3874 per
801 3799 1187 3873 digestionom
1222 3800 1377 3855 sicut
1397 3816 1626 3855 caenum
1658 3798 1880 3855 olidum

217 3893 537 3949 demittere
558 3892 618 3946 in
651 3890 948 3946 latrinam.
978 3890 1047 3944 Et
1068 3890 1164 3944 ubi
1187 3891 1294 3955 est,
1321 3890 1474 3960 quod
1497 3888 1642 3943 dixit
1673 3905 1686 3943 :
1722 3912 1748 3937 «
1774 3887 1882 3954 Qui

218 3983 552 4039 manducet
566 3996 800 4037 carnem
818 3995 1033 4048 meam,
1058 3983 1114 4034 et
1126 3977 1636 4049 hibitsanguinem
1660 3994 1881 4050 meum,

219 4074 280 4128 in
317 4089 417 4127 me
437 4073 658 4136 manet,
679 4073 736 4125 et
758 4084 862 4140 ego
885 4069 948 4123 in
967 4083 1032 4123 eo
1051 4067 1082 4121 ‘?
1114 4089 1140 4116 ››
1163 4069 1340 4136 (Joan.
1374 4083 1449 4133 v1,
1475 4066 1589 4137 57.)
1614 4067 1750 4122 Sine
1767 4083 1886 4137 qua

219 4160 546 4218 refectione
579 4159 720 4230 quia
740 4174 854 4213 non
877 4157 1127 4212 habetur
1145 4154 1281 4222 vita,
1303 4153 1435 4226 ipsa
1453 4153 1607 4225 Vita,
1639 4171 1766 4225 qua:
1797 4159 1886 4210 est

217 4250 519 4316 Christus,
544 4246 713 4319 quasi
735 4246 988 4318 quodam
1005 4241 1389 4316 jurejurando
1412 4245 1768 4315 protestatur
1799 4243 1886 4298 di-

219 4354 400 4396 cens:
439 4360 467 4387 ‹‹
492 4340 699 4404 Amen,
721 4352 893 4391 amen
914 4334 1041 4390 dico
1061 4332 1246 4399 vobis,
1265 4331 1378 4388 nisi
1393 4331 1886 4390 manducaveritis

218 4423 604 4484 earnemFilii
620 4421 1234 4492 hominis,etbiberitis
1250 4421 1377 4492 ejus
1390 4420 1739 4494 sanguinem
1751 4438 1887 4489 ,non

1989 3269 2199 3326 canoni
2233 3267 2450 3334 missae,
2497 3285 2610 3323 non
2644 3267 2724 3322 ait
2755 3285 2768 3323 :
2804 3267 2921 3322 Hoc
2953 3267 3418 3340 quotiescunque
3450 3268 3650 3325 feceri-

1990 3359 2090 3428 tis,
2121 3359 2221 3414 sed
2261 3381 2281 3406 ι
2310 3357 2439 3412 Haec
2462 3356 2928 3429 quotiescunque
2952 3356 3227 3423 feceritis,
3260 3357 3314 3411 id
3335 3362 3442 3426 est,
3471 3358 3646 3415 bene-

1990 3447 2273 3516 dixeritis,
2309 3446 2596 3519 fregeritis
2627 3450 2685 3502 et
2715 3445 3158 3513 distribueritis,
3183 3446 3240 3500 in
3274 3446 3387 3502 mei
3421 3464 3646 3505 memo-

1992 3539 2139 3593 riam
2171 3536 2416 3607 facietis,
2443 3559 2470 3586 »
2491 3535 2630 3608 quia
2650 3534 2956 3607 quodlibet
2977 3533 3186 3590 horum
3219 3536 3420 3604 trium,
3447 3536 3496 3592 si
3519 3537 3647 3594 sine

1992 3625 2236 3698 reliquis
2266 3627 2390 3693 ﬁat,
2424 3624 2647 3680 scilicet
2691 3623 3020 3679 benedictio
3053 3623 3179 3680 sine
3211 3624 3642 3693 distributione,

1991 3721 2094 3772 aut
2125 3714 2326 3769 fraetio
2352 3713 2478 3769 sine
2494 3712 2901 3768 benedictione
2922 3716 2979 3767 et
3001 3711 3434 3782 distributione,
3460 3712 3644 3784 perfe-

1992 3809 2147 3860 ctam
2193 3803 2407 3858 Christi
2460 3801 2802 3857 memoriam
2855 3818 2968 3854 non
3020 3805 3458 3871 repraesentant,
3498 3801 3649 3856 sicut

1993 3892 2331 3949 distributio
2347 3889 2509 3945 nulla
2526 3889 2656 3944 sine
2671 3888 3075 3943 benedictione
3093 3893 3149 3943 et
3165 3889 3462 3945 fractione.
3481 3891 3645 3956 Quod

1993 3987 2190 4039 autem
2217 3980 2478 4052 quotidie
2493 3983 2550 4034 et
2571 3981 2985 4050 quotacumque
3002 3976 3144 4032 hora
3157 3978 3295 4048 diei,
3317 3997 3432 4034 non
3450 3984 3648 4036 autem

1995 4069 2121 4127 sola
2152 4069 2324 4125 tertia
2343 4067 2662 4139 perfectam
2677 4065 2919 4120 missam
2955 4065 3211 4137 agimus,
3242 4067 3648 4124 auctoritatem

1994 4165 2264 4216 tenemus
2295 4155 2567 4213 exverbis
2589 4154 2776 4227 ipsius
2809 4154 3222 4226 Dominijuxta
3251 4157 3486 4213 beatum
3505 4162 3651 4213 Pau-

1996 4249 2119 4306 lum
2146 4245 2391 4302 dicentis
2417 4263 2475 4300 :u
2499 4245 2615 4300 Hoc
2634 4245 2802 4300 facite
2824 4245 3288 4318 quotiescunque
3309 4245 3567 4312 sumitis,
3587 4247 3648 4303 in

1997 4354 2188 4394 meam
2220 4334 2840 4392 commemorationem
2857 4335 2901 4406 (l
2919 4335 3038 4390 Cor.
3058 4336 3261 4405 xx,25).
3288 4357 3317 4383 »
3333 4335 3494 4391 Unde
3515 4324 3651 4393 mox

1999 4428 2154 4483 idem
2201 4424 2513 4498 Apostolus
2557 4429 2792 4480 secutus
2824 4424 3038 4495 adjecit
3069 4440 3082 4478 :
3124 4445 3151 4478 α
3181 4423 3649 4495 Quotiescunque

217 4514 525 4572 habebitis
540 4513 717 4569 vitam
735 4513 794 4567 in
815 4512 980 4601 vobis
1001 4511 1184 4584 (Ιὸἰίίο,
1206 4511 1364 4580 δυ’»
1387 4509 1663 4601 Ναᾼηςηίᾷ
1684 4510 1778 4601 hic
1801 4510 1886 4565 di-
1916 4536 1966 4601 D
2002 4514 2432 4572 manducabitis
2465 4530 2676 4587 panem
2698 4513 2852 4568 hunc
2883 4511 3193 4568 etcalicem
3227 4512 3460 4578 bibetis,
3493 4527 3659 4578 more

215 4606 310 4661 xit
331 4622 346 4660 :
363 4605 426 4661 Si
442 4600 935 4659 manducaveritis
947 4615 1180 4656 carnem
1196 4615 1386 4655 meam
1404 4604 1460 4654 et
1472 4599 1738 4656 biberitis
1753 4617 1887 4656 san-

216 4695 472 4768 guinem
504 4707 726 4760 meum,
749 4687 1426 4761 dissolvetisjejunium?
1441 4689 1510 4744 Et
1529 4689 1754 4744 utinam
1780 4688 1888 4744 hoc

215 4786 351 4840 solo
363 4786 883 4848 sacramento,non
897 4779 969 4836 ad
975 4777 1266 4851 judicium
1281 4777 1733 4845 noetrum,omni
1748 4777 1906 4833 hora

217 4871 635 4929 reficeremur!
661 4869 772 4926 Sed
792 4869 930 4942 quia
946 4883 1185 4940 corpore
1215 4865 1604 4939 corruptibili,
1627 4869 1684 4922 et
1703 4866 1887 4922 nimia

218 4962 474 5019 miseria
522 4959 894 5016 conscientias
938 4961 1149 5013 nostra;
1180 4955 1425 5030 gravati,
1456 4954 1632 5011 etiam
1663 4955 1886 5011 bonum

217 5057 505 5108 nostrum
539 5049 852 5122 nequimus
882 5048 1146 5116 sufferre,
1176 5064 1208 5101 a
1227 5046 1448 5102 sanctis
1473 5044 1740 5101 Patribus
1763 5062 1885 5101 cer-

215 5149 296 5199 ta:
329 5143 404 5200 ad
442 5140 885 5215 percipiendum
928 5143 1160 5196 tantum
1182 5140 1617 5194 sacramentum
1641 5136 1884 5208 praeﬁxae

217 5238 370 5288 sunt
391 5233 570 5288 horae.
597 5231 761 5298 Quod
783 5246 854 5285 ne
875 5228 1115 5285 vilescat
1136 5219 1492 5299 carnalibus,
1523 5229 1580 5282 et
1608 5227 1668 5282 in
1700 5225 1885 5298 perci-

213 5322 442 5395 piendo
475 5335 672 5377 eseam
704 5319 948 5392 spiritus
969 5319 1415 5375 submurmuret
1444 5315 1660 5389 aliquis
1692 5315 1886 5372 carnis

212 5411 549 5485 appetitus,
583 5426 718 5466 cum
740 5425 975 5466 summa
994 5409 1276 5482 parcitate
1310 5410 1742 5480 praegustamus
1764 5425 1776 5476 ;
1800 5406 1886 5462 vi-

209 5503 362 5559 dere
393 5499 806 5558 tantummodo
832 5499 1133 5573 cupientes
1155 5512 1334 5571 quam
1356 5497 1554 5555 suavis
1576 5501 1665 5554 est
1693 5495 1888 5553 Domi-

208 5609 366 5664 nus,
398 5591 574 5668 cujus
607 5589 778 5666 panis
806 5606 923 5650 non
953 5588 1097 5658 vult,
1130 5587 1304 5648 sicuti
1335 5597 1440 5648 nec
1471 5603 1690 5649 manna
1722 5586 1886 5646 fasti-

2000 4611 2117 4662 tem
2155 4604 2379 4662 Domini
2405 4601 2833 4659 annuntiabitis
2855 4601 3038 4674 (Ibid.,
3061 4603 3172 4671 26).
3199 4624 3227 4649 »
3258 4601 3327 4656 Et
3348 4601 3650 4672 quandiu?

1999 4698 2174 4751 Donec
2203 4697 2386 4750 veniat
2419 4693 2601 4764 (Ιὺίιι.)
2636 4710 2648 4746 :
2683 4691 2907 4746 scilicet
2923 4690 3190 4761 judicare
3219 4689 3378 4745 vivos
3408 4695 3465 4746 et
3494 4681 3647 4746 mor?

1999 4790 2151 4840 tuos.
2189 4784 2440 4838 Putasne
2471 4779 2686 4835 alicubi
2707 4778 2952 4834 dixerit:
2989 4779 3102 4834 lloc
3126 4778 3452 4835 facitehora
3480 4779 3652 4837 tertia

1999 4874 2058 4928 in
2091 4889 2280 4930 meam
2312 4869 2965 4927 commemorationem?
2996 4868 3118 4924 Non
3153 4869 3374 4941 utique,
3397 4870 3498 4926 sed
3524 4869 3652 4926 nul-

1996 4961 2114 5018 lam
2145 4963 2351 5017 horam
2373 4963 2474 5015 aut
2504 4963 2768 5030 tempora
2783 4958 3076 5031 excipiens
3102 4959 3278 5016 dixit:
3301 4961 3650 5028 Quotiescun-

1998 5069 2117 5124 que.
2165 5051 2277 5108 Nec
2315 5051 2436 5122 ipse
2481 5047 2695 5104 Paulus
2734 5048 2966 5118 jejunia
3013 5048 3214 5121 aliqua
3273 5054 3376 5105 aut
3432 5053 3650 5106 certam

1997 5137 2323 5210 quamlibet
2342 5135 2732 5192 evolutionem
2747 5153 3038 5192 annorum
3055 5137 3363 5193 attendens
3377 5136 3482 5192 ait:
3505 5139 3652 5202 Quo-

1997 5227 2344 5299 tiescunque
2375 5242 2478 5298 per
2507 5228 2592 5281 tot
2621 5241 2806 5280 annos
2838 5224 2982 5282 hora
3013 5243 3168 5281 nona
3216 5213 3663 5282 manducabitis

1998 5334 2208 5391 panem
2256 5315 2436 5383 hunc,
2483 5320 2539 5372 et
2587 5313 2825 5372 calicem
2858 5315 3091 5386 bibetis,
3126 5319 3377 5371 mortem
3416 5301 3660 5391 Domini

1996 5389 2454 5474 annuntiabitis;
2489 5404 2592 5462 sed
2622 5403 3056 5462 indifferenter:
3093 5406 3564 5475 Quotiescunque;
3593 5389 3660 5462 et.

1994 5498 2172 5555 Domo
2200 5493 2402 5552 veniat.‘

2066 5584 2262 5646 XXIV.
2287 5585 2404 5646 Nec
2437 5584 2734 5646 nescimus
2760 5588 2993 5646 sanctos
3023 5585 3224 5647 Patres
3246 5585 3361 5645 diei
3393 5583 3648 5646 Domini-
