4086 6168
393 228 511 289 995

1393 224 1880 289 HUMBERTUS
1927 224 1994 284 S.
2039 225 2114 285 R.
2160 222 2231 283 E.
2279 221 2772 285 CARDINALIS.

3676 230 3802 292 996

393 376 470 417 cae
491 363 547 416 et
566 359 994 432 praecipuarum
1011 358 1450 415 solemnitatum
1464 359 1678 414 missas
1699 357 1843 413 hora
1863 355 2036 412 tertia
2063 355 2119 423 Α
2151 372 2328 412 uuam
2362 355 2717 412 oblationem
2748 356 3022 412 videmini
3055 356 3146 412 bis
3176 356 3398 413 offerre.
3433 358 3502 413 Et
3541 375 3648 415 cur
3675 376 3796 418 non

394 448 720 506 celebrasse
733 446 1199 520 solitos,propter
1215 448 1468 520 Spiritus
1491 448 1677 504 sancti
1693 447 2039 502 effusionem

393 539 536 594 hora
565 538 737 594 tertia
766 537 824 592 in
862 537 1204 609 discipulos,
1237 538 1420 592 ethoc
1456 538 1771 592 mandasse
1811 537 1878 591 ad
1907 552 2039 608 pos-

390 631 546 684 teros
578 631 872 698 quatenus
899 626 1000 682 illa
1025 626 1198 682 unius
1229 627 1378 682 actio
1412 626 1604 682 missae
1634 625 1901 697 geminor
1921 625 2040 696 pri-

389 715 594 788 vilegio
625 716 1010 788 insigniretur
1037 735 1049 771 :
1085 714 1508 772 resurrectione
1528 714 1794 770 videlicet
1824 714 2042 769 Christi

388 809 443 860 et
465 805 716 860 adventu
752 803 1050 871 Paracleti,
1088 809 1267 876 utque
1316 808 1552 877 propter
1588 803 1871 877 gaudium
1908 803 2039 858 festi

386 895 752 965 temporibus
774 893 1176 948 relaxarentur
1205 893 1436 950 cunctis
1467 894 1630 949 frena
1652 892 1886 965 jejunii.
1931 892 2039 948 Ve-

388 985 720 1037 rumtamen
743 980 859 1036 alia
877 999 1056 1038 causa
1077 986 1166 1038 est
1187 982 1502 1038 Dominicaa
1525 982 1734 1049 diei,ac
1756 981 2040 1039 solemni-

387 1075 596 1137 tatum,
631 1069 1130 1141 aliajejuniorum
1158 1091 1170 1138 ;
1205 1072 1252 1128 si
1285 1089 1421 1143 ergo
1453 1072 1596 1127 hora
1635 1088 1790 1126 nona
1814 1077 1916 1126 aut
1944 1087 2042 1126 ve«

393 1158 650 1230 sperlina
680 1158 888 1215 diebus
913 1161 1302 1231 jejuniorum,
1325 1161 1583 1232 perfecta
1611 1161 1804 1232 agitur
1834 1160 2038 1226 missa,

387 1246 550 1303 nulla
577 1248 778 1320 procul
812 1249 989 1304 dubio
1025 1248 1157 1303 inde
1189 1248 1557 1304 contrahitur
1595 1265 1766 1318 noxa,
1815 1248 1954 1319 quia
1984 1252 2042 1304 et

387 1336 672 1391 Dominus
695 1337 753 1391 in
776 1353 940 1390 ccena
961 1337 1031 1391 ad
1057 1353 1360 1406 vesperum
1384 1337 1633 1407 primam
1650 1340 1706 1390 et
1723 1337 2040 1407 perfectam

385 1424 954 1479 administrationem
981 1425 1126 1479 tanti
1147 1426 1500 1481 sacramenti
1525 1424 1835 1497 discipulis
1868 1424 2034 1480 insti-

385 1512 519 1579 tuit,
554 1515 612 1567 et
642 1511 784 1567 hora
814 1528 969 1567 nona
991 1513 1265 1584 spiritum
1301 1515 1540 1571 tradens
1561 1513 1914 1570 sacriﬁcium
1945 1530 2041 1569 ve-

385 1600 713 1672 spertinum
745 1602 1018 1672 expansis
1049 1603 1324 1660 manibus
1355 1604 1414 1658 in
1439 1620 1626 1671 cruce,
1651 1607 1708 1658 et
1736 1604 2040 1675 praemissa

383 1688 641 1744 oratione
671 1689 742 1744 ad
767 1689 994 1745 Patrem
1020 1692 1474 1748 consummavit.
1494 1691 1809 1764 Propterea
1829 1708 2035 1763 quam-

380 1777 468 1833 vis
495 1777 640 1833 hora
667 1778 838 1833 tertia
863 1783 920 1834 et
949 1796 1102 1835 nona
1119 1786 1356 1852 propter
1377 1782 1749 1853 supradictas
1779 1780 2032 1837 rationes

382 1867 500 1922 sint
529 1867 783 1940 aptiores
813 1867 1127 1923 missarum
1160 1869 1398 1938 actioni,
1431 1870 1897 1941 quotiescunque
1943 1874 2033 1926 ta-

382 1971 516 2012 men
539 1955 700 2013 horis
727 1956 860 2012 aliis
876 1957 1022 2012 ﬁunt
1044 1959 1426 2030 occupatione
1449 1958 1696 2026 itineris,
1725 1962 1827 2014 aut
1846 1958 2034 2030 gratia

383 2045 698 2117 cujuslibet
713 2047 1048 2101 necessariae
1067 2046 1168 2113 rei,
1197 2047 1253 2101 in
1269 2047 1614 2104 memoriam
1634 2048 1784 2102 ﬁunt
1795 2047 2031 2115 Christi;

383 2151 487 2189 nec
501 2134 752 2190 violatur
773 2135 1475 2206 indeintegritasjcjunii.
1502 2135 1663 2199 Quod
1686 2136 1888 2207 utique
1905 2135 2034 2190 bea-

379 2230 475 2279 tus
516 2222 948 2295 Thelesphorus
979 2240 1131 2294 papa
1169 2241 1203 2277 a
1234 2224 1398 2279 Petro
1430 2225 1718 2294 septimus
1750 2224 2030 2291 sentiens,

378 2313 555 2366 etiam
585 2316 750 2366 nocte
781 2312 1110 2367 Nativitatis
1134 2312 1363 2366 Domini
1389 2311 1602 2368 missas
1633 2312 1912 2368 celebrari
1942 2313 2033 2368 in-

380 2398 590 2467 stituit,
624 2415 729 2454 nec
758 2398 941 2453 ullam
975 2399 1390 2456 resolutionem
1417 2402 1631 2472 jejunii
1659 2406 1791 2457 ante
1823 2401 2028 2457 horam

378 2487 612 2542 tertiam
643 2491 699 2543 et
728 2487 999 2542 diurnam
1023 2487 1266 2543 missam
1283 2489 1416 2543 inde
1432 2489 1578 2556 ﬁeri,
1603 2490 1754 2546 sicut
1775 2507 1877 2546 vos
1899 2507 2028 2562 per-

377 2595 540 2634 verse
564 2577 805 2651 putatis,
826 2577 1044 2633 timuit.
1079 2576 1258 2634 Dicite
1289 2581 1506 2643 autem,
1541 2579 1588 2634 si
1618 2580 1884 2651 potestis,
1926 2597 2031 2635 cur

376 2667 701 2724 Sabbatum
732 2672 787 2722 et
818 2669 1032 2722 caetera:
1082 2670 1244 2721 extra
1275 2667 1639 2723 Dominicam
1683 2667 1836 2723 feriae
1884 2668 2029 2724 hora

376 2757 547 2814 tertia
575 2755 822 2812 missam
853 2755 1103 2811 debeant
1132 2755 1368 2827 habere,
1404 2773 1538 2812 cum
1568 2756 1628 2812 in
1659 2757 1742 2813 eis
1773 2757 2028 2830 Spiritus

377 2850 617 2904 sanctus
649 2863 764 2900 non
795 2844 1027 2917 legatur
1056 2845 1449 2902 descendisse.
1487 2847 1688 2918 Itaque
1713 2863 1842 2913 nos,
1875 2847 2029 2903 sicut

377 2952 561 3006 supra
582 2935 931 2999 ostenditur,
963 2933 1157 2989 divina
1178 2936 1524 2990 auctoritate
1542 2935 1795 3001 subnixi,
1812 2952 1917 2990 nec
1932 2937 2026 3006 je-

368 3025 539 3094 junia
563 3022 905 3079 resolvimus
924 3023 980 3077 in
997 3023 1383 3078 celebratione
1396 3025 1589 3080 missa:
1615 3028 2026 3096 quotacunque

2150 445 2481 501 attendistis
2524 444 2580 500 in
2624 444 2872 518 epistola
2889 463 3050 518 papa:
3072 445 3406 513 Clementis,
3425 448 3595 520 cujus
3617 449 3805 504 tradi-

2149 535 2360 594 tiones.
2394 539 2458 589 ut
2484 534 2727 606 putatis,
2764 539 2964 591 contra
3000 552 3107 590 nos
3142 534 3476 603 defenditis,
3528 538 3687 608 quod
3720 537 3804 594 ibi

2150 623 2556 696 promulgasse
2587 613 2875 696 putatur?
2907 623 3089 689 Certe,
3124 625 3335 696 inquit,
3367 629 3529 681 tanta
3558 625 3620 682 in
3651 627 3799 684 alta-

2150 711 2234 767 rio
2266 711 2610 768 holocausta
2630 713 2895 780 offerant,
2921 718 3141 785 quanta
3161 713 3376 786 populo
3399 714 3672 772 sufﬁcere
3702 716 3802 772 de-

2149 802 2514 868 beant.Quod
2533 803 2579 858 si
2606 802 3014 870 remanserint,
3038 804 3097 858 in
3125 804 3449 860 crastinum
3471 821 3587 861 non
3611 821 3803 862 reser-

2149 897 2375 958 ventur,
2408 892 2510 946 sed
2539 907 2674 946 cum
2697 891 2904 948 timore
2933 896 2991 947 et
3009 896 3259 948 tremore
3281 893 3627 951 clericorum
3659 911 3801 950 cau-

2150 978 2265 1033 tela
2294 984 2350 1034 et
2371 978 2673 1052 diligentia
2685 985 3126 1036 consumantur.
3149 1003 3178 1031 »
3197 982 3281 1036 Ad
3304 981 3427 1038 haec
3455 984 3612 1054 quod
3643 1000 3805 1040 asse-

2150 1065 2252 1135 ris,
2275 1083 2376 1122 vos
2398 1067 2469 1122 ab
2493 1067 2621 1140 ipsa
2649 1072 2854 1124 sancta
2873 1070 3285 1125 communione
3307 1071 3508 1127 statim
3538 1073 3611 1128 ad
3647 1089 3806 1130 com-

2151 1171 2358 1211 munes
2377 1156 2538 1212 cibos
2553 1157 2823 1226 transire,
2849 1175 2965 1213 non
2983 1158 3067 1214 sic
3078 1159 3334 1215 sensisse
3356 1159 3514 1216 idem
3531 1159 3804 1218 Clemens

2150 1243 2448 1300 invenitur
2467 1245 2525 1300 in
2548 1246 2790 1318 praefata
2801 1245 3066 1318 epistola,
3091 1247 3188 1303 ubi
3221 1248 3292 1304 de
3321 1247 3415 1304 his
3438 1249 3538 1322 qui
3561 1249 3803 1307 residua

2151 1333 2423 1389 sacriﬁcii
2456 1337 2931 1408 consumpserint
2960 1337 3210 1408 subjecit
3236 1356 3249 1394 :
3276 1359 3296 1388 α
3323 1338 3432 1403 Qui
3462 1343 3685 1409 autem,
3717 1341 3807 1397 in~

2151 1425 2299 1494 quit,
2327 1425 2561 1481 residua
2580 1425 3074 1499 corporisDomini
3097 1443 3220 1497 quae
3238 1427 3297 1481 in
3322 1428 3579 1484 sacrario
3600 1428 3806 1486 relicta

2151 1520 2292 1570 sunt
2335 1520 2711 1584 consumunt,
2763 1533 2877 1580 non
2925 1515 3122 1572 statim
3164 1517 3238 1573 ad
3269 1533 3618 1575 communes
3646 1521 3798 1575 acci-

2150 1604 2430 1675 piendum
2463 1605 2624 1661 cibos
2653 1605 3018 1674 conveniant,
3038 1621 3111 1661 ne
3122 1611 3326 1678 putent
3341 1611 3558 1664 sanctae
3588 1608 3805 1680 portio-

2151 1693 2208 1748 ni
2231 1710 2358 1750 esse
2375 1694 2839 1750 commiscendos
2862 1695 3024 1751 cibos
3045 1694 3144 1767 qui
3165 1711 3270 1766 per
3289 1695 3616 1767 aqualiculi
3634 1713 3801 1770 eges-

2145 1786 2239 1838 tus
2255 1783 2316 1837 in
2331 1799 2628 1839 secessum
2643 1784 2992 1840 funduntur.
3019 1783 3078 1838 Si
3094 1783 3276 1857 igitur
3294 1800 3468 1841 mane
3491 1785 3802 1844 Dominica

2142 1873 2330 1946 portio
2362 1874 2419 1928 in
2453 1875 2707 1929 sacrario
2730 1874 2958 1943 edatur,
2977 1888 3165 1946 usque
3189 1873 3250 1930 in
3279 1878 3502 1931 sextam
3514 1875 3797 1946 jejunent

2143 1963 2400 2020 ministri
2433 1963 2534 2035 qui
2565 1963 2685 2019 haec
2733 1963 3233 2036 consumpserint.
3279 1964 3351 2020 Et
3376 1965 3422 2020 si
3453 1964 3624 2021 tertia
3676 1969 3785 2020 aut

2142 2055 2640 2126 quarta,jejunent
2659 2070 2847 2125 usque
2868 2054 2929 2108 in
2948 2069 3280 2126 vesperum.
3300 2076 3328 2104 »
3347 2053 3632 2127 lnquibus
3643 2071 3795 2112 sane

2142 2142 2332 2199 verbis
2357 2143 2543 2215 liquet
2573 2143 2729 2215 quod
2760 2159 2875 2198 non
2899 2140 3092 2198 solum
3115 2142 3260 2199 hora
3279 2142 3469 2211 tertia,
3491 2143 3596 2201 sed
3614 2143 3797 2201 etiam

2143 2248 2314 2287 mane
2345 2232 2490 2288 hora
2511 2236 2720 2302 quarta
2750 2230 2965 2286 missas
2993 2229 3114 2286 ﬁeri
3146 2230 3678 2302 licet,quodqueex
3705 2249 3799 2289 sa-

2141 2319 2357 2376 criﬁcio
2363 2320 2660 2392 jejunium
2673 2336 2788 2375 non
2803 2318 3350 2388 solvitur,dumillic
3366 2319 3681 2389 dicitur,ut
3693 2321 3796 2394 qui

2140 2410 2616 2480 consumpserint
2635 2425 2822 2480 usque
2848 2407 2920 2464 ad
2940 2413 3160 2463 sextam
3181 2407 3269 2463 vel
3296 2425 3608 2481 vesperum
3626 2425 3640 2465 :
3655 2408 3797 2468 alio-

2140 2498 2240 2571 qui
2261 2499 2552 2570 quomodo
2574 2498 2943 2568 jejunabant,
2978 2497 3028 2552 si
3058 2514 3127 2552 ex
3164 2497 3449 2554 sacriﬁcio
3493 2499 3795 2570 jejunium

2139 2587 2465 2644 solverunt?
2489 2587 2706 2643 Deinde
2735 2586 3151 2642 abstinentiam
3173 2585 3675 2658 paucissimorum
3695 2605 3796 2644 no-

2139 2675 2230 2732 bis
2262 2676 2666 2748 prazdicantes,
2697 2674 2902 2731 tacetis
2939 2673 3256 2746 ingluviem
3303 2674 3652 2743 multorum,
3688 2676 3793 2749 qui

2139 2770 2240 2820 aut
2271 2781 2478 2837 parum
2500 2771 2601 2819 aut
2624 2763 2768 2818 nihil
2789 2763 3320 2836 Quadragesimalis
3333 2764 3551 2834 jejunii
3570 2765 3691 2822 Deo
3710 2766 3794 2822 of-

2138 2855 2351 2920 ferunt,
2385 2854 2525 2908 dum
2557 2871 2590 2908 a
2619 2853 2808 2924 primo
2833 2869 3002 2908 mane
3031 2868 3219 2924 usque
3240 2868 3547 2926 vesperum
3578 2870 3793 2928 crapu—

2136 2942 2244 2999 lari
2275 2959 2390 2998 non
2424 2945 2698 2998 metuunt
2726 2958 2830 2997 nec
2859 2942 3230 2998 erubescunt.
3266 2940 3462 3014 Aliqui
3495 2943 3682 2998 etiam
3717 2944 3793 3000 ad

2139 3032 2454 3088 Ecclesiam
2488 3031 2788 3104 legumina
2812 3034 2868 3087 et
2889 3029 3006 3087 alia
3024 3031 3605 3089 obsoniadeferentes
3635 3033 3786 3089 inibi

376 3113 520 3169 hora
550 3113 662 3167 diei
698 3113 798 3178 ﬁt;
831 3129 933 3166 nec
967 3112 1021 3166 in
1049 3112 1245 3183 aliquo
1279 3111 1518 3168 natalito
1540 3117 1888 3184 martyrum,
1920 3113 2020 3168 sed
2054 3096 2097 3164 Ο
2137 3122 2469 3188 comedunt,
2503 3096 2606 3177 ιιξο
2637 3119 2883 3175 Paulum
2913 3121 3223 3176 attendunt
3241 3120 3530 3176 dicentem
3568 3138 3580 3176 :
3616 3146 3649 3171 «ι
3683 3122 3792 3187 Qui

375 3220 478 3259 nec
508 3202 568 3258 in
591 3201 1050 3257 Annuntiatione
1075 3201 1266 3257 Mariae
1288 3201 1552 3272 virginis.
1579 3202 1646 3256 Et
1668 3203 1796 3256 ideo
1822 3201 2022 3257 nullus

376 3290 726 3346 universalis
760 3290 966 3360 synodi
991 3287 1363 3360 percellimur
1393 3290 1784 3345 anathemate.
1819 3289 2019 3345 Caeteri

375 3383 568 3432 autem
601 3377 868 3448 quamvis
902 3381 1240 3431 sanctorum
1275 3382 1515 3432 Patrum
1547 3384 1886 3444 conventus,
1911 3379 2023 3434 etsi

374 3470 692 3538 potuerunt
720 3466 791 3518 de
823 3463 1072 3518 utilitate
1090 3469 1146 3519 et
1167 3465 1602 3521 conversatione
1634 3466 1907 3522 Ecclesiai
1921 3485 2020 3522 um

373 3570 614 3609 suarum
638 3555 907 3620 tractare,
929 3551 1122 3607 nullas
1134 3557 1326 3607 tamen
1350 3553 1694 3609 traditiones
1709 3555 2022 3610 universali

372 3642 639 3698 Ecclesiae
673 3641 986 3714 praeﬁgere.
1019 3640 1098 3696 De
1130 3657 1280 3712 papa
1310 3658 1542 3712 quoque
1568 3643 1867 3714 Agathone
1897 3663 2018 3698 oin-

371 3732 510 3787 nino
559 3731 784 3788 scimus
833 3731 972 3801 quia
1002 3745 1108 3786 nec
1148 3735 1320 3785 sextae
1353 3731 1574 3802 synodo
1609 3748 1709 3802 per
1759 3735 2020 3803 seipsum

372 3821 661 3893 praesedit,
704 3837 808 3876 nec
852 3818 1148 3891 aliquibus
1179 3818 1449 3890 capitulis
1481 3820 1608 3890 ejus
1649 3821 2018 3892 subscripsit,

370 3910 484 3964 nisi
505 3927 631 3980 quae
656 3908 1027 3980 promulgata
1049 3909 1287 3963 fuerunt
1312 3909 1591 3964 adversus
1613 3909 2021 3965 Monothelita-

369 4015 497 4052 rum
528 3997 813 4053 haeresim.
849 3997 962 4051 Vos
989 3997 1183 4052 videte
1208 3999 1363 4052 unde
1385 3997 1505 4053 haec
1537 4015 1664 4069 quae
1697 3999 2020 4070 proponitis

369 4085 801 4156 habeatis,quia
825 4085 1081 4139 Ecclesia
1107 4086 1374 4143 Romana
1395 4087 1536 4142 talia
1558 4087 1841 4143 hactenus
1866 4088 2023 4161 igno-

368 4175 532 4229 ravit.
564 4175 678 4228 Nec
699 4172 854 4229 credi
887 4178 1075 4244 potest
1105 4179 1239 4244 post
1273 4179 1359 4229 tot
1389 4192 1575 4231 annos
1619 4176 2018 4234 Romanorum

367 4263 699 4334 pontiﬁcem
727 4262 938 4318 Graecis
963 4261 1368 4334 promulgasse
1381 4263 1610 4334 aliquas
1636 4266 1706 4321 de
1725 4267 2019 4323 missaob-

367 4352 744 4408 servationes.
779 4350 997 4409 Deinde
1023 4351 1204 4406 ritum
1228 4357 1432 4406 vestrae
1455 4353 1674 4409 discere
1705 4373 1817 4410 non
1854 4374 2019 4411 cura-

367 4457 522 4508 mus,
556 4442 694 4514 quia
725 4440 1036 4497 minimam
1070 4441 1356 4497 cautelam
1388 4447 1444 4498 et
1480 4445 1796 4500 maximam
1831 4446 2019 4519 negli-

364 4532 622 4605 gentiam
655 4533 706 4587 ei
738 4532 931 4586 inesse
962 4531 1395 4603 cognoscimus,
1427 4533 1568 4587 dum
1601 4539 1871 4590 sanctum
1917 4554 2016 4608 pa-

365 4639 498 4703 nem
531 4623 866 4694 frangentes
898 4626 952 4676 et
985 4626 1306 4685 sumentes,
1340 4619 1475 4676 hinc
1520 4614 1654 4677 inde
1685 4622 2015 4680 decidentes

366 4710 546 4766 micas
580 4727 696 4765 non
746 4710 986 4765 curatis.
1031 4709 1194 4773 Quod
1244 4709 1420 4764 etiam
1461 4711 1611 4766 solet
1657 4711 2014 4785 contingere,

362 4797 504 4851 dum
536 4797 766 4868 patinas
790 4801 1023 4852 sanctas
1072 4795 1222 4852 foliis
1249 4797 1579 4868 palmarum
1618 4804 1673 4853 et
1703 4816 2012 4870 porcorum

362 4885 503 4941 setis
535 4885 753 4940 fricatis
786 4885 1110 4940 inhoneste.
1139 4885 1305 4940 Multi
1337 4902 1571 4957 quoque
1602 4893 1859 4943 vestrum
1891 4893 2012 4944 tam

361 4974 742 5029 irreverenter
789 4990 1000 5045 corpus
1058 4974 1268 5029 Christi
1311 4980 1624 5045 reponunt,
1682 4981 1745 5030 ut
1775 4977 2013 5048 pyxides

364 5064 498 5119 inde
516 5062 903 5130 cumulent,et
925 5079 996 5118 ne
1010 5063 1241 5118 decidat
1265 5068 1366 5118 aut
1382 5065 1910 5136 superﬁuat,manu
1935 5067 2018 5123 in-

360 5153 614 5210 culcant.
678 5152 977 5224 Reliquias
1027 5169 1261 5225 quoque
1305 5153 1635 5223 oblationis,
1667 5155 1826 5212 velut
1855 5175 2014 5213 com-

359 5260 570 5300 munes
603 5259 803 5316 panes,
831 5259 1258 5314 nonnunquam
1284 5259 1472 5315 usque
1494 5244 1565 5300 ad
1594 5245 1894 5302 fastidium
1913 5264 2013 5304 su-

358 5338 547 5388 munt.
583 5333 651 5388 Et
681 5333 730 5389 si
762 5349 995 5390 sumere
1028 5349 1143 5388 non
1166 5333 1488 5402 sufﬁciunt,
1522 5335 1882 5404 subterrant,
1914 5341 2016 5394 aut

357 5422 417 5477 in
449 5426 690 5494 puteum
706 5423 1042 5496 projiciunt.
1063 5423 1123 5480 Si
1143 5426 1361 5493 autem,
1385 5426 1450 5478 ut
1469 5422 1638 5490 dicis,
1663 5427 2012 5498 panemjam

355 5509 583 5589 pridem
606 5511 870 5575 oblatum
893 5517 950 5570 et
971 5513 1404 5587 sanctiﬁcatum
1426 5510 1694 5572 exaltatis
1718 5514 1898 5576 altera
1918 5517 2014 5579 die

2134 3212 2337 3275 esurit,
2374 3211 2532 3266 domi
2557 3209 2932 3281 manducet(l
2951 3208 3072 3265 Cor.
3103 3227 3182 3278 ιιι,
3215 3210 3330 3280 34);
3361 3232 3390 3258 ››
3421 3214 3480 3266 et
3512 3228 3526 3265 :
3562 3234 3592 3262 «
3624 3211 3791 3268 Nun-

2135 3300 2276 3372 quid
2307 3301 2514 3355 domos
2549 3315 2661 3353 non
2692 3297 2921 3354 habetis
2953 3299 3024 3354 ad
3075 3299 3556 3356 manducandum
3596 3305 3657 3355 et
3693 3301 3784 3357 bi-

2134 3388 2440 3445 bendum?
2482 3392 2584 3442 aut
2621 3387 2934 3444 Ecclesiam
2978 3386 3079 3442 Dei
3109 3387 3502 3456 contemnitis,
3535 3393 3594 3444 et
3639 3406 3780 3445 con-

2135 3477 2380 3532 funditis
2394 3495 2492 3532 eos
2505 3477 2605 3548 qui
2624 3494 2737 3533 non
2756 3476 3016 3532 habent?
3033 3498 3060 3527 »
3091 3476 3245 3548 (Ibid.
3273 3477 3388 3548 22.)
3403 3482 3475 3533 At
3491 3495 3595 3534 nos
3617 3478 3780 3542 Qua-

2133 3567 2527 3637 dragesimam
2560 3566 2739 3621 unius
2770 3564 3130 3637 septimanae,
3154 3582 3331 3638 quam
3359 3566 3550 3623 dicitis
3579 3567 3770 3622 sancti

2134 3653 2796 3722 'l‘hcodori,nescientes,
2822 3653 3006 3710 solam
3020 3655 3774 3726 QuadragesimamDomini

2132 3743 2316 3799 nostri
2337 3743 2366 3799 J
2375 3759 2478 3798 esu
2492 3742 2702 3798 Christi
2720 3742 3108 3814 quadraginta
3127 3742 3336 3799 diebus
3347 3743 3655 3817 diligenter
3669 3744 3780 3800 ob—

2132 3847 2362 3888 servare
2381 3831 2808 3900 contendimus,
2832 3847 3008 3902 quam
3032 3835 3098 3886 ut
3113 3830 3350 3903 aliquis,
3372 3833 3786 3904 exceptagravi

2133 3920 2496 3988 inﬁrmitate,
2532 3919 2592 3975 in
2624 3919 2820 3990 aliquo
2860 3918 3144 3992 infringat
3172 3922 3414 3977 sufferre
3444 3922 3782 3993 nequimus.

2134 4009 2250 4065 Nec
2280 4008 2416 4065 licet
2446 4009 2720 4082 cuiquam
2752 4009 2907 4080 apud
2950 4025 3076 4080 nos,
3110 4009 3262 4065 sicut
3302 4010 3458 4082 apud
3495 4028 3618 4080 vos,
3651 4015 3784 4084 post

2133 4115 2312 4155 unam
2347 4098 2720 4154 refectionem
2743 4098 3066 4170 quidquam
3097 4115 3406 4171 pomorum
3434 4105 3538 4156 aut
3571 4100 3780 4157 herba-

2131 4205 2262 4242 rum
2290 4186 2497 4243 diebus
2519 4186 2884 4257 jejuniorum
2915 4188 3229 4259 percipere.

2203 4276 2366 4331 XXV.
2420 4276 2563 4331 Hinc
2611 4276 3042 4348 perpendentes
3072 4295 3106 4333 a
3134 4282 3189 4333 te
3218 4282 3339 4334 tam
3389 4295 3658 4351 perverse
3688 4280 3779 4334 de-

2131 4365 2290 4421 fendi
2337 4364 2625 4421 adulteria
2670 4365 2866 4436 potius
2896 4382 3074 4438 quam
3106 4367 3341 4439 nuptias
3383 4369 3774 4435 sacerdotum,

2049 4465 2096 4529 D
2131 4455 2486 4510 arbitramur
2514 4452 2585 4510 ab
2620 4453 2824 4510 inferis
2865 4455 3176 4512 emersisse
3226 4456 3552 4530 principem
3598 4457 3776 4530 hujus

2130 4543 2368 4599 haeresis
2392 4542 2600 4597 nefand
2614 4559 2713 4597 um
2735 4542 3052 4599 diaconum
3071 4541 3400 4600 Nicolaum.
3419 4546 3500 4602 De
3511 4563 3628 4618 quo
3648 4547 3774 4620 Epi-

2127 4632 2381 4703 phanius
2415 4635 2607 4686 vester
2637 4630 2720 4687 sic
2742 4631 2984 4705 scripsit
3011 4650 3023 4687 :
3059 4657 3086 4684 ‹‹
3121 4635 3340 4698 Quarta
3359 4633 3772 4692 Nicolaitarum

2127 4737 2160 4775 a
2193 4721 2428 4777 Nicolao
2459 4721 2698 4777 haeresis
2732 4726 2823 4777 est
2855 4723 3314 4790 adinventa,uno
3331 4739 3401 4779 ex
3415 4729 3642 4797 septem
3663 4724 3775 4780 dia-

2122 4809 2368 4865 conibus
2390 4810 2460 4865 ab
2484 4809 2764 4881 apostolis
2787 4810 3072 4866 ordinato.
3089 4813 3205 4868 Iste
3219 4829 3352 4868 cum
3373 4812 3498 4869 zelo
3514 4813 3770 4885 pulcher-

2127 4897 2283 4952 rimae
2307 4898 2574 4971 conjugis
2594 4897 2950 4970 culparetur,
2976 4900 3179 4956 docere
3192 4900 3769 4973 caepitindiﬂ‘erenter

2126 4986 2209 5041 uti
2243 4986 2614 5058 conjugibus,
2644 5004 2760 5043 non
2783 4987 2977 5044 solum
3001 4987 3198 5056 laicos,
3231 4991 3332 5046 sed
3354 4991 3534 5046 etiam
3557 4991 3659 5062 qui
3681 5007 3768 5046 sa-

2124 5075 2360 5130 cerdotii
2389 5075 2773 5148 fungerentur
2803 5077 3015 5134 ofﬁcio.
3049 5077 3162 5133 Hos
3204 5079 3507 5135 damnavit
3534 5085 3765 5136 sanctus

2122 5162 2478 5235 evangelista
2506 5168 2562 5218 et
2605 5164 2904 5236 apostolus
2933 5165 3210 5233 Joannes,
3241 5169 3298 5222 et
3332 5167 3519 5237 jussit
3546 5171 3613 5223 ut
3641 5165 3762 5240 qui-

2123 5269 2356 5325 cunque
2376 5269 2510 5309 cum
2532 5253 2615 5309 eis
2628 5252 2715 5309 vel
2731 5270 3060 5312 sermonem
3075 5253 3354 5328 colloquii
3371 5257 3758 5322 miscuissent,

2123 5357 2192 5396 ex
2210 5340 2318 5396 hoc
2339 5341 2466 5414 ipso
2491 5344 2902 5401 communione
2922 5343 3257 5417 privandos.
3281 5345 3509 5404 Docens
3524 5347 3758 5404 rationa-

2123 5429 2318 5485 biliter
2353 5448 2386 5486 a
2417 5432 2623 5488 mundi
2651 5433 2876 5507 origine
2906 5433 3023 5491 Deo
3066 5434 3403 5491 castitatem
3452 5436 3752 5509 plurimum

2123 5518 2437 5596 placuisse.
2497 5520 2661 5584 Tunc
2704 5523 2880 5584 etiam
2939 5523 2998 5584 in
3057 5523 3253 5601 seipse
3311 5523 3602 5588 Christum
3656 5521 3748 5583 Dei
