  <div class='ocr_page' id='page_1' title='image "/cluster/home/n/w/nwhite01/storage/ocr_20150623/143/hvd.32044054760038/506.png"; bbox 0 0 4086 6168; ppageno 0'>
   <div class='ocr_carea' id='block_1_1' title="bbox 237 285 350 348">
    <p class='ocr_par' dir='ltr' id='par_1_1' title="bbox 237 285 350 348">
     <span class='ocr_line' id='line_1_1' title="bbox 237 285 350 348; baseline 0 -3"><span class='ocrx_word' id='word_1_1' title='bbox 237 285 350 348; x_wconf 82' lang='grc'>99⁸7</span> 
     </span>
    </p>
   </div>
   <div class='ocr_carea' id='block_1_2' title="bbox 1598 281 2326 348">
    <p class='ocr_par' dir='ltr' id='par_1_2' title="bbox 1598 281 2326 348">
     <span class='ocr_line' id='line_1_2' title="bbox 1598 281 2326 348; baseline 0 -2"><span class='ocrx_word' id='word_1_2' title='bbox 1598 282 1910 347; x_wconf 79' lang='lat' dir='ltr'>CONTRA</span> <span class='ocrx_word' id='word_1_3' title='bbox 1952 281 2326 348; x_wconf 83' lang='lat' dir='ltr'>NICETAM.</span> 
     </span>
    </p>
   </div>
   <div class='ocr_carea' id='block_1_3' title="bbox 3523 290 3641 355">
    <p class='ocr_par' dir='ltr' id='par_1_3' title="bbox 3523 290 3641 355">
     <span class='ocr_line' id='line_1_3' title="bbox 3523 290 3641 355; baseline 0 -1"><span class='ocrx_word' id='word_1_4' title='bbox 3523 290 3641 355; x_wconf 89' lang='lat'>998</span> 
     </span>
    </p>
   </div>
   <div class='ocr_carea' id='block_1_4' title="bbox 275 413 3634 488">
    <p class='ocr_par' dir='ltr' id='par_1_4' title="bbox 275 413 3634 488">
     <span class='ocr_line' id='line_1_4' title="bbox 275 413 3634 488; baseline 0.001 -16"><span class='ocrx_word' id='word_1_5' title='bbox 275 413 1874 488; x_wconf 75' lang='lat' dir='ltr'>-Filiumcastitatisgloriamdedicasse,cum,virginem</span> <span class='ocrx_word' id='word_1_6' title='bbox 1905 418 1957 482; x_wconf 86' lang='grc' dir='ltr'><strong>Α</strong></span> <span class='ocrx_word' id='word_1_7' title='bbox 1989 417 2279 487; x_wconf 78' lang='lat' dir='ltr'>apostolos</span> <span class='ocrx_word' id='word_1_8' title='bbox 2339 415 2590 487; x_wconf 85' lang='lat' dir='ltr'>legimus</span> <span class='ocrx_word' id='word_1_9' title='bbox 2639 415 2848 488; x_wconf 85' lang='lat' dir='ltr'>egisse,</span> <span class='ocrx_word' id='word_1_10' title='bbox 2907 415 3074 473; x_wconf 91' lang='lat' dir='ltr'>beato</span> <span class='ocrx_word' id='word_1_11' title='bbox 3132 419 3310 476; x_wconf 87' lang='lat' dir='ltr'>Paulo</span> <span class='ocrx_word' id='word_1_12' title='bbox 3353 423 3582 479; x_wconf 85' lang='lat' dir='ltr'>dicente</span> <span class='ocrx_word' id='word_1_13' title='bbox 3620 440 3634 477; x_wconf 88' lang='lat'><strong>:</strong></span> 
     </span>
    </p>
   </div>
   <div class='ocr_carea' id='block_1_5' title="bbox 232 503 1887 577">
    <p class='ocr_par' dir='ltr' id='par_1_5' title="bbox 232 503 1887 577">
     <span class='ocr_line' id='line_1_5' title="bbox 232 503 1887 577; baseline -0.001 -17"><span class='ocrx_word' id='word_1_14' title='bbox 232 503 542 577; x_wconf 90' lang='lat' dir='ltr'>possidens</span> <span class='ocrx_word' id='word_1_15' title='bbox 573 507 822 559; x_wconf 81' lang='lat' dir='ltr'>matrem</span> <span class='ocrx_word' id='word_1_16' title='bbox 854 503 1012 576; x_wconf 89' lang='lat' dir='ltr'>virgo</span> <span class='ocrx_word' id='word_1_17' title='bbox 1035 503 1607 569; x_wconf 89' lang='lat' dir='ltr'>mansurus,nullum</span> <span class='ocrx_word' id='word_1_18' title='bbox 1631 504 1887 576; x_wconf 91' lang='lat' dir='ltr'>discipu-</span> 
     </span>
    </p>
   </div>
   <div class='ocr_carea' id='block_1_6' title="bbox 232 592 1885 664">
    <p class='ocr_par' dir='ltr' id='par_1_6' title="bbox 232 592 1885 664">
     <span class='ocr_line' id='line_1_6' title="bbox 232 592 1885 664; baseline -0.001 -16"><span class='ocrx_word' id='word_1_19' title='bbox 232 593 422 649; x_wconf 90' lang='lat' dir='ltr'>lornm</span> <span class='ocrx_word' id='word_1_20' title='bbox 453 609 698 648; x_wconf 90' lang='lat' dir='ltr'>suorum</span> <span class='ocrx_word' id='word_1_21' title='bbox 720 593 1128 647; x_wconf 90' lang='lat' dir='ltr'>commistione</span> <span class='ocrx_word' id='word_1_22' title='bbox 1140 593 1316 648; x_wconf 91' lang='lat' dir='ltr'>etiam</span> <span class='ocrx_word' id='word_1_23' title='bbox 1343 593 1605 664; x_wconf 89' lang='lat' dir='ltr'>legitima</span> <span class='ocrx_word' id='word_1_24' title='bbox 1626 592 1885 664; x_wconf 80' lang='lat' dir='ltr'>conjugii</span> 
     </span>
    </p>
   </div>
   <div class='ocr_carea' id='block_1_7' title="bbox 228 679 1883 753">
    <p class='ocr_par' dir='ltr' id='par_1_7' title="bbox 228 679 1883 753">
     <span class='ocr_line' id='line_1_7' title="bbox 228 679 1883 753; baseline -0.001 -16"><span class='ocrx_word' id='word_1_25' title='bbox 228 681 312 737; x_wconf 88' lang='lat' dir='ltr'>uti</span> <span class='ocrx_word' id='word_1_26' title='bbox 345 680 636 753; x_wconf 81' lang='lat' dir='ltr'>permisit,</span> <span class='ocrx_word' id='word_1_27' title='bbox 669 681 868 736; x_wconf 88' lang='lat' dir='ltr'>dicens</span> <span class='ocrx_word' id='word_1_28' title='bbox 901 698 914 736; x_wconf 87' lang='lat'><strong>:</strong></span> <span class='ocrx_word' id='word_1_29' title='bbox 939 702 968 730; x_wconf 87' lang='grc'>‹‹</span> <span class='ocrx_word' id='word_1_30' title='bbox 993 679 1054 735; x_wconf 91' lang='lat' dir='ltr'>Si</span> <span class='ocrx_word' id='word_1_31' title='bbox 1078 681 1210 752; x_wconf 90' lang='lat' dir='ltr'>quis</span> <span class='ocrx_word' id='word_1_32' title='bbox 1239 681 1365 736; x_wconf 85' lang='lat' dir='ltr'>vult</span> <span class='ocrx_word' id='word_1_33' title='bbox 1392 685 1525 752; x_wconf 89' lang='lat' dir='ltr'>post</span> <span class='ocrx_word' id='word_1_34' title='bbox 1545 696 1638 735; x_wconf 88' lang='lat' dir='ltr'>me</span> <span class='ocrx_word' id='word_1_35' title='bbox 1665 687 1883 749; x_wconf 89' lang='lat' dir='ltr'>venire,</span> 
     </span>
    </p>
   </div>
   <div class='ocr_carea' id='block_1_8' title="bbox 227 768 1884 842">
    <p class='ocr_par' dir='ltr' id='par_1_8' title="bbox 227 768 1884 842">
     <span class='ocr_line' id='line_1_8' title="bbox 227 768 1884 842; baseline -0.001 -16"><span class='ocrx_word' id='word_1_36' title='bbox 227 772 482 842; x_wconf 80' lang='lat' dir='ltr'>abneget</span> <span class='ocrx_word' id='word_1_37' title='bbox 511 770 892 841; x_wconf 82' lang='lat' dir='ltr'>semetipsum</span> <span class='ocrx_word' id='word_1_38' title='bbox 925 791 952 819; x_wconf 87' lang='lat'>»</span> <span class='ocrx_word' id='word_1_39' title='bbox 987 768 1122 836; x_wconf 88' lang='lat' dir='ltr'>sibi,</span> <span class='ocrx_word' id='word_1_40' title='bbox 1146 791 1172 819; x_wconf 87' lang='lat'><strong>«</strong></span> <span class='ocrx_word' id='word_1_41' title='bbox 1191 774 1250 825; x_wconf 92' lang='lat' dir='ltr'>et</span> <span class='ocrx_word' id='word_1_42' title='bbox 1271 769 1439 825; x_wconf 91' lang='lat' dir='ltr'>tollat</span> <span class='ocrx_word' id='word_1_43' title='bbox 1458 784 1690 825; x_wconf 89' lang='lat' dir='ltr'>crucem</span> <span class='ocrx_word' id='word_1_44' title='bbox 1714 785 1884 828; x_wconf 87' lang='lat' dir='ltr'>suam</span> 
     </span>
    </p>
   </div>
   <div class='ocr_carea' id='block_1_9' title="bbox 228 858 1886 930">
    <p class='ocr_par' dir='ltr' id='par_1_9' title="bbox 228 858 1886 930">
     <span class='ocr_line' id='line_1_9' title="bbox 228 858 1886 930; baseline -0.002 -15"><span class='ocrx_word' id='word_1_45' title='bbox 228 865 285 916; x_wconf 86' lang='lat' dir='ltr'>et</span> <span class='ocrx_word' id='word_1_46' title='bbox 313 864 602 930; x_wconf 80' lang='lat' dir='ltr'>sequatur</span> <span class='ocrx_word' id='word_1_47' title='bbox 630 873 724 912; x_wconf 87' lang='lat' dir='ltr'>me</span> <span class='ocrx_word' id='word_1_48' title='bbox 767 858 972 928; x_wconf 78' lang='lat' dir='ltr'>(Matth.</span> <span class='ocrx_word' id='word_1_49' title='bbox 1005 875 1121 925; x_wconf 70' lang='grc' dir='ltr'><strong>χιιι,</strong></span> <span class='ocrx_word' id='word_1_50' title='bbox 1165 859 1278 930; x_wconf 67' lang='grc'>24).</span> <span class='ocrx_word' id='word_1_51' title='bbox 1310 879 1338 908; x_wconf 92' lang='grc'><strong>››</strong></span> <span class='ocrx_word' id='word_1_52' title='bbox 1375 858 1536 914; x_wconf 88' lang='lat' dir='ltr'>Unde</span> <span class='ocrx_word' id='word_1_53' title='bbox 1581 858 1738 914; x_wconf 91' lang='lat' dir='ltr'>idem</span> <span class='ocrx_word' id='word_1_54' title='bbox 1770 863 1886 912; x_wconf 85' lang='lat' dir='ltr'>Do-</span> 
     </span>
    </p>
   </div>
   <div class='ocr_carea' id='block_1_10' title="bbox 227 945 1884 1018">
    <p class='ocr_par' dir='ltr' id='par_1_10' title="bbox 227 945 1884 1018">
     <span class='ocr_line' id='line_1_10' title="bbox 227 945 1884 1018; baseline -0.001 -16"><span class='ocrx_word' id='word_1_55' title='bbox 227 949 431 1003; x_wconf 85' lang='lat' dir='ltr'>minus</span> <span class='ocrx_word' id='word_1_56' title='bbox 477 947 651 1002; x_wconf 89' lang='lat' dir='ltr'>Jesus</span> <span class='ocrx_word' id='word_1_57' title='bbox 703 946 762 1000; x_wconf 91' lang='lat' dir='ltr'><strong>in</strong></span> <span class='ocrx_word' id='word_1_58' title='bbox 808 946 1156 1018; x_wconf 81' lang='lat' dir='ltr'>Apocalypsi</span> <span class='ocrx_word' id='word_1_59' title='bbox 1209 945 1554 1018; x_wconf 67' lang='lat' dir='ltr'>praecipiens</span> <span class='ocrx_word' id='word_1_60' title='bbox 1623 945 1884 1018; x_wconf 82' lang='lat' dir='ltr'>apostolo</span> 
     </span>
    </p>
   </div>
   <div class='ocr_carea' id='block_1_11' title="bbox 226 1033 1881 1106">
    <p class='ocr_par' dir='ltr' id='par_1_11' title="bbox 226 1033 1881 1106">
     <span class='ocr_line' id='line_1_11' title="bbox 226 1033 1881 1106; baseline -0.002 -14"><span class='ocrx_word' id='word_1_61' title='bbox 226 1035 445 1092; x_wconf 90' lang='lat' dir='ltr'>Joanni</span> <span class='ocrx_word' id='word_1_62' title='bbox 481 1035 736 1090; x_wconf 85' lang='lat' dir='ltr'>scribere</span> <span class='ocrx_word' id='word_1_63' title='bbox 766 1033 971 1106; x_wconf 81' lang='lat' dir='ltr'>angelo</span> <span class='ocrx_word' id='word_1_64' title='bbox 1010 1034 1247 1106; x_wconf 86' lang='lat' dir='ltr'>Ephesi,</span> <span class='ocrx_word' id='word_1_65' title='bbox 1290 1034 1443 1089; x_wconf 90' lang='lat' dir='ltr'>inter</span> <span class='ocrx_word' id='word_1_66' title='bbox 1479 1033 1592 1089; x_wconf 90' lang='lat' dir='ltr'>alia</span> <span class='ocrx_word' id='word_1_67' title='bbox 1640 1033 1837 1104; x_wconf 88' lang='lat' dir='ltr'>inquit</span> <span class='ocrx_word' id='word_1_68' title='bbox 1869 1051 1881 1088; x_wconf 90' lang='lat'>:</span> 
     </span>
    </p>
   </div>
   <div class='ocr_carea' id='block_1_12' title="bbox 232 1121 1889 1194">
    <p class='ocr_par' dir='ltr' id='par_1_12' title="bbox 232 1121 1889 1194">
     <span class='ocr_line' id='line_1_12' title="bbox 232 1121 1889 1194; baseline 0.001 -19"><span class='ocrx_word' id='word_1_69' title='bbox 232 1146 260 1175; x_wconf 88' lang='grc'>‹‹</span> <span class='ocrx_word' id='word_1_70' title='bbox 294 1124 415 1179; x_wconf 87' lang='lat' dir='ltr'>Hoc</span> <span class='ocrx_word' id='word_1_71' title='bbox 445 1124 648 1188; x_wconf 88' lang='lat' dir='ltr'>habes,</span> <span class='ocrx_word' id='word_1_72' title='bbox 671 1123 810 1194; x_wconf 89' lang='lat' dir='ltr'>quia</span> <span class='ocrx_word' id='word_1_73' title='bbox 830 1123 1004 1178; x_wconf 88' lang='lat' dir='ltr'>odisti</span> <span class='ocrx_word' id='word_1_74' title='bbox 1035 1123 1189 1178; x_wconf 85' lang='lat' dir='ltr'>facta</span> <span class='ocrx_word' id='word_1_75' title='bbox 1207 1121 1649 1191; x_wconf 88' lang='lat' dir='ltr'>Nicolaitarum,</span> <span class='ocrx_word' id='word_1_76' title='bbox 1674 1139 1800 1193; x_wconf 73' lang='lat' dir='ltr'>quae</span> <span class='ocrx_word' id='word_1_77' title='bbox 1831 1125 1889 1177; x_wconf 90' lang='lat' dir='ltr'>et</span> 
     </span>
    </p>
   </div>
   <div class='ocr_carea' id='block_1_13' title="bbox 230 1210 1888 1286">
    <p class='ocr_par' dir='ltr' id='par_1_13' title="bbox 230 1210 1888 1286">
     <span class='ocr_line' id='line_1_13' title="bbox 230 1210 1888 1286; baseline 0.002 -23"><span class='ocrx_word' id='word_1_78' title='bbox 230 1237 259 1263; x_wconf 87' lang='grc'>«</span> <span class='ocrx_word' id='word_1_79' title='bbox 302 1229 410 1286; x_wconf 88' lang='lat' dir='ltr'><strong>ego</strong></span> <span class='ocrx_word' id='word_1_80' title='bbox 443 1213 539 1268; x_wconf 90' lang='lat' dir='ltr'>odi</span> <span class='ocrx_word' id='word_1_81' title='bbox 570 1212 752 1284; x_wconf 85' lang='lat' dir='ltr'>(Apoc.</span> <span class='ocrx_word' id='word_1_82' title='bbox 784 1229 845 1278; x_wconf 83' lang='grc' dir='ltr'><strong>ιι,</strong></span> <span class='ocrx_word' id='word_1_83' title='bbox 875 1212 952 1283; x_wconf 89' lang='grc'>6).</span> <span class='ocrx_word' id='word_1_84' title='bbox 991 1234 1020 1260; x_wconf 89' lang='grc'><strong>››</strong></span> <span class='ocrx_word' id='word_1_85' title='bbox 1054 1212 1198 1267; x_wconf 84' lang='lat' dir='ltr'>Hinc</span> <span class='ocrx_word' id='word_1_86' title='bbox 1225 1211 1403 1267; x_wconf 90' lang='lat' dir='ltr'>etiam</span> <span class='ocrx_word' id='word_1_87' title='bbox 1429 1210 1634 1282; x_wconf 86' lang='lat' dir='ltr'><strong>angelo</strong></span> <span class='ocrx_word' id='word_1_88' title='bbox 1666 1215 1888 1283; x_wconf 87' lang='lat' dir='ltr'>Perga-</span> 
     </span>
    </p>
   </div>
   <div class='ocr_carea' id='block_1_14' title="bbox 230 1299 1886 1372">
    <p class='ocr_par' dir='ltr' id='par_1_14' title="bbox 230 1299 1886 1372">
     <span class='ocr_line' id='line_1_14' title="bbox 230 1299 1886 1372; baseline -0.002 -15"><span class='ocrx_word' id='word_1_89' title='bbox 230 1301 480 1358; x_wconf 89' lang='lat' dir='ltr'>midicit</span> <span class='ocrx_word' id='word_1_90' title='bbox 513 1318 526 1355; x_wconf 91' lang='lat'>:</span> <span class='ocrx_word' id='word_1_91' title='bbox 560 1324 588 1349; x_wconf 87' lang='grc'>‹‹</span> <span class='ocrx_word' id='word_1_92' title='bbox 622 1300 814 1356; x_wconf 89' lang='lat' dir='ltr'><strong>Habeo</strong></span> <span class='ocrx_word' id='word_1_93' title='bbox 844 1301 1157 1355; x_wconf 88' lang='lat' dir='ltr'>adversum</span> <span class='ocrx_word' id='word_1_94' title='bbox 1189 1303 1244 1355; x_wconf 90' lang='lat' dir='ltr'>te</span> <span class='ocrx_word' id='word_1_95' title='bbox 1275 1316 1480 1372; x_wconf 90' lang='lat' dir='ltr'>pauca,</span> <span class='ocrx_word' id='word_1_96' title='bbox 1522 1300 1660 1370; x_wconf 86' lang='lat' dir='ltr'>quia</span> <span class='ocrx_word' id='word_1_97' title='bbox 1686 1299 1886 1370; x_wconf 73' lang='lat' dir='ltr'>:habes</span> 
     </span>
    </p>
   </div>
   <div class='ocr_carea' id='block_1_15' title="bbox 236 1388 1887 1460">
    <p class='ocr_par' dir='ltr' id='par_1_15' title="bbox 236 1388 1887 1460">
     <span class='ocr_line' id='line_1_15' title="bbox 236 1388 1887 1460; baseline 0 -18"><span class='ocrx_word' id='word_1_98' title='bbox 236 1413 265 1442; x_wconf 81' lang='grc' dir='ltr'>(ί</span> <span class='ocrx_word' id='word_1_99' title='bbox 304 1391 447 1446; x_wconf 91' lang='lat' dir='ltr'>illuc</span> <span class='ocrx_word' id='word_1_100' title='bbox 468 1394 731 1445; x_wconf 87' lang='lat' dir='ltr'>tenentes</span> <span class='ocrx_word' id='word_1_101' title='bbox 753 1388 1076 1444; x_wconf 86' lang='lat' dir='ltr'>doctrinam</span> <span class='ocrx_word' id='word_1_102' title='bbox 1100 1388 1360 1454; x_wconf 89' lang='lat' dir='ltr'>Baalam,</span> <span class='ocrx_word' id='word_1_103' title='bbox 1383 1390 1484 1460; x_wconf 88' lang='lat' dir='ltr'>qui</span> <span class='ocrx_word' id='word_1_104' title='bbox 1514 1389 1761 1444; x_wconf 83' lang='lat' dir='ltr'><strong>docebat</strong></span> <span class='ocrx_word' id='word_1_105' title='bbox 1783 1389 1887 1442; x_wconf 89' lang='lat' dir='ltr'>Ba-</span> 
     </span>
    </p>
   </div>
   <div class='ocr_carea' id='block_1_16' title="bbox 235 1476 1885 1543">
    <p class='ocr_par' dir='ltr' id='par_1_16' title="bbox 235 1476 1885 1543">
     <span class='ocr_line' id='line_1_16' title="bbox 235 1476 1885 1543; baseline -0.002 -8"><span class='ocrx_word' id='word_1_106' title='bbox 235 1503 256 1529; x_wconf 78' lang='grc' dir='ltr'>ι</span> <span class='ocrx_word' id='word_1_107' title='bbox 302 1479 432 1536; x_wconf 89' lang='lat' dir='ltr'>alac</span> <span class='ocrx_word' id='word_1_108' title='bbox 462 1479 692 1535; x_wconf 82' lang='lat' dir='ltr'>mittere</span> <span class='ocrx_word' id='word_1_109' title='bbox 713 1477 1060 1534; x_wconf 89' lang='lat' dir='ltr'>scandalum</span> <span class='ocrx_word' id='word_1_110' title='bbox 1086 1494 1280 1533; x_wconf 91' lang='lat' dir='ltr'>coram</span> <span class='ocrx_word' id='word_1_111' title='bbox 1313 1477 1452 1532; x_wconf 82' lang='lat' dir='ltr'>filiis</span> <span class='ocrx_word' id='word_1_112' title='bbox 1487 1476 1683 1543; x_wconf 80' lang='lat' dir='ltr'>Israel,</span> <span class='ocrx_word' id='word_1_113' title='bbox 1717 1478 1885 1532; x_wconf 88' lang='lat' dir='ltr'>edere</span> 
     </span>
    </p>
   </div>
   <div class='ocr_carea' id='block_1_17' title="bbox 230 1565 1883 1624">
    <p class='ocr_par' dir='ltr' id='par_1_17' title="bbox 230 1565 1883 1624">
     <span class='ocr_line' id='line_1_17' title="bbox 230 1565 1883 1624; baseline 0.001 -6"><span class='ocrx_word' id='word_1_114' title='bbox 230 1593 259 1618; x_wconf 87' lang='grc'>‹‹</span> <span class='ocrx_word' id='word_1_115' title='bbox 302 1574 362 1624; x_wconf 91' lang='lat' dir='ltr'>et</span> <span class='ocrx_word' id='word_1_116' title='bbox 392 1568 662 1624; x_wconf 81' lang='lat' dir='ltr'>fornicari</span> <span class='ocrx_word' id='word_1_117' title='bbox 697 1584 708 1623; x_wconf 92' lang='lat'>:</span> <span class='ocrx_word' id='word_1_118' title='bbox 743 1567 823 1622; x_wconf 91' lang='lat' dir='ltr'>ita</span> <span class='ocrx_word' id='word_1_119' title='bbox 854 1567 1033 1623; x_wconf 90' lang='lat' dir='ltr'>habes</span> <span class='ocrx_word' id='word_1_120' title='bbox 1063 1571 1118 1622; x_wconf 90' lang='lat' dir='ltr'>et</span> <span class='ocrx_word' id='word_1_121' title='bbox 1134 1570 1197 1621; x_wconf 92' lang='lat' dir='ltr'>tu</span> <span class='ocrx_word' id='word_1_122' title='bbox 1240 1570 1501 1621; x_wconf 87' lang='lat' dir='ltr'>tenentes</span> <span class='ocrx_word' id='word_1_123' title='bbox 1553 1565 1883 1621; x_wconf 81' lang='lat' dir='ltr'>doctrinam</span> 
     </span>
    </p>
   </div>
   <div class='ocr_carea' id='block_1_18' title="bbox 233 1655 1262 1726">
    <p class='ocr_par' dir='ltr' id='par_1_18' title="bbox 233 1655 1262 1726">
     <span class='ocr_line' id='line_1_18' title="bbox 233 1655 1262 1726; baseline -0.002 -16"><span class='ocrx_word' id='word_1_124' title='bbox 233 1681 262 1710; x_wconf 88' lang='grc'><em>‹‹</em></span> <span class='ocrx_word' id='word_1_125' title='bbox 305 1657 721 1712; x_wconf 87' lang='lat' dir='ltr'>Nicolaitarum</span> <span class='ocrx_word' id='word_1_126' title='bbox 753 1656 932 1726; x_wconf 76' lang='lat' dir='ltr'>(lbid.,</span> <span class='ocrx_word' id='word_1_127' title='bbox 969 1657 1054 1720; x_wconf 76' lang='grc'>14,</span> <span class='ocrx_word' id='word_1_128' title='bbox 1091 1655 1202 1724; x_wconf 81' lang='grc'>45).</span> <span class='ocrx_word' id='word_1_129' title='bbox 1235 1677 1262 1704; x_wconf 93' lang='grc'><strong>››</strong></span> 
     </span>
    </p>
   </div>
   <div class='ocr_carea' id='block_1_19' title="bbox 306 1742 1880 1816">
    <p class='ocr_par' dir='ltr' id='par_1_19' title="bbox 306 1742 1880 1816">
     <span class='ocr_line' id='line_1_19' title="bbox 306 1742 1880 1816; baseline -0.003 -15"><span class='ocrx_word' id='word_1_130' title='bbox 306 1745 500 1801; x_wconf 84' lang='lat' dir='ltr'>XXVI.</span> <span class='ocrx_word' id='word_1_131' title='bbox 547 1744 902 1800; x_wconf 75' lang='lat' dir='ltr'>Suﬁ‘ecerant</span> <span class='ocrx_word' id='word_1_132' title='bbox 937 1744 1175 1816; x_wconf 91' lang='lat' dir='ltr'>quidem</span> <span class='ocrx_word' id='word_1_133' title='bbox 1209 1743 1348 1809; x_wconf 74' lang='lat' dir='ltr'>haec,</span> <span class='ocrx_word' id='word_1_134' title='bbox 1383 1760 1414 1799; x_wconf 96' lang='lat' dir='ltr'>o</span> <span class='ocrx_word' id='word_1_135' title='bbox 1446 1742 1730 1799; x_wconf 91' lang='lat' dir='ltr'>Nicolaita</span> <span class='ocrx_word' id='word_1_136' title='bbox 1779 1743 1880 1798; x_wconf 90' lang='lat' dir='ltr'>Ni-</span> 
     </span>
    </p>
   </div>
   <div class='ocr_carea' id='block_1_20' title="bbox 228 1831 1883 1903">
    <p class='ocr_par' dir='ltr' id='par_1_20' title="bbox 228 1831 1883 1903">
     <span class='ocr_line' id='line_1_20' title="bbox 228 1831 1883 1903; baseline -0.001 -13"><span class='ocrx_word' id='word_1_137' title='bbox 228 1839 364 1890; x_wconf 89' lang='lat' dir='ltr'>ceta</span> <span class='ocrx_word' id='word_1_138' title='bbox 394 1835 464 1890; x_wconf 90' lang='lat' dir='ltr'>ad</span> <span class='ocrx_word' id='word_1_139' title='bbox 494 1833 954 1889; x_wconf 90' lang='lat' dir='ltr'>convincendum</span> <span class='ocrx_word' id='word_1_140' title='bbox 966 1847 1244 1900; x_wconf 91' lang='lat' dir='ltr'>errorem,</span> <span class='ocrx_word' id='word_1_141' title='bbox 1269 1848 1373 1887; x_wconf 89' lang='lat' dir='ltr'>seu</span> <span class='ocrx_word' id='word_1_142' title='bbox 1395 1833 1534 1903; x_wconf 89' lang='lat' dir='ltr'>quia</span> <span class='ocrx_word' id='word_1_143' title='bbox 1555 1831 1883 1888; x_wconf 91' lang='lat' dir='ltr'>canonibus</span> 
     </span>
    </p>
   </div>
   <div class='ocr_carea' id='block_1_21' title="bbox 227 1919 1878 1993">
    <p class='ocr_par' dir='ltr' id='par_1_21' title="bbox 227 1919 1878 1993">
     <span class='ocr_line' id='line_1_21' title="bbox 227 1919 1878 1993; baseline -0.001 -15"><span class='ocrx_word' id='word_1_144' title='bbox 227 1927 346 1978; x_wconf 88' lang='lat' dir='ltr'>sub</span> <span class='ocrx_word' id='word_1_145' title='bbox 376 1922 614 1978; x_wconf 90' lang='lat' dir='ltr'><strong>nomine</strong></span> <span class='ocrx_word' id='word_1_146' title='bbox 634 1920 1032 1993; x_wconf 72' lang='lat' dir='ltr'>apostolorum</span> <span class='ocrx_word' id='word_1_147' title='bbox 1063 1919 1235 1976; x_wconf 87' lang='lat' dir='ltr'>editis</span> <span class='ocrx_word' id='word_1_148' title='bbox 1258 1935 1364 1975; x_wconf 92' lang='lat' dir='ltr'>nos</span> <span class='ocrx_word' id='word_1_149' title='bbox 1387 1935 1592 1991; x_wconf 90' lang='lat' dir='ltr'>urgere</span> <span class='ocrx_word' id='word_1_150' title='bbox 1621 1920 1838 1976; x_wconf 91' lang='lat' dir='ltr'>videris</span> <span class='ocrx_word' id='word_1_151' title='bbox 1866 1936 1878 1976; x_wconf 93' lang='lat'><strong>:</strong></span> 
     </span>
    </p>
   </div>
   <div class='ocr_carea' id='block_1_22' title="bbox 224 2009 1883 2084">
    <p class='ocr_par' dir='ltr' id='par_1_22' title="bbox 224 2009 1883 2084">
     <span class='ocr_line' id='line_1_22' title="bbox 224 2009 1883 2084; baseline -0.002 -16"><span class='ocrx_word' id='word_1_152' title='bbox 224 2028 518 2084; x_wconf 76' lang='lat' dir='ltr'>exponere</span> <span class='ocrx_word' id='word_1_153' title='bbox 547 2011 655 2066; x_wconf 89' lang='lat' dir='ltr'><strong>tibi</strong></span> <span class='ocrx_word' id='word_1_154' title='bbox 684 2015 789 2066; x_wconf 87' lang='lat' dir='ltr'>tua</span> <span class='ocrx_word' id='word_1_155' title='bbox 816 2009 1073 2082; x_wconf 90' lang='lat' dir='ltr'>capitula</span> <span class='ocrx_word' id='word_1_156' title='bbox 1093 2009 1478 2076; x_wconf 87' lang='lat' dir='ltr'>decrevimus,</span> <span class='ocrx_word' id='word_1_157' title='bbox 1512 2009 1782 2081; x_wconf 88' lang='lat' dir='ltr'>quamvis</span> <span class='ocrx_word' id='word_1_158' title='bbox 1814 2025 1883 2064; x_wconf 89' lang='lat' dir='ltr'>ea</span> 
     </span>
    </p>
   </div>
   <div class='ocr_carea' id='block_1_23' title="bbox 225 2100 1880 2173">
    <p class='ocr_par' dir='ltr' id='par_1_23' title="bbox 225 2100 1880 2173">
     <span class='ocr_line' id='line_1_23' title="bbox 225 2100 1880 2173; baseline -0.001 -17"><span class='ocrx_word' id='word_1_159' title='bbox 225 2104 386 2158; x_wconf 87' lang='lat' dir='ltr'>inter</span> <span class='ocrx_word' id='word_1_160' title='bbox 417 2100 753 2173; x_wconf 78' lang='lat' dir='ltr'>apocrypha</span> <span class='ocrx_word' id='word_1_161' title='bbox 775 2116 960 2171; x_wconf 88' lang='lat' dir='ltr'>usque</span> <span class='ocrx_word' id='word_1_162' title='bbox 989 2116 1144 2155; x_wconf 90' lang='lat' dir='ltr'>nunc</span> <span class='ocrx_word' id='word_1_163' title='bbox 1170 2115 1385 2171; x_wconf 87' lang='lat' dir='ltr'>magna</span> <span class='ocrx_word' id='word_1_164' title='bbox 1413 2115 1482 2152; x_wconf 86' lang='lat' dir='ltr'>ex</span> <span class='ocrx_word' id='word_1_165' title='bbox 1511 2104 1672 2170; x_wconf 88' lang='lat' dir='ltr'>parte</span> <span class='ocrx_word' id='word_1_166' title='bbox 1721 2115 1880 2154; x_wconf 89' lang='lat' dir='ltr'>com-</span> 
     </span>
    </p>
   </div>
   <div class='ocr_carea' id='block_1_24' title="bbox 225 2187 1884 2263">
    <p class='ocr_par' dir='ltr' id='par_1_24' title="bbox 225 2187 1884 2263">
     <span class='ocr_line' id='line_1_24' title="bbox 225 2187 1884 2263; baseline -0.004 -17"><span class='ocrx_word' id='word_1_167' title='bbox 225 2191 664 2263; x_wconf 87' lang='lat' dir='ltr'>putaverimus,</span> <span class='ocrx_word' id='word_1_168' title='bbox 695 2193 759 2243; x_wconf 91' lang='lat' dir='ltr'>ut</span> <span class='ocrx_word' id='word_1_169' title='bbox 779 2193 973 2259; x_wconf 86' lang='lat' dir='ltr'>aperte</span> <span class='ocrx_word' id='word_1_170' title='bbox 994 2191 1380 2260; x_wconf 83' lang='lat' dir='ltr'>cognoscatur</span> <span class='ocrx_word' id='word_1_171' title='bbox 1400 2202 1504 2242; x_wconf 93' lang='lat' dir='ltr'>nec</span> <span class='ocrx_word' id='word_1_172' title='bbox 1535 2187 1884 2258; x_wconf 87' lang='lat' dir='ltr'>apocryphis</span> 
     </span>
    </p>
   </div>
   <div class='ocr_carea' id='block_1_25' title="bbox 225 2277 1880 2348">
    <p class='ocr_par' dir='ltr' id='par_1_25' title="bbox 225 2277 1880 2348">
     <span class='ocr_line' id='line_1_25' title="bbox 225 2277 1880 2348; baseline -0.002 -12"><span class='ocrx_word' id='word_1_173' title='bbox 225 2298 337 2336; x_wconf 89' lang='lat' dir='ltr'>nec</span> <span class='ocrx_word' id='word_1_174' title='bbox 361 2279 719 2336; x_wconf 88' lang='lat' dir='ltr'>authenticis</span> <span class='ocrx_word' id='word_1_175' title='bbox 739 2294 839 2333; x_wconf 88' lang='lat' dir='ltr'>vos</span> <span class='ocrx_word' id='word_1_176' title='bbox 854 2283 1076 2334; x_wconf 87' lang='lat' dir='ltr'>vestras</span> <span class='ocrx_word' id='word_1_177' title='bbox 1096 2277 1342 2348; x_wconf 87' lang='lat' dir='ltr'>ineptias</span> <span class='ocrx_word' id='word_1_178' title='bbox 1363 2293 1533 2348; x_wconf 89' lang='lat' dir='ltr'>posse</span> <span class='ocrx_word' id='word_1_179' title='bbox 1550 2277 1880 2332; x_wconf 86' lang='lat' dir='ltr'>defendere.</span> 
     </span>
    </p>
   </div>
   <div class='ocr_carea' id='block_1_26' title="bbox 221 2365 1882 2437">
    <p class='ocr_par' dir='ltr' id='par_1_26' title="bbox 221 2365 1882 2437">
     <span class='ocr_line' id='line_1_26' title="bbox 221 2365 1882 2437; baseline -0.003 -12"><span class='ocrx_word' id='word_1_180' title='bbox 221 2372 378 2425; x_wconf 84' lang='lat' dir='ltr'>Ante</span> <span class='ocrx_word' id='word_1_181' title='bbox 409 2368 612 2423; x_wconf 89' lang='lat' dir='ltr'>omnia</span> <span class='ocrx_word' id='word_1_182' title='bbox 633 2370 831 2422; x_wconf 89' lang='lat' dir='ltr'>autem</span> <span class='ocrx_word' id='word_1_183' title='bbox 852 2365 1304 2437; x_wconf 78' lang='lat' dir='ltr'>comprobemus</span> <span class='ocrx_word' id='word_1_184' title='bbox 1332 2369 1389 2420; x_wconf 89' lang='lat' dir='ltr'>te</span> <span class='ocrx_word' id='word_1_185' title='bbox 1417 2380 1543 2420; x_wconf 92' lang='lat' dir='ltr'>esse</span> <span class='ocrx_word' id='word_1_186' title='bbox 1575 2365 1882 2420; x_wconf 89' lang='lat' dir='ltr'>mentitum</span> 
     </span>
    </p>
   </div>
   <div class='ocr_carea' id='block_1_27' title="bbox 221 2454 1882 2532">
    <p class='ocr_par' dir='ltr' id='par_1_27' title="bbox 221 2454 1882 2532">
     <span class='ocr_line' id='line_1_27' title="bbox 221 2454 1882 2532; baseline -0.004 -18"><span class='ocrx_word' id='word_1_187' title='bbox 221 2460 342 2532; x_wconf 86' lang='lat' dir='ltr'>ipsi</span> <span class='ocrx_word' id='word_1_188' title='bbox 376 2456 631 2524; x_wconf 85' lang='lat' dir='ltr'>veritati,</span> <span class='ocrx_word' id='word_1_189' title='bbox 663 2456 722 2510; x_wconf 92' lang='lat' dir='ltr'>in</span> <span class='ocrx_word' id='word_1_190' title='bbox 752 2472 818 2511; x_wconf 92' lang='lat' dir='ltr'><strong>eo</strong></span> <span class='ocrx_word' id='word_1_191' title='bbox 845 2455 1000 2526; x_wconf 90' lang='lat' dir='ltr'>quod</span> <span class='ocrx_word' id='word_1_192' title='bbox 1035 2454 1235 2509; x_wconf 82' lang='lat' dir='ltr'>dixisti</span> <span class='ocrx_word' id='word_1_193' title='bbox 1264 2458 1497 2509; x_wconf 89' lang='lat' dir='ltr'>nostros</span> <span class='ocrx_word' id='word_1_194' title='bbox 1529 2454 1690 2526; x_wconf 88' lang='lat' dir='ltr'>prius</span> <span class='ocrx_word' id='word_1_195' title='bbox 1724 2454 1882 2509; x_wconf 89' lang='lat' dir='ltr'>ordi-</span> 
     </span>
    </p>
   </div>
   <div class='ocr_carea' id='block_1_28' title="bbox 221 2542 1879 2614">
    <p class='ocr_par' dir='ltr' id='par_1_28' title="bbox 221 2542 1879 2614">
     <span class='ocr_line' id='line_1_28' title="bbox 221 2542 1879 2614; baseline -0.005 -10"><span class='ocrx_word' id='word_1_196' title='bbox 221 2546 383 2614; x_wconf 85' lang='lat' dir='ltr'>nari,</span> <span class='ocrx_word' id='word_1_197' title='bbox 417 2545 630 2601; x_wconf 91' lang='lat' dir='ltr'>deinde</span> <span class='ocrx_word' id='word_1_198' title='bbox 661 2560 871 2599; x_wconf 81' lang='lat' dir='ltr'>uxores</span> <span class='ocrx_word' id='word_1_199' title='bbox 911 2543 1126 2599; x_wconf 88' lang='lat' dir='ltr'>sortiri.</span> <span class='ocrx_word' id='word_1_200' title='bbox 1160 2543 1306 2607; x_wconf 86' lang='lat' dir='ltr'>Quia</span> <span class='ocrx_word' id='word_1_201' title='bbox 1347 2542 1500 2614; x_wconf 91' lang='lat' dir='ltr'>apud</span> <span class='ocrx_word' id='word_1_202' title='bbox 1534 2559 1639 2598; x_wconf 90' lang='lat' dir='ltr'>nos</span> <span class='ocrx_word' id='word_1_203' title='bbox 1669 2557 1777 2597; x_wconf 92' lang='lat' dir='ltr'>nec</span> <span class='ocrx_word' id='word_1_204' title='bbox 1808 2542 1879 2597; x_wconf 90' lang='lat' dir='ltr'>ad</span> 
     </span>
    </p>
   </div>
   <div class='ocr_carea' id='block_1_29' title="bbox 219 2631 1880 2704">
    <p class='ocr_par' dir='ltr' id='par_1_29' title="bbox 219 2631 1880 2704">
     <span class='ocr_line' id='line_1_29' title="bbox 219 2631 1880 2704; baseline -0.005 -11"><span class='ocrx_word' id='word_1_205' title='bbox 219 2636 695 2693; x_wconf 87' lang='lat' dir='ltr'>subdiaconatus</span> <span class='ocrx_word' id='word_1_206' title='bbox 724 2632 974 2704; x_wconf 91' lang='lat' dir='ltr'>gradum</span> <span class='ocrx_word' id='word_1_207' title='bbox 1022 2631 1336 2703; x_wconf 89' lang='lat' dir='ltr'>quisquam</span> <span class='ocrx_word' id='word_1_208' title='bbox 1382 2631 1734 2696; x_wconf 87' lang='lat' dir='ltr'>admittitur,</span> <span class='ocrx_word' id='word_1_209' title='bbox 1767 2631 1880 2686; x_wconf 90' lang='lat' dir='ltr'>nisi</span> 
     </span>
    </p>
   </div>
   <div class='ocr_carea' id='block_1_30' title="bbox 219 2718 1880 2797">
    <p class='ocr_par' dir='ltr' id='par_1_30' title="bbox 219 2718 1880 2797">
     <span class='ocr_line' id='line_1_30' title="bbox 219 2718 1880 2797; baseline -0.004 -17"><span class='ocrx_word' id='word_1_210' title='bbox 219 2727 575 2797; x_wconf 86' lang='lat' dir='ltr'>perpetuam</span> <span class='ocrx_word' id='word_1_211' title='bbox 626 2720 1048 2776; x_wconf 89' lang='lat' dir='ltr'>continentiam</span> <span class='ocrx_word' id='word_1_212' title='bbox 1078 2718 1256 2774; x_wconf 86' lang='lat' dir='ltr'>etiam</span> <span class='ocrx_word' id='word_1_213' title='bbox 1303 2737 1338 2774; x_wconf 89' lang='lat' dir='ltr'>a</span> <span class='ocrx_word' id='word_1_214' title='bbox 1367 2719 1602 2791; x_wconf 91' lang='lat' dir='ltr'>propria</span> <span class='ocrx_word' id='word_1_215' title='bbox 1631 2721 1880 2790; x_wconf 85' lang='lat' dir='ltr'>conjuge</span> 
     </span>
    </p>
   </div>
   <div class='ocr_carea' id='block_1_31' title="bbox 217 2807 1880 2886">
    <p class='ocr_par' dir='ltr' id='par_1_31' title="bbox 217 2807 1880 2886">
     <span class='ocr_line' id='line_1_31' title="bbox 217 2807 1880 2886; baseline -0.003 -18"><span class='ocrx_word' id='word_1_216' title='bbox 217 2813 595 2886; x_wconf 83' lang='lat' dir='ltr'>proﬁteatur.</span> <span class='ocrx_word' id='word_1_217' title='bbox 628 2809 743 2864; x_wconf 93' lang='lat' dir='ltr'>Nec</span> <span class='ocrx_word' id='word_1_218' title='bbox 769 2813 902 2879; x_wconf 93' lang='lat' dir='ltr'>post</span> <span class='ocrx_word' id='word_1_219' title='bbox 921 2809 1168 2880; x_wconf 89' lang='lat' dir='ltr'>gradum</span> <span class='ocrx_word' id='word_1_220' title='bbox 1199 2807 1479 2879; x_wconf 88' lang='lat' dir='ltr'>cuiquam</span> <span class='ocrx_word' id='word_1_221' title='bbox 1515 2824 1753 2863; x_wconf 89' lang='lat' dir='ltr'>uxorem</span> <span class='ocrx_word' id='word_1_222' title='bbox 1776 2808 1880 2863; x_wconf 91' lang='lat' dir='ltr'>du-</span> 
     </span>
    </p>
   </div>
   <div class='ocr_carea' id='block_1_32' title="bbox 215 2895 1880 2971">
    <p class='ocr_par' dir='ltr' id='par_1_32' title="bbox 215 2895 1880 2971">
     <span class='ocr_line' id='line_1_32' title="bbox 215 2895 1880 2971; baseline -0.004 -14"><span class='ocrx_word' id='word_1_223' title='bbox 215 2917 349 2958; x_wconf 88' lang='lat' dir='ltr'>cere</span> <span class='ocrx_word' id='word_1_224' title='bbox 379 2914 646 2971; x_wconf 87' lang='lat' dir='ltr'>unquam</span> <span class='ocrx_word' id='word_1_225' title='bbox 679 2897 1036 2952; x_wconf 87' lang='lat' dir='ltr'>conceditur.</span> <span class='ocrx_word' id='word_1_226' title='bbox 1071 2896 1182 2951; x_wconf 87' lang='lat' dir='ltr'>Sed</span> <span class='ocrx_word' id='word_1_227' title='bbox 1209 2899 1272 2950; x_wconf 90' lang='lat' dir='ltr'>tu</span> <span class='ocrx_word' id='word_1_228' title='bbox 1303 2895 1621 2951; x_wconf 88' lang='lat' dir='ltr'>Ecclesiam</span> <span class='ocrx_word' id='word_1_229' title='bbox 1651 2895 1750 2950; x_wconf 91' lang='lat' dir='ltr'>Dei</span> <span class='ocrx_word' id='word_1_230' title='bbox 1783 2913 1880 2951; x_wconf 94' lang='lat' dir='ltr'>vo-</span> 
     </span>
    </p>
   </div>
   <div class='ocr_carea' id='block_1_33' title="bbox 217 2983 1877 3058">
    <p class='ocr_par' dir='ltr' id='par_1_33' title="bbox 217 2983 1877 3058">
     <span class='ocr_line' id='line_1_33' title="bbox 217 2983 1877 3058; baseline -0.003 -14"><span class='ocrx_word' id='word_1_231' title='bbox 217 2990 353 3046; x_wconf 87' lang='lat' dir='ltr'>lens</span> <span class='ocrx_word' id='word_1_232' title='bbox 386 2988 620 3044; x_wconf 85' lang='lat' dir='ltr'>efﬁcere</span> <span class='ocrx_word' id='word_1_233' title='bbox 650 3001 1008 3058; x_wconf 88' lang='lat' dir='ltr'>synagogam</span> <span class='ocrx_word' id='word_1_234' title='bbox 1030 2985 1252 3039; x_wconf 62' lang='lat' dir='ltr'>Satanas</span> <span class='ocrx_word' id='word_1_235' title='bbox 1277 2988 1335 3039; x_wconf 92' lang='lat' dir='ltr'>et</span> <span class='ocrx_word' id='word_1_236' title='bbox 1354 2983 1748 3055; x_wconf 89' lang='lat' dir='ltr'>prostibulum</span> <span class='ocrx_word' id='word_1_237' title='bbox 1771 2986 1877 3039; x_wconf 85' lang='lat' dir='ltr'>Ba-</span> 
     </span>
    </p>
   </div>
   <div class='ocr_carea' id='block_1_34' title="bbox 216 3071 1878 3144">
    <p class='ocr_par' dir='ltr' id='par_1_34' title="bbox 216 3071 1878 3144">
     <span class='ocr_line' id='line_1_34' title="bbox 216 3071 1878 3144; baseline -0.004 -12"><span class='ocrx_word' id='word_1_238' title='bbox 216 3078 385 3135; x_wconf 81' lang='lat' dir='ltr'>leam</span> <span class='ocrx_word' id='word_1_239' title='bbox 427 3081 485 3133; x_wconf 90' lang='lat' dir='ltr'>et</span> <span class='ocrx_word' id='word_1_240' title='bbox 510 3073 768 3142; x_wconf 86' lang='lat' dir='ltr'>Jezabel,</span> <span class='ocrx_word' id='word_1_241' title='bbox 801 3091 936 3129; x_wconf 91' lang='lat' dir='ltr'>cum</span> <span class='ocrx_word' id='word_1_242' title='bbox 970 3072 1201 3128; x_wconf 89' lang='lat' dir='ltr'>Nicolao</span> <span class='ocrx_word' id='word_1_243' title='bbox 1233 3071 1379 3127; x_wconf 90' lang='lat' dir='ltr'>dicis</span> <span class='ocrx_word' id='word_1_244' title='bbox 1414 3088 1426 3126; x_wconf 89' lang='lat'>:</span> <span class='ocrx_word' id='word_1_245' title='bbox 1465 3093 1492 3122; x_wconf 88' lang='lat'>«</span> <span class='ocrx_word' id='word_1_246' title='bbox 1522 3073 1878 3144; x_wconf 90' lang='lat' dir='ltr'>Episcopum</span> 
     </span>
    </p>
   </div>
   <div class='ocr_carea' id='block_1_35' title="bbox 217 3147 1957 3239">
    <p class='ocr_par' dir='ltr' id='par_1_35' title="bbox 217 3147 1957 3239">
     <span class='ocr_line' id='line_1_35' title="bbox 217 3147 1957 3239; baseline -0.006 -17"><span class='ocrx_word' id='word_1_247' title='bbox 217 3173 274 3223; x_wconf 84' lang='lat' dir='ltr'>et</span> <span class='ocrx_word' id='word_1_248' title='bbox 307 3165 728 3239; x_wconf 81' lang='lat' dir='ltr'>presbyterum</span> <span class='ocrx_word' id='word_1_249' title='bbox 746 3168 802 3218; x_wconf 90' lang='lat' dir='ltr'>et</span> <span class='ocrx_word' id='word_1_250' title='bbox 823 3163 1136 3217; x_wconf 89' lang='lat' dir='ltr'>diaconum</span> <span class='ocrx_word' id='word_1_251' title='bbox 1159 3161 1432 3227; x_wconf 89' lang='lat' dir='ltr'>dicimus,</span> <span class='ocrx_word' id='word_1_252' title='bbox 1462 3161 1560 3232; x_wconf 90' lang='lat' dir='ltr'>qui</span> <span class='ocrx_word' id='word_1_253' title='bbox 1579 3177 1757 3216; x_wconf 90' lang='lat' dir='ltr'>unam</span> <span class='ocrx_word' id='word_1_254' title='bbox 1780 3160 1884 3216; x_wconf 90' lang='lat' dir='ltr'>ha-</span> <span class='ocrx_word' id='word_1_255' title='bbox 1915 3147 1957 3212; x_wconf 81' lang='lat' dir='ltr'>C</span> 
     </span>
    </p>
   </div>
   <div class='ocr_carea' id='block_1_36' title="bbox 219 3249 1886 3322">
    <p class='ocr_par' dir='ltr' id='par_1_36' title="bbox 219 3249 1886 3322">
     <span class='ocr_line' id='line_1_36' title="bbox 219 3249 1886 3322; baseline -0.004 -11"><span class='ocrx_word' id='word_1_256' title='bbox 219 3259 324 3312; x_wconf 87' lang='lat' dir='ltr'>bet</span> <span class='ocrx_word' id='word_1_257' title='bbox 360 3269 628 3322; x_wconf 87' lang='lat' dir='ltr'>uxorem,</span> <span class='ocrx_word' id='word_1_258' title='bbox 652 3251 930 3315; x_wconf 89' lang='lat' dir='ltr'>ordinari,</span> <span class='ocrx_word' id='word_1_259' title='bbox 950 3250 1219 3322; x_wconf 89' lang='lat' dir='ltr'>quamvis</span> <span class='ocrx_word' id='word_1_260' title='bbox 1238 3249 1433 3304; x_wconf 91' lang='lat' dir='ltr'>vivant</span> <span class='ocrx_word' id='word_1_261' title='bbox 1457 3265 1659 3304; x_wconf 91' lang='lat' dir='ltr'>eorum</span> <span class='ocrx_word' id='word_1_262' title='bbox 1683 3250 1886 3319; x_wconf 87' lang='lat' dir='ltr'>conju-</span> 
     </span>
    </p>
   </div>
   <div class='ocr_carea' id='block_1_37' title="bbox 220 3337 1887 3418">
    <p class='ocr_par' dir='ltr' id='par_1_37' title="bbox 220 3337 1887 3418">
     <span class='ocr_line' id='line_1_37' title="bbox 220 3337 1887 3418; baseline -0.004 -17"><span class='ocrx_word' id='word_1_263' title='bbox 220 3362 358 3418; x_wconf 87' lang='lat' dir='ltr'>ges,</span> <span class='ocrx_word' id='word_1_264' title='bbox 381 3341 649 3414; x_wconf 88' lang='lat' dir='ltr'>quamvis</span> <span class='ocrx_word' id='word_1_265' title='bbox 666 3341 973 3396; x_wconf 69' lang='lat' dir='ltr'>defunctae.</span> <span class='ocrx_word' id='word_1_266' title='bbox 1001 3339 1116 3394; x_wconf 87' lang='lat' dir='ltr'>Nec</span> <span class='ocrx_word' id='word_1_267' title='bbox 1135 3337 1378 3408; x_wconf 73' lang='lat' dir='ltr'>licetleos</span> <span class='ocrx_word' id='word_1_268' title='bbox 1401 3342 1532 3410; x_wconf 89' lang='lat' dir='ltr'>post</span> <span class='ocrx_word' id='word_1_269' title='bbox 1547 3354 1758 3393; x_wconf 89' lang='lat' dir='ltr'>manus</span> <span class='ocrx_word' id='word_1_270' title='bbox 1778 3338 1887 3395; x_wconf 87' lang='lat' dir='ltr'>im-</span> 
     </span>
    </p>
   </div>
   <div class='ocr_carea' id='block_1_38' title="bbox 222 3426 1883 3504">
    <p class='ocr_par' dir='ltr' id='par_1_38' title="bbox 222 3426 1883 3504">
     <span class='ocr_line' id='line_1_38' title="bbox 222 3426 1883 3504; baseline -0.003 -17"><span class='ocrx_word' id='word_1_271' title='bbox 222 3429 589 3504; x_wconf 85' lang='lat' dir='ltr'>positionem</span> <span class='ocrx_word' id='word_1_272' title='bbox 634 3429 918 3500; x_wconf 91' lang='lat' dir='ltr'>innuptos</span> <span class='ocrx_word' id='word_1_273' title='bbox 952 3444 1102 3494; x_wconf 87' lang='lat' dir='ltr'>esse,</span> <span class='ocrx_word' id='word_1_274' title='bbox 1135 3441 1242 3482; x_wconf 89' lang='lat' dir='ltr'>nec</span> <span class='ocrx_word' id='word_1_275' title='bbox 1273 3426 1513 3498; x_wconf 90' lang='lat' dir='ltr'>insuper</span> <span class='ocrx_word' id='word_1_276' title='bbox 1541 3427 1611 3481; x_wconf 92' lang='lat' dir='ltr'>ad</span> <span class='ocrx_word' id='word_1_277' title='bbox 1644 3426 1883 3498; x_wconf 86' lang='lat' dir='ltr'>nuptias</span> 
     </span>
    </p>
   </div>
   <div class='ocr_carea' id='block_1_39' title="bbox 217 3513 1884 3590">
    <p class='ocr_par' dir='ltr' id='par_1_39' title="bbox 217 3513 1884 3590">
     <span class='ocr_line' id='line_1_39' title="bbox 217 3513 1884 3590; baseline -0.002 -14"><span class='ocrx_word' id='word_1_278' title='bbox 217 3522 332 3590; x_wconf 87' lang='lat' dir='ltr'>ire,</span> <span class='ocrx_word' id='word_1_279' title='bbox 370 3522 495 3587; x_wconf 85' lang='lat' dir='ltr'>aut,</span> <span class='ocrx_word' id='word_1_280' title='bbox 520 3518 568 3573; x_wconf 88' lang='lat' dir='ltr'>si</span> <span class='ocrx_word' id='word_1_281' title='bbox 591 3517 920 3589; x_wconf 89' lang='lat' dir='ltr'>nupserint,</span> <span class='ocrx_word' id='word_1_282' title='bbox 945 3516 1154 3570; x_wconf 85' lang='lat' dir='ltr'>alteras</span> <span class='ocrx_word' id='word_1_283' title='bbox 1175 3513 1468 3586; x_wconf 87' lang='lat' dir='ltr'>amplecti,</span> <span class='ocrx_word' id='word_1_284' title='bbox 1491 3515 1592 3570; x_wconf 89' lang='lat' dir='ltr'>sed</span> <span class='ocrx_word' id='word_1_285' title='bbox 1615 3516 1884 3572; x_wconf 73' lang='lat' dir='ltr'>sufficere</span> 
     </span>
    </p>
   </div>
   <div class='ocr_carea' id='block_1_40' title="bbox 213 3603 1880 3680">
    <p class='ocr_par' dir='ltr' id='par_1_40' title="bbox 213 3603 1880 3680">
     <span class='ocr_line' id='line_1_40' title="bbox 213 3603 1880 3680; baseline -0.007 -15"><span class='ocrx_word' id='word_1_286' title='bbox 213 3609 301 3665; x_wconf 89' lang='lat' dir='ltr'>eis</span> <span class='ocrx_word' id='word_1_287' title='bbox 334 3623 494 3680; x_wconf 86' lang='lat' dir='ltr'>quas</span> <span class='ocrx_word' id='word_1_288' title='bbox 526 3607 744 3663; x_wconf 88' lang='lat' dir='ltr'><strong>habent</strong></span> <span class='ocrx_word' id='word_1_289' title='bbox 775 3621 906 3661; x_wconf 92' lang='lat' dir='ltr'>cum</span> <span class='ocrx_word' id='word_1_290' title='bbox 943 3605 1015 3660; x_wconf 90' lang='lat' dir='ltr'>ad</span> <span class='ocrx_word' id='word_1_291' title='bbox 1049 3603 1475 3659; x_wconf 87' lang='lat' dir='ltr'>ordinationem</span> <span class='ocrx_word' id='word_1_292' title='bbox 1508 3610 1814 3659; x_wconf 89' lang='lat' dir='ltr'>venerunt.</span> <span class='ocrx_word' id='word_1_293' title='bbox 1853 3626 1880 3654; x_wconf 83' lang='lat'>»</span> 
     </span>
    </p>
   </div>
   <div class='ocr_carea' id='block_1_41' title="bbox 214 3693 1886 3764">
    <p class='ocr_par' dir='ltr' id='par_1_41' title="bbox 214 3693 1886 3764">
     <span class='ocr_line' id='line_1_41' title="bbox 214 3693 1886 3764; baseline -0.002 -12"><span class='ocrx_word' id='word_1_294' title='bbox 214 3699 258 3752; x_wconf 91' lang='grc' dir='ltr'>Ο</span> <span class='ocrx_word' id='word_1_295' title='bbox 289 3694 723 3752; x_wconf 90' lang='lat' dir='ltr'>abominabilis</span> <span class='ocrx_word' id='word_1_296' title='bbox 753 3693 1288 3764; x_wconf 88' lang='lat' dir='ltr'>Cynice,quomodo</span> <span class='ocrx_word' id='word_1_297' title='bbox 1310 3708 1427 3747; x_wconf 92' lang='lat' dir='ltr'>non</span> <span class='ocrx_word' id='word_1_298' title='bbox 1449 3693 1734 3747; x_wconf 90' lang='lat' dir='ltr'>erubuisti</span> <span class='ocrx_word' id='word_1_299' title='bbox 1758 3697 1886 3748; x_wconf 90' lang='lat' dir='ltr'>tan-</span> 
     </span>
    </p>
   </div>
   <div class='ocr_carea' id='block_1_42' title="bbox 212 3780 1886 3854">
    <p class='ocr_par' dir='ltr' id='par_1_42' title="bbox 212 3780 1886 3854">
     <span class='ocr_line' id='line_1_42' title="bbox 212 3780 1886 3854; baseline -0.004 -12"><span class='ocrx_word' id='word_1_300' title='bbox 212 3791 344 3842; x_wconf 87' lang='lat' dir='ltr'>tum</span> <span class='ocrx_word' id='word_1_301' title='bbox 387 3784 556 3840; x_wconf 87' lang='lat' dir='ltr'>nefas</span> <span class='ocrx_word' id='word_1_302' title='bbox 583 3799 846 3839; x_wconf 88' lang='lat' dir='ltr'>evomere</span> <span class='ocrx_word' id='word_1_303' title='bbox 867 3782 894 3836; x_wconf 63' lang='grc' dir='ltr'>*Ι</span> <span class='ocrx_word' id='word_1_304' title='bbox 944 3783 1090 3854; x_wconf 93' lang='lat' dir='ltr'>Ergo</span> <span class='ocrx_word' id='word_1_305' title='bbox 1122 3798 1237 3836; x_wconf 92' lang='lat' dir='ltr'>non</span> <span class='ocrx_word' id='word_1_306' title='bbox 1287 3781 1421 3836; x_wconf 91' lang='lat' dir='ltr'>licet</span> <span class='ocrx_word' id='word_1_307' title='bbox 1450 3780 1707 3851; x_wconf 89' lang='lat' dir='ltr'>aliquem</span> <span class='ocrx_word' id='word_1_308' title='bbox 1753 3785 1886 3853; x_wconf 90' lang='lat' dir='ltr'>post</span> 
     </span>
    </p>
   </div>
   <div class='ocr_carea' id='block_1_43' title="bbox 212 3869 1878 3944">
    <p class='ocr_par' dir='ltr' id='par_1_43' title="bbox 212 3869 1878 3944">
     <span class='ocr_line' id='line_1_43' title="bbox 212 3869 1878 3944; baseline -0.004 -13"><span class='ocrx_word' id='word_1_309' title='bbox 212 3891 444 3931; x_wconf 89' lang='lat' dir='ltr'>manus</span> <span class='ocrx_word' id='word_1_310' title='bbox 483 3871 919 3944; x_wconf 89' lang='lat' dir='ltr'>impositionem</span> <span class='ocrx_word' id='word_1_311' title='bbox 961 3870 1091 3926; x_wconf 89' lang='lat' dir='ltr'>sine</span> <span class='ocrx_word' id='word_1_312' title='bbox 1139 3885 1314 3924; x_wconf 85' lang='lat' dir='ltr'>uxore</span> <span class='ocrx_word' id='word_1_313' title='bbox 1344 3869 1518 3925; x_wconf 88' lang='lat' dir='ltr'>esse?</span> <span class='ocrx_word' id='word_1_314' title='bbox 1566 3869 1626 3924; x_wconf 92' lang='lat' dir='ltr'>Si</span> <span class='ocrx_word' id='word_1_315' title='bbox 1657 3870 1739 3925; x_wconf 88' lang='lat' dir='ltr'>ita</span> <span class='ocrx_word' id='word_1_316' title='bbox 1769 3874 1878 3941; x_wconf 88' lang='lat' dir='ltr'>est,</span> 
     </span>
    </p>
   </div>
   <div class='ocr_carea' id='block_1_44' title="bbox 209 3964 1881 4044">
    <p class='ocr_par' dir='ltr' id='par_1_44' title="bbox 209 3964 1881 4044">
     <span class='ocr_line' id='line_1_44' title="bbox 209 3964 1881 4044; baseline -0.002 -18"><span class='ocrx_word' id='word_1_317' title='bbox 209 3973 340 4044; x_wconf 90' lang='lat' dir='ltr'>ipse</span> <span class='ocrx_word' id='word_1_318' title='bbox 383 3971 649 4026; x_wconf 86' lang='lat' dir='ltr'>Joannes</span> <span class='ocrx_word' id='word_1_319' title='bbox 689 3967 994 4040; x_wconf 89' lang='lat' dir='ltr'>apostolus</span> <span class='ocrx_word' id='word_1_320' title='bbox 1024 3970 1082 4022; x_wconf 91' lang='lat' dir='ltr'><strong>et</strong></span> <span class='ocrx_word' id='word_1_321' title='bbox 1111 3964 1330 4022; x_wconf 90' lang='lat' dir='ltr'>Paulus</span> <span class='ocrx_word' id='word_1_322' title='bbox 1373 3971 1430 4022; x_wconf 90' lang='lat' dir='ltr'><strong>et</strong></span> <span class='ocrx_word' id='word_1_323' title='bbox 1478 3966 1773 4022; x_wconf 87' lang='lat' dir='ltr'>Barnabas</span> <span class='ocrx_word' id='word_1_324' title='bbox 1823 3971 1881 4022; x_wconf 90' lang='lat' dir='ltr'>et</span> 
     </span>
    </p>
   </div>
   <div class='ocr_carea' id='block_1_45' title="bbox 209 4054 1882 4129">
    <p class='ocr_par' dir='ltr' id='par_1_45' title="bbox 209 4054 1882 4129">
     <span class='ocr_line' id='line_1_45' title="bbox 209 4054 1882 4129; baseline -0.004 -11"><span class='ocrx_word' id='word_1_325' title='bbox 209 4060 421 4118; x_wconf 89' lang='lat' dir='ltr'>omnis</span> <span class='ocrx_word' id='word_1_326' title='bbox 450 4057 756 4115; x_wconf 87' lang='lat' dir='ltr'>continens</span> <span class='ocrx_word' id='word_1_327' title='bbox 776 4056 835 4112; x_wconf 91' lang='lat' dir='ltr'><strong>in</strong></span> <span class='ocrx_word' id='word_1_328' title='bbox 867 4057 1051 4129; x_wconf 89' lang='lat' dir='ltr'>gradu</span> <span class='ocrx_word' id='word_1_329' title='bbox 1083 4054 1478 4112; x_wconf 89' lang='lat' dir='ltr'>ecclesiastico</span> <span class='ocrx_word' id='word_1_330' title='bbox 1500 4055 1558 4109; x_wconf 93' lang='lat' dir='ltr'>in</span> <span class='ocrx_word' id='word_1_331' title='bbox 1589 4055 1762 4126; x_wconf 90' lang='lat' dir='ltr'>culpa</span> <span class='ocrx_word' id='word_1_332' title='bbox 1791 4059 1882 4111; x_wconf 91' lang='lat' dir='ltr'>est</span> 
     </span>
    </p>
   </div>
   <div class='ocr_carea' id='block_1_46' title="bbox 212 4142 1878 4221">
    <p class='ocr_par' dir='ltr' id='par_1_46' title="bbox 212 4142 1878 4221">
     <span class='ocr_line' id='line_1_46' title="bbox 212 4142 1878 4221; baseline -0.004 -18"><span class='ocrx_word' id='word_1_333' title='bbox 212 4147 430 4221; x_wconf 85' lang='lat' dir='ltr'>procul</span> <span class='ocrx_word' id='word_1_334' title='bbox 452 4145 652 4202; x_wconf 90' lang='lat' dir='ltr'>dubio.</span> <span class='ocrx_word' id='word_1_335' title='bbox 682 4144 843 4200; x_wconf 90' lang='lat' dir='ltr'>Unde</span> <span class='ocrx_word' id='word_1_336' title='bbox 866 4159 1102 4200; x_wconf 90' lang='lat' dir='ltr'>necesse</span> <span class='ocrx_word' id='word_1_337' title='bbox 1119 4145 1208 4199; x_wconf 89' lang='lat' dir='ltr'>est</span> <span class='ocrx_word' id='word_1_338' title='bbox 1220 4143 1528 4197; x_wconf 89' lang='lat' dir='ltr'>utfuturus</span> <span class='ocrx_word' id='word_1_339' title='bbox 1545 4142 1878 4213; x_wconf 86' lang='lat' dir='ltr'>episcopus,</span> 
     </span>
    </p>
   </div>
   <div class='ocr_carea' id='block_1_47' title="bbox 208 4229 1880 4310">
    <p class='ocr_par' dir='ltr' id='par_1_47' title="bbox 208 4229 1880 4310">
     <span class='ocr_line' id='line_1_47' title="bbox 208 4229 1880 4310; baseline -0.007 -17"><span class='ocrx_word' id='word_1_340' title='bbox 208 4238 553 4310; x_wconf 84' lang='lat' dir='ltr'>presbyter,</span> <span class='ocrx_word' id='word_1_341' title='bbox 595 4233 876 4288; x_wconf 89' lang='lat' dir='ltr'>diaconus</span> <span class='ocrx_word' id='word_1_342' title='bbox 907 4236 965 4288; x_wconf 91' lang='lat' dir='ltr'>et</span> <span class='ocrx_word' id='word_1_343' title='bbox 994 4230 1411 4296; x_wconf 86' lang='lat' dir='ltr'>subdiaconus,</span> <span class='ocrx_word' id='word_1_344' title='bbox 1446 4229 1610 4302; x_wconf 89' lang='lat' dir='ltr'>prius</span> <span class='ocrx_word' id='word_1_345' title='bbox 1641 4245 1880 4284; x_wconf 88' lang='lat' dir='ltr'>uxorem</span> 
     </span>
    </p>
   </div>
   <div class='ocr_carea' id='block_1_48' title="bbox 210 4316 1880 4393">
    <p class='ocr_par' dir='ltr' id='par_1_48' title="bbox 210 4316 1880 4393">
     <span class='ocr_line' id='line_1_48' title="bbox 210 4316 1880 4393; baseline -0.004 -15"><span class='ocrx_word' id='word_1_346' title='bbox 210 4325 528 4387; x_wconf 86' lang='lat' dir='ltr'>sortiatur,</span> <span class='ocrx_word' id='word_1_347' title='bbox 561 4338 688 4393; x_wconf 68' lang='lat' dir='ltr'>quae</span> <span class='ocrx_word' id='word_1_348' title='bbox 706 4321 819 4376; x_wconf 91' lang='lat' dir='ltr'>sibi</span> <span class='ocrx_word' id='word_1_349' title='bbox 850 4320 1116 4376; x_wconf 82' lang='lat' dir='ltr'>sufﬁcere</span> <span class='ocrx_word' id='word_1_350' title='bbox 1134 4319 1342 4374; x_wconf 87' lang='lat' dir='ltr'>debeat</span> <span class='ocrx_word' id='word_1_351' title='bbox 1366 4317 1437 4373; x_wconf 93' lang='lat' dir='ltr'>ad</span> <span class='ocrx_word' id='word_1_352' title='bbox 1461 4316 1723 4373; x_wconf 88' lang='lat' dir='ltr'>carnales</span> <span class='ocrx_word' id='word_1_353' title='bbox 1754 4333 1880 4372; x_wconf 90' lang='lat' dir='ltr'>am-</span> 
     </span>
    </p>
   </div>
   <div class='ocr_carea' id='block_1_49' title="bbox 209 4405 1880 4486">
    <p class='ocr_par' dir='ltr' id='par_1_49' title="bbox 209 4405 1880 4486">
     <span class='ocr_line' id='line_1_49' title="bbox 209 4405 1880 4486; baseline -0.004 -18"><span class='ocrx_word' id='word_1_354' title='bbox 209 4410 475 4486; x_wconf 85' lang='lat' dir='ltr'>plexus?</span> <span class='ocrx_word' id='word_1_355' title='bbox 505 4410 784 4482; x_wconf 86' lang='lat' dir='ltr'>Nunquid</span> <span class='ocrx_word' id='word_1_356' title='bbox 816 4408 980 4465; x_wconf 89' lang='lat' dir='ltr'>laicis</span> <span class='ocrx_word' id='word_1_357' title='bbox 1012 4425 1126 4465; x_wconf 84' lang='lat' dir='ltr'>non</span> <span class='ocrx_word' id='word_1_358' title='bbox 1146 4407 1368 4464; x_wconf 88' lang='lat' dir='ltr'>sufﬁcit</span> <span class='ocrx_word' id='word_1_359' title='bbox 1397 4406 1562 4462; x_wconf 87' lang='lat' dir='ltr'>una?</span> <span class='ocrx_word' id='word_1_360' title='bbox 1597 4405 1708 4462; x_wconf 90' lang='lat' dir='ltr'>nisi</span> <span class='ocrx_word' id='word_1_361' title='bbox 1733 4406 1880 4462; x_wconf 86' lang='lat' dir='ltr'>forte</span> 
     </span>
    </p>
   </div>
   <div class='ocr_carea' id='block_1_50' title="bbox 1996 505 3644 577">
    <p class='ocr_par' dir='ltr' id='par_1_50' title="bbox 1996 505 3644 577">
     <span class='ocr_line' id='line_1_50' title="bbox 1996 505 3644 577; baseline 0.005 -19"><span class='ocrx_word' id='word_1_362' title='bbox 1996 526 2024 552; x_wconf 85' lang='lat'><strong><em>«</em></strong></span> <span class='ocrx_word' id='word_1_363' title='bbox 2057 505 2332 576; x_wconf 90' lang='lat' dir='ltr'>Nunquid</span> <span class='ocrx_word' id='word_1_364' title='bbox 2361 521 2475 560; x_wconf 91' lang='lat' dir='ltr'>non</span> <span class='ocrx_word' id='word_1_365' title='bbox 2508 505 2795 560; x_wconf 86' lang='lat' dir='ltr'>habemus</span> <span class='ocrx_word' id='word_1_366' title='bbox 2827 511 3194 577; x_wconf 86' lang='lat' dir='ltr'>potestatem,</span> <span class='ocrx_word' id='word_1_367' title='bbox 3229 525 3483 566; x_wconf 89' lang='lat' dir='ltr'>sororem</span> <span class='ocrx_word' id='word_1_368' title='bbox 3518 528 3644 567; x_wconf 90' lang='lat' dir='ltr'>mu-</span> 
     </span>
    </p>
   </div>
   <div class='ocr_carea' id='block_1_51' title="bbox 1994 592 3634 662">
    <p class='ocr_par' dir='ltr' id='par_1_51' title="bbox 1994 592 3634 662">
     <span class='ocr_line' id='line_1_51' title="bbox 1994 592 3634 662; baseline 0.006 -15"><span class='ocrx_word' id='word_1_369' title='bbox 1994 592 2194 648; x_wconf 88' lang='lat' dir='ltr'>lierem</span> <span class='ocrx_word' id='word_1_370' title='bbox 2226 595 2725 662; x_wconf 88' lang='lat' dir='ltr'>circumducendi,</span> <span class='ocrx_word' id='word_1_371' title='bbox 2769 594 2921 650; x_wconf 90' lang='lat' dir='ltr'>sicut</span> <span class='ocrx_word' id='word_1_372' title='bbox 2951 598 3156 652; x_wconf 77' lang='lat' dir='ltr'>fratres</span> <span class='ocrx_word' id='word_1_373' title='bbox 3195 599 3418 653; x_wconf 83' lang='lat' dir='ltr'>Domini</span> <span class='ocrx_word' id='word_1_374' title='bbox 3450 606 3505 655; x_wconf 90' lang='lat' dir='ltr'><strong>et</strong></span> <span class='ocrx_word' id='word_1_375' title='bbox 3534 606 3634 657; x_wconf 89' lang='lat' dir='ltr'>Ce-</span> 
     </span>
    </p>
   </div>
   <div class='ocr_carea' id='block_1_52' title="bbox 1995 681 3639 757">
    <p class='ocr_par' dir='ltr' id='par_1_52' title="bbox 1995 681 3639 757">
     <span class='ocr_line' id='line_1_52' title="bbox 1995 681 3639 757; baseline 0.005 -22"><span class='ocrx_word' id='word_1_376' title='bbox 1995 681 2142 752; x_wconf 89' lang='lat' dir='ltr'>phas</span> <span class='ocrx_word' id='word_1_377' title='bbox 2163 682 2190 736; x_wconf 82' lang='lat'><strong><em>?</em></strong></span> <span class='ocrx_word' id='word_1_378' title='bbox 2211 685 2256 749; x_wconf 93' lang='lat' dir='ltr'>(I</span> <span class='ocrx_word' id='word_1_379' title='bbox 2288 682 2406 738; x_wconf 83' lang='lat' dir='ltr'>Cor.</span> <span class='ocrx_word' id='word_1_380' title='bbox 2443 701 2517 751; x_wconf 81' lang='lat' dir='ltr'>1x,</span> <span class='ocrx_word' id='word_1_381' title='bbox 2539 684 2618 752; x_wconf 84' lang='lat'>5.)</span> <span class='ocrx_word' id='word_1_382' title='bbox 2644 683 2785 738; x_wconf 91' lang='lat' dir='ltr'>Vide</span> <span class='ocrx_word' id='word_1_383' title='bbox 2808 685 3115 755; x_wconf 88' lang='lat' dir='ltr'>insipiens,</span> <span class='ocrx_word' id='word_1_384' title='bbox 3140 687 3281 757; x_wconf 87' lang='lat' dir='ltr'>quia</span> <span class='ocrx_word' id='word_1_385' title='bbox 3307 704 3420 742; x_wconf 90' lang='lat' dir='ltr'>non</span> <span class='ocrx_word' id='word_1_386' title='bbox 3452 689 3598 744; x_wconf 82' lang='lat' dir='ltr'>dixit</span> <span class='ocrx_word' id='word_1_387' title='bbox 3626 706 3639 743; x_wconf 89' lang='lat'><strong>:</strong></span> 
     </span>
    </p>
   </div>
   <div class='ocr_carea' id='block_1_53' title="bbox 1993 771 3646 843">
    <p class='ocr_par' dir='ltr' id='par_1_53' title="bbox 1993 771 3646 843">
     <span class='ocr_line' id='line_1_53' title="bbox 1993 771 3646 843; baseline 0.004 -17"><span class='ocrx_word' id='word_1_388' title='bbox 1993 771 2290 842; x_wconf 89' lang='lat' dir='ltr'>Numquid</span> <span class='ocrx_word' id='word_1_389' title='bbox 2340 789 2455 827; x_wconf 92' lang='lat' dir='ltr'>non</span> <span class='ocrx_word' id='word_1_390' title='bbox 2505 773 2795 828; x_wconf 85' lang='lat' dir='ltr'>habemus</span> <span class='ocrx_word' id='word_1_391' title='bbox 2833 778 3178 843; x_wconf 87' lang='lat' dir='ltr'>potestatem</span> <span class='ocrx_word' id='word_1_392' title='bbox 3222 793 3481 832; x_wconf 88' lang='lat' dir='ltr'>sororem</span> <span class='ocrx_word' id='word_1_393' title='bbox 3514 795 3646 832; x_wconf 90' lang='lat' dir='ltr'>mu-</span> 
     </span>
    </p>
   </div>
   <div class='ocr_carea' id='block_1_54' title="bbox 1992 859 3648 931">
    <p class='ocr_par' dir='ltr' id='par_1_54' title="bbox 1992 859 3648 931">
     <span class='ocr_line' id='line_1_54' title="bbox 1992 859 3648 931; baseline 0.005 -18"><span class='ocrx_word' id='word_1_394' title='bbox 1992 859 2194 915; x_wconf 91' lang='lat' dir='ltr'>lierem</span> <span class='ocrx_word' id='word_1_395' title='bbox 2217 859 2633 931; x_wconf 89' lang='lat' dir='ltr'>amplectendi,</span> <span class='ocrx_word' id='word_1_396' title='bbox 2669 864 2768 916; x_wconf 90' lang='lat' dir='ltr'>sed</span> <span class='ocrx_word' id='word_1_397' title='bbox 2803 861 3302 930; x_wconf 81' lang='lat' dir='ltr'>circumducendi,</span> <span class='ocrx_word' id='word_1_398' title='bbox 3339 865 3561 922; x_wconf 89' lang='lat' dir='ltr'>scilicet</span> <span class='ocrx_word' id='word_1_399' title='bbox 3583 871 3648 921; x_wconf 89' lang='lat' dir='ltr'>ut</span> 
     </span>
    </p>
   </div>
   <div class='ocr_carea' id='block_1_55' title="bbox 1994 949 3647 1022">
    <p class='ocr_par' dir='ltr' id='par_1_55' title="bbox 1994 949 3647 1022">
     <span class='ocr_line' id='line_1_55' title="bbox 1994 949 3647 1022; baseline 0.005 -20"><span class='ocrx_word' id='word_1_400' title='bbox 1994 950 2064 1002; x_wconf 90' lang='lat' dir='ltr'>de</span> <span class='ocrx_word' id='word_1_401' title='bbox 2083 949 2348 1004; x_wconf 88' lang='lat' dir='ltr'>mercede</span> <span class='ocrx_word' id='word_1_402' title='bbox 2379 950 2811 1021; x_wconf 70' lang='lat' dir='ltr'>przedicationis</span> <span class='ocrx_word' id='word_1_403' title='bbox 2843 955 3272 1006; x_wconf 84' lang='lat' dir='ltr'>sustentaretur</span> <span class='ocrx_word' id='word_1_404' title='bbox 3297 953 3367 1008; x_wconf 86' lang='lat' dir='ltr'>ab</span> <span class='ocrx_word' id='word_1_405' title='bbox 3401 954 3506 1022; x_wconf 89' lang='lat' dir='ltr'>eis,</span> <span class='ocrx_word' id='word_1_406' title='bbox 3541 972 3647 1010; x_wconf 91' lang='lat' dir='ltr'>nec</span> 
     </span>
    </p>
   </div>
   <div class='ocr_carea' id='block_1_56' title="bbox 1993 1038 3644 1114">
    <p class='ocr_par' dir='ltr' id='par_1_56' title="bbox 1993 1038 3644 1114">
     <span class='ocr_line' id='line_1_56' title="bbox 1993 1038 3644 1114; baseline 0.004 -22"><span class='ocrx_word' id='word_1_407' title='bbox 1993 1042 2187 1092; x_wconf 87' lang='lat' dir='ltr'>tamen</span> <span class='ocrx_word' id='word_1_408' title='bbox 2223 1039 2367 1093; x_wconf 90' lang='lat' dir='ltr'>foret</span> <span class='ocrx_word' id='word_1_409' title='bbox 2397 1038 2674 1111; x_wconf 86' lang='lat' dir='ltr'>deinceps</span> <span class='ocrx_word' id='word_1_410' title='bbox 2707 1040 2857 1094; x_wconf 89' lang='lat' dir='ltr'>inter</span> <span class='ocrx_word' id='word_1_411' title='bbox 2887 1057 2986 1094; x_wconf 93' lang='lat' dir='ltr'>eos</span> <span class='ocrx_word' id='word_1_412' title='bbox 3018 1041 3250 1095; x_wconf 87' lang='lat' dir='ltr'>carnale</span> <span class='ocrx_word' id='word_1_413' title='bbox 3281 1045 3644 1114; x_wconf 85' lang='lat' dir='ltr'>conjugium,</span> 
     </span>
    </p>
   </div>
   <div class='ocr_carea' id='block_1_57' title="bbox 1992 1126 3643 1198">
    <p class='ocr_par' dir='ltr' id='par_1_57' title="bbox 1992 1126 3643 1198">
     <span class='ocr_line' id='line_1_57' title="bbox 1992 1126 3643 1198; baseline 0.004 -18"><span class='ocrx_word' id='word_1_414' title='bbox 1992 1127 2274 1181; x_wconf 79' lang='lat' dir='ltr'>Praeterea</span> <span class='ocrx_word' id='word_1_415' title='bbox 2304 1143 2409 1181; x_wconf 89' lang='lat' dir='ltr'>cur</span> <span class='ocrx_word' id='word_1_416' title='bbox 2436 1126 2652 1198; x_wconf 88' lang='lat' dir='ltr'>aliquis</span> <span class='ocrx_word' id='word_1_417' title='bbox 2686 1127 2870 1182; x_wconf 88' lang='lat' dir='ltr'>laicus</span> <span class='ocrx_word' id='word_1_418' title='bbox 2921 1134 3200 1184; x_wconf 83' lang='lat' dir='ltr'>uxoratus</span> <span class='ocrx_word' id='word_1_419' title='bbox 3248 1131 3542 1187; x_wconf 90' lang='lat' dir='ltr'>dubitabit</span> <span class='ocrx_word' id='word_1_420' title='bbox 3573 1134 3643 1187; x_wconf 91' lang='lat' dir='ltr'>ad</span> 
     </span>
    </p>
   </div>
   <div class='ocr_carea' id='block_1_58' title="bbox 1991 1214 3646 1286">
    <p class='ocr_par' dir='ltr' id='par_1_58' title="bbox 1991 1214 3646 1286">
     <span class='ocr_line' id='line_1_58' title="bbox 1991 1214 3646 1286; baseline 0.004 -16"><span class='ocrx_word' id='word_1_421' title='bbox 1991 1214 2416 1270; x_wconf 89' lang='lat' dir='ltr'>ecclesiasticos</span> <span class='ocrx_word' id='word_1_422' title='bbox 2447 1217 2665 1286; x_wconf 90' lang='lat' dir='ltr'>gradus</span> <span class='ocrx_word' id='word_1_423' title='bbox 2712 1217 3044 1283; x_wconf 90' lang='lat' dir='ltr'>ascendere,</span> <span class='ocrx_word' id='word_1_424' title='bbox 3077 1234 3213 1272; x_wconf 90' lang='lat' dir='ltr'>cum</span> <span class='ocrx_word' id='word_1_425' title='bbox 3254 1219 3306 1273; x_wconf 87' lang='lat' dir='ltr'>ei</span> <span class='ocrx_word' id='word_1_426' title='bbox 3345 1237 3482 1285; x_wconf 87' lang='lat' dir='ltr'>una,</span> <span class='ocrx_word' id='word_1_427' title='bbox 3515 1221 3646 1276; x_wconf 89' lang='lat' dir='ltr'>sine</span> 
     </span>
    </p>
   </div>
   <div class='ocr_carea' id='block_1_59' title="bbox 1993 1305 3644 1380">
    <p class='ocr_par' dir='ltr' id='par_1_59' title="bbox 1993 1305 3644 1380">
     <span class='ocr_line' id='line_1_59' title="bbox 1993 1305 3644 1380; baseline 0.005 -22"><span class='ocrx_word' id='word_1_428' title='bbox 1993 1321 2109 1375; x_wconf 89' lang='lat' dir='ltr'>qua</span> <span class='ocrx_word' id='word_1_429' title='bbox 2157 1320 2286 1359; x_wconf 90' lang='lat' dir='ltr'>esse</span> <span class='ocrx_word' id='word_1_430' title='bbox 2316 1320 2431 1359; x_wconf 89' lang='lat' dir='ltr'>non</span> <span class='ocrx_word' id='word_1_431' title='bbox 2463 1305 2653 1368; x_wconf 90' lang='lat' dir='ltr'>debet,</span> <span class='ocrx_word' id='word_1_432' title='bbox 2704 1306 2890 1372; x_wconf 80' lang='lat' dir='ltr'>possit</span> <span class='ocrx_word' id='word_1_433' title='bbox 2918 1307 2990 1359; x_wconf 84' lang='lat' dir='ltr'>ad</span> <span class='ocrx_word' id='word_1_434' title='bbox 3041 1306 3308 1363; x_wconf 89' lang='lat' dir='ltr'>carnales</span> <span class='ocrx_word' id='word_1_435' title='bbox 3340 1309 3644 1380; x_wconf 85' lang='lat' dir='ltr'>amplexus</span> 
     </span>
    </p>
   </div>
   <div class='ocr_carea' id='block_1_60' title="bbox 1993 1394 3646 1464">
    <p class='ocr_par' dir='ltr' id='par_1_60' title="bbox 1993 1394 3646 1464">
     <span class='ocr_line' id='line_1_60' title="bbox 1993 1394 3646 1464; baseline 0.004 -15"><span class='ocrx_word' id='word_1_436' title='bbox 1993 1394 2305 1449; x_wconf 78' lang='lat' dir='ltr'>sufﬁcere?</span> <span class='ocrx_word' id='word_1_437' title='bbox 2333 1395 2400 1448; x_wconf 90' lang='lat' dir='ltr'>Et</span> <span class='ocrx_word' id='word_1_438' title='bbox 2432 1409 2610 1464; x_wconf 89' lang='lat' dir='ltr'>quare</span> <span class='ocrx_word' id='word_1_439' title='bbox 2642 1398 2728 1457; x_wconf 89' lang='lat' dir='ltr'>tu,</span> <span class='ocrx_word' id='word_1_440' title='bbox 2762 1394 2860 1464; x_wconf 92' lang='lat' dir='ltr'>qui</span> <span class='ocrx_word' id='word_1_441' title='bbox 2887 1399 3186 1464; x_wconf 85' lang='lat' dir='ltr'>tantopere</span> <span class='ocrx_word' id='word_1_442' title='bbox 3211 1396 3526 1454; x_wconf 87' lang='lat' dir='ltr'>Clementis</span> <span class='ocrx_word' id='word_1_443' title='bbox 3559 1417 3646 1455; x_wconf 91' lang='lat' dir='ltr'>ca-</span> 
     </span>
    </p>
   </div>
   <div class='ocr_carea' id='block_1_61' title="bbox 1993 1481 3640 1558">
    <p class='ocr_par' dir='ltr' id='par_1_61' title="bbox 1993 1481 3640 1558">
     <span class='ocr_line' id='line_1_61' title="bbox 1993 1481 3640 1558; baseline 0.004 -21"><span class='ocrx_word' id='word_1_444' title='bbox 1993 1483 2178 1555; x_wconf 89' lang='lat' dir='ltr'>pitula</span> <span class='ocrx_word' id='word_1_445' title='bbox 2224 1483 2521 1555; x_wconf 90' lang='lat' dir='ltr'>proponis,</span> <span class='ocrx_word' id='word_1_446' title='bbox 2573 1481 2882 1552; x_wconf 85' lang='lat' dir='ltr'>epistolam</span> <span class='ocrx_word' id='word_1_447' title='bbox 2929 1483 3058 1551; x_wconf 79' lang='lat' dir='ltr'>ejus</span> <span class='ocrx_word' id='word_1_448' title='bbox 3104 1484 3174 1537; x_wconf 92' lang='lat' dir='ltr'>de</span> <span class='ocrx_word' id='word_1_449' title='bbox 3217 1500 3333 1554; x_wconf 90' lang='lat' dir='ltr'>qua</span> <span class='ocrx_word' id='word_1_450' title='bbox 3365 1488 3640 1558; x_wconf 90' lang='lat' dir='ltr'>superius</span> 
     </span>
    </p>
   </div>
   <div class='ocr_carea' id='block_1_62' title="bbox 1991 1571 3644 1639">
    <p class='ocr_par' dir='ltr' id='par_1_62' title="bbox 1991 1571 3644 1639">
     <span class='ocr_line' id='line_1_62' title="bbox 1991 1571 3644 1639; baseline 0.002 -11"><span class='ocrx_word' id='word_1_451' title='bbox 1991 1573 2267 1639; x_wconf 87' lang='lat' dir='ltr'>diximus,</span> <span class='ocrx_word' id='word_1_452' title='bbox 2305 1589 2418 1628; x_wconf 87' lang='lat' dir='ltr'>non</span> <span class='ocrx_word' id='word_1_453' title='bbox 2443 1571 2696 1626; x_wconf 73' lang='lat' dir='ltr'>a&#39;ttendis</span> <span class='ocrx_word' id='word_1_454' title='bbox 2717 1571 2744 1624; x_wconf 82' lang='lat'>‘?</span> <span class='ocrx_word' id='word_1_455' title='bbox 2779 1572 2860 1625; x_wconf 85' lang='lat' dir='ltr'>lbi</span> <span class='ocrx_word' id='word_1_456' title='bbox 2888 1571 3043 1626; x_wconf 88' lang='lat' dir='ltr'>enim</span> <span class='ocrx_word' id='word_1_457' title='bbox 3078 1573 3159 1627; x_wconf 90' lang='lat' dir='ltr'>ita</span> <span class='ocrx_word' id='word_1_458' title='bbox 3181 1573 3429 1630; x_wconf 88' lang='lat' dir='ltr'>dicitur:</span> <span class='ocrx_word' id='word_1_459' title='bbox 3467 1597 3496 1626; x_wconf 87' lang='lat'><strong>«</strong></span> <span class='ocrx_word' id='word_1_460' title='bbox 3517 1577 3644 1633; x_wconf 89' lang='lat' dir='ltr'>Tri-</span> 
     </span>
    </p>
   </div>
   <div class='ocr_carea' id='block_1_63' title="bbox 1993 1659 3643 1734">
    <p class='ocr_par' dir='ltr' id='par_1_63' title="bbox 1993 1659 3643 1734">
     <span class='ocr_line' id='line_1_63' title="bbox 1993 1659 3643 1734; baseline 0.004 -17"><span class='ocrx_word' id='word_1_461' title='bbox 1993 1663 2102 1717; x_wconf 91' lang='lat' dir='ltr'>bus</span> <span class='ocrx_word' id='word_1_462' title='bbox 2122 1661 2404 1734; x_wconf 91' lang='lat' dir='ltr'>gradibus</span> <span class='ocrx_word' id='word_1_463' title='bbox 2428 1659 2761 1715; x_wconf 91' lang='lat' dir='ltr'>divinorum</span> <span class='ocrx_word' id='word_1_464' title='bbox 2785 1660 3106 1715; x_wconf 91' lang='lat' dir='ltr'>commissa</span> <span class='ocrx_word' id='word_1_465' title='bbox 3130 1666 3485 1721; x_wconf 88' lang='lat' dir='ltr'>secretorum</span> <span class='ocrx_word' id='word_1_466' title='bbox 3505 1670 3643 1723; x_wconf 85' lang='lat' dir='ltr'>sunt</span> 
     </span>
    </p>
   </div>
   <div class='ocr_carea' id='block_1_64' title="bbox 1992 1749 3647 1820">
    <p class='ocr_par' dir='ltr' id='par_1_64' title="bbox 1992 1749 3647 1820">
     <span class='ocr_line' id='line_1_64' title="bbox 1992 1749 3647 1820; baseline 0.002 -14"><span class='ocrx_word' id='word_1_467' title='bbox 1992 1755 2377 1816; x_wconf 85' lang='lat' dir='ltr'>sacramenta,</span> <span class='ocrx_word' id='word_1_468' title='bbox 2410 1751 2465 1804; x_wconf 93' lang='lat' dir='ltr'>id</span> <span class='ocrx_word' id='word_1_469' title='bbox 2501 1754 2607 1815; x_wconf 87' lang='lat' dir='ltr'>est,</span> <span class='ocrx_word' id='word_1_470' title='bbox 2643 1749 3016 1820; x_wconf 79' lang='lat' dir='ltr'>presbyteris,</span> <span class='ocrx_word' id='word_1_471' title='bbox 3052 1750 3396 1807; x_wconf 87' lang='lat' dir='ltr'>diaconibus</span> <span class='ocrx_word' id='word_1_472' title='bbox 3425 1757 3481 1808; x_wconf 87' lang='lat' dir='ltr'>et</span> <span class='ocrx_word' id='word_1_473' title='bbox 3510 1756 3647 1810; x_wconf 86' lang='lat' dir='ltr'>sub-</span> 
     </span>
    </p>
   </div>
   <div class='ocr_carea' id='block_1_65' title="bbox 1993 1835 3644 1908">
    <p class='ocr_par' dir='ltr' id='par_1_65' title="bbox 1993 1835 3644 1908">
     <span class='ocr_line' id='line_1_65' title="bbox 1993 1835 3644 1908; baseline 0.002 -14"><span class='ocrx_word' id='word_1_474' title='bbox 1993 1839 2357 1894; x_wconf 89' lang='lat' dir='ltr'>diaconibus.</span> <span class='ocrx_word' id='word_1_475' title='bbox 2393 1859 2420 1887; x_wconf 85' lang='lat'><strong>»</strong></span> <span class='ocrx_word' id='word_1_476' title='bbox 2457 1838 2526 1891; x_wconf 88' lang='lat' dir='ltr'>Et</span> <span class='ocrx_word' id='word_1_477' title='bbox 2557 1842 2689 1908; x_wconf 89' lang='lat' dir='ltr'>post</span> <span class='ocrx_word' id='word_1_478' title='bbox 2721 1835 3004 1891; x_wconf 86' lang='lat' dir='ltr'>nonnulla</span> <span class='ocrx_word' id='word_1_479' title='bbox 3037 1855 3049 1891; x_wconf 91' lang='lat'>:</span> <span class='ocrx_word' id='word_1_480' title='bbox 3085 1858 3113 1886; x_wconf 86' lang='lat'><strong>«</strong></span> <span class='ocrx_word' id='word_1_481' title='bbox 3137 1837 3388 1894; x_wconf 90' lang='lat' dir='ltr'>Ministri</span> <span class='ocrx_word' id='word_1_482' title='bbox 3443 1842 3644 1897; x_wconf 88' lang='lat' dir='ltr'>altaris</span> 
     </span>
    </p>
   </div>
   <div class='ocr_carea' id='block_1_66' title="bbox 1992 1922 3645 1994">
    <p class='ocr_par' dir='ltr' id='par_1_66' title="bbox 1992 1922 3645 1994">
     <span class='ocr_line' id='line_1_66' title="bbox 1992 1922 3645 1994; baseline 0.001 -13"><span class='ocrx_word' id='word_1_483' title='bbox 1992 1925 2063 1981; x_wconf 90' lang='lat' dir='ltr'>ad</span> <span class='ocrx_word' id='word_1_484' title='bbox 2097 1923 2399 1979; x_wconf 92' lang='lat' dir='ltr'>Dominica</span> <span class='ocrx_word' id='word_1_485' title='bbox 2418 1922 2564 1978; x_wconf 89' lang='lat' dir='ltr'>tales</span> <span class='ocrx_word' id='word_1_486' title='bbox 2581 1922 2874 1993; x_wconf 88' lang='lat' dir='ltr'>eligantur</span> <span class='ocrx_word' id='word_1_487' title='bbox 2894 1923 3104 1990; x_wconf 81' lang='lat' dir='ltr'>officia,</span> <span class='ocrx_word' id='word_1_488' title='bbox 3129 1923 3230 1994; x_wconf 91' lang='lat' dir='ltr'>qui</span> <span class='ocrx_word' id='word_1_489' title='bbox 3252 1930 3385 1980; x_wconf 90' lang='lat' dir='ltr'>ante</span> <span class='ocrx_word' id='word_1_490' title='bbox 3409 1929 3645 1984; x_wconf 91' lang='lat' dir='ltr'>ordina-</span> 
     </span>
    </p>
   </div>
   <div class='ocr_carea' id='block_1_67' title="bbox 1991 2010 3643 2085">
    <p class='ocr_par' dir='ltr' id='par_1_67' title="bbox 1991 2010 3643 2085">
     <span class='ocr_line' id='line_1_67' title="bbox 1991 2010 3643 2085; baseline 0.002 -17"><span class='ocrx_word' id='word_1_491' title='bbox 1991 2014 2212 2068; x_wconf 88' lang='lat' dir='ltr'>tionem</span> <span class='ocrx_word' id='word_1_492' title='bbox 2242 2013 2520 2082; x_wconf 86' lang='lat' dir='ltr'>conjuges</span> <span class='ocrx_word' id='word_1_493' title='bbox 2544 2015 2849 2078; x_wconf 89' lang='lat' dir='ltr'>noverunt,</span> <span class='ocrx_word' id='word_1_494' title='bbox 2879 2010 3100 2065; x_wconf 88' lang='lat' dir='ltr'>scilicet</span> <span class='ocrx_word' id='word_1_495' title='bbox 3129 2011 3176 2066; x_wconf 90' lang='lat' dir='ltr'>si</span> <span class='ocrx_word' id='word_1_496' title='bbox 3201 2029 3432 2085; x_wconf 89' lang='lat' dir='ltr'>semper</span> <span class='ocrx_word' id='word_1_497' title='bbox 3459 2017 3643 2071; x_wconf 91' lang='lat' dir='ltr'>conti-</span> 
     </span>
    </p>
   </div>
   <div class='ocr_carea' id='block_1_68' title="bbox 1993 2098 3646 2176">
    <p class='ocr_par' dir='ltr' id='par_1_68' title="bbox 1993 2098 3646 2176">
     <span class='ocr_line' id='line_1_68' title="bbox 1993 2098 3646 2176; baseline 0.002 -20"><span class='ocrx_word' id='word_1_498' title='bbox 1993 2117 2128 2156; x_wconf 90' lang='lat' dir='ltr'>nere</span> <span class='ocrx_word' id='word_1_499' title='bbox 2149 2100 2454 2155; x_wconf 89' lang='lat' dir='ltr'>voluerint.</span> <span class='ocrx_word' id='word_1_500' title='bbox 2483 2099 2644 2163; x_wconf 91' lang='lat' dir='ltr'>Quod</span> <span class='ocrx_word' id='word_1_501' title='bbox 2665 2098 2714 2151; x_wconf 91' lang='lat' dir='ltr'>si</span> <span class='ocrx_word' id='word_1_502' title='bbox 2734 2105 2862 2168; x_wconf 90' lang='lat' dir='ltr'>post</span> <span class='ocrx_word' id='word_1_503' title='bbox 2886 2100 3310 2156; x_wconf 80' lang='lat' dir='ltr'>ordinationem</span> <span class='ocrx_word' id='word_1_504' title='bbox 3334 2104 3646 2176; x_wconf 90' lang='lat' dir='ltr'>contigerit</span> 
     </span>
    </p>
   </div>
   <div class='ocr_carea' id='block_1_69' title="bbox 1993 2186 3642 2259">
    <p class='ocr_par' dir='ltr' id='par_1_69' title="bbox 1993 2186 3642 2259">
     <span class='ocr_line' id='line_1_69' title="bbox 1993 2186 3642 2259; baseline 0.003 -15"><span class='ocrx_word' id='word_1_505' title='bbox 1993 2189 2327 2244; x_wconf 91' lang='lat' dir='ltr'>ministrum</span> <span class='ocrx_word' id='word_1_506' title='bbox 2355 2187 2598 2259; x_wconf 78' lang='lat' dir='ltr'>propriae</span> <span class='ocrx_word' id='word_1_507' title='bbox 2631 2187 2899 2242; x_wconf 90' lang='lat' dir='ltr'>invadere</span> <span class='ocrx_word' id='word_1_508' title='bbox 2931 2186 3121 2243; x_wconf 83' lang='lat' dir='ltr'>cubile</span> <span class='ocrx_word' id='word_1_509' title='bbox 3153 2190 3369 2257; x_wconf 86' lang='lat' dir='ltr'>uxoris,</span> <span class='ocrx_word' id='word_1_510' title='bbox 3394 2197 3642 2249; x_wconf 79' lang='lat' dir='ltr'>secreta-</span> 
     </span>
    </p>
   </div>
   <div class='ocr_carea' id='block_1_70' title="bbox 1991 2275 3676 2348">
    <p class='ocr_par' dir='ltr' id='par_1_70' title="bbox 1991 2275 3676 2348">
     <span class='ocr_line' id='line_1_70' title="bbox 1991 2275 3676 2348; baseline 0.003 -16"><span class='ocrx_word' id='word_1_511' title='bbox 1991 2278 2061 2332; x_wconf 91' lang='lat' dir='ltr'>rii</span> <span class='ocrx_word' id='word_1_512' title='bbox 2084 2295 2201 2333; x_wconf 93' lang='lat' dir='ltr'>non</span> <span class='ocrx_word' id='word_1_513' title='bbox 2232 2281 2379 2332; x_wconf 88' lang='lat' dir='ltr'>terat</span> <span class='ocrx_word' id='word_1_514' title='bbox 2408 2275 2635 2340; x_wconf 89' lang='lat' dir='ltr'>limina,</span> <span class='ocrx_word' id='word_1_515' title='bbox 2670 2292 2776 2330; x_wconf 90' lang='lat' dir='ltr'>nec</span> <span class='ocrx_word' id='word_1_516' title='bbox 2803 2276 3074 2330; x_wconf 77' lang='lat' dir='ltr'>sacriﬁcii</span> <span class='ocrx_word' id='word_1_517' title='bbox 3106 2279 3351 2348; x_wconf 89' lang='lat' dir='ltr'>portitor</span> <span class='ocrx_word' id='word_1_518' title='bbox 3380 2281 3503 2346; x_wconf 82' lang='lat' dir='ltr'>fiat,</span> <span class='ocrx_word' id='word_1_519' title='bbox 3538 2297 3642 2337; x_wconf 90' lang='lat' dir='ltr'>nec</span> <span class='ocrx_word' id='word_1_520' title='bbox 3669 2307 3676 2312; x_wconf 56' lang='grc' dir='ltr'><em>ν</em></span> 
     </span>
    </p>
   </div>
   <div class='ocr_carea' id='block_1_71' title="bbox 1993 2365 3645 2438">
    <p class='ocr_par' dir='ltr' id='par_1_71' title="bbox 1993 2365 3645 2438">
     <span class='ocr_line' id='line_1_71' title="bbox 1993 2365 3645 2438; baseline 0.001 -16"><span class='ocrx_word' id='word_1_521' title='bbox 1993 2368 2172 2422; x_wconf 87' lang='lat' dir='ltr'>altare</span> <span class='ocrx_word' id='word_1_522' title='bbox 2204 2365 2520 2438; x_wconf 88' lang='lat' dir='ltr'>contingat,</span> <span class='ocrx_word' id='word_1_523' title='bbox 2547 2380 2653 2419; x_wconf 92' lang='lat' dir='ltr'>nec</span> <span class='ocrx_word' id='word_1_524' title='bbox 2684 2365 2755 2419; x_wconf 92' lang='lat' dir='ltr'>ab</span> <span class='ocrx_word' id='word_1_525' title='bbox 2778 2365 3154 2421; x_wconf 74' lang='lat' dir='ltr'>offerentibus</span> <span class='ocrx_word' id='word_1_526' title='bbox 3189 2367 3528 2426; x_wconf 86' lang='lat' dir='ltr'>holocausta</span> <span class='ocrx_word' id='word_1_527' title='bbox 3557 2370 3645 2426; x_wconf 92' lang='lat' dir='ltr'>vel</span> 
     </span>
    </p>
   </div>
   <div class='ocr_carea' id='block_1_72' title="bbox 1991 2453 3643 2530">
    <p class='ocr_par' dir='ltr' id='par_1_72' title="bbox 1991 2453 3643 2530">
     <span class='ocr_line' id='line_1_72' title="bbox 1991 2453 3643 2530; baseline 0.002 -19"><span class='ocrx_word' id='word_1_528' title='bbox 1991 2455 2313 2511; x_wconf 87' lang='lat' dir='ltr'>oblationes</span> <span class='ocrx_word' id='word_1_529' title='bbox 2345 2453 2649 2526; x_wconf 88' lang='lat' dir='ltr'>suscipiat,</span> <span class='ocrx_word' id='word_1_530' title='bbox 2675 2469 2781 2508; x_wconf 91' lang='lat' dir='ltr'>nec</span> <span class='ocrx_word' id='word_1_531' title='bbox 2807 2453 2878 2508; x_wconf 92' lang='lat' dir='ltr'>ad</span> <span class='ocrx_word' id='word_1_532' title='bbox 2903 2453 3189 2510; x_wconf 91' lang='lat' dir='ltr'>Dominici</span> <span class='ocrx_word' id='word_1_533' title='bbox 3221 2458 3479 2528; x_wconf 91' lang='lat' dir='ltr'>corporis</span> <span class='ocrx_word' id='word_1_534' title='bbox 3509 2475 3643 2530; x_wconf 91' lang='lat' dir='ltr'>por-</span> 
     </span>
    </p>
   </div>
   <div class='ocr_carea' id='block_1_73' title="bbox 1987 2543 3644 2618">
    <p class='ocr_par' dir='ltr' id='par_1_73' title="bbox 1987 2543 3644 2618">
     <span class='ocr_line' id='line_1_73' title="bbox 1987 2543 3644 2618; baseline 0.002 -20"><span class='ocrx_word' id='word_1_535' title='bbox 1987 2544 2204 2599; x_wconf 88' lang='lat' dir='ltr'>tionem</span> <span class='ocrx_word' id='word_1_536' title='bbox 2238 2544 2490 2599; x_wconf 89' lang='lat' dir='ltr'>accedat.</span> <span class='ocrx_word' id='word_1_537' title='bbox 2519 2549 2748 2614; x_wconf 90' lang='lat' dir='ltr'>Aquam</span> <span class='ocrx_word' id='word_1_538' title='bbox 2772 2543 3141 2598; x_wconf 90' lang='lat' dir='ltr'>sacerdotum</span> <span class='ocrx_word' id='word_1_539' title='bbox 3168 2545 3428 2618; x_wconf 91' lang='lat' dir='ltr'>porrigat</span> <span class='ocrx_word' id='word_1_540' title='bbox 3457 2547 3644 2604; x_wconf 88' lang='lat' dir='ltr'>mani-</span> 
     </span>
    </p>
   </div>
   <div class='ocr_carea' id='block_1_74' title="bbox 1987 2629 3646 2708">
    <p class='ocr_par' dir='ltr' id='par_1_74' title="bbox 1987 2629 3646 2708">
     <span class='ocr_line' id='line_1_74' title="bbox 1987 2629 3646 2708; baseline 0.002 -20"><span class='ocrx_word' id='word_1_541' title='bbox 1987 2633 2121 2701; x_wconf 91' lang='lat' dir='ltr'>bus,</span> <span class='ocrx_word' id='word_1_542' title='bbox 2154 2633 2304 2688; x_wconf 84' lang='lat' dir='ltr'>ostia</span> <span class='ocrx_word' id='word_1_543' title='bbox 2325 2633 2646 2688; x_wconf 83' lang='lat' dir='ltr'>forinsecus</span> <span class='ocrx_word' id='word_1_544' title='bbox 2668 2629 2907 2686; x_wconf 88' lang='lat' dir='ltr'>claudat</span> <span class='ocrx_word' id='word_1_545' title='bbox 2931 2649 2943 2698; x_wconf 89' lang='lat'><strong>;</strong></span> <span class='ocrx_word' id='word_1_546' title='bbox 2981 2632 3209 2687; x_wconf 90' lang='lat' dir='ltr'>minora</span> <span class='ocrx_word' id='word_1_547' title='bbox 3230 2637 3461 2689; x_wconf 91' lang='lat' dir='ltr'>tantum</span> <span class='ocrx_word' id='word_1_548' title='bbox 3482 2641 3646 2708; x_wconf 89' lang='lat' dir='ltr'>gerat</span> 
     </span>
    </p>
   </div>
   <div class='ocr_carea' id='block_1_75' title="bbox 1989 2718 3498 2793">
    <p class='ocr_par' dir='ltr' id='par_1_75' title="bbox 1989 2718 3498 2793">
     <span class='ocr_line' id='line_1_75' title="bbox 1989 2718 3498 2793; baseline 0.001 -18"><span class='ocrx_word' id='word_1_549' title='bbox 1989 2721 2196 2787; x_wconf 77' lang='lat' dir='ltr'>officia,</span> <span class='ocrx_word' id='word_1_550' title='bbox 2235 2737 2474 2775; x_wconf 90' lang='lat' dir='ltr'>urceum</span> <span class='ocrx_word' id='word_1_551' title='bbox 2505 2736 2646 2775; x_wconf 89' lang='lat' dir='ltr'>sane</span> <span class='ocrx_word' id='word_1_552' title='bbox 2676 2719 2748 2773; x_wconf 90' lang='lat' dir='ltr'>ad</span> <span class='ocrx_word' id='word_1_553' title='bbox 2780 2718 2962 2775; x_wconf 88' lang='lat' dir='ltr'>altare</span> <span class='ocrx_word' id='word_1_554' title='bbox 2994 2737 3108 2774; x_wconf 90' lang='lat' dir='ltr'><strong>non</strong></span> <span class='ocrx_word' id='word_1_555' title='bbox 3140 2725 3434 2793; x_wconf 87' lang='lat' dir='ltr'>suggerat.</span> <span class='ocrx_word' id='word_1_556' title='bbox 3469 2746 3498 2771; x_wconf 85' lang='lat'><em>»</em></span> 
     </span>
    </p>
   </div>
   <div class='ocr_carea' id='block_1_76' title="bbox 2060 2807 3642 2879">
    <p class='ocr_par' dir='ltr' id='par_1_76' title="bbox 2060 2807 3642 2879">
     <span class='ocr_line' id='line_1_76' title="bbox 2060 2807 3642 2879; baseline 0.003 -16"><span class='ocrx_word' id='word_1_557' title='bbox 2060 2808 2303 2865; x_wconf 84' lang='lat' dir='ltr'>XXVIII.</span> <span class='ocrx_word' id='word_1_558' title='bbox 2339 2813 2514 2864; x_wconf 86' lang='lat' dir='ltr'>Porro</span> <span class='ocrx_word' id='word_1_559' title='bbox 2537 2808 2800 2879; x_wconf 90' lang='lat' dir='ltr'>synodus</span> <span class='ocrx_word' id='word_1_560' title='bbox 2832 2807 3062 2862; x_wconf 77' lang='lat' dir='ltr'>Nicaena</span> <span class='ocrx_word' id='word_1_561' title='bbox 3082 2810 3320 2864; x_wconf 88' lang='lat' dir='ltr'>omnino</span> <span class='ocrx_word' id='word_1_562' title='bbox 3345 2811 3642 2867; x_wconf 87' lang='lat' dir='ltr'>venerabi-</span> 
     </span>
    </p>
   </div>
   <div class='ocr_carea' id='block_1_77' title="bbox 1987 2896 3645 2965">
    <p class='ocr_par' dir='ltr' id='par_1_77' title="bbox 1987 2896 3645 2965">
     <span class='ocr_line' id='line_1_77' title="bbox 1987 2896 3645 2965; baseline 0.002 -13"><span class='ocrx_word' id='word_1_563' title='bbox 1987 2899 2060 2954; x_wconf 92' lang='lat' dir='ltr'>lis</span> <span class='ocrx_word' id='word_1_564' title='bbox 2081 2903 2139 2952; x_wconf 92' lang='lat' dir='ltr'>et</span> <span class='ocrx_word' id='word_1_565' title='bbox 2170 2897 2529 2965; x_wconf 89' lang='lat' dir='ltr'>authentica,</span> <span class='ocrx_word' id='word_1_566' title='bbox 2562 2896 2646 2951; x_wconf 85' lang='lat' dir='ltr'>sic</span> <span class='ocrx_word' id='word_1_567' title='bbox 2678 2896 2748 2950; x_wconf 91' lang='lat' dir='ltr'>de</span> <span class='ocrx_word' id='word_1_568' title='bbox 2780 2896 2904 2951; x_wconf 90' lang='lat' dir='ltr'>suis</span> <span class='ocrx_word' id='word_1_569' title='bbox 2927 2896 3091 2962; x_wconf 89' lang='lat' dir='ltr'>actis,</span> <span class='ocrx_word' id='word_1_570' title='bbox 3118 2897 3174 2951; x_wconf 93' lang='lat' dir='ltr'>id</span> <span class='ocrx_word' id='word_1_571' title='bbox 3208 2904 3315 2965; x_wconf 92' lang='lat' dir='ltr'>est,</span> <span class='ocrx_word' id='word_1_572' title='bbox 3343 2900 3645 2956; x_wconf 89' lang='lat' dir='ltr'>subintro-</span> 
     </span>
    </p>
   </div>
   <div class='ocr_carea' id='block_1_78' title="bbox 1989 2983 3639 3061">
    <p class='ocr_par' dir='ltr' id='par_1_78' title="bbox 1989 2983 3639 3061">
     <span class='ocr_line' id='line_1_78' title="bbox 1989 2983 3639 3061; baseline 0.002 -21"><span class='ocrx_word' id='word_1_573' title='bbox 1989 2987 2179 3041; x_wconf 92' lang='lat' dir='ltr'>ductis</span> <span class='ocrx_word' id='word_1_574' title='bbox 2211 2986 2386 3040; x_wconf 88' lang='lat' dir='ltr'>habet</span> <span class='ocrx_word' id='word_1_575' title='bbox 2419 3001 2431 3040; x_wconf 92' lang='lat'>:</span> <span class='ocrx_word' id='word_1_576' title='bbox 2468 3006 2495 3035; x_wconf 84' lang='lat'><strong>«</strong></span> <span class='ocrx_word' id='word_1_577' title='bbox 2521 2983 2888 3039; x_wconf 88' lang='lat' dir='ltr'>Omnimodis</span> <span class='ocrx_word' id='word_1_578' title='bbox 2920 2985 3215 3041; x_wconf 86' lang='lat' dir='ltr'>interdicit</span> <span class='ocrx_word' id='word_1_579' title='bbox 3237 2993 3440 3043; x_wconf 85' lang='lat' dir='ltr'>sancta</span> <span class='ocrx_word' id='word_1_580' title='bbox 3465 3007 3639 3061; x_wconf 91' lang='lat' dir='ltr'>syno-</span> 
     </span>
    </p>
   </div>
   <div class='ocr_carea' id='block_1_79' title="bbox 1992 3071 3644 3150">
    <p class='ocr_par' dir='ltr' id='par_1_79' title="bbox 1992 3071 3644 3150">
     <span class='ocr_line' id='line_1_79' title="bbox 1992 3071 3644 3150; baseline 0.004 -22"><span class='ocrx_word' id='word_1_581' title='bbox 1992 3074 2124 3140; x_wconf 93' lang='lat' dir='ltr'>dus,</span> <span class='ocrx_word' id='word_1_582' title='bbox 2163 3079 2219 3129; x_wconf 93' lang='lat' dir='ltr'>et</span> <span class='ocrx_word' id='word_1_583' title='bbox 2250 3090 2437 3144; x_wconf 91' lang='lat' dir='ltr'>neque</span> <span class='ocrx_word' id='word_1_584' title='bbox 2468 3071 2762 3144; x_wconf 89' lang='lat' dir='ltr'>episcopo,</span> <span class='ocrx_word' id='word_1_585' title='bbox 2811 3088 2999 3144; x_wconf 91' lang='lat' dir='ltr'>neque</span> <span class='ocrx_word' id='word_1_586' title='bbox 3037 3077 3396 3147; x_wconf 89' lang='lat' dir='ltr'>presbytero,</span> <span class='ocrx_word' id='word_1_587' title='bbox 3454 3095 3644 3150; x_wconf 90' lang='lat' dir='ltr'>neque</span> 
     </span>
    </p>
   </div>
   <div class='ocr_carea' id='block_1_80' title="bbox 1995 3160 3646 3237">
    <p class='ocr_par' dir='ltr' id='par_1_80' title="bbox 1995 3160 3646 3237">
     <span class='ocr_line' id='line_1_80' title="bbox 1995 3160 3646 3237; baseline 0.002 -19"><span class='ocrx_word' id='word_1_588' title='bbox 1995 3164 2258 3228; x_wconf 92' lang='lat' dir='ltr'>diacono,</span> <span class='ocrx_word' id='word_1_589' title='bbox 2313 3178 2500 3232; x_wconf 89' lang='lat' dir='ltr'>neque</span> <span class='ocrx_word' id='word_1_590' title='bbox 2549 3160 2656 3215; x_wconf 93' lang='lat' dir='ltr'>ulli</span> <span class='ocrx_word' id='word_1_591' title='bbox 2705 3160 2941 3216; x_wconf 89' lang='lat' dir='ltr'><strong>omnino</strong></span> <span class='ocrx_word' id='word_1_592' title='bbox 2985 3161 3328 3218; x_wconf 87' lang='lat' dir='ltr'>clericorum</span> <span class='ocrx_word' id='word_1_593' title='bbox 3363 3167 3646 3237; x_wconf 89' lang='lat' dir='ltr'>permittit</span> 
     </span>
    </p>
   </div>
   <div class='ocr_carea' id='block_1_81' title="bbox 1996 3249 3642 3318">
    <p class='ocr_par' dir='ltr' id='par_1_81' title="bbox 1996 3249 3642 3318">
     <span class='ocr_line' id='line_1_81' title="bbox 1996 3249 3642 3318; baseline 0.002 -12"><span class='ocrx_word' id='word_1_594' title='bbox 1996 3251 2208 3306; x_wconf 90' lang='lat' dir='ltr'>habere</span> <span class='ocrx_word' id='word_1_595' title='bbox 2239 3267 2440 3305; x_wconf 89' lang='lat' dir='ltr'>secum</span> <span class='ocrx_word' id='word_1_596' title='bbox 2474 3249 2780 3304; x_wconf 91' lang='lat' dir='ltr'>mulierem</span> <span class='ocrx_word' id='word_1_597' title='bbox 2812 3255 3165 3318; x_wconf 87' lang='lat' dir='ltr'>extraneam,</span> <span class='ocrx_word' id='word_1_598' title='bbox 3201 3252 3312 3307; x_wconf 90' lang='lat' dir='ltr'>nisi</span> <span class='ocrx_word' id='word_1_599' title='bbox 3346 3253 3490 3310; x_wconf 90' lang='lat' dir='ltr'>forte</span> <span class='ocrx_word' id='word_1_600' title='bbox 3517 3272 3642 3310; x_wconf 90' lang='lat' dir='ltr'>ma-</span> 
     </span>
    </p>
   </div>
   <div class='ocr_carea' id='block_1_82' title="bbox 1993 3337 3647 3412">
    <p class='ocr_par' dir='ltr' id='par_1_82' title="bbox 1993 3337 3647 3412">
     <span class='ocr_line' id='line_1_82' title="bbox 1993 3337 3647 3412; baseline 0.003 -18"><span class='ocrx_word' id='word_1_601' title='bbox 1993 3345 2083 3395; x_wconf 89' lang='lat' dir='ltr'>ter</span> <span class='ocrx_word' id='word_1_602' title='bbox 2111 3339 2206 3406; x_wconf 91' lang='lat' dir='ltr'>sit,</span> <span class='ocrx_word' id='word_1_603' title='bbox 2227 3355 2458 3394; x_wconf 90' lang='lat' dir='ltr'>sororve</span> <span class='ocrx_word' id='word_1_604' title='bbox 2487 3343 2588 3392; x_wconf 88' lang='lat' dir='ltr'>aut</span> <span class='ocrx_word' id='word_1_605' title='bbox 2605 3337 2802 3392; x_wconf 89' lang='lat' dir='ltr'>amita.</span> <span class='ocrx_word' id='word_1_606' title='bbox 2829 3339 2889 3392; x_wconf 92' lang='lat' dir='ltr'>In</span> <span class='ocrx_word' id='word_1_607' title='bbox 2909 3338 3001 3394; x_wconf 89' lang='lat' dir='ltr'>his</span> <span class='ocrx_word' id='word_1_608' title='bbox 3026 3357 3279 3411; x_wconf 89' lang='lat' dir='ltr'>namque</span> <span class='ocrx_word' id='word_1_609' title='bbox 3302 3344 3567 3412; x_wconf 91' lang='lat' dir='ltr'>personis</span> <span class='ocrx_word' id='word_1_610' title='bbox 3589 3347 3647 3399; x_wconf 89' lang='lat' dir='ltr'>et</span> 
     </span>
    </p>
   </div>
   <div class='ocr_carea' id='block_1_83' title="bbox 1994 3427 3644 3498">
    <p class='ocr_par' dir='ltr' id='par_1_83' title="bbox 1994 3427 3644 3498">
     <span class='ocr_line' id='line_1_83' title="bbox 1994 3427 3644 3498; baseline 0.002 -14"><span class='ocrx_word' id='word_1_611' title='bbox 1994 3429 2205 3484; x_wconf 88' lang='lat' dir='ltr'>horum</span> <span class='ocrx_word' id='word_1_612' title='bbox 2237 3427 2530 3483; x_wconf 89' lang='lat' dir='ltr'>similibus</span> <span class='ocrx_word' id='word_1_613' title='bbox 2555 3427 2748 3482; x_wconf 89' lang='lat' dir='ltr'>omnis</span> <span class='ocrx_word' id='word_1_614' title='bbox 2775 3427 3032 3498; x_wconf 88' lang='lat' dir='ltr'>suspicio</span> <span class='ocrx_word' id='word_1_615' title='bbox 3055 3429 3402 3485; x_wconf 88' lang='lat' dir='ltr'>declinatur.</span> <span class='ocrx_word' id='word_1_616' title='bbox 3423 3432 3526 3495; x_wconf 87' lang='lat' dir='ltr'>Qui</span> <span class='ocrx_word' id='word_1_617' title='bbox 3548 3449 3644 3488; x_wconf 87' lang='lat' dir='ltr'>au-</span> 
     </span>
    </p>
   </div>
   <div class='ocr_carea' id='block_1_84' title="bbox 1995 3515 3494 3588">
    <p class='ocr_par' dir='ltr' id='par_1_84' title="bbox 1995 3515 3494 3588">
     <span class='ocr_line' id='line_1_84' title="bbox 1995 3515 3494 3588; baseline -0.001 -16"><span class='ocrx_word' id='word_1_618' title='bbox 1995 3523 2112 3574; x_wconf 90' lang='lat' dir='ltr'>tem</span> <span class='ocrx_word' id='word_1_619' title='bbox 2145 3517 2492 3588; x_wconf 76' lang='lat' dir='ltr'>przeteragit,</span> <span class='ocrx_word' id='word_1_620' title='bbox 2527 3515 2952 3587; x_wconf 85' lang='lat' dir='ltr'>periclitabitur</span> <span class='ocrx_word' id='word_1_621' title='bbox 2981 3518 3051 3572; x_wconf 91' lang='lat' dir='ltr'>de</span> <span class='ocrx_word' id='word_1_622' title='bbox 3081 3519 3285 3574; x_wconf 90' lang='lat' dir='ltr'>ordine</span> <span class='ocrx_word' id='word_1_623' title='bbox 3307 3537 3435 3575; x_wconf 88' lang='lat' dir='ltr'>suo.</span> <span class='ocrx_word' id='word_1_624' title='bbox 3475 3544 3494 3570; x_wconf 82' lang='lat'><strong>»</strong></span> 
     </span>
    </p>
   </div>
   <div class='ocr_carea' id='block_1_85' title="bbox 2065 3606 3646 3675">
    <p class='ocr_par' dir='ltr' id='par_1_85' title="bbox 2065 3606 3646 3675">
     <span class='ocr_line' id='line_1_85' title="bbox 2065 3606 3646 3675; baseline 0.003 -15"><span class='ocrx_word' id='word_1_625' title='bbox 2065 3606 2251 3660; x_wconf 87' lang='lat' dir='ltr'>XXIX.</span> <span class='ocrx_word' id='word_1_626' title='bbox 2272 3606 2485 3660; x_wconf 86' lang='lat' dir='ltr'>Beatus</span> <span class='ocrx_word' id='word_1_627' title='bbox 2509 3619 2743 3675; x_wconf 88' lang='lat' dir='ltr'>quoque</span> <span class='ocrx_word' id='word_1_628' title='bbox 2766 3606 3302 3675; x_wconf 79' lang='lat' dir='ltr'>papalnnocentius</span> <span class='ocrx_word' id='word_1_629' title='bbox 3321 3606 3498 3663; x_wconf 88' lang='lat' dir='ltr'>latius</span> <span class='ocrx_word' id='word_1_630' title='bbox 3511 3609 3646 3664; x_wconf 91' lang='lat' dir='ltr'>hinc</span> 
     </span>
    </p>
   </div>
   <div class='ocr_carea' id='block_1_86' title="bbox 1993 3677 3645 3764">
    <p class='ocr_par' dir='ltr' id='par_1_86' title="bbox 1993 3677 3645 3764">
     <span class='ocr_line' id='line_1_86' title="bbox 1993 3677 3645 3764; baseline 0.002 -16"><span class='ocrx_word' id='word_1_631' title='bbox 1993 3695 2254 3750; x_wconf 89' lang='lat' dir='ltr'>scribens</span> <span class='ocrx_word' id='word_1_632' title='bbox 2280 3693 2596 3764; x_wconf 89' lang='lat' dir='ltr'>Exsuperio</span> <span class='ocrx_word' id='word_1_633' title='bbox 2619 3693 3190 3764; x_wconf 90' lang='lat' dir='ltr'>episcopoTolosano</span> <span class='ocrx_word' id='word_1_634' title='bbox 3219 3677 3358 3750; x_wconf 82' lang='lat' dir='ltr'>dicit</span> <span class='ocrx_word' id='word_1_635' title='bbox 3393 3715 3404 3751; x_wconf 92' lang='lat'>:</span> <span class='ocrx_word' id='word_1_636' title='bbox 3441 3720 3467 3745; x_wconf 82' lang='lat'><strong><em>«</em></strong></span> <span class='ocrx_word' id='word_1_637' title='bbox 3503 3698 3645 3752; x_wconf 91' lang='lat' dir='ltr'>Pro-</span> 
     </span>
    </p>
   </div>
   <div class='ocr_carea' id='block_1_87' title="bbox 1992 3780 3643 3854">
    <p class='ocr_par' dir='ltr' id='par_1_87' title="bbox 1992 3780 3643 3854">
     <span class='ocr_line' id='line_1_87' title="bbox 1992 3780 3643 3854; baseline 0 -16"><span class='ocrx_word' id='word_1_638' title='bbox 1992 3783 2236 3854; x_wconf 86' lang='lat' dir='ltr'>posuisti</span> <span class='ocrx_word' id='word_1_639' title='bbox 2265 3782 2406 3852; x_wconf 90' lang='lat' dir='ltr'>quid</span> <span class='ocrx_word' id='word_1_640' title='bbox 2431 3781 2500 3835; x_wconf 93' lang='lat' dir='ltr'>de</span> <span class='ocrx_word' id='word_1_641' title='bbox 2525 3780 2616 3835; x_wconf 90' lang='lat' dir='ltr'>his</span> <span class='ocrx_word' id='word_1_642' title='bbox 2645 3781 2936 3836; x_wconf 87' lang='lat' dir='ltr'>observari</span> <span class='ocrx_word' id='word_1_643' title='bbox 2971 3783 3198 3848; x_wconf 86' lang='lat' dir='ltr'>debeat,</span> <span class='ocrx_word' id='word_1_644' title='bbox 3222 3799 3369 3852; x_wconf 90' lang='lat' dir='ltr'>quos</span> <span class='ocrx_word' id='word_1_645' title='bbox 3391 3784 3643 3838; x_wconf 92' lang='lat' dir='ltr'>diaconii</span> 
     </span>
    </p>
   </div>
   <div class='ocr_carea' id='block_1_88' title="bbox 1992 3868 3644 3939">
    <p class='ocr_par' dir='ltr' id='par_1_88' title="bbox 1992 3868 3644 3939">
     <span class='ocr_line' id='line_1_88' title="bbox 1992 3868 3644 3939; baseline 0.001 -13"><span class='ocrx_word' id='word_1_646' title='bbox 1992 3872 2338 3935; x_wconf 91' lang='lat' dir='ltr'>ministerio,</span> <span class='ocrx_word' id='word_1_647' title='bbox 2371 3874 2473 3924; x_wconf 90' lang='lat' dir='ltr'>aut</span> <span class='ocrx_word' id='word_1_648' title='bbox 2502 3869 2561 3923; x_wconf 93' lang='lat' dir='ltr'><strong>in</strong></span> <span class='ocrx_word' id='word_1_649' title='bbox 2594 3868 2783 3923; x_wconf 85' lang='lat' dir='ltr'>officio</span> <span class='ocrx_word' id='word_1_650' title='bbox 2811 3869 3030 3939; x_wconf 88' lang='lat' dir='ltr'>positos</span> <span class='ocrx_word' id='word_1_651' title='bbox 3055 3870 3480 3926; x_wconf 89' lang='lat' dir='ltr'>incontinentes</span> <span class='ocrx_word' id='word_1_652' title='bbox 3515 3889 3644 3928; x_wconf 89' lang='lat' dir='ltr'>esse</span> 
     </span>
    </p>
   </div>
   <div class='ocr_carea' id='block_1_89' title="bbox 1990 3955 3638 4029">
    <p class='ocr_par' dir='ltr' id='par_1_89' title="bbox 1990 3955 3638 4029">
     <span class='ocr_line' id='line_1_89' title="bbox 1990 3955 3638 4029; baseline 0 -14"><span class='ocrx_word' id='word_1_653' title='bbox 1990 3965 2091 4015; x_wconf 90' lang='lat' dir='ltr'>aut</span> <span class='ocrx_word' id='word_1_654' title='bbox 2136 3960 2318 4014; x_wconf 86' lang='lat' dir='ltr'>fuisse</span> <span class='ocrx_word' id='word_1_655' title='bbox 2358 3956 2616 4029; x_wconf 88' lang='lat' dir='ltr'>generati</span> <span class='ocrx_word' id='word_1_656' title='bbox 2648 3955 2752 4009; x_wconf 85' lang='lat' dir='ltr'>filii</span> <span class='ocrx_word' id='word_1_657' title='bbox 2789 3957 3114 4026; x_wconf 91' lang='lat' dir='ltr'>prodidere.</span> <span class='ocrx_word' id='word_1_658' title='bbox 3150 3958 3228 4013; x_wconf 93' lang='lat' dir='ltr'>De</span> <span class='ocrx_word' id='word_1_659' title='bbox 3278 3959 3370 4014; x_wconf 88' lang='lat' dir='ltr'>his</span> <span class='ocrx_word' id='word_1_660' title='bbox 3401 3965 3459 4014; x_wconf 91' lang='lat' dir='ltr'>et</span> <span class='ocrx_word' id='word_1_661' title='bbox 3490 3960 3638 4015; x_wconf 85' lang='lat' dir='ltr'>divi-</span> 
     </span>
    </p>
   </div>
   <div class='ocr_carea' id='block_1_90' title="bbox 1991 4043 3636 4119">
    <p class='ocr_par' dir='ltr' id='par_1_90' title="bbox 1991 4043 3636 4119">
     <span class='ocr_line' id='line_1_90' title="bbox 1991 4043 3636 4119; baseline 0 -15"><span class='ocrx_word' id='word_1_662' title='bbox 1991 4065 2199 4105; x_wconf 89' lang='lat' dir='ltr'>narum</span> <span class='ocrx_word' id='word_1_663' title='bbox 2231 4047 2425 4119; x_wconf 90' lang='lat' dir='ltr'>legum</span> <span class='ocrx_word' id='word_1_664' title='bbox 2456 4049 2545 4099; x_wconf 89' lang='lat' dir='ltr'>est</span> <span class='ocrx_word' id='word_1_665' title='bbox 2573 4043 2902 4114; x_wconf 90' lang='lat' dir='ltr'>disciplina,</span> <span class='ocrx_word' id='word_1_666' title='bbox 2928 4049 2985 4100; x_wconf 91' lang='lat' dir='ltr'>et</span> <span class='ocrx_word' id='word_1_667' title='bbox 3006 4046 3183 4102; x_wconf 81' lang='lat' dir='ltr'>beatae</span> <span class='ocrx_word' id='word_1_668' title='bbox 3217 4049 3636 4105; x_wconf 87' lang='lat' dir='ltr'>recordationis</span> 
     </span>
    </p>
   </div>
   <div class='ocr_carea' id='block_1_91' title="bbox 1987 4133 3642 4206">
    <p class='ocr_par' dir='ltr' id='par_1_91' title="bbox 1987 4133 3642 4206">
     <span class='ocr_line' id='line_1_91' title="bbox 1987 4133 3642 4206; baseline 0.002 -14"><span class='ocrx_word' id='word_1_669' title='bbox 1987 4138 2092 4194; x_wconf 92' lang='lat' dir='ltr'>viri</span> <span class='ocrx_word' id='word_1_670' title='bbox 2125 4135 2316 4193; x_wconf 89' lang='lat' dir='ltr'>Siricii</span> <span class='ocrx_word' id='word_1_671' title='bbox 2347 4133 2605 4206; x_wconf 90' lang='lat' dir='ltr'>episcopi</span> <span class='ocrx_word' id='word_1_672' title='bbox 2640 4133 2862 4189; x_wconf 90' lang='lat' dir='ltr'>monita</span> <span class='ocrx_word' id='word_1_673' title='bbox 2896 4135 3185 4190; x_wconf 87' lang='lat' dir='ltr'>evidentia</span> <span class='ocrx_word' id='word_1_674' title='bbox 3214 4143 3642 4206; x_wconf 89' lang='lat' dir='ltr'>commearunt,</span> 
     </span>
    </p>
   </div>
   <div class='ocr_carea' id='block_1_92' title="bbox 1988 4221 3642 4296">
    <p class='ocr_par' dir='ltr' id='par_1_92' title="bbox 1988 4221 3642 4296">
     <span class='ocr_line' id='line_1_92' title="bbox 1988 4221 3642 4296; baseline 0.001 -14"><span class='ocrx_word' id='word_1_675' title='bbox 1988 4231 2053 4282; x_wconf 89' lang='lat' dir='ltr'>ut</span> <span class='ocrx_word' id='word_1_676' title='bbox 2082 4225 2511 4281; x_wconf 90' lang='lat' dir='ltr'>incontinentes</span> <span class='ocrx_word' id='word_1_677' title='bbox 2543 4222 2602 4277; x_wconf 93' lang='lat' dir='ltr'><strong>in</strong></span> <span class='ocrx_word' id='word_1_678' title='bbox 2637 4221 2846 4278; x_wconf 80' lang='lat' dir='ltr'>officiis</span> <span class='ocrx_word' id='word_1_679' title='bbox 2875 4223 3094 4280; x_wconf 90' lang='lat' dir='ltr'>talibus</span> <span class='ocrx_word' id='word_1_680' title='bbox 3125 4226 3302 4296; x_wconf 89' lang='lat' dir='ltr'>positi</span> <span class='ocrx_word' id='word_1_681' title='bbox 3335 4229 3494 4282; x_wconf 92' lang='lat' dir='ltr'>omni</span> <span class='ocrx_word' id='word_1_682' title='bbox 3537 4227 3642 4284; x_wconf 86' lang='lat' dir='ltr'>ho-</span> 
     </span>
    </p>
   </div>
   <div class='ocr_carea' id='block_1_93' title="bbox 1989 4312 3645 4384">
    <p class='ocr_par' dir='ltr' id='par_1_93' title="bbox 1989 4312 3645 4384">
     <span class='ocr_line' id='line_1_93' title="bbox 1989 4312 3645 4384; baseline 0.001 -14"><span class='ocrx_word' id='word_1_683' title='bbox 1989 4332 2126 4371; x_wconf 91' lang='lat' dir='ltr'>nore</span> <span class='ocrx_word' id='word_1_684' title='bbox 2183 4313 2574 4370; x_wconf 88' lang='lat' dir='ltr'>ecclesiastico</span> <span class='ocrx_word' id='word_1_685' title='bbox 2625 4312 3012 4384; x_wconf 88' lang='lat' dir='ltr'>privarentur,</span> <span class='ocrx_word' id='word_1_686' title='bbox 3059 4330 3163 4369; x_wconf 90' lang='lat' dir='ltr'>nec</span> <span class='ocrx_word' id='word_1_687' title='bbox 3195 4315 3645 4371; x_wconf 88' lang='lat' dir='ltr'>admitterentur</span> 
     </span>
    </p>
   </div>
   <div class='ocr_carea' id='block_1_94' title="bbox 1988 4401 3642 4473">
    <p class='ocr_par' dir='ltr' id='par_1_94' title="bbox 1988 4401 3642 4473">
     <span class='ocr_line' id='line_1_94' title="bbox 1988 4401 3642 4473; baseline -0.001 -13"><span class='ocrx_word' id='word_1_688' title='bbox 1988 4404 2258 4460; x_wconf 88' lang='lat' dir='ltr'>accedere</span> <span class='ocrx_word' id='word_1_689' title='bbox 2312 4403 2384 4458; x_wconf 89' lang='lat' dir='ltr'>ad</span> <span class='ocrx_word' id='word_1_690' title='bbox 2444 4401 2840 4457; x_wconf 90' lang='lat' dir='ltr'>ministerium</span> <span class='ocrx_word' id='word_1_691' title='bbox 2898 4403 3052 4473; x_wconf 92' lang='lat' dir='ltr'>quod</span> <span class='ocrx_word' id='word_1_692' title='bbox 3107 4402 3230 4458; x_wconf 86' lang='lat' dir='ltr'>sola</span> <span class='ocrx_word' id='word_1_693' title='bbox 3282 4404 3642 4459; x_wconf 87' lang='lat' dir='ltr'>continentia</span> 
     </span>
    </p>
   </div>
   <div class='ocr_carea' id='block_1_95' title="bbox 207 4489 3636 4577">
    <p class='ocr_par' dir='ltr' id='par_1_95' title="bbox 207 4489 3636 4577">
     <span class='ocr_line' id='line_1_95' title="bbox 207 4489 3636 4577; baseline -0.003 -21"><span class='ocrx_word' id='word_1_694' title='bbox 207 4499 538 4573; x_wconf 87' lang='lat' dir='ltr'>discipulis</span> <span class='ocrx_word' id='word_1_695' title='bbox 569 4498 810 4570; x_wconf 89' lang='lat' dir='ltr'>maligni</span> <span class='ocrx_word' id='word_1_696' title='bbox 842 4497 1175 4565; x_wconf 90' lang='lat' dir='ltr'>Muhamed,</span> <span class='ocrx_word' id='word_1_697' title='bbox 1200 4496 1370 4566; x_wconf 85' lang='lat' dir='ltr'>cujus</span> <span class='ocrx_word' id='word_1_698' title='bbox 1388 4495 1585 4551; x_wconf 71' lang='lat' dir='ltr'>farinae</span> <span class='ocrx_word' id='word_1_699' title='bbox 1605 4498 1764 4550; x_wconf 89' lang='lat' dir='ltr'>totus</span> <span class='ocrx_word' id='word_1_700' title='bbox 1792 4511 1874 4551; x_wconf 89' lang='lat' dir='ltr'>es.</span> <span class='ocrx_word' id='word_1_701' title='bbox 1909 4512 1956 4577; x_wconf 84' lang='lat' dir='ltr'><strong>D</strong></span> <span class='ocrx_word' id='word_1_702' title='bbox 1988 4496 2212 4565; x_wconf 88' lang='lat' dir='ltr'>Oportet</span> <span class='ocrx_word' id='word_1_703' title='bbox 2242 4490 2489 4562; x_wconf 90' lang='lat' dir='ltr'>impleri.</span> <span class='ocrx_word' id='word_1_704' title='bbox 2530 4512 2558 4539; x_wconf 85' lang='lat'><strong>»</strong></span> <span class='ocrx_word' id='word_1_705' title='bbox 2591 4491 2751 4546; x_wconf 89' lang='lat' dir='ltr'>Idem</span> <span class='ocrx_word' id='word_1_706' title='bbox 2783 4491 2854 4546; x_wconf 90' lang='lat' dir='ltr'>ad</span> <span class='ocrx_word' id='word_1_707' title='bbox 2887 4489 3230 4546; x_wconf 87' lang='lat' dir='ltr'>Victricium</span> <span class='ocrx_word' id='word_1_708' title='bbox 3258 4490 3597 4562; x_wconf 87' lang='lat' dir='ltr'>episc0pum</span> <span class='ocrx_word' id='word_1_709' title='bbox 3623 4509 3636 4546; x_wconf 93' lang='lat'><strong>:</strong></span> 
     </span>
    </p>
   </div>
   <div class='ocr_carea' id='block_1_96' title="bbox 209 4585 1875 4661">
    <p class='ocr_par' dir='ltr' id='par_1_96' title="bbox 209 4585 1875 4661">
     <span class='ocr_line' id='line_1_96' title="bbox 209 4585 1875 4661; baseline -0.004 -15"><span class='ocrx_word' id='word_1_710' title='bbox 209 4592 301 4646; x_wconf 90' lang='lat' dir='ltr'>Tu</span> <span class='ocrx_word' id='word_1_711' title='bbox 340 4604 584 4661; x_wconf 91' lang='lat' dir='ltr'>quoque</span> <span class='ocrx_word' id='word_1_712' title='bbox 616 4588 756 4659; x_wconf 89' lang='lat' dir='ltr'>quia</span> <span class='ocrx_word' id='word_1_713' title='bbox 784 4586 1086 4659; x_wconf 89' lang='lat' dir='ltr'>presbyter</span> <span class='ocrx_word' id='word_1_714' title='bbox 1115 4603 1198 4653; x_wconf 90' lang='lat' dir='ltr'>es,</span> <span class='ocrx_word' id='word_1_715' title='bbox 1240 4585 1368 4640; x_wconf 91' lang='lat' dir='ltr'>sine</span> <span class='ocrx_word' id='word_1_716' title='bbox 1400 4601 1575 4641; x_wconf 87' lang='lat' dir='ltr'>uxore</span> <span class='ocrx_word' id='word_1_717' title='bbox 1604 4601 1732 4640; x_wconf 88' lang='lat' dir='ltr'>esse</span> <span class='ocrx_word' id='word_1_718' title='bbox 1760 4601 1875 4640; x_wconf 92' lang='lat' dir='ltr'>non</span> 
     </span>
    </p>
   </div>
   <div class='ocr_carea' id='block_1_97' title="bbox 208 4669 1365 4749">
    <p class='ocr_par' dir='ltr' id='par_1_97' title="bbox 208 4669 1365 4749">
     <span class='ocr_line' id='line_1_97' title="bbox 208 4669 1365 4749; baseline -0.004 -15"><span class='ocrx_word' id='word_1_719' title='bbox 208 4669 431 4749; x_wconf 86' lang='lat' dir='ltr'>debes,</span> <span class='ocrx_word' id='word_1_720' title='bbox 463 4677 787 4732; x_wconf 90' lang='lat' dir='ltr'>secundum</span> <span class='ocrx_word' id='word_1_721' title='bbox 817 4675 1168 4731; x_wconf 89' lang='lat' dir='ltr'>assertiones</span> <span class='ocrx_word' id='word_1_722' title='bbox 1215 4678 1365 4730; x_wconf 90' lang='lat' dir='ltr'>tuas.</span> 
     </span>
    </p>
   </div>
   <div class='ocr_carea' id='block_1_98' title="bbox 286 4762 1873 4836">
    <p class='ocr_par' dir='ltr' id='par_1_98' title="bbox 286 4762 1873 4836">
     <span class='ocr_line' id='line_1_98' title="bbox 286 4762 1873 4836; baseline -0.003 -14"><span class='ocrx_word' id='word_1_723' title='bbox 286 4766 522 4822; x_wconf 84' lang='lat' dir='ltr'>XXVII.</span> <span class='ocrx_word' id='word_1_724' title='bbox 557 4766 668 4821; x_wconf 92' lang='lat' dir='ltr'>Sed</span> <span class='ocrx_word' id='word_1_725' title='bbox 691 4767 818 4836; x_wconf 87' lang='lat' dir='ltr'>jam</span> <span class='ocrx_word' id='word_1_726' title='bbox 838 4764 1139 4819; x_wconf 89' lang='lat' dir='ltr'>videamus</span> <span class='ocrx_word' id='word_1_727' title='bbox 1170 4762 1424 4834; x_wconf 89' lang='lat' dir='ltr'>capitula</span> <span class='ocrx_word' id='word_1_728' title='bbox 1455 4762 1671 4833; x_wconf 90' lang='lat' dir='ltr'>quibus</span> <span class='ocrx_word' id='word_1_729' title='bbox 1702 4767 1873 4833; x_wconf 90' lang='lat' dir='ltr'>putas</span> 
     </span>
    </p>
   </div>
   <div class='ocr_carea' id='block_1_99' title="bbox 206 4851 1870 4929">
    <p class='ocr_par' dir='ltr' id='par_1_99' title="bbox 206 4851 1870 4929">
     <span class='ocr_line' id='line_1_99' title="bbox 206 4851 1870 4929; baseline -0.005 -16"><span class='ocrx_word' id='word_1_730' title='bbox 206 4873 396 4929; x_wconf 86' lang='lat' dir='ltr'>posse</span> <span class='ocrx_word' id='word_1_731' title='bbox 429 4855 662 4910; x_wconf 89' lang='lat' dir='ltr'>defendi</span> <span class='ocrx_word' id='word_1_732' title='bbox 696 4853 982 4909; x_wconf 89' lang='lat' dir='ltr'>adulteria</span> <span class='ocrx_word' id='word_1_733' title='bbox 1011 4853 1402 4918; x_wconf 90' lang='lat' dir='ltr'>sacerdotum,</span> <span class='ocrx_word' id='word_1_734' title='bbox 1433 4868 1548 4906; x_wconf 92' lang='lat' dir='ltr'>non</span> <span class='ocrx_word' id='word_1_735' title='bbox 1580 4851 1870 4923; x_wconf 85' lang='lat' dir='ltr'>conjugia.</span> 
     </span>
    </p>
   </div>
   <div class='ocr_carea' id='block_1_100' title="bbox 208 4940 1875 5018">
    <p class='ocr_par' dir='ltr' id='par_1_100' title="bbox 208 4940 1875 5018">
     <span class='ocr_line' id='line_1_100' title="bbox 208 4940 1875 5018; baseline -0.005 -17"><span class='ocrx_word' id='word_1_736' title='bbox 208 4969 239 4994; x_wconf 87' lang='lat'><strong><em>«</em></strong></span> <span class='ocrx_word' id='word_1_737' title='bbox 277 4944 638 5018; x_wconf 89' lang='lat' dir='ltr'>Episcopus,</span> <span class='ocrx_word' id='word_1_738' title='bbox 672 4943 938 5014; x_wconf 90' lang='lat' dir='ltr'>inquam,</span> <span class='ocrx_word' id='word_1_739' title='bbox 971 4941 1273 5012; x_wconf 89' lang='lat' dir='ltr'>presbyter</span> <span class='ocrx_word' id='word_1_740' title='bbox 1301 4943 1401 4994; x_wconf 92' lang='lat' dir='ltr'>aut</span> <span class='ocrx_word' id='word_1_741' title='bbox 1431 4940 1712 4994; x_wconf 88' lang='lat' dir='ltr'>diaconus</span> <span class='ocrx_word' id='word_1_742' title='bbox 1737 4955 1875 4993; x_wconf 83' lang='lat' dir='ltr'>uxo-</span> 
     </span>
    </p>
   </div>
   <div class='ocr_carea' id='block_1_101' title="bbox 208 5026 1876 5102">
    <p class='ocr_par' dir='ltr' id='par_1_101' title="bbox 208 5026 1876 5102">
     <span class='ocr_line' id='line_1_101' title="bbox 208 5026 1876 5102; baseline -0.005 -12"><span class='ocrx_word' id='word_1_743' title='bbox 208 5051 348 5090; x_wconf 87' lang='lat' dir='ltr'>rem</span> <span class='ocrx_word' id='word_1_744' title='bbox 382 5049 559 5089; x_wconf 88' lang='lat' dir='ltr'>suam</span> <span class='ocrx_word' id='word_1_745' title='bbox 590 5048 706 5087; x_wconf 92' lang='lat' dir='ltr'>non</span> <span class='ocrx_word' id='word_1_746' title='bbox 737 5030 972 5102; x_wconf 91' lang='lat' dir='ltr'>abjiciat</span> <span class='ocrx_word' id='word_1_747' title='bbox 991 5030 1232 5086; x_wconf 89' lang='lat' dir='ltr'>obtentu</span> <span class='ocrx_word' id='word_1_748' title='bbox 1250 5027 1568 5100; x_wconf 89' lang='lat' dir='ltr'>religionis.</span> <span class='ocrx_word' id='word_1_749' title='bbox 1591 5026 1651 5082; x_wconf 90' lang='lat' dir='ltr'>Si</span> <span class='ocrx_word' id='word_1_750' title='bbox 1681 5032 1876 5082; x_wconf 89' lang='lat' dir='ltr'>autem</span> 
     </span>
    </p>
   </div>
   <div class='ocr_carea' id='block_1_102' title="bbox 208 5117 1884 5195">
    <p class='ocr_par' dir='ltr' id='par_1_102' title="bbox 208 5117 1884 5195">
     <span class='ocr_line' id='line_1_102' title="bbox 208 5117 1884 5195; baseline -0.005 -16"><span class='ocrx_word' id='word_1_751' title='bbox 208 5122 528 5195; x_wconf 89' lang='lat' dir='ltr'>abjecerit,</span> <span class='ocrx_word' id='word_1_752' title='bbox 560 5123 976 5192; x_wconf 88' lang='lat' dir='ltr'>sequestretur,</span> <span class='ocrx_word' id='word_1_753' title='bbox 1009 5133 1386 5190; x_wconf 85' lang='lat' dir='ltr'>perseverans</span> <span class='ocrx_word' id='word_1_754' title='bbox 1407 5121 1602 5174; x_wconf 90' lang='lat' dir='ltr'>autem</span> <span class='ocrx_word' id='word_1_755' title='bbox 1629 5117 1884 5188; x_wconf 83' lang='lat' dir='ltr'>depona-</span> 
     </span>
    </p>
   </div>
   <div class='ocr_carea' id='block_1_103' title="bbox 204 5204 1873 5277">
    <p class='ocr_par' dir='ltr' id='par_1_103' title="bbox 204 5204 1873 5277">
     <span class='ocr_line' id='line_1_103' title="bbox 204 5204 1873 5277; baseline -0.004 -11"><span class='ocrx_word' id='word_1_756' title='bbox 204 5217 338 5268; x_wconf 87' lang='lat' dir='ltr'>tur.</span> <span class='ocrx_word' id='word_1_757' title='bbox 391 5234 420 5261; x_wconf 88' lang='grc'>››</span> <span class='ocrx_word' id='word_1_758' title='bbox 473 5209 724 5265; x_wconf 91' lang='lat' dir='ltr'>Omnino</span> <span class='ocrx_word' id='word_1_759' title='bbox 773 5209 1120 5264; x_wconf 88' lang='lat' dir='ltr'>conﬁtemur</span> <span class='ocrx_word' id='word_1_760' title='bbox 1160 5223 1276 5262; x_wconf 93' lang='lat' dir='ltr'>non</span> <span class='ocrx_word' id='word_1_761' title='bbox 1307 5205 1481 5262; x_wconf 90' lang='lat' dir='ltr'>licere</span> <span class='ocrx_word' id='word_1_762' title='bbox 1511 5204 1873 5277; x_wconf 89' lang='lat' dir='ltr'>episcopum,</span> 
     </span>
    </p>
   </div>
   <div class='ocr_carea' id='block_1_104' title="bbox 207 5295 1877 5373">
    <p class='ocr_par' dir='ltr' id='par_1_104' title="bbox 207 5295 1877 5373">
     <span class='ocr_line' id='line_1_104' title="bbox 207 5295 1877 5373; baseline -0.004 -17"><span class='ocrx_word' id='word_1_763' title='bbox 207 5301 658 5373; x_wconf 83' lang='lat' dir='ltr'>presbyterum,</span> <span class='ocrx_word' id='word_1_764' title='bbox 706 5297 1010 5353; x_wconf 92' lang='lat' dir='ltr'>diaconem</span> <span class='ocrx_word' id='word_1_765' title='bbox 1058 5295 1146 5351; x_wconf 91' lang='lat' dir='ltr'>vel</span> <span class='ocrx_word' id='word_1_766' title='bbox 1178 5295 1596 5352; x_wconf 87' lang='lat' dir='ltr'>subdiaconem</span> <span class='ocrx_word' id='word_1_767' title='bbox 1637 5309 1877 5350; x_wconf 88' lang='lat' dir='ltr'>uxorem</span> 
     </span>
    </p>
   </div>
   <div class='ocr_carea' id='block_1_105' title="bbox 207 5382 1878 5463">
    <p class='ocr_par' dir='ltr' id='par_1_105' title="bbox 207 5382 1878 5463">
     <span class='ocr_line' id='line_1_105' title="bbox 207 5382 1878 5463; baseline -0.006 -17"><span class='ocrx_word' id='word_1_768' title='bbox 207 5388 530 5463; x_wconf 88' lang='lat' dir='ltr'>propriam</span> <span class='ocrx_word' id='word_1_769' title='bbox 562 5404 740 5443; x_wconf 89' lang='lat' dir='ltr'>causa</span> <span class='ocrx_word' id='word_1_770' title='bbox 760 5385 1059 5458; x_wconf 88' lang='lat' dir='ltr'>religionis</span> <span class='ocrx_word' id='word_1_771' title='bbox 1081 5384 1331 5455; x_wconf 87' lang='lat' dir='ltr'>abjicere</span> <span class='ocrx_word' id='word_1_772' title='bbox 1353 5401 1387 5440; x_wconf 91' lang='lat' dir='ltr'><strong>a</strong></span> <span class='ocrx_word' id='word_1_773' title='bbox 1406 5401 1545 5440; x_wconf 89' lang='lat' dir='ltr'>cura</span> <span class='ocrx_word' id='word_1_774' title='bbox 1575 5400 1702 5450; x_wconf 87' lang='lat' dir='ltr'>sua,</span> <span class='ocrx_word' id='word_1_775' title='bbox 1726 5382 1878 5438; x_wconf 89' lang='lat' dir='ltr'>scili-</span> 
     </span>
    </p>
   </div>
   <div class='ocr_carea' id='block_1_106' title="bbox 209 5471 1877 5546">
    <p class='ocr_par' dir='ltr' id='par_1_106' title="bbox 209 5471 1877 5546">
     <span class='ocr_line' id='line_1_106' title="bbox 209 5471 1877 5546; baseline -0.005 -11"><span class='ocrx_word' id='word_1_776' title='bbox 209 5483 310 5535; x_wconf 89' lang='lat' dir='ltr'>cet</span> <span class='ocrx_word' id='word_1_777' title='bbox 345 5481 418 5533; x_wconf 91' lang='lat' dir='ltr'>ut</span> <span class='ocrx_word' id='word_1_778' title='bbox 447 5477 498 5532; x_wconf 92' lang='lat' dir='ltr'>ei</span> <span class='ocrx_word' id='word_1_779' title='bbox 521 5477 740 5532; x_wconf 90' lang='lat' dir='ltr'>victum</span> <span class='ocrx_word' id='word_1_780' title='bbox 762 5481 818 5532; x_wconf 91' lang='lat' dir='ltr'>et</span> <span class='ocrx_word' id='word_1_781' title='bbox 845 5475 1123 5532; x_wconf 89' lang='lat' dir='ltr'>vestitum</span> <span class='ocrx_word' id='word_1_782' title='bbox 1153 5471 1471 5546; x_wconf 87' lang='lat' dir='ltr'>provideat,</span> <span class='ocrx_word' id='word_1_783' title='bbox 1499 5490 1616 5529; x_wconf 91' lang='lat' dir='ltr'>non</span> <span class='ocrx_word' id='word_1_784' title='bbox 1648 5476 1712 5527; x_wconf 92' lang='lat' dir='ltr'>ut</span> <span class='ocrx_word' id='word_1_785' title='bbox 1742 5488 1877 5528; x_wconf 91' lang='lat' dir='ltr'>cum</span> 
     </span>
    </p>
   </div>
   <div class='ocr_carea' id='block_1_107' title="bbox 206 5561 1879 5636">
    <p class='ocr_par' dir='ltr' id='par_1_107' title="bbox 206 5561 1879 5636">
     <span class='ocr_line' id='line_1_107' title="bbox 206 5561 1879 5636; baseline -0.003 -8"><span class='ocrx_word' id='word_1_786' title='bbox 206 5566 324 5628; x_wconf 85' lang='lat' dir='ltr'>illa</span> <span class='ocrx_word' id='word_1_787' title='bbox 387 5581 457 5626; x_wconf 69' lang='lat' dir='ltr'>ea</span> <span class='ocrx_word' id='word_1_788' title='bbox 513 5580 673 5627; x_wconf 84' lang='lat' dir='ltr'>more</span> <span class='ocrx_word' id='word_1_789' title='bbox 730 5561 1040 5625; x_wconf 83' lang='lat' dir='ltr'>carnaliter</span> <span class='ocrx_word' id='word_1_790' title='bbox 1098 5563 1310 5636; x_wconf 84' lang='lat' dir='ltr'>jaceat,</span> <span class='ocrx_word' id='word_1_791' title='bbox 1376 5562 1470 5622; x_wconf 84' lang='lat' dir='ltr'>Sic</span> <span class='ocrx_word' id='word_1_792' title='bbox 1528 5564 1586 5623; x_wconf 87' lang='lat' dir='ltr'>et</span> <span class='ocrx_word' id='word_1_793' title='bbox 1645 5565 1879 5623; x_wconf 70' lang='lat' dir='ltr'>sanctos</span> 
     </span>
    </p>
   </div>
   <div class='ocr_carea' id='block_1_108' title="bbox 1989 4578 3630 4650">
    <p class='ocr_par' dir='ltr' id='par_1_108' title="bbox 1989 4578 3630 4650">
     <span class='ocr_line' id='line_1_108' title="bbox 1989 4578 3630 4650; baseline 0.001 -17"><span class='ocrx_word' id='word_1_794' title='bbox 1989 4606 2016 4633; x_wconf 87' lang='grc'>‹‹</span> <span class='ocrx_word' id='word_1_795' title='bbox 2051 4582 2328 4636; x_wconf 63' lang='lat' dir='ltr'>Praeterea</span> <span class='ocrx_word' id='word_1_796' title='bbox 2356 4579 2512 4650; x_wconf 92' lang='lat' dir='ltr'>quod</span> <span class='ocrx_word' id='word_1_797' title='bbox 2544 4578 2789 4650; x_wconf 89' lang='lat' dir='ltr'>dignum</span> <span class='ocrx_word' id='word_1_798' title='bbox 2821 4583 2878 4632; x_wconf 91' lang='lat' dir='ltr'>et</span> <span class='ocrx_word' id='word_1_799' title='bbox 2906 4579 3185 4648; x_wconf 86' lang='lat' dir='ltr'>pudicum</span> <span class='ocrx_word' id='word_1_800' title='bbox 3227 4583 3286 4632; x_wconf 93' lang='lat' dir='ltr'><strong>et</strong></span> <span class='ocrx_word' id='word_1_801' title='bbox 3316 4578 3630 4634; x_wconf 87' lang='lat' dir='ltr'>honestum</span> 
     </span>
    </p>
   </div>
   <div class='ocr_carea' id='block_1_109' title="bbox 1992 4667 3641 4733">
    <p class='ocr_par' dir='ltr' id='par_1_109' title="bbox 1992 4667 3641 4733">
     <span class='ocr_line' id='line_1_109' title="bbox 1992 4667 3641 4733; baseline -0.001 -8"><span class='ocrx_word' id='word_1_802' title='bbox 1992 4675 2189 4725; x_wconf 90' lang='lat' dir='ltr'>tenere</span> <span class='ocrx_word' id='word_1_803' title='bbox 2219 4667 2478 4722; x_wconf 90' lang='lat' dir='ltr'>Ecclesia</span> <span class='ocrx_word' id='word_1_804' title='bbox 2507 4667 2844 4722; x_wconf 91' lang='lat' dir='ltr'>omnimodo</span> <span class='ocrx_word' id='word_1_805' title='bbox 2871 4667 3066 4733; x_wconf 90' lang='lat' dir='ltr'>debet,</span> <span class='ocrx_word' id='word_1_806' title='bbox 3117 4671 3182 4721; x_wconf 93' lang='lat' dir='ltr'>ut</span> <span class='ocrx_word' id='word_1_807' title='bbox 3221 4667 3552 4724; x_wconf 89' lang='lat' dir='ltr'>sacerdotes</span> <span class='ocrx_word' id='word_1_808' title='bbox 3583 4672 3641 4724; x_wconf 89' lang='lat' dir='ltr'><strong>et</strong></span> 
     </span>
    </p>
   </div>
   <div class='ocr_carea' id='block_1_110' title="bbox 1991 4755 3644 4827">
    <p class='ocr_par' dir='ltr' id='par_1_110' title="bbox 1991 4755 3644 4827">
     <span class='ocr_line' id='line_1_110' title="bbox 1991 4755 3644 4827; baseline -0.001 -14"><span class='ocrx_word' id='word_1_809' title='bbox 1991 4758 2174 4814; x_wconf 76' lang='lat' dir='ltr'>levitae</span> <span class='ocrx_word' id='word_1_810' title='bbox 2205 4774 2338 4811; x_wconf 91' lang='lat' dir='ltr'>cum</span> <span class='ocrx_word' id='word_1_811' title='bbox 2371 4755 2650 4810; x_wconf 85' lang='lat' dir='ltr'>uxoribus</span> <span class='ocrx_word' id='word_1_812' title='bbox 2680 4755 2804 4809; x_wconf 89' lang='lat' dir='ltr'>suis</span> <span class='ocrx_word' id='word_1_813' title='bbox 2847 4770 2959 4808; x_wconf 90' lang='lat' dir='ltr'>non</span> <span class='ocrx_word' id='word_1_814' title='bbox 3006 4760 3231 4823; x_wconf 90' lang='lat' dir='ltr'>coeant,</span> <span class='ocrx_word' id='word_1_815' title='bbox 3269 4755 3410 4827; x_wconf 92' lang='lat' dir='ltr'>quia</span> <span class='ocrx_word' id='word_1_816' title='bbox 3441 4757 3644 4813; x_wconf 89' lang='lat' dir='ltr'>minis-</span> 
     </span>
    </p>
   </div>
   <div class='ocr_carea' id='block_1_111' title="bbox 1987 4841 3638 4917">
    <p class='ocr_par' dir='ltr' id='par_1_111' title="bbox 1987 4841 3638 4917">
     <span class='ocr_line' id='line_1_111' title="bbox 1987 4841 3638 4917; baseline -0.001 -15"><span class='ocrx_word' id='word_1_817' title='bbox 1987 4849 2113 4902; x_wconf 86' lang='lat' dir='ltr'>terii</span> <span class='ocrx_word' id='word_1_818' title='bbox 2161 4844 2484 4917; x_wconf 88' lang='lat' dir='ltr'>quotidiani</span> <span class='ocrx_word' id='word_1_819' title='bbox 2537 4841 2984 4896; x_wconf 87' lang='lat' dir='ltr'>necessitatibus</span> <span class='ocrx_word' id='word_1_820' title='bbox 3033 4851 3414 4915; x_wconf 88' lang='lat' dir='ltr'>occupantur.</span> <span class='ocrx_word' id='word_1_821' title='bbox 3477 4847 3638 4903; x_wconf 85' lang='lat' dir='ltr'>Scri-</span> 
     </span>
    </p>
   </div>
   <div class='ocr_carea' id='block_1_112' title="bbox 1988 4931 3638 5008">
    <p class='ocr_par' dir='ltr' id='par_1_112' title="bbox 1988 4931 3638 5008">
     <span class='ocr_line' id='line_1_112' title="bbox 1988 4931 3638 5008; baseline 0 -17"><span class='ocrx_word' id='word_1_822' title='bbox 1988 4941 2150 5008; x_wconf 90' lang='lat' dir='ltr'>ptum</span> <span class='ocrx_word' id='word_1_823' title='bbox 2183 4939 2271 4989; x_wconf 88' lang='lat' dir='ltr'>est</span> <span class='ocrx_word' id='word_1_824' title='bbox 2291 4933 2446 4988; x_wconf 89' lang='lat' dir='ltr'>enim</span> <span class='ocrx_word' id='word_1_825' title='bbox 2485 4948 2496 4984; x_wconf 85' lang='lat'>:</span> <span class='ocrx_word' id='word_1_826' title='bbox 2535 4954 2560 4979; x_wconf 91' lang='grc'><em>‹‹</em></span> <span class='ocrx_word' id='word_1_827' title='bbox 2597 4931 2791 4984; x_wconf 88' lang='lat' dir='ltr'>Sancti</span> <span class='ocrx_word' id='word_1_828' title='bbox 2816 4935 3016 5000; x_wconf 89' lang='lat' dir='ltr'>estote,</span> <span class='ocrx_word' id='word_1_829' title='bbox 3054 4934 3330 5004; x_wconf 86' lang='lat' dir='ltr'>quoniam</span> <span class='ocrx_word' id='word_1_830' title='bbox 3362 4951 3468 5007; x_wconf 87' lang='lat' dir='ltr'>ego</span> <span class='ocrx_word' id='word_1_831' title='bbox 3503 4953 3638 4991; x_wconf 89' lang='lat' dir='ltr'>san-</span> 
     </span>
    </p>
   </div>
   <div class='ocr_carea' id='block_1_113' title="bbox 1987 5019 3637 5093">
    <p class='ocr_par' dir='ltr' id='par_1_113' title="bbox 1987 5019 3637 5093">
     <span class='ocr_line' id='line_1_113' title="bbox 1987 5019 3637 5093; baseline -0.001 -18"><span class='ocrx_word' id='word_1_832' title='bbox 1987 5048 2014 5075; x_wconf 89' lang='grc'><strong>‹‹</strong></span> <span class='ocrx_word' id='word_1_833' title='bbox 2047 5028 2174 5079; x_wconf 91' lang='lat' dir='ltr'>ctus</span> <span class='ocrx_word' id='word_1_834' title='bbox 2194 5020 2501 5088; x_wconf 90' lang='lat' dir='ltr'>sum,dicit</span> <span class='ocrx_word' id='word_1_835' title='bbox 2517 5019 2954 5082; x_wconf 88' lang='lat' dir='ltr'>DominusDeus</span> <span class='ocrx_word' id='word_1_836' title='bbox 2974 5025 3368 5093; x_wconf 76' lang='lat' dir='ltr'>vester(Levit.</span> <span class='ocrx_word' id='word_1_837' title='bbox 3393 5042 3471 5093; x_wconf 80' lang='lat' dir='ltr'>x1,</span> <span class='ocrx_word' id='word_1_838' title='bbox 3489 5026 3637 5093; x_wconf 64' lang='grc'>44).»</span> 
     </span>
    </p>
   </div>
   <div class='ocr_carea' id='block_1_114' title="bbox 1987 5108 3638 5184">
    <p class='ocr_par' dir='ltr' id='par_1_114' title="bbox 1987 5108 3638 5184">
     <span class='ocr_line' id='line_1_114' title="bbox 1987 5108 3638 5184; baseline -0.001 -17"><span class='ocrx_word' id='word_1_839' title='bbox 1987 5113 2130 5168; x_wconf 90' lang='lat' dir='ltr'>Nam</span> <span class='ocrx_word' id='word_1_840' title='bbox 2149 5111 2357 5184; x_wconf 86' lang='lat' dir='ltr'>priscis</span> <span class='ocrx_word' id='word_1_841' title='bbox 2372 5108 2734 5180; x_wconf 90' lang='lat' dir='ltr'>temporibus</span> <span class='ocrx_word' id='word_1_842' title='bbox 2754 5108 2824 5163; x_wconf 88' lang='lat' dir='ltr'>de</span> <span class='ocrx_word' id='word_1_843' title='bbox 2845 5109 3166 5181; x_wconf 88' lang='lat' dir='ltr'>temploDei</span> <span class='ocrx_word' id='word_1_844' title='bbox 3183 5130 3336 5167; x_wconf 87' lang='lat' dir='ltr'>anno</span> <span class='ocrx_word' id='word_1_845' title='bbox 3356 5113 3496 5166; x_wconf 90' lang='lat' dir='ltr'>vicis</span> <span class='ocrx_word' id='word_1_846' title='bbox 3518 5130 3638 5166; x_wconf 71' lang='lat' dir='ltr'>suae</span> 
     </span>
    </p>
   </div>
   <div class='ocr_carea' id='block_1_115' title="bbox 1986 5186 3637 5272">
    <p class='ocr_par' dir='ltr' id='par_1_115' title="bbox 1986 5186 3637 5272">
     <span class='ocr_line' id='line_1_115' title="bbox 1986 5186 3637 5272; baseline -0.001 -16"><span class='ocrx_word' id='word_1_847' title='bbox 1986 5218 2101 5256; x_wconf 91' lang='lat' dir='ltr'>non</span> <span class='ocrx_word' id='word_1_848' title='bbox 2128 5186 2525 5264; x_wconf 73' lang='lat' dir='ltr'>discedebaiit,</span> <span class='ocrx_word' id='word_1_849' title='bbox 2560 5198 2714 5253; x_wconf 89' lang='lat' dir='ltr'>sicut</span> <span class='ocrx_word' id='word_1_850' title='bbox 2742 5198 2812 5253; x_wconf 94' lang='lat' dir='ltr'>de</span> <span class='ocrx_word' id='word_1_851' title='bbox 2852 5199 3162 5254; x_wconf 87' lang='lat' dir='ltr'>Zaccharia</span> <span class='ocrx_word' id='word_1_852' title='bbox 3205 5200 3478 5272; x_wconf 89' lang='lat' dir='ltr'>legimus,</span> <span class='ocrx_word' id='word_1_853' title='bbox 3534 5216 3637 5255; x_wconf 88' lang='lat' dir='ltr'>nec</span> 
     </span>
    </p>
   </div>
   <div class='ocr_carea' id='block_1_116' title="bbox 1988 5286 3638 5359">
    <p class='ocr_par' dir='ltr' id='par_1_116' title="bbox 1988 5286 3638 5359">
     <span class='ocr_line' id='line_1_116' title="bbox 1988 5286 3638 5359; baseline 0.001 -15"><span class='ocrx_word' id='word_1_854' title='bbox 1988 5290 2228 5344; x_wconf 90' lang='lat' dir='ltr'>domum</span> <span class='ocrx_word' id='word_1_855' title='bbox 2277 5304 2448 5343; x_wconf 91' lang='lat' dir='ltr'>suam</span> <span class='ocrx_word' id='word_1_856' title='bbox 2493 5286 2730 5341; x_wconf 91' lang='lat' dir='ltr'>omnino</span> <span class='ocrx_word' id='word_1_857' title='bbox 2780 5288 3116 5359; x_wconf 88' lang='lat' dir='ltr'>tangebant,</span> <span class='ocrx_word' id='word_1_858' title='bbox 3171 5288 3386 5358; x_wconf 92' lang='lat' dir='ltr'>quibus</span> <span class='ocrx_word' id='word_1_859' title='bbox 3437 5288 3638 5359; x_wconf 85' lang='lat' dir='ltr'>utique</span> 
     </span>
    </p>
   </div>
   <div class='ocr_carea' id='block_1_117' title="bbox 1986 5373 3636 5450">
    <p class='ocr_par' dir='ltr' id='par_1_117' title="bbox 1986 5373 3636 5450">
     <span class='ocr_line' id='line_1_117' title="bbox 1986 5373 3636 5450; baseline 0.001 -18"><span class='ocrx_word' id='word_1_860' title='bbox 1986 5381 2222 5450; x_wconf 89' lang='lat' dir='ltr'>propter</span> <span class='ocrx_word' id='word_1_861' title='bbox 2251 5375 2470 5433; x_wconf 88' lang='lat' dir='ltr'>sobolis</span> <span class='ocrx_word' id='word_1_862' title='bbox 2501 5373 2953 5444; x_wconf 90' lang='lat' dir='ltr'>successionem,</span> <span class='ocrx_word' id='word_1_863' title='bbox 2988 5376 3228 5431; x_wconf 83' lang='lat' dir='ltr'>uxorius</span> <span class='ocrx_word' id='word_1_864' title='bbox 3259 5392 3404 5430; x_wconf 91' lang='lat' dir='ltr'>usus</span> <span class='ocrx_word' id='word_1_865' title='bbox 3443 5376 3636 5434; x_wconf 88' lang='lat' dir='ltr'>fuerat</span> 
     </span>
    </p>
   </div>
   <div class='ocr_carea' id='block_1_118' title="bbox 1987 5465 3636 5538">
    <p class='ocr_par' dir='ltr' id='par_1_118' title="bbox 1987 5465 3636 5538">
     <span class='ocr_line' id='line_1_118' title="bbox 1987 5465 3636 5538; baseline -0.001 -15"><span class='ocrx_word' id='word_1_866' title='bbox 1987 5467 2278 5523; x_wconf 87' lang='lat' dir='ltr'>relaxatus</span> <span class='ocrx_word' id='word_1_867' title='bbox 2303 5484 2316 5534; x_wconf 89' lang='lat'><strong>;</strong></span> <span class='ocrx_word' id='word_1_868' title='bbox 2341 5466 2480 5538; x_wconf 91' lang='lat' dir='ltr'>quia</span> <span class='ocrx_word' id='word_1_869' title='bbox 2510 5482 2578 5521; x_wconf 86' lang='lat' dir='ltr'>ex</span> <span class='ocrx_word' id='word_1_870' title='bbox 2609 5465 2723 5520; x_wconf 89' lang='lat' dir='ltr'>alia</span> <span class='ocrx_word' id='word_1_871' title='bbox 2745 5465 2900 5520; x_wconf 89' lang='lat' dir='ltr'>tribu</span> <span class='ocrx_word' id='word_1_872' title='bbox 2941 5471 2998 5520; x_wconf 91' lang='lat' dir='ltr'>et</span> <span class='ocrx_word' id='word_1_873' title='bbox 3027 5469 3264 5537; x_wconf 87' lang='lat' dir='ltr'>propter</span> <span class='ocrx_word' id='word_1_874' title='bbox 3293 5482 3492 5522; x_wconf 91' lang='lat' dir='ltr'>semen</span> <span class='ocrx_word' id='word_1_875' title='bbox 3523 5475 3636 5523; x_wconf 82' lang='lat' dir='ltr'>Aa-</span> 
     </span>
    </p>
   </div>
   <div class='ocr_carea' id='block_1_119' title="bbox 1987 5553 3636 5632">
    <p class='ocr_par' dir='ltr' id='par_1_119' title="bbox 1987 5553 3636 5632">
     <span class='ocr_line' id='line_1_119' title="bbox 1987 5553 3636 5632; baseline -0.002 -14"><span class='ocrx_word' id='word_1_876' title='bbox 1987 5573 2094 5618; x_wconf 87' lang='lat' dir='ltr'>ron</span> <span class='ocrx_word' id='word_1_877' title='bbox 2129 5557 2201 5619; x_wconf 88' lang='lat' dir='ltr'>ad</span> <span class='ocrx_word' id='word_1_878' title='bbox 2226 5555 2621 5616; x_wconf 87' lang='lat' dir='ltr'>sacerdotium</span> <span class='ocrx_word' id='word_1_879' title='bbox 2651 5553 2850 5619; x_wconf 85' lang='lat' dir='ltr'>nullus</span> <span class='ocrx_word' id='word_1_880' title='bbox 2880 5555 3070 5615; x_wconf 82' lang='lat' dir='ltr'>fuerat</span> <span class='ocrx_word' id='word_1_881' title='bbox 3098 5555 3426 5632; x_wconf 83' lang='lat' dir='ltr'>permissus</span> <span class='ocrx_word' id='word_1_882' title='bbox 3475 5573 3636 5617; x_wconf 87' lang='lat' dir='ltr'>acce-</span> 
     </span>
    </p>
   </div>
  </div>
