4086 6168
1427 251 1917 316 HUMBERTUS
1965 255 2029 314 S.
2075 250 2148 314 Β.
2195 249 2266 312 E.
2314 251 2810 313 CARDINALIS.

3679 249 3838 312 ιω·

431 394 585 450 dere.
619 392 852 457 Quanto.
877 388 1068 462 magis
1100 388 1160 444 hi
1192 387 1524 444 sacerdotes
1553 385 1639 442 vel
1689 385 1873 442 levita:
1905 385 2076 457 pudi-
2106 385 2160 454 Α
2192 382 2595 438 benedictione
2625 380 2966 439 sacerdotali
3019 381 3305 454 permittit
3336 397 3503 438 :non
3533 384 3729 437 autem
3759 382 3837 437 vi-

428 483 626 539 citiam
659 497 727 536 ex
745 480 838 535 die
865 477 1249 535 ordinationis
1279 493 1400 533 suae
1429 491 1658 532 servare
1680 474 1914 541 debent,
1949 474 2076 546 qui-

427 572 540 628 bus
563 568 956 628 sacerdotium
997 567 1086 624 vel
1124 565 1520 623 ministerium
1550 564 1678 620 sine
1710 563 2082 620 successione

427 665 537 727 est,
570 675 677 716 nec
722 658 980 730 praeterit
1017 655 1142 712 dies
1173 673 1290 728 qua
1319 654 1408 710 vel
1441 671 1474 708 a
1515 652 1819 710 sacriﬁciis
1866 651 2080 708 divinis

428 753 532 805 aut
560 746 934 820 baptismatis
966 745 1157 802 ofﬁcio
1195 745 1444 800 vacent?
1473 743 1620 798 Nam
1670 743 1715 798 si
1759 741 1977 798 Paulus
2007 742 2079 797 ad

425 836 757 894 Corinthios
788 835 1017 902 scribit,
1041 833 1242 890 dicens
1273 850 1284 888 :
1323 856 1350 883 ‹‹
1382 831 1681 888 Abstinete
1710 848 1811 887 vos
1842 831 1913 886 ad
1941 835 2082 886 tem-

425 949 453 977 «
487 943 619 998 pus,
649 932 715 980 ut
752 923 968 980 vacetis
998 922 1247 979 orationi
1278 923 1324 993 (I
1364 924 1488 979 Cor.
1545 938 1647 988 vn,
1678 921 1774 992 5);
1814 941 1838 970 ι
1885 917 2080 976 ethoc

427 1015 629 1086 utique
670 1013 837 1068 laicis
887 1011 1196 1084 praecepit;
1249 1011 1437 1067 multo
1485 1010 1674 1082 magis
1723 1009 2076 1077 sacerdotes,

429 1103 648 1176 quibus
677 1106 735 1158 et
763 1102 968 1159 orandi
1003 1106 1058 1157 et
1088 1099 1458 1158 sacriﬁcandi
1499 1101 1643 1173 juge
1675 1098 1936 1156 ofﬁcium
1967 1101 2076 1164 est,

424 1207 658 1264 semper
676 1192 972 1248 debebunt
993 1191 1064 1246 ab
1086 1189 1425 1261 hujusmodi
1449 1187 1738 1244 consortio
1761 1186 2075 1243 abstinere:

424 1281 525 1352 qui
557 1280 606 1336 si
637 1280 1071 1336 contaminatus
1125 1278 1299 1334 fuerit
1338 1276 1554 1334 carnali
1607 1275 2080 1348 concupiscentia

421 1370 684 1426 exaudiri
716 1384 887 1439 posse
910 1385 971 1422 se
988 1366 1212 1422 credit?
1241 1383 1376 1422 cum
1399 1367 1622 1422 dictum
1653 1366 1731 1422 sit
1756 1382 1769 1420 :
1811 1384 1832 1413 ι
1865 1363 2078 1420 Omnia

424 1481 450 1508 ‹‹
495 1457 718 1514 munda
739 1455 978 1512 mundis
1001 1473 1014 1523 ;
1039 1455 1435 1526 coinquinatis
1453 1458 1648 1511 autem
1661 1457 1718 1509 et
1737 1452 2076 1509 inﬁdelibus

422 1544 569 1601 nihil
603 1545 891 1600 mundum
923 1545 1042 1615 (Tit.
1079 1562 1116 1612 1,
1138 1544 1246 1616 l5).
1284 1566 1310 1594 »
1346 1544 1455 1600 Sed
1489 1543 1734 1600 fortasse
1762 1543 1872 1598 hoc
1901 1541 2076 1597 licere

419 1634 622 1703 credit,
656 1633 796 1704 quia
835 1633 1122 1705 scriptum
1162 1638 1251 1689 est
1283 1650 1295 1688 :
1331 1656 1358 1682 ‹‹
1394 1632 1581 1689 Unius
1633 1632 1834 1689 uxoris
1881 1631 2073 1688 virum

420 1723 467 1794 (1
489 1724 646 1788 Tim.,
671 1739 759 1788 111,
783 1722 860 1793 2).
897 1744 925 1770 ››
957 1721 1080 1776 Νοιι
1095 1725 1330 1793 propter
1348 1720 1812 1793 permanentiam
1844 1720 1904 1774 in
1936 1735 2072 1820 con-
2101 1759 2153 1826 Β

418 1810 783 1884 cupiscentia
812 1810 1128 1883 generandi
1160 1811 1270 1866 hoc
1296 1811 1460 1876 dixit,
1494 1811 1594 1867 sed
1617 1814 1854 1882 propter
1883 1807 2066 1864 conti-

420 1901 679 1956 nentiam
731 1900 1008 1955 futuram.
1062 1900 1262 1970 Neque
1317 1899 1476 1955 enim
1517 1898 1775 1971 integros
1831 1913 2070 1969 corpore

418 2007 535 2047 non
567 1988 824 2056 admisit,
859 1988 960 2060 qui
993 1989 1076 2044 ait
1107 2007 1120 2044 :
1157 2011 1183 2037 ‹‹
1214 1987 1438 2044 Vellem
1471 1993 1665 2044 autem
1697 2003 1902 2044 omnes
1940 2001 2069 2042 esse

418 2079 571 2136 sicut
601 2082 657 2135 et
685 2094 790 2150 ego
823 2078 867 2149 (ι
897 2077 1017 2134 Cor.
1051 2095 1150 2149 v11,
1173 2077 1249 2150 7).
1286 2079 1352 2133 Et
1382 2078 1644 2149 apertius
1695 2075 1951 2133 declarat
1979 2074 2066 2130 di-

418 2183 555 2224 cens
588 2183 601 2223 :
639 2189 662 2218 ι
697 2167 806 2232 Qui
832 2170 1027 2222 autem
1060 2167 1120 2221 in
1148 2183 1322 2222 carne
1353 2169 1512 2233 sunt,
1546 2167 1661 2222 Deo
1693 2165 1918 2237 placere
1953 2180 2069 2220 non

420 2279 448 2306 «
482 2260 748 2328 possunt.
780 2256 897 2310 Vos
927 2260 1122 2310 autem
1148 2255 1274 2326 jam
1313 2272 1427 2310 non
1469 2255 1611 2311 estis
1650 2255 1710 2308 in
1741 2270 1932 2321 carne,
1966 2253 2069 2309 sed

420 2367 448 2393 α
482 2343 543 2398 in
575 2343 786 2414 spiritu
809 2345 982 2413 (Rom.
1014 2361 1142 2409 vm,
1174 2345 1250 2414 8).
1305 2366 1333 2394 ››
1386 2343 1452 2398 Et
1496 2342 1809 2399 habentem
1857 2341 2069 2410 ﬁlium,

419 2447 536 2487 non
559 2435 934 2503 generantem
966 2431 1131 2487 dixit.
1165 2453 1195 2481 »

490 2553 655 2611 XXX.
688 2556 757 2611 Et
798 2554 1145 2611 venerabilis
1193 2571 1345 2628 papa
1390 2554 1631 2610 Siricius
1665 2573 1676 2611 :
1723 2579 1750 2605 «
1792 2556 2062 2613 Feminas

420 2660 536 2702 non
569 2638 715 2701 alias
746 2657 873 2701 esse
899 2643 1158 2717 patimur
1176 2643 1236 2700 in
1255 2643 1529 2700 domibus
1554 2643 1923 2714 clericorum,
1956 2644 2070 2700 nisi

419 2751 518 2791 eas
548 2739 780 2791 tantum
799 2749 947 2806 quas
970 2739 1205 2807 propter
1234 2733 1388 2790 solas
1410 2734 1910 2791 necessitudinum
1933 2751 2069 2790 cau-

422 2841 520 2881 sas
576 2823 843 2881 habitare
895 2840 1029 2880 cum
1087 2824 1298 2880 iisdem
1361 2824 1619 2896 synodus
1658 2823 1890 2880 Nicaena
1946 2839 2072 2896 per-

425 2913 606 2970 misit.

490 3028 681 3084 XXXI.
714 3033 962 3086 Sanctus
991 3029 1200 3085 deinde
1232 3029 1345 3085 Leo
1375 3045 1528 3101 papa
1559 3027 1840 3085 mirabilis
1868 3029 2071 3084 doctor

2189 474 2368 529 duam
2399 476 2456 529 et
2475 472 2837 546 repudiatam
2863 489 2878 540 ;
2906 471 3044 544 quia
3065 474 3302 546 propter
3319 471 3430 528 hoc
3455 469 3648 527 solum
3675 470 3835 527 dein-

2189 579 2324 636 ceps
2355 579 2458 618 nec
2489 563 2563 618 ad
2601 563 3090 619 subdiaconatum
3131 561 3367 635 provehi
3410 563 3702 634 poterunt,
3731 569 3838 618 nec

2188 651 2374 708 laicus
2406 669 2522 708 non
2551 651 2836 725 virginem
2869 653 3114 708 sortitus
3143 667 3402 718 uxorem,
3437 653 3548 706 aut
3565 649 3836 723 bigamns

2191 742 2264 797 ad
2301 741 2661 798 clericatum.
2709 742 2873 807 Quod
2904 742 2955 797 si
2984 741 3122 814 quis
3149 741 3523 814 prefatorum
3563 738 3836 796 ordinum

2189 829 2484 886 desiderat
2522 831 2594 886 ad
2642 830 3132 886 subdiaconatum
3161 830 3499 898 ascendere,
3538 843 3614 884 ne
3641 827 3834 900 quibit

2188 919 2298 975 h'oc
2327 920 2453 976 sine
2482 921 2774 976 consensu
2809 919 3006 976 uxoris
3036 931 3177 991 Suae,
3208 922 3275 974 ut
3315 919 3384 975 de
3422 916 3644 974 carnali
3671 917 3836 973 dein-

2189 1023 2325 1081 ceps
2354 1010 2456 1064 ﬁat
2487 1007 2831 1082 conjugium
2859 1007 3185 1082 spirituale,
3220 1007 3454 1064 nemine
3491 1023 3591 1063 eos
3622 1007 3697 1062 ad
3725 1006 3835 1063 hoc

2187 1103 2446 1171 cogente.
2481 1099 2596 1155 Nec
2626 1097 2986 1170 permittitur
3015 1101 3218 1170 postea
3256 1113 3402 1153 uxor
3439 1096 3618 1169 jungi‘
3645 1095 3833 1153 eidem

2187 1204 2293 1244 suo
2325 1187 2534 1244 marito
2559 1187 2890 1256 carnaliter,
2921 1203 3027 1243 nec
3057 1187 3330 1258 cuiquam
3375 1186 3598 1242 nubere
3627 1185 3688 1240 in
3717 1186 3832 1241 vita

2186 1279 2429 1349 autpost
2449 1281 2696 1332 mortem
2715 1275 2896 1343 illius,
2915 1275 3132 1347 alioqui
3155 1275 3828 1331 anathematizandaest‘:

2185 1365 2338 1421 sicut
2367 1369 2423 1420 et
2451 1366 2754 1431 diaconus,
2787 1369 2844 1420 et
2873 1364 3289 1433 subdiaconus,
3321 1369 3378 1419 et
3401 1363 3708 1437 presbyter
3733 1367 3832 1419 aut

2183 1455 2493 1527 episcopus
2521 1455 2904 1526 deponendus
2932 1469 3102 1511 suam
3124 1458 3412 1527 repetens,
3433 1456 3539 1509 aut
3565 1457 3829 1510 extrane-

2183 1560 2276 1599 am
2321 1543 2560 1612 ducens,
2586 1545 2754 1616 juxta
2811 1544 2965 1615 quod
3013 1543 3070 1598 in
3102 1541 3834 1600 Neocaesa‘riensi‘concilio

2181 1633 2485 1689 orthodoxi
2510 1649 2750 1689 sanxere
2781 1633 3000 1689 Patres.

2254 1719 2495 1777 XXXIII.
2537 1720 2776 1778 Talibus
2825 1735 2963 1794 ergo
2994 1721 3407 1778 traditionibus
3456 1719 3648 1794 usque
3677 1719 3830 1777 nunc

2180 1816 2381 1868 sancta
2425 1811 2690 1867 Romana
2719 1810 2976 1867 Ecclesia
3005 1815 3064 1866 et
3093 1807 3414 1882 apostolica
3455 1807 3624 1867 sedes
3666 1810 3840 1866 om‘nt

2178 1900 2398 1955 mundo
2425 1900 2674 1968 refulsit,
2707 1915 2812 1955 nec
2841 1897 3158 1971 aliquando
3202 1900 3470 1956 Judaiei‘s
3504 1898 3720 1955 fabulis
3770 1904 3836 1954 et

2177 1989 2526 2062 apocryphis
2549 1988 2856 2062 scripturis
2875 1989 3189 2060 acquievit,
3213 1990 3316 2045 sed
3337 2004 3436 2062 per
3447 1988 3670 2062 primos
3685 2001 3832 2060 apo-

2178 2079 2461 2135 stolorum
2481 2080 2539 2134 in
2563 2078 2692 2151 ipso
2714 2093 2948 2135 summo
2970 2077 3236 2151 angulari
3267 2078 3458 2152 lapide
3482 2077 3718 2134 Christo
3731 2075 3832 2132 Je-

2178 2185 2248 2225 su
2281 2169 2542 2238 fundata,
2564 2167 2741 2224 nullis
2773 2167 3095 2224 hmresi‘bns
3116 2168 3313 2236 cessit,
3348 2181 3453 2224 nec
3471 2161 3836 2240 prohibuit-Il

2178 2258 2449 2331 conjugio
2482 2258 2663 2314 laicos
2687 2273 2699 2312 :
2725 2257 2826 2314 sed
2850 2257 2999 2314 sacri
3032 2257 3232 2314 altaris
3264 2255 3567 2314 ministros
3595 2259 3654 2313 et
3687 2266 3835 2328 apo-

2181 2347 2447 2404 stolicam
2479 2347 2890 2420 perfectionem
2923 2347 3213 2419 professos
3243 2346 3586 2403 monachos.

2251 2437 2491 2493 XXXIV.
2541 2435 2649 2493 llla
2677 2440 2872 2492 tamen
2903 2437 3182 2505 Ecclesia,
3219 2451 3395 2509 quam
3430 2435 3596 2492 Arius
3628 2446 3828 2492 cerru-

2179 2527 2283 2599 pit,
2317 2527 2690 2582 Macedonius
2720 2526 3044 2598 prostituit,
3085 2542 3212 2598 qua:
3260 2526 3575 2598 genimina'
3602 2525 3838 2598 Viperah'

2180 2632 2332 2683 rum,
2356 2616 2415 2670 id
2444 2619 2552 2682 est,
2584 2613 2936 2683 Nestorium,
2969 2615 3296 2688 Eutychen,
3331 2605 3753 2671 Monetbelitds
3780 2617 3842 2670 et

2178 2704 2644 2777 Theupa‘schitas
2679 2709 2735 2760 et
2765 2703 3020 2777 reliquas
3051 2704 3456 2760 hereticorum
3507 2695 3722 2776 pestes?
3734 2708 3836 2776 pe-

2179 2793 2346 2866 perit,
2367 2793 2559 2849 adhuc
2580 2811 2614 2849 a
2633 2783 2850 2849 Nicoliai
2871 2793 3267 2849 haeresiarchas
3297 2791 3704 2866 complexibus
3731 2793 3838 2849 ab-

2181 2883 2367 2938 strahi
2413 2899 2528 2938 non
2564 2882 2768 2955 potuit,
2816 2884 2959 2938 adeo
3006 2886 3071 2938 ut
3109 2883 3180 2938 ad
3211 2882 3362 2938 sacri
3403 2880 3608 2938 altaris
3665 2881 3834 2937 mini-

2180 2972 2423 3028 sterium
2463 2971 2820 3028 ordinandos
2850 2973 3170 3044 interroget
3198 2987 3272 3026 an
3303 2971 3570 3028 habeant
3594 2975 3826 3027 uxores”;

2179 3060 2288 3126 Qui
2321 3061 2739 3132 respondentes
2769 3077 2830 3116 se
2861 3077 2976 3116 non
3008 3060 3222 3116 habere
3249 3055 3693 3133 compelluntur
3720 3060 3832 3132 pri-

418 3122 475 3174 et
489 3121 702 3175 sanctae
720 3116 1210 3174 Chalcedonensis
1231 3116 1436 3189 synodi
1455 3119 1678 3216 auctor,
1698 3133 1932 3172 omnem
1947 3133 2066 3217 am-
2096 3132 2139 3198 ρ
2179 3116 2342 3206 ﬁlum
2375 3116 2605 3216 ere,
2639 3116 2696 3206 et
2723 3151 2806 3205 sic
2828 3150 3220 3222 impositionis
3251 3116 3492 3206 man‘um
3523 3116 3830 3222 ποῷἑηῖ

417 3207 761 3280 biguitatem
795 3207 973 3278 hujus
1004 3207 1083 3262 rei
1115 3207 1468 3263 abscindens
1507 3205 1626 3277 ait:
1662 3229 1689 3255 ‹‹
1733 3207 1849 3261 Lex
1877 3205 2065 3262 conti-

418 3295 627 3350 nentiae
657 3295 860 3350 eadem
891 3300 980 3350 est
1010 3294 1211 3350 altaris
1243 3295 1553 3362 ministris,
1599 3311 1726 3366 qua;
1777 3294 2068 3366 episcopis

420 3387 594 3454 atque
618 3382 990 3454 presbyteris.
1027 3383 1134 3446 Qui
1163 3399 1299 3438 cum
1331 3388 1529 3439 essent
1557 3381 1708 3451 laici,
1747 3382 1865 3438 sive
1897 3383 2069 3439 lecto-

418 3487 533 3539 res,
571 3467 730 3526 licite
760 3475 816 3525 et
846 3487 1053 3527 uxores
1085 3472 1294 3527 ducere
1325 3475 1382 3526 et
1411 3471 1564 3527 ﬁlios
1612 3488 1916 3543 procreare
1962 3490 2064 3545 po-

415 3563 673 3616 tuerunt.
705 3560 818 3616 Sed
850 3576 985 3615 cum
1017 3561 1088 3615 ad
1133 3560 1440 3633 praedictos
1487 3577 1799 3633 pervenere
1827 3563 2065 3634 gradus,

417 3653 720 3724 caeperunt
751 3649 836 3706 eis
865 3666 984 3706 non
1010 3649 1182 3706 licere
1211 3666 1337 3722 quae
1370 3648 1683 3705 licuerunt.
1718 3649 1878 3705 Unde
1901 3655 1965 3706 ut
1996 3653 2068 3708 de

416 3739 635 3796 carnali
667 3739 769 3795 ﬁat
797 3738 1106 3812 spirituale
1155 3739 1519 3811 conjugium,
1553 3742 1780 3810 oportet
1831 3756 1930 3796 eos
1963 3758 2066 3794 nnc

417 3829 716 3885 dimittere
764 3846 994 3900 uxores,
1028 3833 1085 3884 et
1105 3828 1275 3900 quasi
1306 3845 1420 3883 non
1445 3827 1700 3883 habeant
1718 3828 1801 3884 sic
1834 3829 2064 3886 habere:

415 3935 531 3989 quo
563 3922 621 3972 et
648 3917 808 3973 salva
859 3918 935 3973 sit
965 3918 1217 3974 charitas
1249 3917 1698 3986 connubiorum,
1755 3922 1811 3973 et
1839 3923 2072 3974 cessent

415 4021 592 4076 Opera
622 4005 986 4077 nuptiarum.
1018 4029 1046 4057 ››
1081 4009 1222 4063 Ecce
1254 4007 1352 4062 isti
1382 4023 1518 4062 cum
1549 4009 1716 4063 Petro
1748 4012 1805 4062 et
1835 4024 1937 4080 per
1967 4007 2068 4063 Pe-

416 4096 575 4146 trum
627 4092 815 4147 effecti
849 4093 1121 4166 clavigeri
1151 4095 1648 4169 regni-caelorum,
1693 4097 1774 4152 ita
1812 4097 2068 4152 confrin-

416 4185 564 4252 gunt
613 4197 818 4236 omnes
850 4181 1162 4238 claviculas
1211 4183 1590 4240 infernalium
1639 4189 1962 4257 portarum,
2006 4189 2071 4241 ut

417 4267 581 4326 nulla
603 4270 732 4342 jam
764 4270 1021 4343 supersit
1051 4271 1291 4328 haeresis
1321 4272 1763 4330 Nicolaitarum.

486 4386 702 4443 XXXII.
739 4386 849 4442 Sed
895 4400 969 4442 ne
997 4387 1139 4459 quid
1172 4388 1370 4445 minus
1412 4389 1633 4445 factum
1683 4389 1842 4445 dicas
1891 4391 2070 4447 seria-

2179 3244 2243 3294 ut
2265 3237 2395 3294 novi
2427 3239 2642 3308 mariti,
2676 3243 2732 3294 et
2763 3239 2978 3294 recenti
2999 3239 3192 3294 carnis
3211 3238 3506 3310 voluptate
3533 3238 3646 3294 toti
3681 3245 3828 3295 r‘eso-

2175 3327 2281 3382 luti
2313 3331 2370 3384 et
2399 3327 2668 3396 marcidi,
2696 3330 2750 3383 et
2780 3327 2936 3383 inter
2965 3331 3164 3385 sancta
3183 3326 3475 3383 sacriﬁcia
3495 3326 3836 3406 cogitantes

2176 3417 2468 3488 quomodo
2499 3416 2768 3488 placeant
2795 3416 3096 3484 uxoribus,
3122 3415 3580 3472 immaculatum
3605 3415 3822 3472 Chriin
3885 3460 3891 3464 .

2177 3522 2389 3578 corpus
2420 3508 2667 3560 tractent
2697 3509 2870 3578 atque
2899 3503 3114 3578 populo
3145 3503 3523 3572 distribuant,
3567 3505 3824 3576 indeque

2179 3595 2571 3650 sanctiﬁcatas
2602 3609 2815 3650 manus
2847 3594 2919 3649 ad
2952 3593 3321 3650 tractandum
3373 3593 3634 3650 membra
3684 3597 3820 3648 mu-

2178 3683 2383 3739 liebria
2415 3699 2548 3738 mox
2581 3683 2851 3752 referant,
2884 3686 2940 3738 et
2971 3684 3020 3738 si
3053 3682 3204 3740 sicut
3241 3681 3494 3755 populus
3523 3682 3610 3737 sic
3639 3685 3706 3738 et
3726 3685 3823 3738 sa-

2179 3771 2400 3839 cerdos,
2435 3775 2492 3826 et
2512 3771 2749 3826 tandem
2782 3770 2981 3843 populi
3011 3770 3163 3827 sicut
3190 3771 3518 3827 sacerdotes
3549 3768 3714 3826 mali.

2248 3859 2462 3916 XXXV.
2506 3862 2868 3932 Quapropter
2905 3860 3124 3932 parcite
3164 3860 3290 3932 jam
3332 3859 3515 3928 vobis,
3561 3864 3621 3916 et
3649 3858 3827 3915 nolite

2179 3949 2476 4005 attendere
2506 3949 2818 4021 spiritibus
2837 3948 3124 4005 erroriset
3151 3949 3578 4006 daemoniorum
3611 3947 3822 4005 dectri-

2178 4037 2292 4107 nis,
2324 4041 2390 4094 ut
2418 4037 2722 4093 nobiscum
2754 4038 2826 4093 de
2853 4053 2990 4095 vera
3018 4053 3178 4111 pace,
3224 4055 3350 4111 quae
3395 4038 3682 4095 Christus
3714 4040 3824 4106 est,

2178 4127 2271 4183 hic
2302 4130 2360 4182 et
2386 4126 2446 4181 in
2476 4127 2672 4182 futuro
2694 4126 3018 4198 gaudeatis.
3050 4127 3137 4183 Tu
3173 4143 3328 4196 vero,
3362 4125 3821 4184 misérrim’e‘Ni-

2178 4219 2325 4284 ceta,
2385 4216 2568 4270 denec
2620 4215 2928 4288 respiscas,
2987 4216 3069 4272 sis
3126 4217 3456 4285 anathema,
3525 4217 3602 4273 ab
3660 4215 3820 4274 omni

2178 4303 2393 4360 Christi
2423 4303 2699 4370 Ecclesia,
2732 4313 2869 4360 cum‘
2887 4304 3161 4361 omnibus
3183 4306 3282 4378 qui
3305 4306 3412 4362 tibi
3441 4305 3825 4378 abqu‘i'es‘bun‘t

2176 4394 2237 4448 in
2277 4397 2396 4449 tam
2448 4409 2718 4466 perversa
2769 4393 3050 4450 doctrina.
3085 4394 3231 4450 Nam
3268 4394 3470 4451 volens
3501 4389 3634 4452 esse
3677 4393 3824 4466 legis

414 4476 521 4533 tim
551 4480 610 4533 et
637 4480 834 4550 aperte
861 4493 1304 4549 prosequemur,
1339 4478 1477 4549 quid
1514 4479 1776 4534 Romana
1815 4480 2069 4536 Ecclesia
2097 4502 2144 4565 Ι)
2179 4482 2386 4538 divinae
2417 4483 2636 4549 doctor,
2668 4498 2784 4538 non
2815 4481 3097 4555 intelligis
3137 4499 3265 4555 quae
3302 4483 3583 4555 loqueris,
3633 4489 3824 4554 neque

415 4566 473 4621 in
505 4567 786 4639 gradibus
818 4565 1158 4623 clericorum
1183 4572 1338 4640 agat.
1371 4567 1620 4622 Clericos
1647 4572 1872 4623 tantum
1896 4570 2066 4626 ostia-

412 4655 552 4722 rios,
585 4654 848 4721 lectores,
881 4657 1218 4722 exorcistas,
1251 4660 1308 4712 et
1338 4655 1660 4728 acolythos,
1695 4657 1742 4711 si
1776 4662 1936 4713 extra
1965 4676 2064 4714 vo-

411 4748 538 4798 tum
571 4748 628 4798 et
657 4743 927 4800 habitum
960 4745 1231 4799 monachi
1264 4744 1646 4800 inveniuntur
1675 4748 1732 4801 et
1761 4745 2065 4802 continen-

415 4831 557 4886 tiam
589 4831 846 4903 proﬁteri
873 4831 1098 4902 nolunt,
1125 4849 1361 4888 uxorem
1383 4833 1668 4905 virginem
1690 4834 1902 4890 ducere
1932 4852 2064 4891 cum

2174 4572 2246 4627 de
2271 4571 2486 4644 quibus
2525 4571 2805 4638 afﬁrmas,
2839 4576 2897 4626 et
2925 4570 3142 4627 stultus
3171 4571 3317 4644 ipse,
3349 4571 3672 4644 sapientior
3712 4569 3833 4646 tibi.

2175 4659 2390 4716 videris
2413 4664 2635 4732 septem
2655 4660 2797 4716 viris
2817 4660 3196 4732 loquentibus
3217 4660 3549 4733 parabolas.
3573 4661 3685 4717 Sed
3705 4659 3822 4715 sal-

2175 4753 2293 4804 tem
2321 4748 2634 4820 aliquando
2667 4747 2826 4806 disce
2857 4753 3066 4818 tacere;
3099 4750 3201 4822 qui
3233 4765 3537 4822 nunquam
3560 4747 3715 4821 loqui
3740 4746 3825 4802 di-

2175 4837 2394 4894 dicisti.

930 4956 1208 5057 Explicet
1235 4958 1502 5039 reponsio
1529 4959 1746 5039 fratris
1774 4957 2097 5023 Humberti
2119 4964 2382 5046 episcopi
2405 4972 2614 5025 contra
2643 4959 2866 5025 Nicetw
2898 4963 3309 5048 blasphemiae.
