4086 6168
937 295 1039 360 DE
1083 293 1350 361 GESTlS
1398 292 1882 359 LEGATORUM
1929 291 2120 358 ROM.
2167 292 2400 357 PONT.
2445 295 2524 356 IN
2569 295 2780 360 URBE
2823 295 2941 361 (ΖΡ.

238 290 392 361 (θοι
937 295 1039 360 DE
1083 293 1350 361 GESTlS
1398 292 1882 359 LEGATORUM
1929 291 2120 358 ROM.
2167 292 2400 357 PONT.
2445 295 2524 356 IN
2569 295 2780 360 URBE
2823 295 2941 361 ΟΡ.
3483 301 3642 368 1002

1795 620 2086 682 INCIPIT

679 773 1132 870 BREVIS
1201 774 1359 869 ET
1429 771 2126 869 SUCCINCTA
2196 770 3217 869 COMMEMOBATIO

1831 989 2051 1037 EORUM

401 1133 552 1204 Quae
579 1136 907 1212 gesserunt
933 1131 1296 1213 apocrisarii
1324 1137 1556 1193 sanctae
1583 1132 1883 1213 Romana}
1911 1134 1975 1213 et
2003 1128 2361 1213 apostolica
2398 1130 2560 1213 sedis
2595 1130 2663 1191 in
2697 1131 2874 1213 regia
2909 1131 3088 1209 urbe,
3124 1138 3188 1195 et
3217 1131 3486 1213 qualiter

453 1247 456 1249 λ
587 1208 612 1212 ⁷
973 1208 996 1212 ⁷
1075 1212 1588 1275 anathematizati
1616 1216 1763 1273 sunt
1790 1208 2056 1273 Michael
2085 1227 2229 1272 cum
2257 1211 2626 1291 sequacibus
2655 1208 2806 1272 suis.

1739 1369 2149 1390 —-—__

303 1502 352 1560 Ῑ.
373 1501 1489 1576 AnnoundecimoimperiiConstantini
1512 1502 1882 1560 Monomachi
1911 1502 1968 1570 Α
1997 1503 2294 1576 pulverem
2325 1504 2541 1576 pedum
2563 1519 2805 1561 suorum
2833 1520 3135 1561 excussere
3153 1503 3210 1560 in
3237 1503 3643 1563 testimonium

228 1590 676 1660 indictione'vn,
703 1592 829 1665 ipso
851 1593 943 1649 die
971 1593 1298 1651 nativitatis
1323 1593 1477 1651 beati
1503 1592 1750 1650 Joannis
1779 1593 1887 1649 Ba-

227 1680 455 1751 ptistae,
495 1681 934 1738 advenientibus
963 1700 997 1738 a
1027 1683 1275 1740 Domino
1318 1699 1472 1756 papa
1504 1683 1688 1738 Leone
1732 1698 1888 1738 nono

226 1767 610 1840 apoCrisariis
637 1773 851 1826 sanctas
882 1769 1154 1827 Romanae
1186 1771 1363 1840 sedis,
1388 1770 1708 1827 Humberto
1731 1770 1889 1827 scili-

225 1859 330 1912 cet
355 1857 638 1913 cardinali
661 1859 934 1932 episcopo
951 1859 1118 1916 Silva
1139 1860 1407 1917 Candida;
1433 1864 1490 1916 et
1503 1861 1673 1916 Petro
1694 1859 1890 1914 Amal-

221 1943 613 2017 phitanorum
665 1947 1122 2021 archiepiscopo,
1157 1949 1448 2005 Friderico
1500 1963 1732 2020 quoque
1763 1947 1887 2002 dia-

220 2049 378 2090 cono
418 2039 476 2090 et
504 2035 873 2105 cancellario,
920 2038 992 2093 ad
1033 2038 1457 2094 monasterium
1499 2035 1689 2092 Studii
1735 2036 1890 2091 intra

218 2123 439 2180 urbem
487 2124 1212 2198 Constantinopolitanam.
1274 2126 1478 2182 Niceta
1537 2123 1884 2192 monachus,

219 2211 330 2284 qui
362 2215 422 2268 et
449 2213 808 2280 Pectoratus,
834 2218 967 2270 ante
995 2214 1367 2287 praesentiam
1391 2213 1617 2286 praefati
1643 2212 1890 2284 impera-

221 2299 378 2356 toris
424 2304 486 2356 et
513 2317 818 2374 procerum
850 2303 1001 2374 ejus,
1036 2302 1449 2359 insistentibus
1489 2302 1635 2374 ipsis
1668 2300 1890 2356 nuntiis

219 2387 536 2458 Romanis,
572 2391 1082 2447 anathematizavit
1120 2393 1414 2464 quoddam
1445 2390 1732 2462 scriptum
1778 2388 1888 2444 sub

220 2490 338 2534 suo
395 2478 637 2534 nomine
668 2483 870 2535 contra
899 2481 1096 2536 sedem
1146 2479 1524 2552 apostolicam
1556 2482 1613 2534 et
1654 2493 1888 2533 omnem

221 2568 505 2624 Latinam
542 2567 862 2624 Ecclesiam
902 2569 1148 2638 editum,
1195 2573 1251 2625 et
1292 2567 1708 2642 praetitulatum
1744 2583 1757 2622 :
1808 2567 1891 2622 De

219 2671 458 2729 azymo,
485 2656 557 2713 de
576 2657 850 2724 Sabbato,
876 2659 948 2714 de
972 2658 1192 2731 nuptiis
1224 2658 1614 2714 sacerdotum.
1645 2658 1891 2728 Insuper

221 2744 751 2801 anathematizavit
771 2750 1034 2816 cunctos,
1067 2746 1166 2818 qui
1187 2745 1378 2819 ipsam
1408 2749 1674 2802 sanctam
1692 2743 1888 2800 Eccle-

219 2835 383 2890 siam
417 2834 744 2891 Romanam
777 2839 1059 2907 negarent
1089 2835 1342 2906 primam
1387 2834 1653 2891 omnium
1695 2831 1890 2889 Eccle-
1919 2870 1968 2935 B

219 2921 460 2980 siarum
491 2938 641 2989 esse,
672 2927 730 2979 et
755 2923 856 2994 qui
879 2923 1038 2980 illius
1061 2925 1234 2980 ﬁdem
1258 2940 1489 2996 semper
1505 2922 1886 2978 orthodoxam

218 3015 660 3084 praesumerent
684 3011 745 3065 in
777 3011 973 3083 aliquo
996 3011 1438 3084 reprehendere.
1465 3011 1599 3066 Post
1620 3010 1737 3065 haec
1768 3013 1887 3065 sta-

219 3099 338 3155 tim
372 3100 434 3155 in
457 3104 771 3172 conspectu
793 3100 1080 3169 omnium,
1105 3101 1178 3156 ad
1197 3099 1634 3173 suggestionem
1656 3115 1885 3154 eorum-

219 3189 368 3246 dem
402 3188 745 3244 nuntiorum
774 3189 1195 3254 Romanorum,
1218 3188 1404 3258 jussit
1424 3187 1579 3242 idem
1612 3186 1888 3242 orthodo-

217 3292 343 3332 xus
370 3275 691 3349 imperator
719 3278 1028 3350 praefatum
1075 3276 1308 3333 incendi
1343 3275 1652 3347 scriptum,
1686 3275 1888 3344 sicque

217 3365 348 3421 fuit
371 3364 718 3422 discessum.

311 3499 388 3555 II.
423 3499 695 3571 Sequenti
728 3504 924 3556 autem
955 3499 1049 3555 die
1073 3498 1382 3571 praedictus
1405 3497 1606 3553 Niceta
1625 3497 1773 3552 urbe
1800 3497 1891 3552 est

219 3605 514 3663 egressus
546 3607 560 3645 :
594 3589 745 3645 ultro
775 3590 922 3645 adiit
958 3587 1183 3662 legatos
1228 3588 1388 3660 ipsos
1420 3586 1575 3642 intra
1605 3585 1888 3658 palatium

219 3679 383 3752 Pigi.
419 3679 459 3733 Α
489 3678 705 3751 quibus
737 3679 1031 3751 accipiens
1053 3677 1368 3750 perfectam
1402 3693 1642 3732 suarum
1679 3692 1889 3748 propo-

223 3767 524 3825 sitionum
539 3767 912 3836 solutionem,
927 3767 1142 3823 iterum
1158 3770 1364 3838 sponte
1382 3764 1892 3821 anathematizavit

222 3855 441 3914 omnia
478 3855 634 3912 dicta
661 3860 718 3912 et
748 3857 901 3912 facta
928 3855 1017 3911 vel
1048 3858 1273 3910 tentata
1313 3855 1592 3910 adversus
1636 3853 1886 3925 primam

223 3943 621 4019 apostolicam
652 3945 871 4001 sedem.
895 3944 1000 3999 Hic
1021 3944 1092 3999 ab
1115 3943 1200 3999 eis
1216 3942 1276 3997 in
1299 3941 1774 3998 communionem
1802 3957 1891 3996 re-

225 4037 466 4107 ceptus,
498 4033 738 4089 eﬂ‘ectus
759 4037 1064 4088 esteorum
1104 4029 1414 4086 familiaris
1435 4029 1682 4084 amicus.
1716 4028 1892 4084 Porro

220 4124 395 4179 dicta
422 4122 508 4178 vel
543 4123 761 4194 scripta
780 4122 1123 4178 eorumdem
1146 4118 1488 4174 nuntiorum
1509 4117 1785 4172 adversus
1805 4117 1894 4172 di-

218 4228 440 4269 versas
463 4210 788 4266 calumnias
813 4210 1167 4274 Graecorum,
1191 4210 1249 4264 et
1267 4206 1518 4262 maxime
1536 4209 1738 4261 contra
1755 4204 1890 4260 scri-

222 4304 338 4374 pta
368 4298 673 4356 Michaelis
705 4295 1332 4369 Constantinopolitani
1375 4293 1657 4367 episc0pi,
1688 4297 1746 4349 et
1777 4310 1886 4349 sae-

224 4387 455 4463 pedicti
484 4388 693 4444 Nicetes
725 4387 1019 4454 monachi,
1045 4387 1221 4458 jussu
1254 4383 1622 4456 imperatoris
1643 4383 1703 4437 in
1735 4382 1891 4438 Grae-

225 4493 375 4534 cum
409 4477 568 4532 fuere
617 4475 922 4546 translata,
963 4479 1022 4531 et
1063 4474 1124 4529 in
1163 4474 1368 4530 eadem
1417 4472 1560 4527 urbe
1605 4471 1891 4527 hactenus

229 4569 607 4623 conservata.

308 4700 416 4756 III.
452 4699 709 4756 Tandem
743 4697 1024 4755 Michaele
1051 4696 1424 4770 prasentiam
1463 4695 1805 4752 eorumdem
1839 4699 1897 4751 et

233 4787 606 4861 colloquium
640 4787 950 4854 devitante,
983 4789 1160 4858 atque
1189 4785 1249 4840 in
1281 4783 1531 4841 stultitia
1560 4801 1669 4840 sua
1696 4801 1894 4856 perse-

232 4881 505 4945 verante,
538 4877 760 4950 praefati
792 4875 987 4932 nuntii
1017 4891 1134 4929 xvn
1171 4873 1294 4928 Kal.
1336 4872 1585 4945 Augusti
1632 4872 1900 4928 adierunt

230 4966 566 5024 Ecclesium
596 4967 821 5022 Sanctze
849 4962 1101 5036 Sophiae,
1131 4965 1188 5018 et
1217 4978 1394 5033 super
1422 4960 1813 5016 obstinatione
1838 4960 1903 5015 il-

229 5055 359 5111 lius
384 5054 712 5126 conquesti,
745 5053 899 5108 clero
931 5069 1001 5108 ex
1031 5067 1192 5106 more
1223 5050 1294 5104 ad
1327 5047 1540 5104 missas
1580 5052 1900 5121 praeparato

224 5142 366 5214 jam
391 5141 537 5197 hora
565 5142 738 5198 tertia
768 5140 882 5196 diei
915 5138 1178 5204 Sabbati,
1204 5137 1467 5192 chartam
1500 5137 1902 5193 excommuni-

2001 1591 2142 1661 illis,
2176 1593 2398 1648 dictum
2441 1593 2733 1666 Evangelii
2775 1593 3208 1666 proclamantes
3242 1611 3255 1648 :
3294 1595 3482 1650 Videat
3511 1596 3652 1652 Deus

1998 1689 2050 1737 et
2069 1681 2299 1753 judicet.
2333 1681 2480 1738 Hinc
2509 1682 2794 1738 ordinatis
2816 1683 3091 1739 Ecclesiis
3124 1683 3464 1739 Latinorum
3497 1683 3655 1744 intra

2000 1770 2193 1842 Ipsam
2207 1770 2793 1843 Constantinopolim,
2813 1775 2868 1826 et
2888 1771 3263 1826 anathemate
3278 1772 3414 1827 dato
3429 1773 3657 1830 cunctis

1999 1859 2098 1930 qui
2128 1857 2401 1930 deinceps
2432 1859 3203 1914 communicarentexmanu
3227 1858 3408 1914 Graeci
3439 1859 3648 1916 Roma-

1999 1963 2141 2001 num
2161 1946 2514 2002 sacrificium
2527 1947 2932 2018 vituperantis,
2947 1946 3007 2001 in
3023 1946 3222 2002 osculo
3236 1946 3396 2018 pacis
3414 1950 3652 2019 accepta

2000 2035 2303 2090 orthodoxi
2315 2034 2685 2106 imperatoris
2701 2034 2939 2090 licentia
2951 2035 3237 2106 donisque
3249 2034 3652 2106 imperialibus

1999 2127 2200 2179 sancto
2230 2124 2398 2179 Petro
2430 2127 2486 2178 et
2516 2123 2647 2191 sibi,
2682 2123 2900 2180 alacres
2931 2140 3152 2195 caepere
3183 2124 3390 2179 reverti
3420 2142 3492 2180 xv
3523 2123 3649 2181 Kal.

1999 2213 2274 2285 Augusti;
2295 2214 2396 2268 sed
2415 2213 2598 2267 nimia
2615 2212 2894 2268 instantia
2906 2229 3144 2285 precum
3163 2211 3464 2270 Michaelis
3483 2230 3654 2286 spon-

1999 2300 2192 2357 dentis
2221 2305 2363 2357 tunc
2388 2302 2627 2356 demum
2653 2317 2716 2356 se
2746 2301 3156 2357 conﬂicturum
3179 2317 3313 2357 cum
3336 2301 3442 2369 eis,
3471 2301 3654 2374 impe-

1999 2392 2159 2446 rator
2189 2389 2530 2461 compulsus
2561 2407 2594 2445 a
2624 2389 2941 2447 solembria
2971 2389 3183 2446 litteris
3213 2390 3338 2445 suis
3368 2407 3466 2446 eos
3491 2406 3652 2446 revo-

1999 2477 2150 2534 cavit
2177 2495 2282 2533 xm
2301 2477 2424 2533 Kal.
2447 2479 2719 2552 Augusti.
2743 2480 2866 2544 Quo
2888 2479 3063 2535 etiam
3087 2479 3179 2534 die
3203 2477 3544 2534 festinantes
3562 2494 3654 2535 re-

2000 2567 2186 2640 gressi
2218 2568 2576 2624 devenerunt
2606 2571 2677 2624 ad
2703 2568 2989 2641 palatium
3012 2567 3157 2639 Pigi.
3191 2567 3346 2630 Quos
3377 2567 3653 2639 prafatus

2002 2655 2244 2712 Michael
2287 2656 2633 2713 haeresiarca
2676 2657 3040 2729 comperiens
3086 2655 3325 2723 redisse,
3377 2655 3546 2726 quasi
3578 2655 3650 2709 ad

2000 2744 2314 2800 concilium
2347 2746 2668 2801 conabatur
2687 2745 2975 2800 adducere
2996 2744 3056 2797 in
3081 2742 3400 2798 Ecclesium
3422 2743 3646 2798 Sanctae

1998 2832 2244 2904 Sophize,
2279 2833 2544 2904 sequenti
2576 2833 2689 2900 die,
2713 2836 2779 2886 ut
2809 2835 3040 2888 ostensa
3061 2830 3284 2898 charta,
3309 2847 3488 2902 quam
3521 2847 3647 2886 om-

1999 2921 2138 2976 nino
2159 2925 2498 2992 corruperat
2518 2921 2941 2987 transferendo,
2967 2920 3354 2976 obruerentur
3379 2920 3595 2976 ibidem
3618 2936 3652 2975 a

1998 3009 2233 3082 populo.
2269 3009 2430 3073 Quod
2463 3010 2720 3080 prudens
2751 3009 3070 3080 imperator
3090 3025 3418 3080 praecavens
3449 3007 3641 3065 noluit

1998 3098 2196 3153 haberi
2211 3097 2445 3169 aliquod
2460 3097 2768 3153 concilium
2783 3098 2800 3169 (
2816 3125 2823 3148 ε
2839 3097 2914 3168 2),
2932 3096 3045 3152 nisi
3061 3098 3253 3169 etipse
3266 3099 3494 3153 adesset
3509 3115 3646 3169 pra-

1999 3203 2153 3242 sens.
2188 3187 2452 3258 Cumque
2481 3186 2590 3241 hoc
2619 3186 2671 3240 ei
2703 3185 3016 3241 omimodis
3048 3185 3294 3241 Michael
3345 3185 3640 3241 contradi-

1997 3282 2169 3341 ceret,
2197 3274 2374 3346 jussit
2415 3279 2717 3347 Augustus
2748 3275 2908 3346 ipsos
2938 3275 3178 3330 nuntios
3209 3274 3516 3330 confestim
3548 3293 3640 3330 ar-

1997 3364 2186 3436 ripere
2217 3364 2345 3419 iter.
2378 3364 2538 3429 Quod
2569 3367 2625 3419 et
2654 3363 2872 3419 factum
2903 3367 3010 3419 est.
3044 3363 3219 3419 Porro
3249 3380 3501 3420 vesanus
3532 3363 3641 3419 Mi-

1997 3453 2161 3510 chael
2192 3453 2394 3508 dolens
2439 3469 2576 3508 suas
2611 3469 2725 3507 non
2754 3453 3067 3524 procedere
3095 3451 3361 3520 insidias,
3396 3452 3645 3508 concita-

1995 3545 2078 3599 vit
2124 3543 2458 3614 imperatori
2501 3540 2660 3614 vulgi
2711 3542 3059 3597 seditionem
3108 3542 3452 3611 maximam,
3481 3541 3641 3598 velut

1997 3632 2221 3690 nuntiis
2251 3635 2557 3703 cooperata
2585 3631 2758 3686 fuerit
2785 3632 2912 3702 ejus
2941 3631 3231 3686 voluntas.
3267 3631 3427 3686 Unde
3458 3631 3646 3702 impe-

1997 3725 2230 3796 perator
2257 3724 2513 3785 coactus,
2545 3719 2892 3790 interpretes
2934 3719 3274 3774 Latinorum
3299 3717 3545 3773 Paulum
3577 3735 3644 3774 ac

2000 3811 2187 3866 filium
2220 3809 2346 3881 ejus
2379 3808 2770 3880 Smaragdum
2793 3823 2971 3862 caesos
2992 3810 3050 3860 ct
3078 3807 3352 3860 detonsos
3377 3803 3647 3860 Michaeli

1999 3898 2273 3964 tradidit;
2326 3896 2527 3967 sicque
2566 3895 2855 3950 tumultus
2905 3893 3001 3948 ille
3031 3893 3381 3966 conquievit.
3430 3894 3648 3950 Verum

2002 3987 2322 4058 imperator
2341 3982 2726 4055 postnuntios
2742 3982 3034 4036 Romanos
3053 3981 3288 4038 directis
3301 3981 3447 4049 suis,
3463 3998 3653 4038 exem-

2002 4075 2131 4148 plar
2160 4070 2781 4129 excommunicationis
2801 4069 3175 4126 verissimum
3198 4088 3232 4127 a
3252 4071 3482 4128 civitate
3502 4072 3652 4128 Rus-

2004 4179 2203 4220 sorum
2236 4159 2552 4216 remissum
2585 4158 2696 4214 sibi
2727 4159 2970 4231 accepit,
2995 4159 3338 4232 civibusque
3364 4160 3650 4228 exhibuit,

1920 4229 1962 4296 C
2004 4269 2068 4308 ac
2100 4251 2333 4306 tandem
2377 4246 2726 4303 Michaelem
2757 4229 3000 4304 falsasse
3031 4229 3294 4304 chartam
3324 4249 3652 4322 legatorum

1999 4339 2283 4411 comperit
2309 4342 2484 4408 atque
2513 4336 2780 4392 convicit.
2818 4339 3018 4410 Itaque
3048 4340 3398 4405 commotus,
3431 4337 3652 4393 amicos

2002 4434 2059 4486 et
2087 4427 2292 4485 affines
2323 4426 2510 4499 ipsius
2536 4425 2858 4483 honoribus
2884 4427 3140 4499 privatos
3160 4443 3194 4481 a
3214 4424 3429 4498 palatio
3460 4424 3650 4480 elimi-

2003 4518 2179 4586 navit,
2211 4520 2526 4588 contraque
2555 4514 2752 4586 ipsum
2783 4532 2973 4588 usque
2999 4531 3153 4570 nunc
3183 4529 3386 4586 graves
3416 4513 3534 4569 iras
3567 4528 3652 4568 re-

2002 4607 2198 4663 tinuit.
2247 4604 2504 4676 Denique
2542 4604 2837 4677 exemplar
2874 4604 3088 4659 chartae
3121 4602 3653 4658 excommunicato-

2007 4696 2103 4752 riae
2135 4700 2223 4752 est
2251 4693 2365 4750 tale
2402 4711 2413 4749 :

2085 4805 2111 4837 α
2156 4784 2535 4850 Euruseurus,
2584 4780 2686 4835 Dei
2741 4779 2928 4852 gratia
2976 4779 3292 4835 cardinalis
3340 4779 3654 4854 episcopus

2008 4876 2219 4930 sancta;
2251 4887 2502 4926 romanae
2547 4867 2810 4923 Ecclesiae
2838 4886 2850 4935 ;
2885 4868 3112 4924 Pramus
3168 4868 3657 4925 Amalfitanorum

2010 4960 2523 5032 archiepiscopus;
2560 4957 2929 5024 anemcus,
2966 4957 3246 5014 diaconus
3286 4961 3342 5015 et
3381 4957 3660 5015 cancella-

2009 5052 2157 5116 rius,
2181 5048 2454 5104 omnibus
2480 5044 2779 5100 catholica:
2810 5046 3075 5104 Ecclesia
3109 5047 3264 5103 ﬁliis.

2088 5159 2116 5188 ‹‹
2145 5139 2358 5192 Sancta
2385 5139 2441 5190 et
2463 5135 2725 5190 Romana
2747 5135 2938 5206 prima
2958 5140 3014 5191 et
3043 5135 3361 5209 apostolica
3391 5135 3562 5190 sedes
3588 5133 3661 5188 ad

239 5229 499 5288 cationis
519 5247 697 5303 super
712 5227 1033 5302 principale
1050 5226 1229 5282 altare
1245 5229 1569 5298 posuerunt
1588 5227 1698 5281 sub
1720 5226 1906 5283 oculis
2015 5243 2192 5300 quam
2219 5229 2314 5280 tan
2325 5239 2502 5295 quam
2537 5223 2609 5278 ad
2632 5227 2806 5295 caput
2829 5224 3159 5280 sollicitudo
3184 5222 3449 5280 omnium
3471 5221 3663 5278 Eccle-

239 5319 556 5394 praesentis
579 5319 717 5376 cleri
747 5321 805 5374 et
841 5315 1062 5391 populi.
1098 5315 1237 5372 Inde
1267 5332 1401 5372 mox
1431 5315 1673 5388 egressi,
1723 5315 1900 5372 etiam

2017 5317 2238 5373 siarum
2309 5312 2623 5386 specialius
2693 5313 2962 5384 pertinet,
3027 5311 3432 5370 ecclesiasticae
3502 5310 3665 5384 pacis

324 5489 439 5563 (12)
469 5485 984 5563 Narratpontraria
1003 5484 1265 5563 Michael;
1287 5482 1664 5563 asseritenim
1686 5483 1906 5563 legatos
1936 5490 1984 5558 D
2016 5481 2821 5563 fuissenexcomrnunicatos;
2847 5483 2992 5563 Vide
3022 5480 3327 5563 Michaelis
3359 5481 3665 5563 epistolam

247 5553 497 5639 semper
535 5559 802 5616 renuisse
853 5557 1169 5614 concilium
1208 5561 1267 5613 et
1316 5556 1689 5630 imperatoris
1728 5553 1905 5631 j'ussu
1940 5553 1974 5558 ⁷
2017 5557 2172 5633 apud
2205 5553 2449 5613 Coteler.
2484 5553 2744 5612 Monum.
2781 5554 3045 5612 Ecclesiae
3078 5556 3172 5613 Gr.
3204 5559 3344 5612 tom.
3381 5553 3452 5614 ΙΙ.

576 5687 846 5756 Panem.
889 5682 1152 5752 CXLIII.
