4086 6168
413 276 614 338 1008

1472 220 1956 338 sumemus
2003 276 2068 336 s.
2116 270 2188 336 a.
2235 271 2305 336 E.
2354 272 2848 339 canamus.

3687 280 3829 344 1004

457 411 515 465 et
539 406 808 463 utilitatis
836 406 1024 479 gratia
1054 407 1126 462 ad
1158 406 1310 464 hanc
1340 407 1562 479 regiam
1593 406 1797 461 urbem
1828 422 1932 462 uos
1957 421 2095 478 apo-
2127 410 2182 475 Α
2209 406 2408 462 domui
2459 408 2641 463 nostri
2691 424 2850 481 papa:
2884 409 3086 466 Leonis
3132 408 3469 466 admonitus
3513 410 3821 483 resipiscere

459 497 730 555 crisarios
778 513 917 554 suos
956 497 1143 554 facere
1189 498 1428 570 dignata
1475 500 1584 565 est,
1631 513 1708 552 ux
1742 497 1913 568 juxta
1941 497 2099 569 quod

459 586 744 660 scriptum
778 590 886 654 est,
920 587 1407 643 descenderemus
1438 590 1495 641 et
1521 586 1850 640 videremus
1900 589 2100 639 utrum

459 691 631 748 opere
660 676 985 748 completus
1016 675 1092 730 sit
1120 674 1359 743 clamor,
1387 674 1486 747 qui
1510 673 1635 729 sine
1664 672 2102 729 intermissione

460 779 530 820 ex
556 767 719 820 tanta
748 765 894 820 urbe
925 763 1260 820 conscendit
1288 763 1361 819 ad
1392 764 1518 835 ejus
1550 778 1741 830 aures,
1777 766 1876 817 aut
1904 761 1954 817 si
1986 778 2101 817 non

461 855 552 909 est
577 852 680 920 ita,
707 856 773 908 ut
795 852 988 908 sciret.
1021 852 1409 918 Quamobrem
1441 854 1796 924 cognoscant
1819 854 1952 907 ante
1975 867 2103 906 om-

462 941 563 998 nia
588 940 828 1014 gloriosi
870 941 1271 1012 imperatores,
1302 940 1513 1007 clerus,
1546 945 1785 995 senatus
1814 945 1870 993 et
1920 956 2105 1011 popu-

462 1029 558 1085 lus
587 1029 768 1101 hujus
798 1030 1453 1103 Constantinomlitanaa
1481 1028 1665 1096 urbis,
1697 1031 1753 1083 et
1774 1028 1967 1083 omnis
2000 1029 2102 1082 Ec-

463 1116 641 1173 clesia
669 1116 955 1173 catholica
982 1135 1090 1174 nos
1119 1117 1214 1173 hic
1248 1116 1608 1190 persensisse
1638 1131 1918 1187 magnum
1951 1116 2107 1170 unde

464 1205 835 1262 vehementer
870 1207 928 1262 iu
960 1207 1206 1263 Domino
1236 1206 1563 1278 gaudemus
1585 1207 1825 1273 bonum,
1852 1209 1909 1260 et
1931 1204 2106 1259 maxi-

463 1310 627 1349 mum
660 1296 813 1350 unde
833 1294 1243 1351 miserabiliter
1258 1294 1693 1359 contristamur,
1719 1292 1942 1349 malum
1960 1293 2106 1348 Nam

463 1386 753 1453 quantum
781 1382 853 1437 ad
876 1380 1180 1438 columnas
1210 1382 1441 1455 imperii
1472 1387 1529 1436 et
1547 1381 1861 1437 honoratos
1882 1382 2008 1453 ejus
2027 1380 2107 1437 ci-

461 1486 561 1524 ves
589 1469 883 1542 sapientes
927 1470 1428 1526 Christiauissima
1456 1475 1513 1525 et
1545 1470 1864 1525 orthodoxa
1911 1473 1999 1525 est
2027 1470 2108 1525 ci-

461 1555 631 1612 vitas.
680 1561 974 1623 Quantum
1005 1562 1199 1615 autem
1240 1560 1311 1613 ad
1346 1557 1689 1614 Michaelem
1722 1558 1957 1614 abusive
1987 1557 2105 1613 dic-

462 1648 589 1702 tum
621 1646 1039 1719 patriarcham,
1070 1652 1128 1704 et
1170 1648 1297 1719 ejus
1328 1647 1585 1704 stultitiae
1618 1649 1892 1717 fautores,
1927 1648 2110 1703 nimia

460 1737 683 1793 zizauia
730 1736 1025 1793 haereseou
1080 1737 1341 1808 quotidie
1392 1739 1761 1794 seminantur
1808 1739 1867 1794 in
1918 1739 2108 1794 medio

461 1827 610 1898 ejus.
648 1827 795 1894 Quia
823 1827 977 1883 sicut
998 1826 1313 1883 Simoniaci
1334 1828 1553 1883 donum
1573 1828 1673 1883 Dei
1697 1829 1996 1897 vendunt;
2027 1828 2105 1884 si-

463 1921 562 1972 cut
589 1917 803 1972 Valesii
829 1916 1092 1988 hospites
1119 1933 1258 1972 suos
1280 1921 1560 1984 castraut,
1585 1922 1641 1972 et
1671 1934 1785 1972 non
1818 1917 2009 1973 solum
2034 1917 2104 1972 ad

462 2004 799 2061 clericatum
831 2006 932 2061 sed
956 2005 1196 2076 insuper
1215 2005 1287 2060 ad
1310 2005 1712 2076 episcopatum
1745 2008 2104 2077 promovent;

462 2092 614 2150 sicut
640 2094 838 2150 Ariani
869 2093 1229 2167 rebaptizaut
1258 2093 1316 2148 in
1350 2093 1584 2149 nomine
1615 2099 1827 2149 sancta:
1859 2095 2107 2149 Trinita-

463 2183 540 2238 tis
570 2183 915 2256 baptizatos,
940 2187 998 2238 et
1030 2183 1283 2238 maxime
1306 2183 1539 2238 Latinos
1563 2200 1576 2246 ;
1610 2183 1762 2239 sicut
1790 2183 2105 2240 Donatista:

463 2271 781 2336 affirmant,
812 2274 1049 2342 excepta
1078 2270 1407 2326 Graecorum
1456 2270 1733 2337 Ecclesia,
1785 2271 2103 2328 Ecclesium

460 2358 673 2414 Christi
718 2361 774 2412 et
801 2373 1001 2413 verum
1030 2356 1382 2412 sacriﬁcium
1415 2362 1589 2429 atque
1628 2359 1991 2431 baptismum
2038 2377 2107 2416 ex

461 2448 581 2500 toto
611 2444 831 2499 mundo
861 2444 1142 2516 periisse;
1192 2446 1345 2501 sicut
1372 2445 1665 2501 Nicolaita:
1709 2446 1971 2503 carnales
2002 2465 2107 2504 uu-

461 2532 612 2606 ptias
643 2533 969 2589 concedunt
998 2537 1056 2589 et
1083 2533 1407 2590 defendunt
1449 2535 1599 2589 sacri
1647 2535 1848 2591 altaris
1899 2537 2101 2593 minis-

460 2622 597 2692 tris;
626 2621 777 2679 sicut
795 2622 1087 2679 Severiani
1117 2622 1488 2678 maledictam
1502 2624 1703 2679 dicunt
1723 2623 1909 2697 legem
1941 2625 2104 2697 Moy-

461 2711 576 2781 sis;
608 2712 760 2768 sicut
786 2711 1302 2768 Pueumatomachi
1333 2711 1420 2768 vel
1441 2711 1800 2769 Theumachi
1833 2714 2101 2769 abscide-

461 2807 599 2858 runt
628 2819 661 2857 a
690 2800 955 2874 symbolo
986 2800 1242 2873 Spiritus
1273 2801 1458 2857 sancti
1490 2802 1923 2874 processionem
1954 2820 1988 2858 a
2016 2803 2104 2858 Fi-

461 2891 568 2959 lio;
602 2890 755 2946 sicut
786 2889 1089 2946 Mauichaei
1119 2889 1271 2945 inter
1299 2890 1435 2961 alia,
1458 2890 1759 2962 quodlibet
1788 2891 2102 2949 fermenta-

464 2983 588 3034 tum
631 2979 888 3035 fatentur
928 2979 1259 3035 animatum
1286 2996 1447 3048 esse;
1481 2980 1633 3035 sicut
1663 2979 1943 3036 Nazareni
1984 2998 2104 3037 car-

463 3067 657 3124 nalem
681 3068 1020 3125 Judaeorum
1051 3068 1404 3124 munditiam
1427 3069 1569 3124 adeo
1591 3072 1841 3137 servant,
1877 3073 1941 3124 ut
1973 3087 2102 3142 par-

2139 1778 2184 1842 B

465 3156 631 3215 vulos
683 3158 998 3214 morientes
1047 3162 1181 3214 ante
1234 3161 1501 3213 octavum
1551 3175 1585 3213 a
1623 3157 1920 3213 uativitate
1951 3159 2106 3214 diem
2137 3142 2178 3208 C

466 3247 748 3321 baptizari
771 3246 1191 3316 contradicaut,
1219 3250 1275 3302 et
1305 3246 1578 3303 mulieres
1601 3247 1661 3301 in
1692 3250 1991 3304 menstruo
2020 3247 2109 3303 vel

464 3335 525 3391 in
555 3342 726 3408 partu
758 3335 1155 3408 periclitantes
1198 3335 1639 3401 communicari,
1671 3335 1758 3391 vel
1790 3337 1838 3392 si
1870 3352 2107 3408 pagana:

464 3423 681 3479 fuerint
711 3423 992 3495 baptizari
1023 3423 1393 3495 prohibeant,
1435 3427 1490 3478 et
1523 3424 1766 3495 capillos
1804 3424 2012 3495 capitis
2043 3440 2108 3479 ac

461 3512 653 3568 barbae
684 3511 1009 3566 nutrientes
1031 3526 1129 3566 eos
1151 3511 1249 3581 qui
1273 3526 1501 3565 comam
1528 3512 1793 3578 tondent,
1823 3516 1879 3566 et
1900 3528 2106 3567 secun-

461 3601 604 3657 dum
626 3597 1612 3656 iustitutiouemllomaueeEcclesia:
1634 3599 1847 3655 barbas
1870 3600 2102 3668 radunt,

457 3690 519 3748 in
541 3688 954 3747 communione
983 3704 1098 3744 non
1119 3687 1422 3760 recipiant.
1449 3688 1553 3743 Pro
1573 3688 1790 3760 quibus
1812 3686 2106 3743 erroribus

455 3784 515 3839 et
564 3778 694 3837 aliis
741 3777 1011 3853 pluribus
1054 3775 1220 3834 factis
1269 3776 1413 3849 suis,
1462 3777 1587 3849 ipse
1618 3774 1865 3831 Michael
1894 3774 2106 3833 litteris

525 3959 639 4034 (13)
668 3958 777 4026 Qui
807 3959 1028 4034 azymis
1059 3957 1118 4016 in
1142 3957 1429 4017 sacrificio
1461 3956 1546 4015 uti
1579 3959 1885 4032 respuunt.

2209 496 2579 569 contempsit.
2614 498 2859 570 Insuper
2879 499 3049 555 nobis
3071 498 3294 555 nuntiis
3317 498 3500 565 illius,
3523 515 3691 555 causa
3708 504 3818 558 tau-

2208 589 2400 639 torum
2420 584 2709 640 malorum
2733 586 3158 643 rationabiliter
3180 586 3821 660 reprimerevolentibus,

2209 673 2580 744 praesentiam
2611 690 2779 729 suam
2811 679 2867 730 et
2895 675 3256 748 colloquium
3299 676 3622 749 denegavit,
3653 682 3705 733 et
3745 680 3825 735 Ec-

2212 761 2421 817 clesias
2454 763 2525 817 ad
2558 763 2774 819 missas
2805 765 3098 836 agendum
3122 765 3671 834 iuterdixit,sicutet
3688 767 3825 839 prius

2213 851 2551 907 Latinorum
2574 851 2861 909 Ecclesias
2884 850 3191 923 clauserat,
3225 846 3282 911 et
3310 871 3410 911 eos
3441 859 3722 927 azymatas
3746 874 3825 913 vo-

2213 956 2376 1006 cans,
2407 940 2598 995 verbis
2626 945 2684 996 et
2713 942 2883 998 factis
2916 943 3137 1015 ubique
3159 948 3502 1016 persecutus
3532 945 3713 1000 fuerat
3738 961 3750 1000 :
3778 945 3825 1001 in

2212 1030 2461 1095 tantum,
2513 1031 2577 1082 ut
2610 1028 2669 1083 iu
2712 1028 2851 1086 filiis
2898 1031 3024 1087 suis
3060 1032 3610 1088 auathematizasset
3656 1035 3825 1090 sedem

2213 1114 2616 1187 apostolicam,
2640 1122 2846 1174 contra
2872 1135 3053 1191 quam
3073 1136 3135 1175 se
3156 1120 3349 1176 adhuc
3379 1118 3587 1176 scribit
3609 1136 3824 1176 cucume-

2215 1206 2411 1260 nicum
2434 1204 3012 1276 patriarcham.Unde
3034 1224 3141 1264 nos
3161 1208 3399 1279 quidem
3422 1212 3637 1264 sanctae
3658 1208 3823 1280 prima

2214 1293 2544 1366 apostolica:
2577 1294 2733 1350 sedis
2765 1295 3088 1351 inauditam
3138 1295 3561 1353 contumeliam
3604 1301 3659 1353 et
3699 1296 3824 1369 inju-

2215 1382 2360 1438 riam
2410 1399 2525 1438 non
2582 1384 2853 1454 ferentes,
2903 1383 3371 1457 catholicamque
3432 1385 3608 1441 fidem
3654 1385 3824 1441 subrui

2216 1470 2418 1527 multis
2450 1472 2640 1528 modis
2668 1473 3059 1542 attendentes,
3084 1473 3430 1529 auctoritate
3460 1476 3670 1529 sanctae
3689 1478 3737 1530 et
3758 1473 3826 1528 in-

2216 1558 2462 1614 dividuze
2495 1559 2796 1616 Trinitatis
2819 1565 2993 1633 atque
3014 1560 3343 1634 apostolicae
3376 1561 3561 1631 sedis,
3592 1562 3827 1633 cujusle-

2215 1650 2447 1720 gatioue
2481 1649 2803 1722 fungimur,
2827 1655 2884 1705 et
2903 1654 3248 1706 cunctorum
3277 1650 3721 1708 orthodoxorum
3742 1651 3826 1707 Pa-

2217 1741 2375 1792 trum
2408 1754 2476 1792 ex
2507 1738 2770 1793 conciliis
2798 1743 3024 1811 septem
3055 1743 3231 1811 atque
3258 1739 3442 1795 totius
3473 1739 3725 1797 Ecclesiae
3749 1757 3827 1796 ca-

2213 1824 2437 1880 tholicae
2468 1825 2847 1893 anathemati,
2889 1829 3041 1900 quod
3090 1831 3289 1884 noster
3336 1828 3826 1886 reverendissimus

2214 1930 2366 1986 papa
2396 1913 2594 1969 itidem
2628 1914 2894 1971 Michaeli
2924 1921 2981 1971 et
3008 1916 3133 1972 suis
3165 1917 3533 1989 sequacibus,
3569 1918 3669 1972 nisi
3697 1918 3824 1972 resi-

2214 2001 2525 2073 piscerent,
2560 2003 2946 2071 denuntiavit,
2981 2004 3059 2059 ita
3103 2005 3542 2061 subscribimus.

2288 2114 2314 2139 α
2350 2090 2573 2147 Michae
2602 2091 2883 2147 abusivus
2915 2093 3245 2164 patriarcha
3274 2094 3614 2165 ueophytus,
3641 2097 3694 2149 et
3719 2091 3829 2149 solo

2215 2178 2472 2235 humano
2486 2180 2525 2235 ti
2536 2197 2692 2238 more
2704 2180 2971 2236 habitum
2988 2181 3411 2238 monachorum
3425 2183 3682 2254 adeptus,
3694 2197 3828 2236 nunc

2216 2267 2393 2322 etiam
2424 2268 2768 2324 criminibus
2817 2270 3090 2340 pessimis
3124 2270 3494 2336 diffamatus,
3523 2274 3688 2341 atque
3714 2284 3828 2325 cum

2215 2372 2281 2412 eo
2325 2356 2433 2411 Leo
2473 2357 2806 2412 Acridauus
2838 2356 3147 2430 episcopus
3178 2357 3393 2426 dictus,
3434 2361 3493 2414 et
3521 2356 3830 2413 sacellarius

2215 2444 2401 2516 ipsius
2414 2443 2734 2512 Michaelis,
2748 2444 3188 2511 Constantinus,
3208 2445 3308 2518 qui
3323 2446 3662 2502 Latinorum
3681 2443 3831 2501 sacri-

2215 2534 2410 2589 ﬁcium
2431 2533 2690 2606 profanis
2709 2534 3330 2607 conculcavitpedibus
3352 2539 3411 2591 et
3430 2551 3636 2591 omnes
3655 2550 3833 2606 sequa-

2214 2638 2308 2677 ces
2321 2638 2520 2677 eorum
2537 2622 2595 2677 in
2618 2623 2877 2694 praefatis
2889 2623 3185 2679 erroribus
3206 2627 3265 2679 et
3280 2623 3831 2696 praesumptiouibus,

2213 2710 2331 2765 sint
2360 2709 2676 2766 anathema
2706 2711 3069 2779 Maranatha,
3095 2729 3228 2767 cum
3268 2712 3643 2778 Simouiacis,
3670 2710 3830 2766 Valle-

2212 2799 2336 2867 siis,
2398 2798 2651 2865 Arianis,
2712 2799 3054 2865 Donatistis,
3127 2799 3447 2867 Nicolaitis,
3508 2798 3824 2869 Severiauis,

2213 2887 2767 2943 Pneumatomachis
2781 2895 2837 2944 et
2853 2888 3205 2959 Manichaais,
3229 2893 3286 2944 et
3305 2889 3642 2959 Nazarenis,
3654 2894 3830 2945 etcum

2213 2976 2487 3032 omnibus
2516 2976 2945 3043 haereticis,imo
2963 2994 3096 3032 cum
3127 2976 3356 3034 diabolo
3380 2982 3438 3034 et
3457 2978 3683 3051 angelis
3708 2977 3829 3048 ejus,

2213 3064 2327 3120 nisi
2360 3065 2505 3120 forte
2528 3065 2903 3137 resipueriut.
2936 3067 3144 3133 Amen,
3179 3081 3369 3136 amen,
3403 3082 3601 3122 amen.
3639 3088 3663 3114 η

2215 3209 2349 3263 Item
2377 3208 2491 3282 alia
2517 3210 3007 3263 excommunicatio
3058 3206 3259 3264 ibidem
3288 3210 3433 3280 facta
3466 3210 3526 3264 in
3569 3206 3829 3282 primum

2385 3281 2732 3350 imperatoris
2777 3289 2827 3335 el
2855 3282 3183 3350 optimatum
3213 3281 3348 3351 ejus,
3382 3282 3507 3335 viva
3533 3297 3692 3338 voce:

2290 3442 2317 3469 «
2358 3419 2699 3493 Quicunque
2732 3421 2866 3477 ﬁdei
2898 3425 3111 3477 sanctae
3145 3422 3417 3477 Romanas
3446 3426 3505 3477 et
3535 3418 3831 3496 apostolica

2216 3509 2372 3565 sedis
2404 3510 2648 3582 ejusque
2696 3510 2982 3567 sacrificio
3014 3510 3389 3582 pertinaciter
3427 3508 3832 3575 contradixerit,

2215 3597 2293 3652 sit
2321 3598 2655 3666 anathema,
2689 3598 3052 3667 Marauatha,
3101 3614 3205 3653 nec
3249 3597 3540 3654 habeatur
3578 3595 3831 3654 Christia-

2214 3704 2328 3743 nus
2356 3685 2700 3759 catholicus,
2734 3689 2834 3746 sed
2866 3686 3188 3763 prozymita
3215 3686 3328 3759 (13)
3357 3687 3677 3756 δωτθῐὶοιιε,
3697 3685 3830 3751 Fiat,

2214 3776 2337 3847 fiat,
2366 3776 2488 3833 fiat.
2520 3796 2546 3830 ιι
